{"host":"o5or1zybx7au40zl","time":1612714758,"event":{"mods":["Act Like it!","Aspiration","BaseMod","Better Third Choice","Conspire","Dota2Spire","GungeonMod","Halation","Hubris","Infinite Spire","Minty Spire (QoL Compilation)","Replay The Spire","Robot Space Explorer","StSLib","The Jungle","Yuri Mod"],"gold_per_floor":[362,377,377,43,61,95,27,43,120,137,152,187,187,31,31,134,134,149,149,160,178,196,196,230,240,316,333,483,514,530,544,544,645,645,655,671,683,104,104,138,153,153,153,153,186,186,34,44,44,144,144,159,159,176,193,143,176,195,211,290,290,318,18,26,38,38,105,105,113,118,28,28,28,28,47,49,49,75,75,75,75,84,84,167,167,169,219,94,94,103,103,126,126,198,198,40,55,257,284,284,401,401,433,460,460,460,483,527,556,556,634,666,720,744,744,780,780,890,890,919,919,947,978,1008,1040,1073,670,752,784,808,837,885,922,922,1025,1025,1059,1059,640,667,747,657,657,671,742,742,765,779,802,795,795,795,795],"floor_reached":152,"language":"ENG","playtime":2931,"items_purged":["Sickly","Defend_R","Writhe","Disarm","infinitespire:Pacifist","Regret"],"score":3542,"play_id":"fe2c130a-d8fe-4ee9-bf55-4f230ac63c3b","local_time":"20210207171918","is_ascension_mode":false,"campfire_choices":[{"floor":15.0,"key":"REST"},{"floor":23.0,"key":"RECALL"},{"floor":32.0,"key":"REST"},{"data":"Whirlwind","floor":42.0,"key":"SMITH"},{"floor":49.0,"key":"REST"},{"data":"Whirlwind","floor":61.0,"key":"SMITH"},{"data":"Metallicize","floor":66.0,"key":"SMITH"},{"data":"infinitespire:UltimateForm","floor":74.0,"key":"SMITH"},{"floor":80.0,"key":"DIG"},{"floor":83.0,"key":"DIG"},{"floor":91.0,"key":"DIG"},{"floor":93.0,"key":"DIG"},{"floor":95.0,"key":"DIG"},{"floor":100.0,"key":"DIG"},{"floor":115.0,"key":"DIG"},{"data":"Injury","floor":117.0,"key":"PURGE"},{"floor":134.0,"key":"DIG"},{"floor":143.0,"key":"DIG"},{"floor":146.0,"key":"DIG"},{"floor":151.0,"key":"DIG"}],"circlet_count":0,"master_deck":["conspire:GhostlyStrike+1","conspire:GhostlyStrike+1","conspire:GhostlyStrike+1","conspire:GhostlyStrike+1","conspire:GhostlyStrike+1","Bash+1","Perfected Strike","Metallicize","Metallicize+1","Whirlwind+1","Terror","Metallicize","infinitespire:FutureSight","Perfected Strike","Perfected Strike","Flex+1","Heavy Blade","Reaper","Twin Strike+1","Reaper+1","conspire:Purge","Pummel","Double Tap","Spot Weakness+1","Impervious+1","Bloodletting+1","infinitespire:UltimateForm+1","hubris:InfiniteBlow+34","infinitespire:Gouge","hubris:Greed","Devotion","Perfected Strike","Whirlwind","Offering","AbeCurse","hubris:Lust","hubris:DuctTapeCard"],"relics":["Black Blood","halation:PromiseList","Ancient Tea Set","Onion Ring","Dota2Spire:UrnOfShadows","DollysMirror","Dota2Spire:Bloodstone","MealTicket","Pear","DemoMod:RingOfEthereal","Dota2Spire:RefresherOrb","Bottled Tornado","Sling","halation:RedSoulGem","Nunchaku","Dota2Spire:MagicBottle","aspiration:TomeofQuesting","DemoMod:Bottle","aspiration:Lifesprig","conspire:TopHat","hubris:SlimyHat","Astrolabe","theJungle:ParSnip","conspire:SpecialSausage","halation:LettersToHer","Happy Flower","Matryoshka","Anchor","Shovel","Replay:Ringing Soul","infinitespire:CursedDice","aspiration:WatcherSkillbook","Champion Belt","halation:PapillonHeart","halation:IllGainedPizza","DemoMod:MonsterBlood","Bag of Preparation","conspire:Flyswatter","aspiration:FrozenJewel","Red Skull","ReplayTheSpireMod:CursedCoin","Incense Burner","InkBottle","Cursed Key","conspire:InfiniteJournal","Replay:Multitool","Oddly Smooth Stone","halation:SelfBoilingWater","Dota2Spire:PowerTreads","aspiration:ChemicalBlood","Centennial Puzzle","hubris:CrackedHourglass","theJungle:BirthdayCake","infinitespire:FocusingShard","hubris:DuctTape","Replay:Bottled Flurry","StoneCalendar","infinitespire:CheckeredPen","Abe\u0027s Treasure","Ring of Peace","Mirror","hubris:DeckOfHolding","infinitespire:Beetle Shell","aspiration:SeaSaltIceCream","aspiration:Nostalgia","Cracked Core","Toy Ornithopter","DemoMod:GlassGuonStoneRelic","Regal Pillow"],"acts_visited":["Exordium","Exordium","TheBeyond","Exordium","Exordium","TheBeyond","Exordium","Exordium","TheBeyond"],"potions_floor_usage":[],"damage_taken":[{"damage":4.0,"enemies":"Cultist","floor":1.0,"turns":4.0},{"damage":4.0,"enemies":"conspire:RoseBush","floor":2.0,"turns":3.0},{"damage":0.0,"enemies":"2 Louse","floor":5.0,"turns":3.0},{"damage":1.0,"enemies":"Gremlin Nob","floor":6.0,"turns":3.0},{"damage":13.0,"enemies":"Red Slaver","floor":8.0,"turns":4.0},{"damage":16.0,"enemies":"conspire:2 RoseBushes","floor":10.0,"turns":4.0},{"damage":5.0,"enemies":"Blue Slaver","floor":11.0,"turns":6.0},{"damage":23.0,"enemies":"Lagavulin","floor":12.0,"turns":6.0},{"damage":26.0,"enemies":"Slime Boss","floor":16.0,"turns":9.0},{"damage":11.0,"enemies":"theJungle:5_Spyders","floor":18.0,"turns":8.0},{"damage":2.0,"enemies":"theJungle:MUSHROOMGANG","floor":20.0,"turns":1.0},{"damage":10.0,"enemies":"Snake Plant","floor":21.0,"turns":3.0},{"damage":0.0,"enemies":"theJungle:SlimyTreeVines","floor":22.0,"turns":2.0},{"damage":0.0,"enemies":"theJungle:MamaSnecko","floor":24.0,"turns":3.0},{"damage":18.0,"enemies":"theJungle:Snecko_Cultist_And_Trap","floor":25.0,"turns":3.0},{"damage":0.0,"enemies":"theJungle:JungleHuntersEncounter","floor":27.0,"turns":3.0},{"damage":21.0,"enemies":"theJungle:2_Phrogs","floor":29.0,"turns":6.0},{"damage":18.0,"enemies":"theJungle:2_Flameangoes","floor":30.0,"turns":5.0},{"damage":15.0,"enemies":"theJungle:SlimyTreeVines","floor":31.0,"turns":3.0},{"damage":13.0,"enemies":"theJungle:TotemBoss","floor":33.0,"turns":4.0},{"damage":13.0,"enemies":"3 Darklings","floor":35.0,"turns":4.0},{"damage":15.0,"enemies":"3 Shapes","floor":36.0,"turns":1.0},{"damage":19.0,"enemies":"Jaw Worm Horde","floor":37.0,"turns":4.0},{"damage":14.0,"enemies":"Nemesis","floor":40.0,"turns":3.0},{"damage":9.0,"enemies":"4 Shapes","floor":41.0,"turns":1.0},{"damage":106.0,"enemies":"Nightmare","floor":45.0,"turns":7.0},{"damage":12.0,"enemies":"Spire Growth","floor":48.0,"turns":3.0},{"damage":55.0,"enemies":"conspire:OrnateMirror","floor":50.0,"turns":5.0},{"damage":0.0,"enemies":"Jaw Worm","floor":52.0,"turns":1.0},{"damage":0.0,"enemies":"Small Slimes","floor":54.0,"turns":1.0},{"damage":4.0,"enemies":"conspire:RoseBush","floor":55.0,"turns":1.0},{"damage":0.0,"enemies":"3 Sentries","floor":57.0,"turns":1.0},{"damage":0.0,"enemies":"Large Slime","floor":58.0,"turns":1.0},{"damage":0.0,"enemies":"3 Louse","floor":59.0,"turns":1.0},{"damage":0.0,"enemies":"Gremlin Nob","floor":62.0,"turns":2.0},{"damage":21.0,"enemies":"Red Slaver","floor":64.0,"turns":2.0},{"damage":0.0,"enemies":"Looter","floor":65.0,"turns":1.0},{"damage":34.0,"enemies":"Fading Forest","floor":67.0,"turns":9.0},{"damage":16.0,"enemies":"theJungle:Flameango_and_Byrd","floor":69.0,"turns":2.0},{"damage":0.0,"enemies":"theJungle:GiantWrat","floor":70.0,"turns":2.0},{"damage":3.0,"enemies":"theJungle:2_Phrogs","floor":75.0,"turns":2.0},{"damage":13.0,"enemies":"theJungle:SlimyTreeVines","floor":76.0,"turns":3.0},{"damage":3.0,"enemies":"theJungle:Cassacara","floor":78.0,"turns":2.0},{"damage":0.0,"enemies":"theJungle:2_Snecko_Cultists","floor":82.0,"turns":2.0},{"damage":30.0,"enemies":"theJungle:FunGuy","floor":84.0,"turns":4.0},{"damage":31.0,"enemies":"3 Darklings","floor":86.0,"turns":4.0},{"damage":50.0,"enemies":"2 Orb Walkers","floor":87.0,"turns":3.0},{"damage":18.0,"enemies":"3 Shapes","floor":90.0,"turns":2.0},{"damage":3.0,"enemies":"Nightmare","floor":92.0,"turns":2.0},{"damage":3.0,"enemies":"3 Darklings","floor":97.0,"turns":2.0},{"damage":2.0,"enemies":"Sphere and 2 Shapes","floor":99.0,"turns":3.0},{"damage":26.0,"enemies":"infinitespire:MassOfShapes","floor":101.0,"turns":3.0},{"damage":0.0,"enemies":"Small Slimes","floor":103.0,"turns":1.0},{"damage":0.0,"enemies":"Cultist","floor":104.0,"turns":1.0},{"damage":0.0,"enemies":"Jaw Worm","floor":107.0,"turns":1.0},{"damage":1.0,"enemies":"3 Sentries","floor":108.0,"turns":1.0},{"damage":0.0,"enemies":"Large Slime","floor":109.0,"turns":1.0},{"damage":0.0,"enemies":"Exordium Thugs","floor":112.0,"turns":1.0},{"damage":0.0,"enemies":"Blue Slaver","floor":114.0,"turns":1.0},{"damage":0.0,"enemies":"Gremlin Nob","floor":116.0,"turns":1.0},{"damage":3.0,"enemies":"The Guardian","floor":118.0,"turns":2.0},{"damage":0.0,"enemies":"theJungle:GiantWrat","floor":120.0,"turns":1.0},{"damage":3.0,"enemies":"theJungle:Flameango_and_Byrd","floor":122.0,"turns":1.0},{"damage":0.0,"enemies":"theJungle:Lyon","floor":123.0,"turns":1.0},{"damage":0.0,"enemies":"theJungle:JungleHuntersEncounter","floor":124.0,"turns":1.0},{"damage":0.0,"enemies":"theJungle:Cassacara","floor":125.0,"turns":2.0},{"damage":6.0,"enemies":"theJungle:Snecko_Cultist_And_Trap","floor":126.0,"turns":1.0},{"damage":0.0,"enemies":"theJungle:SlimyTreeVines","floor":129.0,"turns":1.0},{"damage":9.0,"enemies":"theJungle:2_Flameangoes","floor":130.0,"turns":3.0},{"damage":1.0,"enemies":"theJungle:Snecko_Cultist_And_Trap","floor":131.0,"turns":1.0},{"damage":0.0,"enemies":"theJungle:2_Phrogs","floor":132.0,"turns":2.0},{"damage":12.0,"enemies":"theJungle:Lyon","floor":133.0,"turns":3.0},{"damage":1.0,"enemies":"theJungle:QueenSpyder","floor":135.0,"turns":1.0},{"damage":0.0,"enemies":"Orb Walker","floor":137.0,"turns":1.0},{"damage":8.0,"enemies":"3 Shapes","floor":140.0,"turns":1.0},{"damage":0.0,"enemies":"Writhing Mass","floor":144.0,"turns":2.0},{"damage":0.0,"enemies":"Jaw Worm Horde","floor":147.0,"turns":1.0},{"damage":48.0,"enemies":"Spire Growth","floor":148.0,"turns":3.0},{"damage":30.0,"enemies":"4 Shapes","floor":149.0,"turns":2.0},{"damage":27.0,"enemies":"Transient","floor":150.0,"turns":5.0},{"damage":0,"enemies":"infinitespire:LordOfFortification","floor":152,"turns":1}],"seed_played":"1053150388395412128","potions_obtained":[{"floor":5.0,"key":"DistilledChaos"},{"floor":6.0,"key":"Elixir"},{"floor":11.0,"key":"BloodPotion"},{"floor":12.0,"key":"PowerPotion"},{"floor":16.0,"key":"ColorlessPotion"},{"floor":20.0,"key":"DemoMod:LeadSkinPotion"},{"floor":30.0,"key":"Dexterity Potion"},{"floor":33.0,"key":"Dota2Spire:HealingSalve"},{"floor":36.0,"key":"SkillPotion"},{"floor":45.0,"key":"DemoMod:BlankPotion"},{"floor":55.0,"key":"FearPotion"},{"floor":57.0,"key":"Dota2Spire:HealingSalve"},{"floor":64.0,"key":"SteroidPotion"},{"floor":69.0,"key":"DemoMod:LeadSkinPotion"},{"floor":86.0,"key":"Fire Potion"},{"floor":99.0,"key":"ColorlessPotion"},{"floor":104.0,"key":"CultistPotion"},{"floor":108.0,"key":"BloodPotion"},{"floor":114.0,"key":"LiquidMemories"},{"floor":116.0,"key":"LiquidMemories"},{"floor":144.0,"key":"BlessingOfTheForge"},{"floor":147.0,"key":"Strength Potion"}],"is_trial":false,"path_per_floor":["M","M","$","$","M","E","$","M","T","M","M","E","?","$","R","B",null,"M","?","M","M","M","R","E","M","T","M","?","E","M","M","R","B",null,"M","M","M","$","?","E","M","R","T","?","NM","?","$","M","R","B",null,"M","?","M","M","?","E","M","M","T","R","E","$","M","M","R","B",null,"M","M","?","?","AVR","R","E","M","T","E","?","R","$","M","R","B",null,"M","?","$","?","M","R","NM","R","T","R","$","M","?","M","R","B",null,"M","M","?","?","M","E","M","AVR","T","M","T","M","R","E","R","B",null,"M","?","M","M","M","E","M","$","T","M","M","M","E","M","R","B",null,"M","?","$","M","T","?","R","M","T","R","M","M","M","M","R","B"],"character_chosen":"IRONCLAD","items_purchased":["halation:PromiseList","Metallicize","DemoMod:LeadSkinPotion","Whirlwind","DollysMirror","Bottled Tornado","Sling","Spot Weakness","Double Tap","conspire:TopHat","hubris:SlimyHat","ReplayTheSpireMod:CursedCoin","Incense Burner","hubris:DuctTape","Mirror"],"campfire_rested":3,"item_purchase_floors":[4,4,4,7,14,38,38,38,47,63,63,96,96,127,139],"current_hp_per_floor":[80,80,80,80,80,80,80,73,73,63,64,47,47,47,71,51,80,75,54,58,54,60,60,66,54,64,70,70,55,43,37,64,57,90,83,74,77,90,90,82,79,79,79,90,56,56,71,65,90,62,90,90,90,90,90,90,90,90,90,90,90,90,90,81,90,90,68,90,86,90,90,90,90,90,90,89,89,90,90,90,90,90,90,90,90,88,50,65,65,88,88,98,98,98,98,101,104,78,107,107,93,107,107,110,110,110,113,113,113,113,116,116,119,119,119,119,119,122,122,122,142,145,145,145,145,145,148,151,151,151,151,151,151,151,151,154,154,154,154,154,157,157,157,157,160,160,160,124,106,145,145,145,145],"gold":795,"neow_bonus":"TWO_FIFTY_GOLD","is_daily":false,"chose_seed":false,"campfire_upgraded":4,"win_rate":0.0,"timestamp":1612714758,"path_taken":["M","M","?","$","M","E","?","M","T","M","M","E","?","$","R","BOSS","M","?","M","M","M","R","E","M","T","M","?","E","M","M","R","BOSS","M","M","M","$","?","E","M","R","T","?","NM","?","$","M","R","BOSS","M","?","?","M","?","E","M","M","T","R","E","$","M","M","R","BOSS","M","M","?","?","AVR","R","E","M","T","E","?","R","$","M","R","BOSS","M","?","$","?","M","R","NM","R","T","R","?","?","?","M","R","BOSS","M","M","?","?","M","E","M","AVR","T","M","?","?","R","E","R","BOSS","M","?","M","M","M","E","M","$","T","M","M","M","E","M","R","BOSS","M","?","$","M","?","?","R","M","T","R","M","M","M","?","R","BOSS"],"items_purchased_type":["Relic","Card","Undefined","Card","Relic","Relic","Relic","Card","Card","Relic","Relic","Relic","Relic","Relic","Relic"],"build_version":"2020-12-22","purchased_purges":6,"victory":false,"max_hp_per_floor":[80,80,80,80,80,80,80,80,80,80,80,80,80,80,80,80,80,80,80,80,80,80,80,80,80,90,90,90,90,90,90,90,90,90,90,90,90,90,90,90,90,90,90,90,90,90,90,90,90,90,90,90,90,90,90,90,90,90,90,90,90,90,90,90,90,90,90,90,90,90,90,90,90,90,90,90,90,90,90,90,90,90,90,90,90,93,93,93,88,88,88,98,98,98,98,101,104,104,107,107,107,107,107,110,110,110,113,113,113,113,116,116,119,119,119,119,119,122,122,122,142,145,145,145,145,145,148,151,151,151,151,151,151,151,151,154,154,154,154,154,157,157,157,157,160,160,160,160,160,160,160,160,160],"card_choices":[{"not_picked":["Sentinel","Life Link"],"picked":"ReplayTheSpireMod:Stacked","floor":1.0},{"not_picked":["infinitespire:OneForAll","Clothesline"],"picked":"Perfected Strike","floor":2.0},{"not_picked":["Cleave","ReplayTheSpireMod:Strike From Hell"],"picked":"Disarm","floor":5.0},{"not_picked":["Shrug It Off","ReplayTheSpireMod:Strike From Hell"],"picked":"Whirlwind","floor":6.0},{"not_picked":["Burning Pact","Clash","hubris:SharpeningStone"],"picked":"SKIP","floor":8.0},{"not_picked":["ReplayTheSpireMod:Stacked","Shrug It Off","Warcry"],"picked":"SKIP","floor":10.0},{"not_picked":["Sword Boomerang","Run Through"],"picked":"Havoc","floor":11.0},{"not_picked":["Offering","Ghostly Armor","Havoc"],"picked":"SKIP","floor":12.0},{"not_picked":["Rupture","Iron Wave","ReplayTheSpireMod:Stacked"],"picked":"SKIP","floor":18.0},{"not_picked":["infinitespire:Execution","infinitespire:DeathsTouch"],"picked":"infinitespire:FutureSight","floor":19.0},{"not_picked":["Replay:Undeath\u0027s Touch","Headbutt","Cleave"],"picked":"SKIP","floor":20.0},{"not_picked":["Entrench","Pummel"],"picked":"Perfected Strike","floor":21.0},{"not_picked":["Shockwave","Sword Boomerang"],"picked":"Perfected Strike","floor":22.0},{"not_picked":["infinitespire:OneForAll","Iron Wave","Feel No Pain+1"],"picked":"SKIP","floor":24.0},{"not_picked":["Iron Wave","Cleave+1","Anger"],"picked":"SKIP","floor":25.0},{"not_picked":["Sever Soul","Reckless Charge"],"picked":"Flex+1","floor":27.0},{"not_picked":["Combust+1","Dark Embrace","Disarm"],"picked":"SKIP","floor":29.0},{"not_picked":["Combust+1","Dark Embrace","Disarm"],"picked":"SKIP","floor":29.0},{"not_picked":["Body Slam+1","Cleave+1"],"picked":"Heavy Blade","floor":30.0},{"not_picked":["ReplayTheSpireMod:Strike From Hell","Sword Boomerang","Juggernaut"],"picked":"SKIP","floor":31.0},{"not_picked":["Hemogenesis","Berserk"],"picked":"Reaper","floor":33.0},{"not_picked":["ReplayTheSpireMod:Strike From Hell+1","Flex","hubris:ReadiedAction+1"],"picked":"SKIP","floor":35.0},{"not_picked":["Run Through+1","ReplayTheSpireMod:Strike From Hell+1","Flex"],"picked":"SKIP","floor":36.0},{"not_picked":["Intimidate+1","Evolve+1","Body Slam+1"],"picked":"SKIP","floor":37.0},{"not_picked":["hubris:ReadiedAction+1","Reckless Charge+1"],"picked":"Twin Strike+1","floor":40.0},{"not_picked":["Warcry+1","Pommel Strike+1","Headbutt+1"],"picked":"SKIP","floor":41.0},{"not_picked":["Demonic Infusion","infinitespire:OneForAll+1","Armaments"],"picked":"SKIP","floor":45.0},{"not_picked":["Demonic Infusion","infinitespire:OneForAll+1","Armaments"],"picked":"SKIP","floor":45.0},{"not_picked":["Evolve","ReplayTheSpireMod:Strike From Hell+1","Ghostly Armor+1"],"picked":"SKIP","floor":48.0},{"not_picked":["conspire:Purge","Impervious"],"picked":"Reaper","floor":50.0},{"not_picked":["Inflame","Wild Strike","Burning Pact"],"picked":"SKIP","floor":52.0},{"not_picked":["Thunderclap","True Grit","Pommel Strike"],"picked":"SKIP","floor":54.0},{"not_picked":["Shrug It Off","Cleave","Twin Strike"],"picked":"SKIP","floor":55.0},{"not_picked":["Iron Wave","Defy Death","Sword Boomerang"],"picked":"SKIP","floor":57.0},{"not_picked":["Iron Wave","Defy Death","Sword Boomerang"],"picked":"SKIP","floor":57.0},{"not_picked":["Body Slam","Havoc"],"picked":"Double Tap","floor":58.0},{"not_picked":["Clothesline","Intimidate","Twin Strike"],"picked":"SKIP","floor":59.0},{"not_picked":["Run Through","Bloodletting","hubris:CleavingFinish"],"picked":"SKIP","floor":62.0},{"not_picked":["Heavy Blade","Clothesline","Flex"],"picked":"SKIP","floor":64.0},{"not_picked":["Warcry","Replay:Undeath\u0027s Touch","Clothesline"],"picked":"SKIP","floor":65.0},{"not_picked":["Sword Boomerang","Iron Wave","Run Through"],"picked":"SKIP","floor":69.0},{"not_picked":["ReplayTheSpireMod:Muscle Training","Run Through","Warcry"],"picked":"SKIP","floor":70.0},{"not_picked":["Havoc","Sword Boomerang","Anger"],"picked":"SKIP","floor":75.0},{"not_picked":["Entrench","Ghostly Armor+1","Iron Wave"],"picked":"SKIP","floor":76.0},{"not_picked":["Reaper","Intimidate","Iron Wave+1"],"picked":"SKIP","floor":78.0},{"not_picked":["Pummel","DemoMod:WhiteBlade","Bloodletting+1"],"picked":"SKIP","floor":82.0},{"not_picked":["ReplayTheSpireMod:Black Plague","ReplayTheSpireMod:Haul"],"picked":"hubris:InfiniteBlow+16","floor":86.0},{"not_picked":["Replay:BluntJabs+1","Heavy Blade","SashWhip+1","Consecrate"],"picked":"SKIP","floor":86.0},{"not_picked":["Clash+1","Massacre+1","BowlingBash","PathToVictory+1"],"picked":"SKIP","floor":90.0},{"not_picked":["infinitespire:FutureSight","infinitespire:Collect"],"picked":"infinitespire:Gouge","floor":92.0},{"not_picked":["EmptyFist","Worship","Cleave+1","Sanctity"],"picked":"SKIP","floor":92.0},{"not_picked":["Weave+1","DemoMod:BlackBlade+1","Run Through+1","Clothesline"],"picked":"SKIP","floor":97.0},{"not_picked":["JustLucky+1","FlyingSleeves+1","Worship+1"],"picked":"Devotion","floor":99.0},{"not_picked":["Inflame","Metallicize","Headbutt","Protect"],"picked":"SKIP","floor":103.0},{"not_picked":["True Grit","hubris:ReadiedAction","Thunderclap"],"picked":"Perfected Strike","floor":104.0},{"not_picked":["Replay:AtTheReady","CutThroughFate","hubris:CleavingFinish"],"picked":"Whirlwind","floor":107.0},{"not_picked":["ReplayTheSpireMod:LeadingStrike","Consecrate","SashWhip","Havoc"],"picked":"SKIP","floor":108.0},{"not_picked":["Massacre","EmptyMind","Anger","Twin Strike"],"picked":"SKIP","floor":109.0},{"not_picked":["Hemokinesis","True Grit","EmptyMind","Second Wind"],"picked":"SKIP","floor":112.0},{"not_picked":["EmptyBody","Anger","Replay:Anticipation","True Grit"],"picked":"SKIP","floor":114.0},{"not_picked":["Halt","Swivel","Meditate","Warcry"],"picked":"SKIP","floor":116.0},{"not_picked":["Brilliance","Scrawl","Exhume"],"picked":"Offering","floor":118.0},{"not_picked":["SashWhip","ReplayTheSpireMod:Strike From Hell","ReplayReversal","Hemokinesis"],"picked":"SKIP","floor":120.0},{"not_picked":["CrushJoints","BowlingBash+1","Carnage+1","Wireheading"],"picked":"SKIP","floor":122.0},{"not_picked":["Searing Blow+1","Brutality","Rage","Life Link"],"picked":"SKIP","floor":123.0},{"not_picked":["Searing Blow+1","Brutality","Rage","Life Link"],"picked":"SKIP","floor":123.0},{"not_picked":["WaveOfTheHand","Armaments","Cleave+1","FlurryOfBlows"],"picked":"SKIP","floor":124.0},{"not_picked":["Evaluate","Reckless Charge+1","Sword Boomerang+1","SpiritShield"],"picked":"SKIP","floor":125.0},{"not_picked":["Sword Boomerang+1","Replay:Undeath\u0027s Touch","Rupture","Pommel Strike"],"picked":"SKIP","floor":126.0},{"not_picked":["Vengeance","Iron Wave","Twin Strike","FlyingSleeves+1"],"picked":"SKIP","floor":129.0},{"not_picked":["Replay:AtTheReady","Wild Strike+1","Run Through","JustLucky"],"picked":"SKIP","floor":130.0},{"not_picked":["Flex","Disarm","Defy Death+1","Heavy Blade"],"picked":"SKIP","floor":131.0},{"not_picked":["Sanctity","Study+1","Dropkick+1","Juggernaut"],"picked":"SKIP","floor":132.0},{"not_picked":["Heavy Blade","EmptyBody","Abandon","DemoMod:WhiteBlade"],"picked":"SKIP","floor":133.0},{"not_picked":["Feel No Pain","Sentinel","Replay:Undeath\u0027s Touch+1","Replay:Hum+1"],"picked":"SKIP","floor":137.0},{"not_picked":["Power Through","Run Through+1","Iron Wave+1","ReplayTheSpireMod:Corrosion Curse+1"],"picked":"SKIP","floor":140.0},{"not_picked":["Demonic Infusion","WaveOfTheHand","CrushJoints+1","Clash+1"],"picked":"SKIP","floor":144.0},{"not_picked":["Impervious","Pommel Strike+1","Evaluate+1","Replay:Hum+1"],"picked":"SKIP","floor":147.0},{"not_picked":["hubris:ReadiedAction","Iron Wave+1","Meditate","Protect"],"picked":"SKIP","floor":148.0},{"not_picked":["Replay:Undeath\u0027s Touch","Run Through","Anger+1","Replay:ManipulateFuture+1"],"picked":"SKIP","floor":149.0},{"not_picked":["Headbutt+1","Rupture","Halt+1","Crescendo"],"picked":"SKIP","floor":150.0}],"player_experience":989490,"relics_obtained":[{"floor":6.0,"key":"Ancient Tea Set"},{"floor":9.0,"key":"Onion Ring"},{"floor":12.0,"key":"Dota2Spire:UrnOfShadows"},{"floor":24.0,"key":"MealTicket"},{"floor":26.0,"key":"Pear"},{"floor":29.0,"key":"DemoMod:RingOfEthereal"},{"floor":40.0,"key":"Nunchaku"},{"floor":45.0,"key":"Dota2Spire:MagicBottle"},{"floor":57.0,"key":"aspiration:TomeofQuesting"},{"floor":60.0,"key":"DemoMod:Bottle"},{"floor":62.0,"key":"aspiration:Lifesprig"},{"floor":75.0,"key":"Happy Flower"},{"floor":77.0,"key":"halation:LettersToHer"},{"floor":77.0,"key":"Matryoshka"},{"floor":78.0,"key":"Anchor"},{"floor":80.0,"key":"Replay:Ringing Soul"},{"floor":83.0,"key":"infinitespire:CursedDice"},{"floor":87.0,"key":"Champion Belt"},{"floor":91.0,"key":"halation:IllGainedPizza"},{"floor":92.0,"key":"DemoMod:MonsterBlood"},{"floor":93.0,"key":"Bag of Preparation"},{"floor":94.0,"key":"halation:LettersToHer"},{"floor":94.0,"key":"conspire:Flyswatter"},{"floor":94.0,"key":"aspiration:FrozenJewel"},{"floor":95.0,"key":"Red Skull"},{"floor":100.0,"key":"InkBottle"},{"floor":108.0,"key":"conspire:InfiniteJournal"},{"floor":111.0,"key":"halation:LettersToHer"},{"floor":111.0,"key":"Oddly Smooth Stone"},{"floor":111.0,"key":"halation:SelfBoilingWater"},{"floor":113.0,"key":"halation:LettersToHer"},{"floor":113.0,"key":"Dota2Spire:PowerTreads"},{"floor":115.0,"key":"aspiration:ChemicalBlood"},{"floor":116.0,"key":"Centennial Puzzle"},{"floor":125.0,"key":"infinitespire:FocusingShard"},{"floor":128.0,"key":"halation:LettersToHer"},{"floor":128.0,"key":"Replay:Bottled Flurry"},{"floor":132.0,"key":"StoneCalendar"},{"floor":134.0,"key":"infinitespire:CheckeredPen"},{"floor":138.0,"key":"Ring of Peace"},{"floor":141.0,"key":"halation:LettersToHer"},{"floor":141.0,"key":"hubris:DeckOfHolding"},{"floor":143.0,"key":"infinitespire:Beetle Shell"},{"floor":145.0,"key":"halation:LettersToHer"},{"floor":145.0,"key":"aspiration:SeaSaltIceCream"},{"floor":146.0,"key":"Toy Ornithopter"},{"floor":151.0,"key":"Regal Pillow"}],"event_choices":[{"cards_removed":["Havoc"],"damage_healed":0.0,"max_hp_gain":0.0,"max_hp_loss":0.0,"gold_gain":0.0,"event_name":"NoteForYourself","player_choice":"Took Card","floor":13.0,"gold_loss":0.0,"damage_taken":0.0,"cards_obtained":["Terror"]},{"damage_healed":23.0,"max_hp_gain":0.0,"max_hp_loss":0.0,"gold_gain":0.0,"event_name":"Winding Halls","player_choice":"Writhe","floor":44.0,"gold_loss":0.0,"damage_taken":0.0,"cards_obtained":["Writhe"]},{"damage_healed":0.0,"max_hp_gain":0.0,"max_hp_loss":0.0,"gold_gain":0.0,"event_name":"conspire:Investor","player_choice":"Leave","floor":46.0,"gold_loss":0.0,"damage_taken":0.0},{"damage_healed":0.0,"max_hp_gain":0.0,"max_hp_loss":0.0,"gold_gain":0.0,"event_name":"Match and Keep!","player_choice":"2 cards matched","floor":53.0,"gold_loss":0.0,"damage_taken":0.0,"cards_obtained":["conspire:Purge","Pummel"]},{"cards_removed":["Writhe"],"damage_healed":0.0,"max_hp_gain":0.0,"max_hp_loss":0.0,"gold_gain":0.0,"event_name":"The Cleric","player_choice":"Card Removal","floor":56.0,"gold_loss":50.0,"damage_taken":0.0},{"damage_healed":0.0,"max_hp_gain":0.0,"max_hp_loss":0.0,"gold_gain":0.0,"event_name":"Mysterious Sphere","player_choice":"Fight","floor":87.0,"gold_loss":0.0,"damage_taken":0.0},{"damage_healed":0.0,"max_hp_gain":0.0,"max_hp_loss":0.0,"gold_gain":0.0,"event_name":"conspire:LoneGhost","player_choice":"Agree","floor":106.0,"gold_loss":0.0,"damage_taken":0.0},{"cards_removed":["hubris:Greed"],"damage_healed":0.0,"max_hp_gain":0.0,"max_hp_loss":0.0,"gold_gain":0.0,"event_name":"Designer","player_choice":"Upgrade and Remove","floor":142.0,"gold_loss":90.0,"damage_taken":0.0,"cards_upgraded":["Reaper"]}],"is_beta":false,"boss_relics":[{"not_picked":["DemoMod:WaxWing","conspire:SpecialSausage"],"picked":"Dota2Spire:Bloodstone"},{"not_picked":["conspire:RoyalGoblet","Ring of Chaos"],"picked":"Dota2Spire:RefresherOrb"},{"not_picked":["Honey Jar","halation:LoveArrow"],"picked":"Black Blood"},{"not_picked":["hubris:GrandSneckoEye","Busted Crown"],"picked":"Astrolabe"},{"not_picked":["aspiration:RunicSpoon","Replay:Fungal Core"],"picked":"aspiration:WatcherSkillbook"},{"not_picked":["hubris:Stopwatch","conspire:RoyalGoblet"],"picked":"Cursed Key"},{"not_picked":["Tiny House","Black Star"],"picked":"hubris:CrackedHourglass"},{"not_picked":["halation:SmartPhone","Empty Cage"],"picked":"Abe\u0027s Treasure"}],"items_purged_floors":[4,38,88,110,127,139],"is_endless":true,"potions_floor_spawned":[5,6,11,12,16,20,22,27,30,33,36,41,45,55,57,59,64,67,69,70,86,99,104,108,114,116,118,122,124,126,130,144,147,149],"killed_by":"infinitespire:LordOfFortification","ascension_level":0}}