{"host":"bx8ylsmj2ob6hd5u","time":1612716811,"event":{"mods":["AchievementEnabler","Act Like it!","Aspiration","BaseMod","Colored Map","Downfall","Duelist Mod","Friendly Minions","Gensokyo","GifTheSpireLib","Hallownest","Hermit","HololiveMod","Hubris","Infinite Spire","Jorbs\u0027s Wanderer Trilogy","KinomotoSakuraMod(????)","Kiyohime????","Koishi","KomeijiMod","Lobotomy","LobotomyExtend","Marisa????????","Minty Spire (QoL Compilation)","Prisma Mod","Rare Cards Sparkle","Reimu??????","Remilia??????","Replay The Spire","StSLib","Td1madao Mod","The Administrix","The Animator","The Bug Knight","The Construct","The Cursed","The Disciple","The Hierophant","The Necromancer","The Poker Player","The Runesmith","The Senshi","The Servant 0.9.4","WarShipGirlsR/????R mod"],"gold_per_floor":[111,126,144,144,160,160,172,172,218,218,228,228,244,256,256,358,358,358,358,374,0,12,12,12,12],"floor_reached":24,"language":"ENG","playtime":1311,"items_purged":[],"score":215,"play_id":"2edf5940-10d1-43a9-9182-14699072b3d6","local_time":"20210207185330","is_ascension_mode":false,"campfire_choices":[{"data":"Eruption","floor":6,"key":"SMITH"},{"data":"Pray","floor":8,"key":"SMITH"},{"data":"Vigilance","floor":10,"key":"SMITH"},{"data":"ConjureBlade","floor":12,"key":"SMITH"},{"data":"Fasting2","floor":15,"key":"SMITH"},{"data":"Gensokyo:FourOfAKind","floor":23,"key":"SMITH"}],"circlet_count":0,"master_deck":["Strike_P","Strike_P","Strike_P","Strike_P","Defend_P+1","Defend_P+1","Defend_P","Defend_P","Eruption+1","Vigilance+1","Dramatic Entrance+1","FlurryOfBlows","Tantrum","Pray+1","EmptyBody","SignatureMove","ConjureBlade+1","BattleHymn","Fasting2+1","Ragnarok","Gensokyo:FourOfAKind+1","Gensokyo:FourOfAKind+1","Gensokyo:FourOfAKind","Gensokyo:FourOfAKind","Halt","WheelKick"],"relics":["PureWater","LetterFromLob","infinitespire:Beetle Shell","bronze:MakeshiftBattery"],"acts_visited":["Exordium","Exordium"],"potions_floor_usage":[5,11,13,16],"damage_taken":[{"damage":0,"enemies":"2 Louse","floor":1,"turns":2},{"damage":2,"enemies":"Cultist","floor":2,"turns":4},{"damage":1,"enemies":"Jaw Worm","floor":3,"turns":3},{"damage":0,"enemies":"Looter","floor":5,"turns":3},{"damage":6,"enemies":"3 Louse","floor":7,"turns":2},{"damage":0,"enemies":"Gremlin Gang","floor":11,"turns":2},{"damage":0,"enemies":"Blue Slaver","floor":13,"turns":3},{"damage":0,"enemies":"3 Louse","floor":14,"turns":1},{"damage":26,"enemies":"Slime Boss","floor":16,"turns":6},{"damage":17,"enemies":"Gensokyo:3_Dogs","floor":20,"turns":5},{"damage":20,"enemies":"Gensokyo:AngelMirror","floor":22,"turns":2},{"damage":36,"enemies":"Gensokyo:Monolith_and_Dog","floor":24,"turns":2}],"seed_played":"-5948960219379332278","potions_obtained":[{"floor":3,"key":"SpeedPotion"},{"floor":4,"key":"Weak Potion"},{"floor":4,"key":"Weak Potion"},{"floor":7,"key":"Strength Potion"},{"floor":11,"key":"Languid Potion"},{"floor":16,"key":"hexamod:SoulburnPotion"},{"floor":20,"key":"Elixir"}],"is_trial":false,"path_per_floor":["M","M","M","?","M","R","M","R","T","R","M","R","M","M","R","B",null,"M","?","M","?","M","R","M"],"character_chosen":"WATCHER","items_purchased":[],"campfire_rested":0,"item_purchase_floors":[],"current_hp_per_floor":[72,70,69,69,69,69,63,63,63,63,63,63,63,63,63,37,72,72,51,34,34,14,14,0,0],"gold":12,"neow_bonus":"RANDOM_COLORLESS","is_daily":false,"chose_seed":false,"campfire_upgraded":6,"win_rate":0.0,"timestamp":1612716810,"path_taken":["M","M","M","?","M","R","M","R","T","R","M","R","?","M","R","BOSS","M","?","M","?","M","R","M"],"items_purchased_type":[],"build_version":"2020-12-22","purchased_purges":0,"victory":false,"max_hp_per_floor":[72,72,72,72,72,72,72,72,72,72,72,72,72,72,72,72,72,72,51,51,51,51,51,51,51],"card_choices":[{"not_picked":["Jack Of All Trades","Blind"],"picked":"Dramatic Entrance","floor":0},{"not_picked":["Halt","BowlingBash"],"picked":"FlurryOfBlows","floor":1},{"not_picked":["SashWhip","Replay:ManipulateFuture"],"picked":"Tantrum","floor":2},{"not_picked":["PathToVictory","ReachHeaven"],"picked":"Pray","floor":3},{"not_picked":["Replay:Hum","ThirdEye"],"picked":"EmptyBody","floor":5},{"not_picked":["CutThroughFate","DeceiveReality"],"picked":"SignatureMove","floor":7},{"not_picked":["Protect","DeceiveReality"],"picked":"ConjureBlade","floor":11},{"not_picked":["EmptyFist","Vengeance"],"picked":"BattleHymn","floor":13},{"not_picked":["CutThroughFate","ThirdEye"],"picked":"Fasting2","floor":14},{"not_picked":["Scrawl","Omniscience"],"picked":"Ragnarok","floor":16},{"not_picked":["ThirdEye+1","EmptyFist"],"picked":"Halt","floor":20},{"not_picked":["InnerPeace","Replay:BluntJabs"],"picked":"WheelKick","floor":22}],"player_experience":1560583,"relics_obtained":[{"floor":1,"key":"LetterFromLob"},{"floor":9,"key":"infinitespire:Beetle Shell"}],"event_choices":[{"damage_healed":0,"gold_gain":0,"player_choice":"Got Potions","damage_taken":0,"max_hp_gain":0,"max_hp_loss":0,"event_name":"Lab","floor":4,"gold_loss":0}],"is_beta":false,"boss_relics":[{"not_picked":["aspiration:MobileForge","hubris:GrandSneckoEye"],"picked":"bronze:MakeshiftBattery"}],"items_purged_floors":[],"is_endless":false,"potions_floor_spawned":[3,7,11,16,20],"killed_by":"Gensokyo:Monolith_and_Dog","ascension_level":0}}