{"host":"05vhm55ztg7fyvhd","time":1612736954,"event":{"mods":["BaseMod","Downfall","Googly Eyes","Hubris","Minty Spire (QoL Compilation)","Replay The Spire","Shop Mod","StSLib"],"gold_per_floor":[99,114,130,40,59,59,59,59,70,70,81,97,97,114,125,229,229,229,114,114,126,126,126,126,78,78,98,111,138,158,8,23,125,125,125,140,151,167,180,5,31,46,46,46,46,62,62,81,99,99,99,99],"floor_reached":50,"language":"ENG","playtime":3117,"items_purged":["bronze:Defend","Pain","bronze:Defend","bronze:ForLoop","Parasite"],"score":442,"play_id":"270f8ec7-e91f-4b60-94c0-dd3eaabfbe6e","local_time":"20210207232914","is_ascension_mode":false,"campfire_choices":[{"data":"bronze:ChosenStrike","floor":1,"key":"SMITH"},{"data":"bronze:ChosenStrike","floor":6,"key":"SMITH"},{"data":"bronze:Virus","floor":8,"key":"SMITH"},{"data":"bronze:ChosenStrike","floor":13,"key":"SMITH"},{"data":"bronze:SpaghettiCode","floor":18,"key":"SMITH"},{"data":"bronze:Format","floor":23,"key":"SMITH"},{"floor":35,"key":"RECALL"},{"floor":44,"key":"REST"},{"data":"bronze:Goto","floor":47,"key":"SMITH"}],"circlet_count":0,"master_deck":["bronze:Strike","bronze:Strike","bronze:Strike","bronze:Strike","bronze:Defend","bronze:Replicate","bronze:Goto+1","bronze:ChosenStrike+1","bronze:DelayedSlice","bronze:ChosenStrike+1","bronze:Virus+1","bronze:Frontload","bronze:ChosenStrike+1","bronze:FineTuning","bronze:WhirlingStrike","bronze:SpaghettiCode+1","CurseOfTheBell","bronze:Format+1","bronze:OilSpill","expansioncontent:AwakenDeath+1","bronze:CloningBeam+1","bronze:Repulsor+1","bronze:HyperBeam+1","bronze:Flail+1"],"relics":["bronze:PlatinumCore","Strawberry","WarpedTongs","Calling Bell","Art of War","bronze:CableSpool","Thread and Needle","Molten Egg 2","Sling","Bronze Scales","Kunai"],"acts_visited":["Exordium","TheCity","TheBeyond"],"potions_floor_usage":[4,16,16,19,28,33,33,38,42,50,50,50],"damage_taken":[{"damage":0,"enemies":"2 Louse","floor":2,"turns":2},{"damage":0,"enemies":"Cultist","floor":3,"turns":2},{"damage":0,"enemies":"downfall:FleeingMerchant","floor":4,"turns":4},{"damage":3,"enemies":"Small Slimes","floor":5,"turns":2},{"damage":7,"enemies":"Blue Slaver","floor":9,"turns":3},{"damage":0,"enemies":"Red Slaver","floor":11,"turns":2},{"damage":8,"enemies":"Exordium Thugs","floor":12,"turns":2},{"damage":3,"enemies":"Gremlin Gang","floor":14,"turns":2},{"damage":0,"enemies":"Blue Slaver","floor":15,"turns":1},{"damage":30,"enemies":"DF_ARCHETYPE_STREAMLINE","floor":16,"turns":5},{"damage":6,"enemies":"downfall:FleeingMerchant","floor":19,"turns":4},{"damage":0,"enemies":"Spheric Guardian","floor":21,"turns":1},{"damage":0,"enemies":"downfall:FleeingMerchant","floor":25,"turns":1},{"damage":8,"enemies":"Centurion and Healer","floor":27,"turns":3},{"damage":16,"enemies":"Snecko","floor":28,"turns":4},{"damage":0,"enemies":"Shelled Parasite and Fungi","floor":30,"turns":2},{"damage":0,"enemies":"3 Cultists","floor":32,"turns":3},{"damage":49,"enemies":"WA_ARCHETYPE_CALM","floor":33,"turns":8},{"damage":18,"enemies":"3 Shapes","floor":36,"turns":2},{"damage":3,"enemies":"3 Darklings","floor":37,"turns":2},{"damage":6,"enemies":"Writhing Mass","floor":38,"turns":4},{"damage":0,"enemies":"Jaw Worm Horde","floor":39,"turns":2},{"damage":7,"enemies":"Transient","floor":42,"turns":5},{"damage":0,"enemies":"3 Darklings","floor":46,"turns":3},{"damage":29,"enemies":"4 Shapes","floor":48,"turns":2},{"damage":0,"enemies":"Spire Growth","floor":49,"turns":2},{"damage":128,"enemies":"SI_POISON_ARCHETYPE","floor":50,"turns":5}],"seed_played":"22260285282006722","potions_obtained":[{"floor":3,"key":"Strength Potion"},{"floor":5,"key":"champ:CounterPotion"},{"floor":9,"key":"LiquidMemories"},{"floor":14,"key":"Guardian:BlockOnCardUsePotion"},{"floor":16,"key":"Doom Potion"},{"floor":21,"key":"Fire Potion"},{"floor":28,"key":"Regen Potion"},{"floor":30,"key":"Fire Potion"},{"floor":33,"key":"AttackPotion"},{"floor":38,"key":"champ:CounterPotion"},{"floor":46,"key":"Adrenaline Potion"},{"floor":49,"key":"bronze:CleanCodePotion"}],"is_trial":false,"path_per_floor":["R","M","M","$","M","R","T","R","M","?","M","M","R","M","M","B",null,"R","$","?","M","?","R","T","$","?","M","M","T","M","$","M","B",null,"R","M","M","M","M","$","T","M","T","R","$","M","R","M","M","B"],"character_chosen":"THE_AUTOMATON","items_purchased":["expansioncontent:AwakenDeath","Sling"],"campfire_rested":1,"item_purchase_floors":[25,25],"current_hp_per_floor":[70,70,70,70,67,67,74,74,67,67,67,59,59,56,56,26,77,77,71,71,71,71,71,71,71,71,63,47,47,47,47,47,13,77,77,59,56,50,50,50,50,43,43,65,65,65,65,36,36,0,0,0],"gold":99,"neow_bonus":"THREE_CARDS","is_daily":false,"chose_seed":false,"campfire_upgraded":7,"win_rate":0.0,"timestamp":1612736954,"path_taken":["R","M","M","$","M","R","T","R","M","?","M","M","R","M","M","BOSS","R","$","?","M","?","R","T","$","?","?","M","?","M","$","M","BOSS","R","M","?","M","M","$","T","?","?","R","$","M","R","M","M","BOSS"],"items_purchased_type":["Card","Relic"],"build_version":"2020-12-22","purchased_purges":5,"victory":false,"max_hp_per_floor":[70,70,70,70,70,70,77,77,77,77,77,77,77,77,77,77,77,77,77,77,77,77,77,77,77,77,77,77,77,77,77,77,77,77,77,77,77,77,77,74,74,74,74,74,74,74,74,74,74,74,74,74],"card_choices":[{"not_picked":["bronze:ForceShield","bronze:ItsAFeature"],"picked":"bronze:ChosenStrike","floor":0},{"not_picked":["bronze:DelayedGuard","bronze:BitShift"],"picked":"bronze:DelayedSlice","floor":2},{"not_picked":["bronze:MaxOutput","bronze:DelayedSlice"],"picked":"bronze:ChosenStrike","floor":3},{"not_picked":["bronze:Return","bronze:Repair"],"picked":"bronze:Virus","floor":4},{"not_picked":["bronze:WildBeam","bronze:CutThrough"],"picked":"bronze:Frontload","floor":5},{"not_picked":["bronze:ChildClass","bronze:WildBeam"],"picked":"bronze:ChosenStrike","floor":9},{"not_picked":["bronze:Shell","bronze:Invalidate","bronze:BuggyMess"],"picked":"SKIP","floor":11},{"not_picked":["bronze:Fortify","bronze:WildBeam"],"picked":"bronze:FineTuning","floor":12},{"not_picked":["bronze:Turbo","bronze:ItsAFeature","bronze:MaxOutput"],"picked":"SKIP","floor":14},{"not_picked":["bronze:Overheat","bronze:Repulsor"],"picked":"bronze:WhirlingStrike","floor":15},{"not_picked":["bronze:ThunderWave","bronze:FindAndReplace"],"picked":"bronze:SpaghettiCode","floor":16},{"not_picked":["bronze:Invalidate","bronze:Shield"],"picked":"bronze:Format","floor":19},{"not_picked":["bronze:BuggyMess","bronze:CutThrough+1","bronze:Invalidate"],"picked":"SKIP","floor":21},{"not_picked":["bronze:Philosophize+1","bronze:Shell","bronze:BitShift"],"picked":"SKIP","floor":25},{"not_picked":["bronze:ChildClass","bronze:BitShift+1"],"picked":"bronze:CloningBeam+1","floor":27},{"not_picked":["bronze:ChildClass","bronze:DigitalCarnage+1","bronze:Safeguard"],"picked":"SKIP","floor":28},{"not_picked":["bronze:NullPointer+1","bronze:Overheat+1"],"picked":"bronze:Repulsor+1","floor":30},{"not_picked":["bronze:Return","bronze:BronzeArmor+1","bronze:WildBeam+1"],"picked":"SKIP","floor":32},{"not_picked":["bronze:SpaghettiCode","bronze:Virus+1"],"picked":"bronze:HyperBeam+1","floor":33},{"not_picked":["bronze:DarkDash+1","bronze:FineTuning","bronze:BronzeArmor+1"],"picked":"SKIP","floor":36},{"not_picked":["bronze:OilSpill+1","bronze:BuggyMess+1","bronze:Deprecate+1"],"picked":"SKIP","floor":37},{"not_picked":["bronze:BitShift+1","bronze:Deprecate","bronze:ClassDefault"],"picked":"SKIP","floor":38},{"not_picked":["bronze:Iterate+1","bronze:FollowUp+1"],"picked":"bronze:Flail+1","floor":39},{"not_picked":["bronze:FineTuning","bronze:Deprecate+1","bronze:BitShift+1"],"picked":"SKIP","floor":42},{"not_picked":["bronze:DigitalCarnage+1","bronze:DarkDash+1","bronze:Break+1"],"picked":"SKIP","floor":46},{"not_picked":["bronze:WildBeam+1","bronze:WhirlingStrike+1","bronze:DarkDash+1"],"picked":"SKIP","floor":48},{"not_picked":["bronze:BronzeArmor","bronze:WhirlingStrike+1","bronze:CloningBeam+1"],"picked":"SKIP","floor":49}],"player_experience":460211,"relics_obtained":[{"floor":7,"key":"Strawberry"},{"floor":17,"key":"Art of War"},{"floor":17,"key":"bronze:CableSpool"},{"floor":17,"key":"Thread and Needle"},{"floor":24,"key":"Molten Egg 2"},{"floor":29,"key":"Bronze Scales"},{"floor":43,"key":"Kunai"}],"event_choices":[{"damage_healed":0,"gold_gain":0,"player_choice":"Read","damage_taken":0,"max_hp_gain":0,"max_hp_loss":0,"event_name":"The Library","floor":22,"gold_loss":0,"cards_obtained":["bronze:ForLoop"]}],"is_beta":false,"boss_relics":[{"not_picked":["SacredBark","Snecko Eye"],"picked":"Calling Bell"},{"not_picked":["Pandora\u0027s Box","hubris:RunicObelisk"],"picked":"bronze:PlatinumCore"}],"items_purged_floors":[4,19,25,31,40],"is_endless":false,"potions_floor_spawned":[3,5,9,14,16,21,28,30,32,33,38,46,49],"killed_by":"SI_POISON_ARCHETYPE","ascension_level":0}}