{"host":"m1r1dnnd0bbi4qb9","time":1612671763,"event":{"mods":["BaseMod","Minty Spire (QoL Compilation)","SuperFastMode"],"gold_per_floor":[113,132,152,152,168,168,182,198,221,256,256,271,150,169,169,169,169],"floor_reached":16,"language":"ENG","playtime":709,"items_purged":["Defend_R"],"score":159,"play_id":"e8f64d8f-9c49-4fd9-b807-5ea2814cdf03","local_time":"20210207022243","is_ascension_mode":true,"campfire_choices":[{"data":"Armaments","floor":6,"key":"SMITH"},{"floor":11,"key":"REST"},{"data":"Armaments","floor":15,"key":"SMITH"}],"circlet_count":0,"master_deck":["AscendersBane","Strike_R","Strike_R","Strike_R","Strike_R","Defend_R","Defend_R","Defend_R","Bash+1","Burning Pact","Dropkick","Thunderclap","Cleave","Armaments+1","Headbutt","Armaments+1","Corruption","Shrug It Off","Shrug It Off","Metallicize"],"relics":["Burning Blood","Orichalcum","Unceasing Top"],"acts_visited":["Exordium"],"potions_floor_usage":[5,7,16],"damage_taken":[{"damage":8,"enemies":"Jaw Worm","floor":1,"turns":4},{"damage":5,"enemies":"Cultist","floor":2,"turns":5},{"damage":7,"enemies":"2 Louse","floor":3,"turns":2},{"damage":12,"enemies":"Exordium Wildlife","floor":5,"turns":5},{"damage":19,"enemies":"Exordium Thugs","floor":7,"turns":5},{"damage":21,"enemies":"Gremlin Gang","floor":8,"turns":4},{"damage":20,"enemies":"Gremlin Nob","floor":10,"turns":4},{"damage":14,"enemies":"Exordium Wildlife","floor":12,"turns":5},{"damage":6,"enemies":"Looter","floor":14,"turns":4},{"damage":41,"enemies":"Slime Boss","floor":16,"turns":11}],"seed_played":"7741240776981993109","potions_obtained":[{"floor":2,"key":"Dexterity Potion"},{"floor":5,"key":"Block Potion"},{"floor":12,"key":"SmokeBomb"},{"floor":14,"key":"GamblersBrew"}],"is_trial":false,"path_per_floor":["M","M","M","?","M","R","M","M","T","E","R","M","$","M","R","B"],"character_chosen":"IRONCLAD","items_purchased":["Shrug It Off"],"campfire_rested":1,"item_purchase_floors":[13],"current_hp_per_floor":[70,71,70,70,64,64,51,36,36,22,46,38,38,38,38,0,0],"gold":169,"neow_bonus":"TRANSFORM_CARD","is_daily":false,"chose_seed":false,"campfire_upgraded":2,"win_rate":0.0,"timestamp":1612671763,"path_taken":["M","M","M","?","M","R","M","M","T","E","R","?","?","M","R","BOSS"],"items_purchased_type":["Card"],"build_version":"2020-12-22","purchased_purges":1,"victory":false,"max_hp_per_floor":[80,80,80,80,80,80,80,80,80,80,80,80,80,80,80,80,80],"card_choices":[{"not_picked":["Warcry","Wild Strike"],"picked":"Dropkick","floor":1},{"not_picked":["Perfected Strike","Body Slam"],"picked":"Thunderclap","floor":2},{"not_picked":["True Grit","Rupture"],"picked":"Cleave","floor":3},{"not_picked":["Reckless Charge","Iron Wave"],"picked":"Armaments","floor":5},{"not_picked":["Wild Strike","Hemokinesis"],"picked":"Headbutt","floor":7},{"not_picked":["Iron Wave","Combust"],"picked":"Armaments","floor":8},{"not_picked":["Headbutt","Infernal Blade"],"picked":"Corruption","floor":10},{"not_picked":["Sword Boomerang","Body Slam"],"picked":"Shrug It Off","floor":12},{"not_picked":["Armaments","Perfected Strike"],"picked":"Metallicize","floor":14}],"player_experience":597287,"relics_obtained":[{"floor":9,"key":"Orichalcum"},{"floor":10,"key":"Unceasing Top"}],"event_choices":[{"damage_healed":0,"gold_gain":0,"player_choice":"Upgraded","damage_taken":0,"max_hp_gain":0,"max_hp_loss":0,"event_name":"Upgrade Shrine","floor":4,"gold_loss":0,"cards_upgraded":["Bash"]}],"is_beta":false,"boss_relics":[],"items_purged_floors":[13],"is_endless":false,"potions_floor_spawned":[2,5,12,14],"killed_by":"Slime Boss","ascension_level":10}}