{"host":"kiehjq3lc4w5t4uc","time":1612696271,"event":{"mods":["AchievementEnabler","BaseMod","BetterRewards","Colored Map","Colored Powertips","DeckTracker","Good Game Mod","Minty Spire (QoL Compilation)","Quick Restart","Rare Cards Sparkle","Relic Stats","Shop Mod","Spicy Shops","StSLib","SuperFastMode"],"gold_per_floor":[122,122,146,4,34,34,34,34,102,16,360,435,487,487,487,591,591,620,629,657,729,365,414,414,414,464,509,562,562,562,161,170,272,272,301,320,47,56,0,44,56,118,130,182,237,249,306,7,7,7,7],"floor_reached":52,"language":"KOR","playtime":3876,"items_purged":["Decay"],"score":2958,"play_id":"5f7fb0e3-5b62-453f-b615-ef86bdef45e7","local_time":"20210207201111","daily_mods":["Diverse","Heirloom","Flight","Elite Swarm"],"is_ascension_mode":true,"campfire_choices":[{"data":"Zap","floor":6,"key":"SMITH"},{"data":"Night Terror","floor":7,"key":"SMITH"},{"data":"Dualcast","floor":8,"key":"SMITH"},{"floor":15,"key":"REST"},{"data":"Scrawl","floor":24,"key":"SMITH"},{"data":"Amplify","floor":25,"key":"SMITH"},{"data":"Adrenaline","floor":29,"key":"SMITH"},{"floor":32,"key":"REST"},{"data":"Double Energy","floor":41,"key":"SMITH"},{"data":"1","floor":49,"key":"LIFT"}],"circlet_count":0,"master_deck":["AscendersBane","Strike_B+1","Strike_B+1","Defend_B+1","Defend_B","Zap+1","Dualcast+1","Adrenaline+1","Rebound","Night Terror+1","Heatsinks","Evolve","BattleHymn+1","Scrawl+1","Buffer+1","MasterReality+1","BootSequence","Poisoned Stab","Well Laid Plans+1","Buffer+1","Metallicize+1","Inflame+1","Consume+1","Loop+1","Amplify+1","Echo Form+1","Machine Learning+1","Dark Embrace+1","Backflip","Impatience","Double Energy+1","Barricade+1","Ball Lightning+1","Adrenaline+1","Glacier","Flash of Steel","Panache+1","Seek","Envenom+1","Glass Knife+1","Envenom+1","A Thousand Cuts+1","Master of Strategy+1"],"relics":["Cracked Core","REME:ComplimentaryCards","Membership Card","Smiling Mask","Golden Idol","CeramicFish","The Courier","FossilizedHelix","Runic Capacitor","Lantern","ClockworkSouvenir","Question Card","Black Star","Frozen Egg 2","Membership Card","Bronze Scales","Old Coin","Ancient Tea Set","Incense Burner","Empty Cage","Cables","Happy Flower","Boot","Orrery","Ice Cream","Dream Catcher","War Paint","Oddly Smooth Stone","Pantograph","StrikeDummy","Bottled Lightning","OrangePellets","Sundial","DataDisk","Mummified Hand","Art of War","Strawberry","Coffee Dripper","Bag of Marbles","DollysMirror","Unceasing Top","Red Mask","MawBank","Toy Ornithopter","Blood Vial","Bottled Tornado","Symbiotic Virus","Vajra","Molten Egg 2","Girya","TungstenRod","Singing Bowl","Darkstone Periapt","Toxic Egg 2","HornCleat"],"acts_visited":["Exordium","TheCity","TheBeyond"],"potions_floor_usage":[13,13,27],"damage_taken":[{"damage":0,"enemies":"Jaw Worm","floor":1,"turns":3},{"damage":0,"enemies":"Cultist","floor":3,"turns":3},{"damage":8,"enemies":"2 Louse","floor":5,"turns":2},{"damage":5,"enemies":"3 Sentries","floor":11,"turns":5},{"damage":0,"enemies":"Gremlin Nob","floor":13,"turns":3},{"damage":44,"enemies":"The Guardian","floor":16,"turns":9},{"damage":0,"enemies":"Spheric Guardian","floor":18,"turns":4},{"damage":0,"enemies":"Chosen","floor":20,"turns":5},{"damage":6,"enemies":"Book of Stabbing","floor":23,"turns":5},{"damage":0,"enemies":"Gremlin Leader","floor":27,"turns":5},{"damage":14,"enemies":"Book of Stabbing","floor":28,"turns":5},{"damage":0,"enemies":"Collector","floor":33,"turns":5},{"damage":0,"enemies":"3 Shapes","floor":35,"turns":3},{"damage":0,"enemies":"Orb Walker","floor":36,"turns":2},{"damage":0,"enemies":"Nemesis","floor":40,"turns":1},{"damage":0,"enemies":"Reptomancer","floor":42,"turns":2},{"damage":0,"enemies":"Giant Head","floor":44,"turns":2},{"damage":0,"enemies":"Reptomancer","floor":45,"turns":1},{"damage":0,"enemies":"Giant Head","floor":47,"turns":1},{"damage":0,"enemies":"Awakened One","floor":50,"turns":3},{"damage":0,"enemies":"Donu and Deca","floor":51,"turns":2}],"seed_played":"-8808931466498361687","potions_obtained":[{"floor":5,"key":"Regen Potion"},{"floor":16,"key":"EssenceOfDarkness"},{"floor":18,"key":"Ancient Potion"},{"floor":27,"key":"Fire Potion"},{"floor":42,"key":"DuplicationPotion"}],"is_trial":true,"path_per_floor":["M","?","M","$","M","R","R","R","T","$","E","?","E","?","R","B",null,"M","?","M","T","$","E","R","R","T","E","E","R","?","$","R","B",null,"M","M","$","?","?","E","R","E","T","E","E","?","E","$","R","B","B",null],"character_chosen":"DEFECT","items_purchased":["Heatsinks","Runic Capacitor","Lantern","ClockworkSouvenir","Question Card","Membership Card","BattleHymn+1","PowerPotion","Buffer+1","Happy Flower","Boot","Metallicize+1","Inflame+1","Orrery","Loop+1","OrangePellets","Sundial","DataDisk","Dark Embrace+1","Backflip","Art of War","Strawberry","Impatience","Bag of Marbles","DollysMirror","Unceasing Top","Glacier","Flash of Steel","A Thousand Cuts+1","Toxic Egg 2","Master of Strategy+1","HornCleat"],"campfire_rested":2,"item_purchase_floors":[4,4,4,4,4,10,10,10,22,22,22,22,22,22,22,31,31,31,31,31,31,31,31,37,37,37,37,37,48,48,48,48],"current_hp_per_floor":[64,64,64,64,56,56,56,56,56,56,51,40,49,28,49,5,55,55,55,55,55,55,49,49,49,49,49,35,35,35,42,65,78,78,78,78,78,78,78,78,78,78,78,78,78,78,78,78,78,78,78],"gold":7,"neow_bonus":"","is_daily":false,"chose_seed":false,"campfire_upgraded":7,"win_rate":0.0,"timestamp":1612696271,"path_taken":["M","?","M","$","?","R","R","R","T","$","E","?","E","?","R","BOSS","M","?","?","?","$","E","R","R","T","E","E","R","?","$","R","BOSS","M","M","$","?","?","E","R","E","T","E","E","?","E","$","R","BOSS","BOSS"],"items_purchased_type":["Card","Relic","Relic","Relic","Relic","Relic","Card","Potion","Card","Relic","Relic","Card","Card","Relic","Card","Relic","Relic","Relic","Card","Card","Relic","Relic","Card","Relic","Relic","Relic","Card","Card","Card","Relic","Card","Relic"],"build_version":"2020-12-22","purchased_purges":1,"victory":true,"max_hp_per_floor":[71,71,71,71,71,71,71,71,71,71,71,71,71,71,71,71,71,71,71,71,71,71,71,71,71,71,71,71,71,71,78,78,78,78,78,78,78,78,78,78,78,78,78,78,78,78,78,78,78,78,78],"relic_stats":{"Darkstone Periapt":0,"Singing Bowl":0,"CeramicFish":324,"Smiling Mask":-20,"Boot":[1],"Blood Vial":0,"Dream Catcher":1,"Sundial":[6],"Mummified Hand":[207],"Pantograph":13,"Happy Flower":[12],"counters":[21,71],"Golden Idol":179,"War Paint":["Defend_B","Consume"],"Question Card":24,"MawBank":96,"Cables":[25,18,2,5,0],"OrangePellets":[0],"Bronze Scales":[145],"Black Star":10,"Art of War":[0],"obtain_stats":[{"Ice Cream":23,"CeramicFish":0,"Vajra":44,"Runic Capacitor":4,"Bottled Tornado":42,"Boot":22,"Old Coin":11,"Blood Vial":42,"HornCleat":48,"Sundial":31,"DollysMirror":37,"Strawberry":31,"Toxic Egg 2":48,"Girya":45,"Happy Flower":22,"Oddly Smooth Stone":27,"War Paint":26,"Question Card":4,"Cables":21,"OrangePellets":31,"Bronze Scales":11,"Molten Egg 2":44,"Black Star":8,"StrikeDummy":28,"Symbiotic Virus":43,"Unceasing Top":37,"Darkstone Periapt":47,"Lantern":4,"Singing Bowl":47,"Incense Burner":13,"Smiling Mask":0,"Ancient Tea Set":13,"Empty Cage":17,"ClockworkSouvenir":4,"Dream Catcher":23,"Mummified Hand":31,"Pantograph":27,"Red Mask":39,"Cracked Core":0,"Golden Idol":0,"The Courier":0,"Frozen Egg 2":9,"MawBank":40,"REME:ComplimentaryCards":0,"DataDisk":31,"Orrery":22,"Art of War":31,"Coffee Dripper":34,"Bag of Marbles":37,"Membership Card":0,"Bottled Lightning":28,"FossilizedHelix":0,"Toy Ornithopter":40,"TungstenRod":45},{"Ice Cream":9,"CeramicFish":0,"Vajra":17,"Runic Capacitor":2,"Bottled Tornado":16,"Boot":8,"Old Coin":4,"Blood Vial":16,"HornCleat":19,"Sundial":11,"DollysMirror":14,"Strawberry":11,"Toxic Egg 2":19,"Girya":18,"Happy Flower":8,"Oddly Smooth Stone":10,"War Paint":9,"Question Card":2,"Cables":8,"OrangePellets":11,"Bronze Scales":4,"Molten Egg 2":17,"Black Star":3,"StrikeDummy":11,"Symbiotic Virus":16,"Unceasing Top":14,"Darkstone Periapt":19,"Lantern":2,"Singing Bowl":19,"Incense Burner":5,"Smiling Mask":0,"Ancient Tea Set":5,"Empty Cage":6,"ClockworkSouvenir":2,"Dream Catcher":9,"Mummified Hand":11,"Pantograph":10,"Red Mask":14,"Cracked Core":0,"Golden Idol":0,"The Courier":0,"Frozen Egg 2":3,"MawBank":15,"REME:ComplimentaryCards":0,"DataDisk":11,"Orrery":8,"Art of War":11,"Coffee Dripper":12,"Bag of Marbles":14,"Membership Card":0,"Bottled Lightning":11,"FossilizedHelix":0,"Toy Ornithopter":15,"TungstenRod":18},{"Ice Cream":39,"CeramicFish":0,"Vajra":64,"Runic Capacitor":6,"Bottled Tornado":62,"Boot":34,"Old Coin":13,"Blood Vial":62,"HornCleat":66,"Sundial":49,"DollysMirror":59,"Strawberry":49,"Toxic Egg 2":66,"Girya":65,"Happy Flower":34,"Oddly Smooth Stone":44,"War Paint":39,"Question Card":6,"Cables":34,"OrangePellets":49,"Bronze Scales":13,"Molten Egg 2":64,"Black Star":8,"StrikeDummy":49,"Symbiotic Virus":62,"Unceasing Top":59,"Darkstone Periapt":66,"Lantern":6,"Singing Bowl":66,"Incense Burner":16,"Smiling Mask":0,"Ancient Tea Set":16,"Empty Cage":25,"ClockworkSouvenir":6,"Dream Catcher":39,"Mummified Hand":49,"Pantograph":44,"Red Mask":59,"Cracked Core":0,"Golden Idol":0,"The Courier":0,"Frozen Egg 2":8,"MawBank":60,"REME:ComplimentaryCards":0,"DataDisk":49,"Orrery":34,"Art of War":49,"Coffee Dripper":54,"Bag of Marbles":59,"Membership Card":0,"Bottled Lightning":49,"FossilizedHelix":0,"Toy Ornithopter":60,"TungstenRod":65}],"Unceasing Top":[4],"Toy Ornithopter":0,"TungstenRod":0},"card_choices":[{"not_picked":["Sweeping Beam","EmptyFist"],"picked":"Rebound","floor":1},{"not_picked":["Body Slam","Redo"],"picked":"Night Terror","floor":3},{"not_picked":["Heavy Blade","CrushJoints","Pummel"],"picked":"Evolve","floor":5},{"not_picked":["Night Terror","Echo Form+1","Fission"],"picked":"Scrawl","floor":11},{"not_picked":["Reaper","Limit Break","Feed"],"picked":"Buffer+1","floor":13},{"not_picked":["Juggernaut+1","Omniscience","Unload"],"picked":"MasterReality+1","floor":16},{"not_picked":["Heavy Blade","Ball Lightning","Prepared"],"picked":"BootSequence","floor":18},{"not_picked":["Dodge and Roll","Stack","Rebound"],"picked":"Well Laid Plans+1","floor":20},{"not_picked":["EmptyMind+1","Heel Hook","Barrage"],"picked":"Consume","floor":22},{"not_picked":["Biased Cognition+1","Electrodynamics+1","Rainbow"],"picked":"Amplify","floor":23},{"not_picked":["Brilliance","Electrodynamics+1","Juggernaut+1"],"picked":"Echo Form+1","floor":27},{"not_picked":["Envenom+1","Offering","Corruption+1"],"picked":"Machine Learning+1","floor":28},{"not_picked":["Deadly Poison","Slice","Underhanded Strike"],"picked":"Double Energy","floor":32},{"not_picked":["Reboot","Fission","Reaper"],"picked":"Barricade+1","floor":33},{"not_picked":["Poisoned Stab","Prepared","Blade Dance"],"picked":"Ball Lightning+1","floor":35},{"not_picked":["Distraction","Flex+1","Havoc+1","ReachHeaven"],"picked":"SKIP","floor":36},{"not_picked":["Impatience","Forethought","Magnetism+1"],"picked":"Panache+1","floor":38},{"not_picked":["Barricade+1","Amplify","Grand Finale"],"picked":"Seek","floor":40},{"not_picked":["Hyperbeam","Unload","Buffer+1"],"picked":"Envenom+1","floor":42},{"not_picked":["Meteor Strike+1","Corpse Explosion","Seek","Omniscience"],"picked":"SKIP","floor":44},{"not_picked":["Brilliance+1","Seek","Venomology"],"picked":"Glass Knife+1","floor":45},{"not_picked":["Impervious","Establishment+1","Bludgeon+1"],"picked":"Envenom+1","floor":47}],"player_experience":162321,"relics_obtained":[{"floor":9,"key":"Frozen Egg 2"},{"floor":11,"key":"Bronze Scales"},{"floor":11,"key":"Old Coin"},{"floor":13,"key":"Ancient Tea Set"},{"floor":13,"key":"Incense Burner"},{"floor":21,"key":"Cables"},{"floor":23,"key":"Ice Cream"},{"floor":23,"key":"Dream Catcher"},{"floor":26,"key":"War Paint"},{"floor":27,"key":"Oddly Smooth Stone"},{"floor":27,"key":"Pantograph"},{"floor":28,"key":"StrikeDummy"},{"floor":28,"key":"Bottled Lightning"},{"floor":40,"key":"MawBank"},{"floor":40,"key":"Toy Ornithopter"},{"floor":42,"key":"Blood Vial"},{"floor":42,"key":"Bottled Tornado"},{"floor":43,"key":"Symbiotic Virus"},{"floor":44,"key":"Vajra"},{"floor":44,"key":"Molten Egg 2"},{"floor":45,"key":"Girya"},{"floor":45,"key":"TungstenRod"},{"floor":47,"key":"Singing Bowl"},{"floor":47,"key":"Darkstone Periapt"}],"event_choices":[{"damage_healed":0,"gold_gain":0,"player_choice":"0 cards matched","damage_taken":0,"max_hp_gain":0,"max_hp_loss":0,"event_name":"Match and Keep!","floor":2,"gold_loss":0,"cards_obtained":[]},{"damage_healed":0,"gold_gain":75,"player_choice":"Gather Gold","damage_taken":11,"max_hp_gain":0,"max_hp_loss":0,"event_name":"World of Goop","floor":12,"gold_loss":0},{"damage_healed":0,"gold_gain":0,"player_choice":"Entered Light","damage_taken":21,"max_hp_gain":0,"max_hp_loss":0,"event_name":"Shining Light","floor":14,"gold_loss":0,"cards_upgraded":["Strike_B","Strike_B"]},{"damage_healed":0,"gold_gain":0,"cards_transformed":["Defend_B"],"player_choice":"Transformed","damage_taken":0,"max_hp_gain":0,"max_hp_loss":0,"event_name":"Transmorgrifier","floor":19,"gold_loss":0,"cards_obtained":["Poisoned Stab"]},{"damage_healed":0,"gold_gain":0,"player_choice":"Ignored","damage_taken":0,"max_hp_gain":0,"max_hp_loss":0,"event_name":"Ghosts","floor":30,"gold_loss":0},{"damage_healed":0,"gold_gain":0,"player_choice":"Memory 1","damage_taken":0,"max_hp_gain":0,"max_hp_loss":0,"event_name":"SensoryStone","floor":38,"gold_loss":0},{"damage_healed":0,"gold_gain":0,"player_choice":"Paid","damage_taken":0,"relics_obtained":["Red Mask"],"max_hp_gain":0,"max_hp_loss":0,"event_name":"Tomb of Lord Red Mask","floor":39,"gold_loss":56},{"cards_removed":["Defend_B"],"damage_healed":0,"gold_gain":0,"player_choice":"Removed Skill","damage_taken":0,"max_hp_gain":0,"max_hp_loss":0,"event_name":"Falling","floor":46,"gold_loss":0}],"is_beta":false,"boss_relics":[{"not_picked":["Inserter","Calling Bell"],"picked":"Empty Cage"},{"not_picked":["Snecko Eye","Pandora\u0027s Box"],"picked":"Coffee Dripper"}],"items_purged_floors":[37],"is_endless":false,"potions_floor_spawned":[5,11,16,18,27,40,42,47],"ascension_level":20}}