{"host":"8d3fefv2347kqkpz","time":1612732400,"event":{"mods":["AchievementEnabler","Act Like it!","Aspiration","BaseMod","Better Vampires","Colored Map","Colored Powertips","Conspire","Downfall","GifTheSpireLib","Highlight Path","Hubris","Mimic Mod","Minty Spire (QoL Compilation)","Quick Restart","Rare Cards Sparkle","Relic Stats","Replay The Spire","Spicy Shops","StSLib","The Jungle","Waifu the Spire"],"gold_per_floor":[116,132,57,69,69,104,104,136,162,189,89,89,89,89,89,89,89],"floor_reached":16,"language":"ZHS","playtime":286,"items_purged":["Strike_R","Strike_R"],"score":128,"play_id":"71a0ffd7-7e63-438b-afb8-a4d1526ee9f3","local_time":"20210208051320","is_ascension_mode":true,"campfire_choices":[{"floor":7,"key":"REST"},{"floor":15,"key":"REST"}],"circlet_count":0,"master_deck":["Strike_R+1","Strike_R+1","Strike_R","Defend_R","Defend_R","Defend_R","Defend_R","Bash+1","Barricade+1"],"relics":["Burning Blood","NeowsBlessing","ReplayTheSpireMod:Shallot","Replay:Baseball","MealTicket","Toy Ornithopter"],"acts_visited":["Exordium"],"potions_floor_usage":[10,10,16],"damage_taken":[{"damage":0,"enemies":"2 Louse","floor":1,"turns":1},{"damage":0,"enemies":"Jaw Worm","floor":2,"turns":1},{"damage":0,"enemies":"Small Slimes","floor":4,"turns":1},{"damage":36,"enemies":"Lagavulin","floor":6,"turns":5},{"damage":51,"enemies":"Gremlin Nob","floor":8,"turns":6},{"damage":6,"enemies":"Lagavulin","floor":10,"turns":8},{"damage":56,"enemies":"Hexaghost","floor":16,"turns":12}],"seed_played":"-8196837397370396882","potions_obtained":[{"floor":1,"key":"Fire Potion"},{"floor":2,"key":"champ:CounterPotion"},{"floor":8,"key":"DuplicationPotion"}],"is_trial":false,"path_per_floor":["M","M","$","M","?","E","R","E","T","E","$","?","$","?","R","B"],"character_chosen":"IRONCLAD","items_purchased":[],"campfire_rested":2,"item_purchase_floors":[],"current_hp_per_floor":[80,80,80,80,64,34,58,13,13,13,28,28,43,43,67,16,16],"gold":89,"neow_bonus":"THREE_ENEMY_KILL","is_daily":false,"chose_seed":false,"campfire_upgraded":0,"win_rate":0.0,"timestamp":1612732400,"path_taken":["M","M","$","M","?","E","R","E","T","E","$","?","?","?","R","BOSS"],"items_purchased_type":[],"build_version":"2020-12-22","purchased_purges":2,"victory":false,"max_hp_per_floor":[80,80,80,80,80,80,80,80,80,80,80,80,80,80,80,80,80],"relic_stats":{"counters":[7,34],"MealTicket":30,"obtain_stats":[{"Replay:Baseball":8,"NeowsBlessing":0,"ReplayTheSpireMod:Shallot":6,"MealTicket":9,"Burning Blood":0,"Toy Ornithopter":10},{"Replay:Baseball":5,"NeowsBlessing":0,"ReplayTheSpireMod:Shallot":4,"MealTicket":5,"Burning Blood":0,"Toy Ornithopter":6},{"Replay:Baseball":14,"NeowsBlessing":0,"ReplayTheSpireMod:Shallot":8,"MealTicket":14,"Burning Blood":0,"Toy Ornithopter":22}],"Burning Blood":18,"Toy Ornithopter":5},"card_choices":[{"not_picked":["Sentinel","Pommel Strike","True Grit"],"picked":"SKIP","floor":1},{"not_picked":["conspire:ExplosiveBarrier","Heavy Blade","Iron Wave"],"picked":"SKIP","floor":2},{"not_picked":["True Grit","Evolve","Sword Boomerang"],"picked":"SKIP","floor":4},{"not_picked":["Sword Boomerang","Thunderclap","Iron Wave"],"picked":"SKIP","floor":6},{"not_picked":["Bloodletting","Rampage"],"picked":"Barricade","floor":8},{"not_picked":["True Grit","Iron Wave","Headbutt"],"picked":"SKIP","floor":10}],"player_experience":291629,"relics_obtained":[{"floor":6,"key":"ReplayTheSpireMod:Shallot"},{"floor":8,"key":"Replay:Baseball"},{"floor":9,"key":"MealTicket"},{"floor":10,"key":"Toy Ornithopter"}],"event_choices":[{"damage_healed":0,"gold_gain":0,"player_choice":"Entered Light","damage_taken":16,"max_hp_gain":0,"max_hp_loss":0,"event_name":"Shining Light","floor":5,"gold_loss":0,"cards_upgraded":["Strike_R","Strike_R"]},{"damage_healed":0,"gold_gain":0,"player_choice":"Upgraded","damage_taken":0,"max_hp_gain":0,"max_hp_loss":0,"event_name":"Upgrade Shrine","floor":14,"gold_loss":0,"cards_upgraded":["Barricade"]}],"is_beta":false,"boss_relics":[],"items_purged_floors":[3,11],"is_endless":false,"potions_floor_spawned":[1,2,8],"killed_by":"Hexaghost","ascension_level":2}}