{"host":"vymnruocrvjmw2yt","time":1612667818,"event":{"mods":["AchievementEnabler","Aspiration","BaseMod","Block Reminder","Downfall","Googly Eyes","Halation","Hermit","Hubris","Infinite Spire","Minty Spire (QoL Compilation)","Relic Filter","Robot Space Explorer","StSLib","The Runesmith"],"gold_per_floor":[114,79,79,91,107,107,107,142,142,142,171,171,321,337,337,337,337],"floor_reached":16,"language":"ENG","playtime":400,"items_purged":[],"score":194,"play_id":"70b67109-22d2-4e54-95f0-b86fafe58a5b","local_time":"20210206221658","is_ascension_mode":true,"campfire_choices":[{"data":"Hologram","floor":6,"key":"SMITH"},{"floor":10,"key":"REST"},{"floor":12,"key":"REST"},{"data":"Sunder","floor":15,"key":"SMITH"}],"circlet_count":0,"master_deck":["AscendersBane","Strike_B","Strike_B","Strike_B","Defend_B","Defend_B","Defend_B","Defend_B","Zap","Dualcast","Chill","Hologram+1","Ball Lightning","Sunder+1","Rebound","Doubt"],"relics":["Cracked Core","Bird Faced Urn","Blood Vial","Vajra","infinitespire:Eraser"],"acts_visited":["Exordium"],"potions_floor_usage":[],"damage_taken":[{"damage":10,"enemies":"Small Slimes","floor":1,"turns":4},{"damage":4,"enemies":"Jaw Worm","floor":4,"turns":4},{"damage":2,"enemies":"2 Louse","floor":5,"turns":2},{"damage":20,"enemies":"Lagavulin","floor":8,"turns":7},{"damage":29,"enemies":"Gremlin Nob","floor":11,"turns":5},{"damage":0,"enemies":"2 Fungi Beasts","floor":14,"turns":4},{"damage":43,"enemies":"The Guardian","floor":16,"turns":6}],"seed_played":"-2739858862320044067","potions_obtained":[{"floor":4,"key":"Explosive Potion"}],"is_trial":false,"path_per_floor":["M","?","?","M","M","R","?","E","T","R","E","R","?","M","R","B"],"character_chosen":"DEFECT","items_purchased":[],"campfire_rested":2,"item_purchase_floors":[],"current_hp_per_floor":[61,78,71,67,65,65,39,19,19,42,15,38,38,40,40,0,0],"gold":337,"neow_bonus":"TEN_PERCENT_HP_BONUS","is_daily":false,"chose_seed":false,"campfire_upgraded":2,"win_rate":0.0,"timestamp":1612667818,"path_taken":["M","?","?","M","M","R","?","E","T","R","E","R","?","M","R","BOSS"],"items_purchased_type":[],"build_version":"2020-12-22","purchased_purges":0,"victory":false,"max_hp_per_floor":[78,78,78,78,78,78,78,78,78,78,78,78,78,78,78,78,78],"card_choices":[{"not_picked":["Fusion","Storm"],"picked":"Chill","floor":1},{"not_picked":["Stack","Barrage"],"picked":"Hologram","floor":4},{"not_picked":["Turbo","Rebound"],"picked":"Ball Lightning","floor":5},{"not_picked":["Hologram","Stack"],"picked":"Sunder","floor":8},{"not_picked":["Turbo","Consume"],"picked":"Rebound","floor":11},{"not_picked":["Turbo","Doom and Gloom","Hologram"],"picked":"SKIP","floor":14}],"player_experience":782690,"relics_obtained":[{"floor":8,"key":"Blood Vial"},{"floor":9,"key":"Vajra"},{"floor":11,"key":"infinitespire:Eraser"}],"event_choices":[{"damage_healed":19,"gold_gain":0,"player_choice":"Healed","damage_taken":0,"max_hp_gain":0,"max_hp_loss":0,"event_name":"The Cleric","floor":2,"gold_loss":35},{"cards_removed":["Strike_B"],"damage_healed":0,"gold_gain":0,"player_choice":"Card Removal","damage_taken":7,"max_hp_gain":0,"max_hp_loss":0,"event_name":"Golden Wing","floor":3,"gold_loss":0},{"damage_healed":0,"gold_gain":0,"player_choice":"Success","damage_taken":26,"relics_obtained":["Bird Faced Urn"],"max_hp_gain":0,"max_hp_loss":0,"event_name":"Scrap Ooze","floor":7,"gold_loss":0},{"damage_healed":0,"gold_gain":150,"player_choice":"AGREE","damage_taken":0,"max_hp_gain":0,"max_hp_loss":0,"event_name":"Liars Game","floor":13,"gold_loss":0,"cards_obtained":["Doubt"]}],"is_beta":false,"boss_relics":[],"items_purged_floors":[],"is_endless":false,"potions_floor_spawned":[4],"killed_by":"The Guardian","ascension_level":16}}