{"host":"5uuadjc5gi6cs0xs","time":1612725321,"event":{"mods":["2.2 Compatiblity","Abigail Mod","AchievementEnabler","Act Like it!","BaseMod","BetterRewards","Chen","FTL Soundtrack","Friendly Minions","Hero for Fun","KinomotoSakuraMod(????)","Kiyohime????","Koishi","Marisa????????","Minty Spire (QoL Compilation)","Onozuka Komachi Mod","Permanent Neow","Prisma Mod","Quick Restart","Railgun Mod","Rare Cards Sparkle","Relic Stats","Remilia??????","StSLib","The Administrix","The Animator","The Exalted","The Gatherer","TheSwordswoman","Waifu the Spire","WarShipGirlsR/????R mod","Yohane!","Yuri Mod","Yuyuko"],"gold_per_floor":[130,155,230,230,195,195,195],"floor_reached":6,"language":"DEU","playtime":517,"items_purged":[],"score":36,"play_id":"fe0d882d-0a7f-41a9-ab81-04971e2b2368","local_time":"20210207201521","is_ascension_mode":true,"campfire_choices":[],"circlet_count":0,"master_deck":["animator:Strike_Konosuba","animator:Defend_Konosuba+1","animator:Strike+1","animator:Strike","animator:Strike","animator:Defend","animator:Defend","animator:Defend","animator:Kazuma","animator:Aqua","animator:Albedo","animator:Tyuule","animator:Verdia"],"relics":["animator:LivingPicture","animator:TheMissingPiece"],"acts_visited":["Exordium"],"potions_floor_usage":[],"damage_taken":[{"damage":5,"enemies":"Jaw Worm","floor":1,"turns":7},{"damage":5,"enemies":"2 Louse","floor":2,"turns":3},{"damage":60,"enemies":"Gremlin Nob","floor":6,"turns":6}],"seed_played":"1108702665928056652","potions_obtained":[{"floor":2,"key":"Dexterity Potion"}],"is_trial":false,"path_per_floor":["M","M","?","?","?","E"],"character_chosen":"THE_ANIMATOR","items_purchased":[],"campfire_rested":0,"item_purchase_floors":[],"current_hp_per_floor":[63,60,49,36,52,0,0],"gold":195,"neow_bonus":"ONE_RANDOM_RARE_CARD","is_daily":false,"chose_seed":false,"campfire_upgraded":0,"win_rate":0.0,"timestamp":1612725321,"path_taken":["M","M","?","?","?","E"],"items_purchased_type":[],"build_version":"2020-12-22","purchased_purges":0,"victory":false,"max_hp_per_floor":[66,66,66,66,66,66,66],"relic_stats":{"counters":[3,16],"obtain_stats":[{"animator:TheMissingPiece":0,"animator:LivingPicture":0},{"animator:TheMissingPiece":0,"animator:LivingPicture":0},{"animator:TheMissingPiece":0,"animator:LivingPicture":0}]},"card_choices":[{"not_picked":["animator:Guy","animator:TukaLunaMarceau"],"picked":"animator:Tyuule","floor":1},{"not_picked":["animator:Mitsurugi","animator:Guy"],"picked":"animator:Verdia","floor":2}],"player_experience":396147,"relics_obtained":[],"event_choices":[{"damage_healed":0,"gold_gain":75,"player_choice":"Gather Gold","damage_taken":11,"max_hp_gain":0,"max_hp_loss":0,"event_name":"World of Goop","floor":3,"gold_loss":0},{"damage_healed":0,"gold_gain":0,"player_choice":"Entered Light","damage_taken":13,"max_hp_gain":0,"max_hp_loss":0,"event_name":"Shining Light","floor":4,"gold_loss":0,"cards_upgraded":["animator:Strike","animator:Defend_Konosuba"]},{"damage_healed":16,"gold_gain":0,"player_choice":"Healed","damage_taken":0,"max_hp_gain":0,"max_hp_loss":0,"event_name":"The Cleric","floor":5,"gold_loss":35}],"is_beta":false,"boss_relics":[],"items_purged_floors":[],"is_endless":false,"potions_floor_spawned":[2],"killed_by":"Gremlin Nob","ascension_level":1}}