{"host":"baymyijz6sxaqj5s","time":1612708390,"event":{"mods":["AchievementEnabler","BaseMod","Colored Map","Colored Powertips","DeckTracker","Highlight Path","KOR Keyword Fix","Keyboard Shortcuts","Minty Spire (QoL Compilation)","StSLib","SuperFastMode","everything is the same but u backflip on backflip"],"gold_per_floor":[118,137,150,150,162,162,162,132,132,144,144,155,155,155,155,155,155],"floor_reached":16,"language":"KOR","playtime":311,"items_purged":[],"score":106,"play_id":"31575c68-852d-44f3-8c03-2b262cd95936","local_time":"20210207233310","is_ascension_mode":true,"campfire_choices":[{"data":"Survivor","floor":6,"key":"SMITH"},{"data":"Blur","floor":11,"key":"SMITH"},{"data":"Neutralize","floor":13,"key":"SMITH"},{"floor":15,"key":"REST"}],"circlet_count":0,"master_deck":["Strike_G","Strike_G","Strike_G","Strike_G","Defend_G","Defend_G","Defend_G","Defend_G","Defend_G","Survivor+1","Neutralize+1","Catalyst+1","Blur+1"],"relics":["Ring of the Snake","Ninja Scroll"],"acts_visited":["Exordium"],"potions_floor_usage":[5,5],"damage_taken":[{"damage":5,"enemies":"Small Slimes","floor":1,"turns":4},{"damage":0,"enemies":"2 Louse","floor":2,"turns":4},{"damage":0,"enemies":"Cultist","floor":3,"turns":4},{"damage":0,"enemies":"Large Slime","floor":5,"turns":6},{"damage":0,"enemies":"Looter","floor":8,"turns":4},{"damage":0,"enemies":"Blue Slaver","floor":10,"turns":6},{"damage":5,"enemies":"Gremlin Gang","floor":12,"turns":9},{"damage":0,"enemies":"Hexaghost","floor":16,"turns":1}],"seed_played":"3311034703532747828","potions_obtained":[{"floor":1,"key":"EssenceOfSteel"},{"floor":2,"key":"CunningPotion"},{"floor":12,"key":"Block Potion"}],"is_trial":false,"path_per_floor":["M","M","M","?","M","R","?","M","T","M","R","M","R","?","R","B"],"character_chosen":"THE_SILENT","items_purchased":[],"campfire_rested":1,"item_purchase_floors":[],"current_hp_per_floor":[72,72,72,72,72,72,72,72,72,72,72,67,67,60,77,77,77],"gold":155,"neow_bonus":"TEN_PERCENT_HP_BONUS","is_daily":false,"chose_seed":false,"campfire_upgraded":3,"win_rate":0.0,"timestamp":1612708390,"path_taken":["M","M","M","?","M","R","?","M","T","M","R","M","R","?","R","BOSS"],"items_purchased_type":[],"build_version":"2020-12-22","purchased_purges":0,"victory":false,"max_hp_per_floor":[77,77,77,77,77,77,77,77,77,77,77,77,77,77,77,77,77],"card_choices":[{"not_picked":["Reflex","Escape Plan","Sucker Punch"],"picked":"SKIP","floor":1},{"not_picked":["Dagger Throw","Sucker Punch","Outmaneuver"],"picked":"SKIP","floor":2},{"not_picked":["Prepared","Acrobatics"],"picked":"Catalyst","floor":3},{"not_picked":["Caltrops","Choke","Flying Knee"],"picked":"SKIP","floor":5},{"not_picked":["Prepared","PiercingWail"],"picked":"Blur","floor":8},{"not_picked":["Bane","Well Laid Plans","Caltrops"],"picked":"SKIP","floor":10},{"not_picked":["Tools of the Trade","Flying Knee","Sucker Punch"],"picked":"SKIP","floor":12}],"player_experience":79338,"relics_obtained":[{"floor":9,"key":"Ninja Scroll"}],"event_choices":[{"damage_healed":0,"gold_gain":0,"player_choice":"Ignored","damage_taken":0,"max_hp_gain":0,"max_hp_loss":0,"event_name":"Liars Game","floor":4,"gold_loss":0},{"damage_healed":0,"gold_gain":0,"player_choice":"Grow","damage_taken":0,"max_hp_gain":0,"max_hp_loss":0,"event_name":"Living Wall","floor":7,"gold_loss":0,"cards_upgraded":["Catalyst"]},{"cards_removed":["Strike_G"],"damage_healed":0,"gold_gain":0,"player_choice":"Card Removal","damage_taken":7,"max_hp_gain":0,"max_hp_loss":0,"event_name":"Golden Wing","floor":14,"gold_loss":0}],"is_beta":false,"boss_relics":[],"items_purged_floors":[],"is_endless":false,"potions_floor_spawned":[1,2,12],"killed_by":"Hexaghost","ascension_level":3}}