{"host":"v3qphhcqhwfpabne","time":1612712480,"event":{"mods":["100% Spire Juice","2.2 Compatiblity","BaseMod","CapriCore","KinomotoSakuraMod(ÙÊñýÜâ?)","Koishi","Marisa£¨Ùöéë¡¡Øª×âÞÞ£©","Minty Spire (QoL Compilation)","Permanent Neow","Prisma Mod","StSLib","Td1madao Mod","The Bug Knight","The Cursed","The Immortal","The Runesmith","WarShipGirlsR/??á´Ò³R mod"],"gold_per_floor":[111,124,137,156,156,156,184,184,184,199,79,98,118,130,130,229,109,123,22,42,61,81,81,91,124,149,161,178,194,194,194,74,176,56,67,67,67,81,81,81,107,125,152,165,182,195,223,243,243,243,243],"floor_reached":50,"language":"KOR","playtime":3057,"items_purged":[],"score":663,"play_id":"656e71fe-427e-4488-981d-c797d2a3b836","local_time":"20210208004120","is_ascension_mode":false,"campfire_choices":[{"data":"Moonworks:SubspaceTunnel","floor":6,"key":"SMITH"},{"floor":8,"key":"REST"},{"data":"Moonworks:AwakeningOfTalent","floor":15,"key":"SMITH"},{"data":"Moonworks:AnotherUltimateWeapon","floor":23,"key":"SMITH"},{"floor":30,"key":"REST"},{"floor":32,"key":"REST"},{"data":"Moonworks:MeltingMemories","floor":40,"key":"SMITH"},{"floor":49,"key":"RECALL"}],"circlet_count":0,"master_deck":["Moonworks:Strike","Moonworks:Strike","Moonworks:Strike","Moonworks:Defend","Moonworks:Defend","Moonworks:Defend","Moonworks:Defend","Moonworks:Ambush","Moonworks:LongDistanceShot","Moonworks:NicePresent","Moonworks:SubspaceTunnel+1","Moonworks:AwakeningOfTalent+1","Moonworks:Dash","Moonworks:FinalSurgery+1","Moonworks:ImOnFire","Moonworks:AnotherUltimateWeapon+1","Moonworks:CrystalBarrier","Moonworks:Assault+1","Moonworks:BackdoorTrade","Moonworks:ForcedRevival","Moonworks:MeltingMemories+1","Moonworks:LuckyCharm+1","Discovery","Moonworks:SubspaceTunnel","Parasite","Moonworks:ForcedRevival","Injury","Moonworks:FullSpeedAlicianrone+1","Parasite"],"relics":["Moonworks:BrokenBomb","Moonworks:Homemark","Lantern","Oddly Smooth Stone","Bag of Marbles","Philosopher\u0027s Stone","Runesmith:Nanobots","Enchiridion","Cursed Key","HornCleat","Centennial Puzzle","Bag of Preparation","Juzu Bracelet"],"acts_visited":["Exordium","TheCity","TheBeyond"],"potions_floor_usage":[7,16,16,25,25,25,29,50,50,50,50],"damage_taken":[{"damage":1,"enemies":"Cultist","floor":1,"turns":3},{"damage":0,"enemies":"Small Slimes","floor":2,"turns":4},{"damage":0,"enemies":"2 Louse","floor":3,"turns":4},{"damage":10,"enemies":"Looter","floor":4,"turns":4},{"damage":20,"enemies":"3 Sentries","floor":7,"turns":9},{"damage":6,"enemies":"Gremlin Gang","floor":10,"turns":4},{"damage":0,"enemies":"Exordium Wildlife","floor":12,"turns":3},{"damage":0,"enemies":"2 Fungi Beasts","floor":13,"turns":1},{"damage":4,"enemies":"Lots of Slimes","floor":14,"turns":3},{"damage":8,"enemies":"Hexaghost","floor":16,"turns":8},{"damage":4,"enemies":"2 Thieves","floor":18,"turns":3},{"damage":0,"enemies":"Shell Parasite","floor":19,"turns":1},{"damage":0,"enemies":"Chosen and Byrds","floor":20,"turns":2},{"damage":0,"enemies":"Snake Plant","floor":21,"turns":5},{"damage":5,"enemies":"Snecko","floor":22,"turns":5},{"damage":0,"enemies":"3 Cultists","floor":24,"turns":3},{"damage":8,"enemies":"Gremlin Leader","floor":25,"turns":4},{"damage":32,"enemies":"Centurion and Healer","floor":27,"turns":4},{"damage":0,"enemies":"Snake Plant","floor":28,"turns":2},{"damage":0,"enemies":"Shelled Parasite and Fungi","floor":29,"turns":3},{"damage":0,"enemies":"Champ","floor":33,"turns":7},{"damage":16,"enemies":"Orb Walker","floor":35,"turns":3},{"damage":7,"enemies":"3 Shapes","floor":38,"turns":3},{"damage":0,"enemies":"Nemesis","floor":41,"turns":3},{"damage":0,"enemies":"Writhing Mass","floor":42,"turns":3},{"damage":0,"enemies":"Spire Growth","floor":44,"turns":3},{"damage":0,"enemies":"Sphere and 2 Shapes","floor":45,"turns":4},{"damage":0,"enemies":"3 Darklings","floor":46,"turns":3},{"damage":0,"enemies":"Giant Head","floor":47,"turns":4},{"damage":0,"enemies":"Writhing Mass","floor":48,"turns":4},{"damage":128,"enemies":"Awakened One","floor":50,"turns":6}],"seed_played":"-5359319223799953344","potions_obtained":[{"floor":3,"key":"LiquidMemories"},{"floor":4,"key":"Explosive Potion"},{"floor":12,"key":"Explosive Potion"},{"floor":13,"key":"EssenceOfSteel"},{"floor":20,"key":"Block Potion"},{"floor":22,"key":"Energy Potion"},{"floor":27,"key":"BlessingOfTheForge"},{"floor":33,"key":"Weak Potion"},{"floor":38,"key":"BlessingOfTheForge"},{"floor":44,"key":"Energy Potion"},{"floor":45,"key":"Regen Potion"}],"is_trial":false,"path_per_floor":["M","M","M","M","?","R","E","R","T","M","?","M","M","M","R","B",null,"M","M","M","M","M","R","M","E","T","M","M","M","R","?","R","B",null,"M","?","?","M","$","R","E","M","T","M","M","M","E","M","R","B"],"character_chosen":"THE_STARBREAKER","items_purchased":[],"campfire_rested":3,"item_purchase_floors":[],"current_hp_per_floor":[59,59,59,49,49,49,29,47,47,41,41,41,41,37,37,29,60,56,56,56,56,51,51,51,43,43,11,11,11,29,13,31,36,60,44,44,44,42,42,42,53,58,58,60,60,60,60,60,60,0,0],"gold":243,"neow_bonus":"RANDOM_COMMON_RELIC","is_daily":false,"chose_seed":false,"campfire_upgraded":4,"win_rate":0.0,"timestamp":1612712480,"path_taken":["M","M","M","M","?","R","E","R","T","?","?","?","M","M","R","BOSS","M","?","M","M","M","R","?","E","T","M","M","M","R","?","R","BOSS","M","?","?","M","$","R","E","M","T","M","M","?","E","M","R","BOSS"],"items_purchased_type":[],"build_version":"2020-12-22","purchased_purges":0,"victory":false,"max_hp_per_floor":[60,60,60,60,60,60,60,60,60,60,60,60,60,60,60,60,60,60,60,60,60,60,60,60,60,60,60,60,60,60,60,60,60,60,60,60,60,60,60,60,60,60,60,60,60,60,60,60,60,58,58],"card_choices":[{"not_picked":["Moonworks:IndiscriminateFireSupport","Moonworks:CastOff","Moonworks:LulusLuckyEgg"],"picked":"SKIP","floor":1},{"not_picked":["Moonworks:LulusLuckyEgg","Moonworks:Bloodlust"],"picked":"Moonworks:NicePresent","floor":2},{"not_picked":["Moonworks:WindyEnchantment","Moonworks:LulusLuckyEgg","Moonworks:BindingChains"],"picked":"SKIP","floor":3},{"not_picked":["Moonworks:CloudOfSeagulls","Moonworks:Assault"],"picked":"Moonworks:SubspaceTunnel","floor":4},{"not_picked":["Moonworks:SakisCookie","Moonworks:BigMagnum"],"picked":"Moonworks:Dash","floor":7},{"not_picked":["Moonworks:BigBangBell","Moonworks:BigMagnum"],"picked":"Moonworks:FinalSurgery","floor":10},{"not_picked":["Moonworks:CloudOfSeagulls","Moonworks:Heat300Percent"],"picked":"Moonworks:ImOnFire","floor":12},{"not_picked":["Moonworks:IndiscriminateFireSupport","Moonworks:ReproductionOfRecords"],"picked":"Moonworks:AnotherUltimateWeapon","floor":13},{"not_picked":["Moonworks:BigMagnum","Moonworks:SakisCookie","Moonworks:TreasureThief"],"picked":"SKIP","floor":14},{"not_picked":["Moonworks:AccelHyper","Moonworks:MetallicMonocoque"],"picked":"Moonworks:CrystalBarrier","floor":16},{"not_picked":["Moonworks:JonathanRush","Moonworks:CloudOfSeagulls","Moonworks:IndiscriminateFireSupport+1"],"picked":"SKIP","floor":18},{"not_picked":["Moonworks:BindingChains","Moonworks:CloudOfSeagulls","Moonworks:FinalSurgery+1"],"picked":"SKIP","floor":19},{"not_picked":["Moonworks:IntelligenceOfficer","Moonworks:SakisCookie","Moonworks:TacticalRetreat"],"picked":"SKIP","floor":20},{"not_picked":["Moonworks:UnpaidWork","Moonworks:Assault","Moonworks:Gamble"],"picked":"SKIP","floor":21},{"not_picked":["Moonworks:EvilSpyWorkPreparation","Moonworks:CastOff","Moonworks:RagingMadness"],"picked":"SKIP","floor":22},{"not_picked":["Moonworks:LulusLuckyEgg","Moonworks:EvilSpyWorkPreparation"],"picked":"Moonworks:Assault+1","floor":24},{"not_picked":["Moonworks:MiracleWalker","Moonworks:LulusLuckyEgg","Moonworks:NicePresent+1"],"picked":"SKIP","floor":25},{"not_picked":["Moonworks:IndiscriminateFireSupport","Moonworks:Assault"],"picked":"Moonworks:BackdoorTrade","floor":27},{"not_picked":["Moonworks:TacticalRetreat+1","Moonworks:Accelerator"],"picked":"Moonworks:ForcedRevival","floor":28},{"not_picked":["Moonworks:UnpaidWork","Moonworks:JonathanRush","Moonworks:EvilSpyWorkPreparation"],"picked":"SKIP","floor":29},{"not_picked":["Moonworks:EvilMastermind","Moonworks:OutOfAmmo"],"picked":"Moonworks:MeltingMemories","floor":33},{"not_picked":["Moonworks:CloudOfSeagulls","Moonworks:Poppoformation+1"],"picked":"Moonworks:LuckyCharm+1","floor":35},{"not_picked":["Flash of Steel","PanicButton"],"picked":"Discovery","floor":36},{"not_picked":["Moonworks:CloudOfSeagulls","Moonworks:ScrambledEve+1","Moonworks:BigMagnum+1"],"picked":"SKIP","floor":38},{"not_picked":["Moonworks:JonathanRush","Moonworks:LulusLuckyEgg+1"],"picked":"Moonworks:SubspaceTunnel","floor":41},{"not_picked":["Moonworks:MiracleWalker","Moonworks:SakisCookie"],"picked":"Moonworks:ForcedRevival","floor":42},{"not_picked":["Moonworks:SelfDestruct+1","Moonworks:TreasureThief","Moonworks:DevilHand"],"picked":"SKIP","floor":44},{"not_picked":["Moonworks:FinalSurgery+1","Moonworks:JonathanRush"],"picked":"Moonworks:FullSpeedAlicianrone+1","floor":45},{"not_picked":["Moonworks:DeployBits+1","Moonworks:BigMagnum+1","Moonworks:Assault+1"],"picked":"SKIP","floor":46},{"not_picked":["Moonworks:TacticalRetreat","Moonworks:EvilSpyWorkPreparation+1","Moonworks:ScrambledEve"],"picked":"SKIP","floor":47},{"not_picked":["Moonworks:NicePresent+1","Moonworks:CastOff+1","Moonworks:ReproductionOfRecords+1"],"picked":"SKIP","floor":48}],"player_experience":99007,"relics_obtained":[{"floor":7,"key":"Oddly Smooth Stone"},{"floor":9,"key":"Bag of Marbles"},{"floor":25,"key":"Runesmith:Nanobots"},{"floor":31,"key":"Enchiridion"},{"floor":41,"key":"Centennial Puzzle"},{"floor":43,"key":"Bag of Preparation"},{"floor":47,"key":"Juzu Bracelet"}],"event_choices":[{"damage_healed":0,"gold_gain":0,"cards_transformed":["Moonworks:Strike"],"player_choice":"Transformed","damage_taken":0,"max_hp_gain":0,"max_hp_loss":0,"event_name":"Transmorgrifier","floor":5,"gold_loss":0,"cards_obtained":["Moonworks:AwakeningOfTalent"]},{"damage_healed":0,"gold_gain":0,"player_choice":"Upgraded","damage_taken":0,"max_hp_gain":0,"max_hp_loss":0,"event_name":"Upgrade Shrine","floor":11,"gold_loss":0,"cards_upgraded":["Moonworks:FinalSurgery"]},{"damage_healed":0,"gold_gain":0,"player_choice":"Obtained Book","damage_taken":16,"max_hp_gain":0,"max_hp_loss":0,"event_name":"Cursed Tome","floor":31,"gold_loss":0},{"damage_healed":0,"gold_gain":0,"player_choice":"Memory 1","damage_taken":0,"max_hp_gain":0,"max_hp_loss":0,"event_name":"SensoryStone","floor":36,"gold_loss":0},{"damage_healed":0,"gold_gain":0,"player_choice":"Gave Potion","damage_taken":0,"relics_obtained":["HornCleat"],"max_hp_gain":0,"max_hp_loss":0,"event_name":"WeMeetAgain","floor":37,"gold_loss":0}],"is_beta":false,"boss_relics":[{"not_picked":["Moonworks:SBBomb","Tiny House"],"picked":"Philosopher\u0027s Stone"},{"not_picked":["Busted Crown","Runesmith:UraniumAnvil"],"picked":"Cursed Key"}],"items_purged_floors":[],"is_endless":false,"potions_floor_spawned":[3,4,12,13,14,20,22,24,27,33,38,44,45,48],"killed_by":"Awakened One","ascension_level":0}}