{"host":"ul3z8ex5o8l5j7mh","time":1612723241,"event":{"mods":["AchievementEnabler","BaseMod","Colored Map","Colored Powertips","DeckTracker","Minty Spire (QoL Compilation)","SuperFastMode"],"gold_per_floor":[111,122,197,214,51,76,76,89,89,89,116,116,116,136,136,238,238,218,230,230,250,267,267,267,286,312,312,125,125,136,146,146,250,250,262,262,262],"floor_reached":36,"language":"ENG","playtime":2792,"items_purged":[],"score":414,"play_id":"7bb375fb-9e14-456b-a351-4958c00dcb84","local_time":"20210207194041","is_ascension_mode":true,"campfire_choices":[{"data":"Tools of the Trade","floor":7.0,"key":"SMITH"},{"data":"Tactician","floor":10.0,"key":"SMITH"},{"floor":13.0,"key":"REST"},{"data":"Noxious Fumes","floor":15.0,"key":"SMITH"},{"floor":23.0,"key":"REST"},{"floor":27.0,"key":"RECALL"},{"data":"Well Laid Plans","floor":29.0,"key":"SMITH"},{"data":"Footwork","floor":32.0,"key":"SMITH"}],"circlet_count":0,"master_deck":["Strike_G","Strike_G","Strike_G","Strike_G","Defend_G","Defend_G","Defend_G","Defend_G","Survivor","Neutralize","Poisoned Stab","Leg Sweep","Outmaneuver","Tools of the Trade+1","Tactician+1","Dash","Eviscerate+1","Blur","Noxious Fumes+1","After Image+1","Acrobatics+1","Malaise","Well Laid Plans+1","All Out Attack","Bane","Riddle With Holes","Caltrops","Dodge and Roll","Footwork+1","Burst"],"relics":["SacredBark","Shuriken","White Beast Statue","Eternal Feather","Busted Crown","Potion Belt","Strange Spoon","Cursed Key"],"acts_visited":["Exordium","TheCity","TheBeyond"],"potions_floor_usage":[36],"damage_taken":[{"damage":14.0,"enemies":"Small Slimes","floor":1.0,"turns":5.0},{"damage":0.0,"enemies":"Jaw Worm","floor":2.0,"turns":4.0},{"damage":0.0,"enemies":"Cultist","floor":4.0,"turns":4.0},{"damage":11.0,"enemies":"Lagavulin","floor":6.0,"turns":11.0},{"damage":7.0,"enemies":"2 Fungi Beasts","floor":8.0,"turns":5.0},{"damage":22.0,"enemies":"3 Sentries","floor":11.0,"turns":13.0},{"damage":13.0,"enemies":"Exordium Thugs","floor":14.0,"turns":5.0},{"damage":30.0,"enemies":"The Guardian","floor":16.0,"turns":8.0},{"damage":14.0,"enemies":"2 Thieves","floor":18.0,"turns":4.0},{"damage":11.0,"enemies":"3 Byrds","floor":19.0,"turns":6.0},{"damage":8.0,"enemies":"Snecko","floor":21.0,"turns":6.0},{"damage":0.0,"enemies":"Centurion and Healer","floor":22.0,"turns":7.0},{"damage":6.0,"enemies":"Snake Plant","floor":25.0,"turns":5.0},{"damage":6.0,"enemies":"3 Cultists","floor":30.0,"turns":6.0},{"damage":19.0,"enemies":"Cultist and Chosen","floor":31.0,"turns":7.0},{"damage":56.0,"enemies":"Collector","floor":33.0,"turns":12.0},{"damage":56,"enemies":"3 Shapes","floor":35,"turns":8},{"damage":20,"enemies":"3 Darklings","floor":36,"turns":2}],"seed_played":"-6741775161855900892","potions_obtained":[{"floor":2.0,"key":"Block Potion"},{"floor":6.0,"key":"Regen Potion"},{"floor":11.0,"key":"ColorlessPotion"},{"floor":14.0,"key":"SpeedPotion"},{"floor":16.0,"key":"Strength Potion"},{"floor":18.0,"key":"BlessingOfTheForge"},{"floor":19.0,"key":"SpeedPotion"},{"floor":21.0,"key":"Dexterity Potion"},{"floor":22.0,"key":"DuplicationPotion"},{"floor":25.0,"key":"Fire Potion"},{"floor":30.0,"key":"ColorlessPotion"},{"floor":31.0,"key":"Explosive Potion"},{"floor":33.0,"key":"Weak Potion"},{"floor":35,"key":"Block Potion"}],"is_trial":false,"path_per_floor":["M","M","?","M","$","E","R","M","T","R","E","?","R","M","R","B",null,"M","M","?","M","M","R","?","M","T","R","$","R","M","M","R","B",null,"M","M"],"character_chosen":"THE_SILENT","items_purchased":["Tools of the Trade","Tactician","Caltrops","Strange Spoon"],"campfire_rested":2,"item_purchase_floors":[5,5,28,28],"current_hp_per_floor":[56,56,45,45,45,34,34,61,61,61,39,39,70,57,69,39,70,56,45,45,37,37,70,70,64,64,70,70,70,64,45,60,4,70,14,0,0],"gold":262,"neow_bonus":"BOSS_RELIC","is_daily":false,"chose_seed":false,"campfire_upgraded":5,"win_rate":0.0,"timestamp":1612723241,"path_taken":["M","M","?","M","$","E","R","M","T","R","E","?","R","?","R","BOSS","M","M","?","M","M","R","?","M","T","R","$","R","?","M","R","BOSS","M","?"],"items_purchased_type":["Card","Card","Card","Relic"],"build_version":"2020-12-22","purchased_purges":0,"victory":false,"max_hp_per_floor":[70,70,70,70,70,70,70,70,70,70,70,70,70,70,70,70,70,70,70,70,70,70,70,70,70,70,70,70,70,70,70,70,70,70,70,70,70],"card_choices":[{"not_picked":["Escape Plan","Slice"],"picked":"Poisoned Stab","floor":1.0},{"not_picked":["Deadly Poison","Eviscerate"],"picked":"Leg Sweep","floor":2.0},{"not_picked":["Leg Sweep","Quick Slash"],"picked":"Outmaneuver","floor":4.0},{"not_picked":["Dodge and Roll","Blade Dance"],"picked":"Dash","floor":6.0},{"not_picked":["Quick Slash","Prepared"],"picked":"Eviscerate","floor":8.0},{"not_picked":["Accuracy","Calculated Gamble"],"picked":"Blur","floor":11.0},{"not_picked":["Quick Slash","Finisher"],"picked":"Noxious Fumes","floor":14.0},{"not_picked":["Bullet Time","Malaise"],"picked":"After Image","floor":16.0},{"not_picked":[],"picked":"Acrobatics+1","floor":18.0},{"not_picked":["Backflip"],"picked":"SKIP","floor":19.0},{"not_picked":[],"picked":"All Out Attack","floor":21.0},{"not_picked":[],"picked":"Bane","floor":22.0},{"not_picked":[],"picked":"Riddle With Holes","floor":25.0},{"not_picked":[],"picked":"Dodge and Roll","floor":30.0},{"not_picked":[],"picked":"Footwork","floor":31.0},{"not_picked":[],"picked":"Burst","floor":33.0},{"not_picked":["Escape Plan"],"picked":"SKIP","floor":35}],"player_experience":325638,"relics_obtained":[{"floor":6.0,"key":"Shuriken"},{"floor":9.0,"key":"White Beast Statue"},{"floor":11.0,"key":"Eternal Feather"},{"floor":26.0,"key":"Potion Belt"}],"event_choices":[{"damage_healed":0.0,"max_hp_gain":0.0,"max_hp_loss":0.0,"gold_gain":75.0,"event_name":"World of Goop","player_choice":"Gather Gold","floor":3.0,"gold_loss":0.0,"damage_taken":11.0},{"damage_healed":0.0,"max_hp_gain":0.0,"max_hp_loss":0.0,"gold_gain":0.0,"event_name":"Upgrade Shrine","player_choice":"Upgraded","floor":12.0,"gold_loss":0.0,"damage_taken":0.0,"cards_upgraded":["Eviscerate"]},{"damage_healed":0.0,"max_hp_gain":0.0,"max_hp_loss":0.0,"gold_gain":0.0,"cards_transformed":["Strike_G","Defend_G"],"event_name":"Drug Dealer","player_choice":"Became Test Subject","floor":20.0,"gold_loss":0.0,"damage_taken":0.0,"cards_obtained":["Malaise","Well Laid Plans"]},{"damage_healed":0.0,"max_hp_gain":0.0,"max_hp_loss":0.0,"gold_gain":0.0,"event_name":"Upgrade Shrine","player_choice":"Upgraded","floor":24.0,"gold_loss":0.0,"damage_taken":0.0,"cards_upgraded":["After Image"]}],"is_beta":false,"boss_relics":[{"not_picked":["Tiny House","Runic Dome"],"picked":"Busted Crown"},{"not_picked":["Sozu","Snecko Eye"],"picked":"Cursed Key"}],"items_purged_floors":[],"is_endless":false,"potions_floor_spawned":[2,6,11,14,16,18,19,21,22,25,30,31,33,35],"killed_by":"3 Darklings","ascension_level":2}}