{"host":"rolltorest","time":1612666077,"event":{"mods":["BaseMod","Minty Spire (QoL Compilation)","Relic Stats","Slay the Relics Exporter","StSLib"],"gold_per_floor":[115,115,115,125,139,173,188,215,215,239,20,20,20],"floor_reached":12,"language":"ENG","playtime":426,"items_purged":[],"score":176,"play_id":"4ae550fa-98c4-4a1d-a4e2-814658ceecb9","local_time":"20210206184757","is_ascension_mode":true,"campfire_choices":[],"circlet_count":0,"master_deck":["AscendersBane","Strike_P+1","Defend_P","Defend_P","Defend_P+1","Defend_P","Eruption","Vigilance","CutThroughFate+1","ConjureBlade+1","Indignation+1","EmptyFist","CrushJoints","Halt","TalkToTheHand","ClearTheMind","Consecrate","CutThroughFate"],"relics":["Astrolabe","Nunchaku","Damaru","Pear","Odd Mushroom","Art of War"],"acts_visited":["Exordium"],"potions_floor_usage":[7,12],"damage_taken":[{"damage":0,"enemies":"Small Slimes","floor":1,"turns":2},{"damage":0,"enemies":"Jaw Worm","floor":4,"turns":3},{"damage":0,"enemies":"Cultist","floor":5,"turns":2},{"damage":8,"enemies":"Lagavulin","floor":6,"turns":6},{"damage":8,"enemies":"Exordium Thugs","floor":7,"turns":3},{"damage":14,"enemies":"3 Sentries","floor":8,"turns":9},{"damage":16,"enemies":"The Mushroom Lair","floor":10,"turns":4},{"damage":0,"enemies":"Lagavulin","floor":12,"turns":4}],"seed_played":"7015814964851001349","potions_obtained":[{"floor":4,"key":"Ancient Potion"},{"floor":6,"key":"AttackPotion"}],"is_trial":false,"path_per_floor":["M","?","?","M","M","E","M","E","T","?","$","E"],"character_chosen":"WATCHER","items_purchased":["Art of War","PowerPotion"],"campfire_rested":0,"item_purchase_floors":[11,11],"current_hp_per_floor":[61,41,41,41,41,33,25,11,21,5,5,5,5],"gold":20,"neow_bonus":"BOSS_RELIC","is_daily":false,"chose_seed":false,"campfire_upgraded":0,"win_rate":0.0,"timestamp":1612666077,"path_taken":["M","?","?","M","M","E","M","E","T","?","$","E"],"items_purchased_type":["Relic","Potion"],"build_version":"2020-12-18","purchased_purges":0,"victory":false,"max_hp_per_floor":[68,68,68,68,68,68,68,68,78,78,78,78,78],"relic_stats":{"Nunchaku":[3],"counters":[8,33],"Astrolabe":["CutThroughFate","ConjureBlade","Indignation"],"Art of War":[2],"obtain_stats":[{"Nunchaku":6,"Pear":9,"Astrolabe":0,"Damaru":8,"Art of War":11,"PureWater":0,"Odd Mushroom":10},{"Nunchaku":4,"Pear":6,"Astrolabe":0,"Damaru":6,"Art of War":7,"PureWater":0,"Odd Mushroom":7},{"Nunchaku":13,"Pear":25,"Astrolabe":0,"Damaru":25,"Art of War":29,"PureWater":0,"Odd Mushroom":29}]},"card_choices":[{"not_picked":["BowlingBash","Indignation"],"picked":"EmptyFist","floor":1},{"not_picked":["FlyingSleeves","Crescendo"],"picked":"CrushJoints","floor":4},{"not_picked":["WaveOfTheHand","Prostrate"],"picked":"Halt","floor":5},{"not_picked":["Prostrate","JustLucky"],"picked":"TalkToTheHand","floor":6},{"not_picked":["Evaluate","Worship"],"picked":"ClearTheMind","floor":7},{"not_picked":["Vengeance","InnerPeace"],"picked":"Consecrate","floor":8},{"not_picked":["FlyingSleeves","CrushJoints"],"picked":"CutThroughFate","floor":10}],"player_experience":1901843,"relics_obtained":[{"floor":6,"key":"Nunchaku"},{"floor":8,"key":"Damaru"},{"floor":9,"key":"Pear"},{"floor":10,"key":"Odd Mushroom"}],"event_choices":[{"damage_healed":0,"gold_gain":0,"player_choice":"Entered Light","damage_taken":20,"max_hp_gain":0,"max_hp_loss":0,"event_name":"Shining Light","floor":2,"gold_loss":0,"cards_upgraded":["Defend_P","Strike_P"]},{"damage_healed":0,"gold_gain":0,"player_choice":"Ignored","damage_taken":0,"max_hp_gain":0,"max_hp_loss":0,"event_name":"Golden Wing","floor":3,"gold_loss":0},{"damage_healed":0,"gold_gain":0,"player_choice":"Fought Mushrooms","damage_taken":0,"max_hp_gain":0,"max_hp_loss":0,"event_name":"Mushrooms","floor":10,"gold_loss":0}],"is_beta":true,"boss_relics":[],"items_purged_floors":[],"is_endless":false,"potions_floor_spawned":[4,6],"killed_by":"Lagavulin","ascension_level":20}}