{"host":"ggy1mjjy92c62u6a","time":1612710499,"event":{"mods":["10 clothes from DAL","ATMod(∞¢Ë™Mod)","Act Like it!","BaseMod","Colored Powertips","GifTheSpireLib","Library of Ruina","Library of Ruina Extra","Lobotomy","LobotomyExtend","Minty Spire (QoL Compilation)","Quick Restart","Relic Filter Mod","Relic Stats","Shop Mod","Spicy Shops","StSLib","TestMod","°æπ¶ƒ‹Mod°øªÏ„Á÷Æª∑–ﬁ∏¥≤π∂°","°æ“≈ŒÔMod°øÀ¿¡È∑® ¶NEW","°æ“≈ŒÔø®≈∆°øREMEMod"],"gold_per_floor":[276,351,351,351,1,1,1,19,19,33,52,86,109,132,132,132,132],"floor_reached":16,"language":"ZHS","playtime":456,"items_purged":[],"score":203,"play_id":"34358a53-074c-4b7f-bac6-f7772a5890a4","local_time":"20210207230819","is_ascension_mode":true,"campfire_choices":[{"data":"UnforgettableMelody","floor":6.0,"key":"SMITH"},{"floor":15,"key":"REST"}],"circlet_count":0,"master_deck":["Dodge","LightDefense","LightAttack","LightAttack","LightAttack","LightDefense","LightDefense","LightDefense","ChargeAndCover","FocusedStrikes","REME_BuildACard","AT_ShadowStep","UnforgettableMelody+1","Pain","GuidanceOfTheGears","Guardian_lor","UnavoidableGaze"],"relics":["PageOfLibrarian","REME_ComplimentaryCards","AT_ATBox","testmod-TestBox","CogitoBucket","testmod-AscensionHeart","LetterFromLob","Golden Idol","testmod-Charity","WarpedTongs","AT_SpeedBoots","PageOfTodaysShyLook"],"acts_visited":["Exordium"],"potions_floor_usage":[14],"damage_taken":[{"damage":0.0,"enemies":"2 Louse","floor":1.0,"turns":2.0},{"damage":5.0,"enemies":"Jaw Worm","floor":8.0,"turns":4.0},{"damage":12.0,"enemies":"Small Slimes","floor":10.0,"turns":4.0},{"damage":1.0,"enemies":"Red Slaver","floor":11.0,"turns":2.0},{"damage":3.0,"enemies":"Gremlin Nob","floor":12.0,"turns":2.0},{"damage":24,"enemies":"Lots of Slimes","floor":13,"turns":6},{"damage":0,"enemies":"Blue Slaver","floor":14,"turns":1},{"damage":32,"enemies":"The Guardian","floor":16,"turns":2}],"seed_played":"5903345242241726774","potions_obtained":[{"floor":8.0,"key":"Swift Potion"},{"floor":12.0,"key":"Strength Potion"}],"is_trial":false,"path_per_floor":["M","?","?","?","$","R","?","M","T","M","M","E","M","M","R","B"],"character_chosen":"Librarian","items_purchased":["testmod-Charity","UnforgettableMelody"],"campfire_rested":1,"item_purchase_floors":[5,5],"current_hp_per_floor":[55,44,52,37,37,37,37,34,34,24,25,24,3,5,29,0,0],"gold":132,"neow_bonus":"","is_daily":false,"chose_seed":false,"campfire_upgraded":1,"win_rate":0.0,"timestamp":1612710499,"path_taken":["M","?","?","?","$","R","?","M","T","?","M","E","M","M","R","BOSS"],"items_purchased_type":["Relic","Card"],"build_version":"2020-12-22","purchased_purges":0,"victory":false,"max_hp_per_floor":[62,62,62,62,62,62,62,63,63,64,77,78,79,80,80,80,80],"relic_stats":{"counters":[9,24],"Golden Idol":28,"obtain_stats":[{"PageOfLibrarian":0,"CogitoBucket":0,"AT_SpeedBoots":9,"AT_ATBox":0,"testmod-TestBox":0,"Golden Idol":4,"LetterFromLob":1,"PageOfTodaysShyLook":12,"testmod-AscensionHeart":0,"testmod-Charity":5,"REME_ComplimentaryCards":0,"WarpedTongs":7},{"PageOfLibrarian":0,"CogitoBucket":0,"AT_SpeedBoots":2,"AT_ATBox":0,"testmod-TestBox":0,"Golden Idol":1,"LetterFromLob":1,"PageOfTodaysShyLook":5,"testmod-AscensionHeart":0,"testmod-Charity":1,"REME_ComplimentaryCards":0,"WarpedTongs":1},{"PageOfLibrarian":0,"CogitoBucket":0,"AT_SpeedBoots":6,"AT_ATBox":0,"testmod-TestBox":0,"Golden Idol":2,"LetterFromLob":2,"PageOfTodaysShyLook":14,"testmod-AscensionHeart":0,"testmod-Charity":2,"REME_ComplimentaryCards":0,"WarpedTongs":2}],"WarpedTongs":[21]},"card_choices":[{"not_picked":["ConcentratedFire","FleshFillet","FleetEdge","SilentMist","HighKick","StructuralAnalysis","ForcefulGesture","AsThePrescriptOrders","EndlessBattle"],"picked":"SKIP","floor":1.0},{"not_picked":["Quickness","LawAndOrder","DefenseOrder","Eliminate","BackstreetsDash","TrimTheIngredients","BlazingStrike","EndlessBattle"],"picked":"GuidanceOfTheGears","floor":8.0},{"not_picked":["SharpSwipe","CumulusWall","AsThePrescriptOrders","Brawl","BackAttack","Execute_lor","KeepItFresh","Slice_lor","Juggling"],"picked":"SKIP","floor":10.0},{"not_picked":["StructuralAnalysis","Thrust","SinglePointStab","EnergyCycle","TendonChords","ToWhereThePrescriptPoints","Deflect_lor","FlyingSword","HighKick"],"picked":"SKIP","floor":11.0},{"not_picked":["LeRegole","Deflect_lor","LeRegole","Deflect_lor","GoinFirst","SenseQuarry","LeRegole","SenseQuarry","MindCrush"],"picked":"SKIP","floor":12.0},{"not_picked":["Eject","Unlock1","Rewind","TendonChords","Pound","FleetFootsteps","Outburst","HighKick"],"picked":"Guardian_lor","floor":13},{"not_picked":["ChargeUp","BackAttack","FleetEdge","UncannyStrike","DarkCloud","StructuralAnalysis","EndlessBattle","SteelKnuckles"],"picked":"UnavoidableGaze","floor":14}],"player_experience":108518,"relics_obtained":[{"floor":1.0,"key":"LetterFromLob"},{"floor":9.0,"key":"AT_SpeedBoots"},{"floor":12.0,"key":"PageOfTodaysShyLook"}],"event_choices":[{"damage_healed":0.0,"max_hp_gain":0.0,"max_hp_loss":0.0,"gold_gain":75.0,"event_name":"World of Goop","player_choice":"Gather Gold","floor":2.0,"gold_loss":0.0,"damage_taken":11.0},{"damage_healed":0.0,"max_hp_gain":0.0,"max_hp_loss":0.0,"gold_gain":0.0,"event_name":"Golden Idol","player_choice":"Take Damage","floor":4.0,"gold_loss":0.0,"damage_taken":15.0,"relics_obtained":["Golden Idol"]},{"damage_healed":0.0,"max_hp_gain":0.0,"max_hp_loss":0.0,"gold_gain":0.0,"event_name":"Accursed Blacksmith","player_choice":"Rummage","floor":7.0,"gold_loss":0.0,"damage_taken":0.0,"relics_obtained":["WarpedTongs"],"cards_obtained":["Pain"]}],"is_beta":false,"boss_relics":[],"items_purged_floors":[],"is_endless":false,"potions_floor_spawned":[8,12,14],"killed_by":"The Guardian","ascension_level":8}}