{"host":"vqs1j3qalc1cciyt","time":1612657627,"event":{"mods":["2.2 Compatiblity","AchievementEnabler","Aspiration","BaseMod","Beaked The Cultist","Better Altar","Better Match","Better Note","Better Sensory Stone","Better Skull","Better Third Choice","Clockwork Mod","Colored Map","Conspire","Downfall","Friendly Minions","GifTheSpireLib","Glutton Mod","Halation","Highlight Path","Hubris","Infinite Spire","Minty Spire (QoL Compilation)","RRrroohrrRGHHhhh!!","Replay The Spire","Spicy Shops","StSLib","Stuff the Spire","The Construct","The Cursed","The Disciple","The Hierophant"],"gold_per_floor":[118,131,148,166,166,166,196,196,196,222,222,237,237,237,237,332,332,347,347,33,33,49,82,82,82,82],"floor_reached":25,"language":"ENG","playtime":1372,"items_purged":[],"score":275,"play_id":"30540bfb-2dc2-47df-af8f-4bc3322c86c1","local_time":"20210206162707","is_ascension_mode":true,"campfire_choices":[{"data":"Zap","floor":6,"key":"SMITH"},{"floor":8,"key":"REST"},{"data":"Loop","floor":11,"key":"SMITH"},{"floor":15,"key":"REST"},{"data":"Sweeping Beam","floor":24,"key":"SMITH"}],"circlet_count":0,"master_deck":["Strike_B","Strike_B","Strike_B","Defend_B","Defend_B","Defend_B","Defend_B","Zap+1","Dualcast","Rebound","hubris:Fate","Loop+1","Sweeping Beam+1","StuffTheSpire:ForEach","Consume+1","FIFO Queue+1","rorgmod:Steady Aim"],"relics":["Cracked Core","Geode","StuffTheSpire:RubySignet","infinitespire:Satchel","infinitespire:CheckeredPen","StuffTheSpire:MayFlowers","aspiration:SecretTechniqueScroll","Replay:Blank Codex","rorgmod:Data Disk","TheAbacus","hubris:Towel","StuffTheSpire:Mouthbags"],"acts_visited":["Exordium","TheCity"],"potions_floor_usage":[10,23],"damage_taken":[{"damage":13,"enemies":"infinitespire:Voidling","floor":1,"turns":4},{"damage":2,"enemies":"Jaw Worm","floor":2,"turns":3},{"damage":0,"enemies":"conspire:RoseBush","floor":3,"turns":3},{"damage":14,"enemies":"Exordium Wildlife","floor":4,"turns":3},{"damage":20,"enemies":"Lagavulin","floor":7,"turns":4},{"damage":17,"enemies":"3 Sentries","floor":10,"turns":4},{"damage":4,"enemies":"2 Fungi Beasts","floor":12,"turns":3},{"damage":11,"enemies":"Hexaghost","floor":16,"turns":6},{"damage":0,"enemies":"conspire:FuzzyDice","floor":18,"turns":6},{"damage":7,"enemies":"Chosen","floor":22,"turns":3},{"damage":9,"enemies":"conspire:Head Lice","floor":23,"turns":4},{"damage":47,"enemies":"Slavers","floor":25,"turns":2}],"seed_played":"6546288273865967785","potions_obtained":[{"floor":2,"key":"CultistPotion"},{"floor":12,"key":"Block Potion"},{"floor":23,"key":"construct:ShiftPotion"}],"is_trial":false,"path_per_floor":["M","M","M","M","?","R","E","R","T","E","R","M","T","?","R","B",null,"M","?","$","?","M","E","R","E"],"character_chosen":"DEFECT","items_purchased":["rorgmod:Data Disk","TheAbacus"],"campfire_rested":2,"item_purchase_floors":[20,20],"current_hp_per_floor":[71,69,69,55,36,36,16,38,38,21,21,19,19,16,38,30,75,75,59,59,59,52,43,43,0,0],"gold":82,"neow_bonus":"REMOVE_CARD","is_daily":false,"chose_seed":false,"campfire_upgraded":3,"win_rate":0.0,"timestamp":1612657627,"path_taken":["M","M","M","?","?","R","E","R","T","E","R","M","?","?","R","BOSS","M","?","$","?","M","E","R","E"],"items_purchased_type":["Relic","Relic"],"build_version":"2020-12-22","purchased_purges":0,"victory":false,"max_hp_per_floor":[75,75,75,75,75,75,75,75,75,75,75,75,75,75,75,75,75,75,75,75,75,75,75,75,75,75],"card_choices":[{"not_picked":["Heatsinks","Barrage"],"picked":"Rebound","floor":1},{"not_picked":["Hologram","StuffTheSpire:GlassShard","Streamline"],"picked":"SKIP","floor":2},{"not_picked":["rorgmod:Fragmentation","hubris:PowerSurge","rorgmod:Overcurrent"],"picked":"SKIP","floor":3},{"not_picked":["rorgmod:LRU Cache","FTL"],"picked":"rorgmod:Steady Aim","floor":4},{"not_picked":["infinitespire:FutureSight","infinitespire:Menacing"],"picked":"hubris:Fate","floor":5},{"not_picked":["hubris:SpecializedCircuitry","StuffTheSpire:LaunchingStrike"],"picked":"Loop","floor":7},{"not_picked":["ReplayTheSpireMod:Calculation Training","Genetic Algorithm","rorgmod:LRU Cache"],"picked":"SKIP","floor":10},{"not_picked":["rorgmod:SQL Injection","Force Field"],"picked":"Sweeping Beam","floor":12},{"not_picked":["ReplayTheSpireMod:Omega Cannon","Hyperbeam"],"picked":"StuffTheSpire:ForEach","floor":16},{"not_picked":["Compile Driver+1","BasicCrystalCard+1"],"picked":"Consume+1","floor":18},{"not_picked":["Streamline","rorgmod:Refrigerate"],"picked":"FIFO Queue+1","floor":22},{"not_picked":["Compile Driver","Barrage","Glacier"],"picked":"SKIP","floor":23}],"player_experience":939851,"relics_obtained":[{"floor":7,"key":"Geode"},{"floor":9,"key":"StuffTheSpire:RubySignet"},{"floor":10,"key":"infinitespire:Satchel"},{"floor":13,"key":"infinitespire:CheckeredPen"},{"floor":19,"key":"Replay:Blank Codex"},{"floor":23,"key":"StuffTheSpire:Mouthbags"}],"event_choices":[{"damage_healed":0,"gold_gain":0,"player_choice":"Relic ","damage_taken":3,"max_hp_gain":0,"max_hp_loss":0,"event_name":"betterThird:BetterScrap","floor":14,"gold_loss":0,"cards_obtained":["Poison Darts"]},{"damage_healed":0,"gold_gain":0,"player_choice":"Obtained Book","damage_taken":16,"max_hp_gain":0,"max_hp_loss":0,"event_name":"Cursed Tome","floor":19,"gold_loss":0}],"is_beta":false,"boss_relics":[{"not_picked":["Snecko Heart","Runic Pyramid"],"picked":"aspiration:SecretTechniqueScroll"}],"items_purged_floors":[],"is_endless":false,"potions_floor_spawned":[2,12,23],"killed_by":"Slavers","ascension_level":4}}