{"host":"1ooxfz79hmpvpehx","time":1612663247,"event":{"mods":["BaseMod","Minty Spire (QoL Compilation)","Quick Restart","Replay The Spire","StSLib","SuperFastMode"],"gold_per_floor":[113,127,121,136,136,162,162,185,258,293,293,293,310,310,210,220,220,220,220],"floor_reached":18,"language":"ENG","playtime":345,"items_purged":["Delirium","Strike_B"],"score":120,"play_id":"2e547599-ef6e-460f-a605-6ade2e82a1c6","local_time":"20210206230047","is_ascension_mode":false,"campfire_choices":[{"data":"Zap","floor":7,"key":"SMITH"},{"floor":14,"key":"REST"},{"data":"Gash","floor":17,"key":"SMITH"}],"circlet_count":0,"master_deck":["Strike_B","Strike_B","Strike_B","Defend_B","Defend_B","Defend_B","Zap+1","Dualcast","Finesse","Gash+1","Electrodynamics"],"relics":["Cracked Core","ReplayFunnel","ReplayTheSpireMod:CursedCoin","Oddly Smooth Stone","Odd Mushroom","Mirror","Dream Catcher"],"acts_visited":["Exordium"],"potions_floor_usage":[6,6,8,10],"damage_taken":[{"damage":6,"enemies":"Jaw Worm","floor":1,"turns":3},{"damage":0,"enemies":"Small Slimes","floor":2,"turns":3},{"damage":4,"enemies":"Cultist","floor":4,"turns":3},{"damage":33,"enemies":"3 Sentries","floor":6,"turns":7},{"damage":15,"enemies":"The Mushroom Lair","floor":8,"turns":4},{"damage":20,"enemies":"Gremlin Nob","floor":10,"turns":5},{"damage":6,"enemies":"Gremlin Gang","floor":13,"turns":3},{"damage":6,"enemies":"Blue Slaver","floor":16,"turns":3},{"damage":27,"enemies":"Slime Boss","floor":18,"turns":4}],"seed_played":"5591358499001283222","potions_obtained":[{"floor":1,"key":"Reflective Coating"},{"floor":4,"key":"Fruit Juice"},{"floor":6,"key":"Strength Potion"},{"floor":8,"key":"Regen Potion"}],"is_trial":false,"path_per_floor":["M","M","$","M","?","E","R","?","T","E","PTL","PTL","M","R","$","M","R","B"],"character_chosen":"DEFECT","items_purchased":["ReplayTheSpireMod:CursedCoin","Finesse"],"campfire_rested":1,"item_purchase_floors":[3,3],"current_hp_per_floor":[69,69,69,65,58,30,30,15,15,9,9,9,3,27,27,21,21,0,0],"gold":220,"neow_bonus":"RANDOM_COMMON_RELIC","is_daily":false,"chose_seed":false,"campfire_upgraded":2,"win_rate":0.0,"timestamp":1612663247,"path_taken":["M","M","$","M","?","E","R","?","T","E","PTL","PTL","?","R","$","M","R","BOSS"],"items_purchased_type":["Relic","Card"],"build_version":"2020-12-22","purchased_purges":2,"victory":false,"max_hp_per_floor":[75,75,75,75,75,80,80,80,80,80,80,80,80,80,80,80,80,80,80],"card_choices":[{"not_picked":["ReplaySort","Leap","Coolheaded"],"picked":"SKIP","floor":1},{"not_picked":["Go for the Eyes","Coolheaded","Streamline"],"picked":"SKIP","floor":2},{"not_picked":["Leap","Ball Lightning","Stack"],"picked":"SKIP","floor":4},{"not_picked":["Streamline","Barrage","Storm"],"picked":"SKIP","floor":6},{"not_picked":["Panic Button","Streamline"],"picked":"Gash","floor":8},{"not_picked":["Double Energy","Auto Shields"],"picked":"Electrodynamics","floor":10},{"not_picked":["BasicCrystalCard","Cold Snap","Conserve Battery"],"picked":"SKIP","floor":13},{"not_picked":["Turbo","Fusion","Barrage"],"picked":"SKIP","floor":16}],"player_experience":23673,"relics_obtained":[{"floor":6,"key":"Oddly Smooth Stone"},{"floor":8,"key":"Odd Mushroom"},{"floor":9,"key":"Mirror"},{"floor":10,"key":"Dream Catcher"}],"event_choices":[{"cards_removed":["Defend_B"],"damage_healed":0,"gold_gain":0,"player_choice":"Card Removal","damage_taken":7,"max_hp_gain":0,"max_hp_loss":0,"event_name":"Golden Wing","floor":5,"gold_loss":0},{"damage_healed":0,"gold_gain":0,"player_choice":"Fought Mushrooms","damage_taken":0,"max_hp_gain":0,"max_hp_loss":0,"event_name":"Mushrooms","floor":8,"gold_loss":0}],"is_beta":false,"boss_relics":[],"items_purged_floors":[3,15],"is_endless":false,"potions_floor_spawned":[1,4,6,8],"killed_by":"Slime Boss","ascension_level":0}}