{"host":"ewe4oe702q4ujr6i","time":1612713740,"event":{"mods":["BaseMod","Colored Map","Colored Powertips","DeckTracker","Minty Spire (QoL Compilation)","SuperFastMode"],"gold_per_floor":[109,109,120,120,45,45,77,90,116,291,310,260,161,216,216,317,317,328,328,338,372,372,372],"floor_reached":22,"language":"KOR","playtime":1072,"items_purged":["Strike_P"],"score":182,"play_id":"6a821e06-c6bd-4919-ac15-1e53e4377e93","local_time":"20210208010220","is_ascension_mode":false,"campfire_choices":[{"data":"SandsOfTime","floor":6.0,"key":"SMITH"},{"data":"Evaluate","floor":15.0,"key":"SMITH"}],"circlet_count":0,"master_deck":["Strike_P","Strike_P","Defend_P","Defend_P","Defend_P","Defend_P","Eruption+1","Vigilance","SandsOfTime+1","MentalFortress","Weave","DevaForm","Protect","Evaluate+1","Alpha","FlurryOfBlows","Writhe","FlurryOfBlows","ClearTheMind+1"],"relics":["HolyWater","MealTicket","Blood Vial","Singing Bowl","Red Mask"],"acts_visited":["Exordium","TheCity"],"potions_floor_usage":[20],"damage_taken":[{"damage":0.0,"enemies":"Cultist","floor":1.0,"turns":4.0},{"damage":0.0,"enemies":"Jaw Worm","floor":3.0,"turns":3.0},{"damage":5.0,"enemies":"Lagavulin","floor":7.0,"turns":5.0},{"damage":0.0,"enemies":"Small Slimes","floor":8.0,"turns":3.0},{"damage":10.0,"enemies":"3 Louse","floor":11.0,"turns":5.0},{"damage":7.0,"enemies":"The Guardian","floor":16.0,"turns":13.0},{"damage":8,"enemies":"Shell Parasite","floor":18,"turns":6},{"damage":11,"enemies":"Spheric Guardian","floor":20,"turns":7},{"damage":66,"enemies":"Masked Bandits","floor":21,"turns":6},{"damage":20,"enemies":"Snecko","floor":22,"turns":2}],"seed_played":"-3942958372761217043","potions_obtained":[{"floor":3.0,"key":"Block Potion"},{"floor":7.0,"key":"Strength Potion"}],"is_trial":false,"path_per_floor":["M","?","M","?","$","R","E","M","T","?","M","?","$","T","R","B",null,"M","?","M","?","M"],"character_chosen":"WATCHER","items_purchased":["Fruit Juice"],"campfire_rested":0,"item_purchase_floors":[13],"current_hp_per_floor":[79,79,79,79,79,79,74,74,74,74,66,66,84,84,84,77,84,76,76,67,3,0,0],"gold":372,"neow_bonus":"TEN_PERCENT_HP_BONUS","is_daily":false,"chose_seed":false,"campfire_upgraded":2,"win_rate":0.0,"timestamp":1612713740,"path_taken":["M","?","?","?","$","R","E","M","T","?","M","?","?","?","R","BOSS","BOSS","M","?","M","?","M"],"items_purchased_type":["Potion"],"build_version":"2020-12-22","purchased_purges":1,"victory":false,"max_hp_per_floor":[79,79,79,79,79,79,79,79,79,79,79,79,84,84,84,84,84,84,84,84,84,84,84],"card_choices":[{"not_picked":["Crescendo","Evaluate"],"picked":"SandsOfTime","floor":1.0},{"not_picked":["Tantrum","Wallop"],"picked":"Weave","floor":3.0},{"not_picked":["FollowUp","CrushJoints"],"picked":"DevaForm","floor":7.0},{"not_picked":["Halt","JustLucky"],"picked":"Protect","floor":8.0},{"not_picked":["PathToVictory","JustLucky"],"picked":"Evaluate","floor":11.0},{"not_picked":["Omniscience","LessonLearned"],"picked":"Alpha","floor":16},{"not_picked":["Collect","Prostrate"],"picked":"FlurryOfBlows","floor":18},{"not_picked":["Protect","Wallop"],"picked":"FlurryOfBlows","floor":20},{"not_picked":["Protect","Crescendo"],"picked":"ClearTheMind+1","floor":21}],"player_experience":204541,"relics_obtained":[{"floor":7.0,"key":"MealTicket"},{"floor":9.0,"key":"Blood Vial"},{"floor":21,"key":"Red Mask"}],"event_choices":[{"damage_healed":0.0,"max_hp_gain":0.0,"max_hp_loss":0.0,"gold_gain":0.0,"cards_transformed":["Strike_P"],"event_name":"Transmorgrifier","player_choice":"Transformed","floor":2.0,"gold_loss":0.0,"damage_taken":0.0,"cards_obtained":["MentalFortress"]},{"damage_healed":0.0,"max_hp_gain":0.0,"max_hp_loss":0.0,"gold_gain":0.0,"event_name":"Living Wall","player_choice":"Grow","floor":4.0,"gold_loss":0.0,"damage_taken":0.0,"cards_upgraded":["Eruption"]},{"damage_healed":0.0,"max_hp_gain":0.0,"max_hp_loss":0.0,"gold_gain":175.0,"event_name":"Liars Game","player_choice":"AGREE","floor":10.0,"gold_loss":0.0,"damage_taken":0.0,"cards_obtained":["Doubt"]},{"cards_removed":["Doubt"],"damage_healed":0.0,"max_hp_gain":0.0,"max_hp_loss":0.0,"gold_gain":0.0,"event_name":"The Cleric","player_choice":"Card Removal","floor":12.0,"gold_loss":50.0,"damage_taken":0.0},{"damage_healed":0,"gold_gain":0,"player_choice":"Opened","damage_taken":0,"relics_obtained":["Singing Bowl"],"max_hp_gain":0,"max_hp_loss":0,"event_name":"The Mausoleum","floor":19,"gold_loss":0,"cards_obtained":["Writhe"]},{"damage_healed":0,"gold_gain":0,"player_choice":"Fought Bandits","damage_taken":0,"max_hp_gain":0,"max_hp_loss":0,"event_name":"Masked Bandits","floor":21,"gold_loss":0}],"is_beta":false,"boss_relics":[{"not_picked":["Pandora\u0027s Box","Empty Cage"],"picked":"HolyWater"}],"items_purged_floors":[5],"is_endless":false,"potions_floor_spawned":[3,7],"killed_by":"Snecko","ascension_level":0}}