{"host":"aapp7ew3jk5k1bvd","time":1612685103,"event":{"mods":["AchievementEnabler","BaseMod","Colored Map","Minty Spire (QoL Compilation)","Permanent Neow","StSLib","SuperFastMode"],"gold_per_floor":[112,112,112,131,56,56,69,69,69,69,103,123,123,135,135,237,237,249,149,164,164,79,79,79,108,108,108,124,124,124,137,137,137,137],"floor_reached":33,"language":"KOR","playtime":599,"items_purged":["Clumsy","Bash"],"score":263,"play_id":"900ed2c4-856b-49fc-8133-05ca0149ec19","local_time":"20210207170503","is_ascension_mode":false,"campfire_choices":[{"data":"Perfected Strike","floor":6,"key":"SMITH"},{"data":"Defend_R","floor":8,"key":"SMITH"},{"data":"Shrug It Off","floor":15,"key":"SMITH"},{"data":"Limit Break","floor":23,"key":"SMITH"},{"data":"Shrug It Off","floor":27,"key":"SMITH"},{"data":"Defend_R","floor":30,"key":"SMITH"},{"floor":32,"key":"REST"}],"circlet_count":0,"master_deck":["Strike_R","Strike_R","Strike_R","Strike_R","Defend_R","Defend_R+1","Defend_R+1","Limit Break+1","Perfected Strike+1","Shrug It Off+1","Pommel Strike","Limit Break+1","Shrug It Off+1","Whirlwind+1"],"relics":["Burning Blood","Nunchaku","Meat on the Bone","Eternal Feather","White Beast Statue","Empty Cage","PreservedInsect","CaptainsWheel","Unceasing Top","InkBottle"],"acts_visited":["Exordium","TheCity"],"potions_floor_usage":[18,25,28,31,33],"damage_taken":[{"damage":12.0,"enemies":"Small Slimes","floor":1.0,"turns":6.0},{"damage":6.0,"enemies":"Jaw Worm","floor":4.0,"turns":6.0},{"damage":6,"enemies":"2 Louse","floor":7,"turns":2},{"damage":28,"enemies":"Gremlin Nob","floor":11,"turns":4},{"damage":10,"enemies":"Looter","floor":12,"turns":4},{"damage":2,"enemies":"2 Fungi Beasts","floor":14,"turns":3},{"damage":51,"enemies":"Slime Boss","floor":16,"turns":14},{"damage":10,"enemies":"Chosen","floor":18,"turns":4},{"damage":6,"enemies":"Spheric Guardian","floor":20,"turns":4},{"damage":49,"enemies":"Book of Stabbing","floor":25,"turns":7},{"damage":35,"enemies":"Cultist and Chosen","floor":28,"turns":11},{"damage":27,"enemies":"Sentry and Sphere","floor":31,"turns":18},{"damage":0,"enemies":"Automaton","floor":33,"turns":2}],"seed_played":"-7921571612923665055","potions_obtained":[{"floor":12,"key":"BlessingOfTheForge"},{"floor":14,"key":"PowerPotion"},{"floor":16,"key":"Swift Potion"},{"floor":18,"key":"Strength Potion"},{"floor":25,"key":"EssenceOfSteel"},{"floor":28,"key":"SkillPotion"},{"floor":31,"key":"Strength Potion"}],"is_trial":false,"path_per_floor":["M","?","?","M","$","R","M","R","T","?","E","M","T","M","R","B",null,"M","$","M","?","?","R","?","E","T","R","M","$","R","M","R","B"],"character_chosen":"IRONCLAD","items_purchased":[],"campfire_rested":1,"item_purchase_floors":[],"current_hp_per_floor":[74,67,67,67,67,67,67,67,67,67,57,53,53,57,63,30,80,76,76,76,76,76,80,80,49,49,55,38,38,44,35,65,65,65],"gold":137,"neow_bonus":"THREE_RARE_CARDS","is_daily":false,"chose_seed":false,"campfire_upgraded":6,"win_rate":0.0,"timestamp":1612685103,"path_taken":["M","?","?","M","$","R","M","R","T","?","E","M","?","M","R","BOSS","M","$","M","?","?","R","?","E","T","R","M","$","R","M","R","BOSS"],"items_purchased_type":[],"build_version":"2020-12-22","purchased_purges":2,"victory":false,"max_hp_per_floor":[80,80,80,80,80,80,80,80,80,80,80,80,80,80,80,80,80,80,80,80,80,80,80,80,80,80,80,80,80,80,80,80,80,80],"card_choices":[{"not_picked":["Impervious","Barricade"],"picked":"Limit Break","floor":0.0},{"not_picked":["Havoc","Wild Strike","Sever Soul"],"picked":"SKIP","floor":1.0},{"not_picked":["Clash","Cleave"],"picked":"Perfected Strike","floor":4.0},{"not_picked":["Blood for Blood","Carnage","Body Slam"],"picked":"SKIP","floor":7},{"not_picked":["Blood for Blood","Entrench"],"picked":"Shrug It Off","floor":11},{"not_picked":["Anger","Headbutt"],"picked":"Pommel Strike","floor":12},{"not_picked":["Bloodletting","Exhume","Fire Breathing"],"picked":"SKIP","floor":14},{"not_picked":["Feed","Exhume"],"picked":"Limit Break","floor":16},{"not_picked":["Rampage","Anger","Cleave"],"picked":"SKIP","floor":18},{"not_picked":["Fire Breathing+1","Sever Soul","Iron Wave"],"picked":"SKIP","floor":20},{"not_picked":["Bludgeon","Cleave"],"picked":"Shrug It Off","floor":25},{"not_picked":["Thunderclap","Disarm","Iron Wave"],"picked":"SKIP","floor":28},{"not_picked":["Clothesline","Dual Wield"],"picked":"Whirlwind+1","floor":31}],"player_experience":1329090,"relics_obtained":[{"floor":9,"key":"Meat on the Bone"},{"floor":11,"key":"Eternal Feather"},{"floor":13,"key":"White Beast Statue"},{"floor":25,"key":"Unceasing Top"},{"floor":26,"key":"InkBottle"}],"event_choices":[{"damage_healed":0.0,"max_hp_gain":0.0,"max_hp_loss":0.0,"gold_gain":0.0,"event_name":"Scrap Ooze","player_choice":"Success","floor":2.0,"gold_loss":0.0,"damage_taken":7.0,"relics_obtained":["Nunchaku"]},{"damage_healed":0.0,"max_hp_gain":0.0,"max_hp_loss":0.0,"gold_gain":0.0,"event_name":"Living Wall","player_choice":"Grow","floor":3.0,"gold_loss":0.0,"damage_taken":0.0,"cards_upgraded":["Limit Break"]},{"damage_healed":0,"gold_gain":0,"player_choice":"Ignored","damage_taken":0,"max_hp_gain":0,"max_hp_loss":0,"event_name":"Liars Game","floor":10,"gold_loss":0},{"damage_healed":0,"gold_gain":0,"player_choice":"Ignored","damage_taken":0,"max_hp_gain":0,"max_hp_loss":0,"event_name":"Cursed Tome","floor":21,"gold_loss":0},{"damage_healed":0,"gold_gain":0,"player_choice":"Obtained Relic","damage_taken":0,"relics_obtained":["PreservedInsect"],"max_hp_gain":0,"max_hp_loss":0,"event_name":"Addict","floor":22,"gold_loss":85},{"damage_healed":0,"gold_gain":0,"player_choice":"Opened","damage_taken":0,"relics_obtained":["CaptainsWheel"],"max_hp_gain":0,"max_hp_loss":0,"event_name":"The Mausoleum","floor":24,"gold_loss":0}],"is_beta":false,"boss_relics":[{"not_picked":["Cursed Key","Ectoplasm"],"picked":"Empty Cage"}],"items_purged_floors":[5,19],"is_endless":false,"potions_floor_spawned":[12,14,16,18,20,25,28,31],"killed_by":"Automaton","ascension_level":0}}