{"host":"i2ntsfwoh5q5m216","time":1612721322,"event":{"mods":["BaseMod","Colored Map","Downfall","Minty Spire (QoL Compilation)","StSLib"],"gold_per_floor":[115,115,115,115,128,128,169,189,189,233,254,287,306,321,321,445,445,460,144,114,129,129,129,129],"floor_reached":23,"language":"ENG","playtime":955,"items_purged":["Strike_R"],"score":275,"play_id":"a3ae8cbc-86dd-4e3f-92ba-2cb5e2b5eb7b","local_time":"20210207120842","is_ascension_mode":true,"campfire_choices":[{"data":"Rampage","floor":6,"key":"SMITH"},{"data":"True Grit","floor":15,"key":"SMITH"}],"circlet_count":0,"master_deck":["Strike_R","Strike_R","Defend_R","Defend_R","Defend_R","Defend_R","Bash","Rampage+1","Inflame","Metallicize","Flex","Fiend Fire","Intimidate","True Grit+1","Warcry","Feed","Clash","Finesse"],"relics":["Burning Blood","NeowsBlessing","Golden Idol","Mango","Torii","Boot","Pen Nib","Empty Cage","Medical Kit"],"acts_visited":["Exordium","TheCity"],"potions_floor_usage":[10,10,11,14,16,16],"damage_taken":[{"damage":0,"enemies":"2 Louse","floor":1,"turns":1},{"damage":0,"enemies":"Small Slimes","floor":5,"turns":1},{"damage":0,"enemies":"Gremlin Nob","floor":7,"turns":1},{"damage":1,"enemies":"Cultist","floor":8,"turns":3},{"damage":26,"enemies":"3 Sentries","floor":10,"turns":11},{"damage":1,"enemies":"Blue Slaver","floor":11,"turns":5},{"damage":43,"enemies":"Gremlin Nob","floor":12,"turns":5},{"damage":8,"enemies":"Exordium Wildlife","floor":13,"turns":5},{"damage":2,"enemies":"3 Louse","floor":14,"turns":3},{"damage":23,"enemies":"Slime Boss","floor":16,"turns":12},{"damage":14,"enemies":"3 Byrds","floor":18,"turns":8},{"damage":35,"enemies":"2 Thieves","floor":20,"turns":5},{"damage":28,"enemies":"Snecko","floor":21,"turns":7},{"damage":42,"enemies":"Book of Stabbing","floor":23,"turns":6}],"seed_played":"6277281125989951723","potions_obtained":[{"floor":1,"key":"Regen Potion"},{"floor":5,"key":"EntropicBrew"},{"floor":10,"key":"ElixirPotion"},{"floor":11,"key":"Ancient Potion"},{"floor":13,"key":"Guardian:BlockOnCardUsePotion"},{"floor":21,"key":"bronze:BurnAndBuffPotion"}],"is_trial":false,"path_per_floor":["M","?","?","?","M","R","E","M","T","E","M","E","M","M","R","B",null,"M","$","M","M","?","E"],"character_chosen":"IRONCLAD","items_purchased":["Medical Kit","Finesse"],"campfire_rested":0,"item_purchase_floors":[19,19],"current_hp_per_floor":[80,80,60,60,66,66,86,91,91,86,91,54,52,56,56,39,94,89,89,60,38,38,0,0],"gold":129,"neow_bonus":"THREE_ENEMY_KILL","is_daily":false,"chose_seed":false,"campfire_upgraded":2,"win_rate":0.0,"timestamp":1612721322,"path_taken":["M","?","?","?","M","R","E","M","T","E","M","E","M","M","R","BOSS","M","$","M","M","?","E"],"items_purchased_type":["Relic","Card"],"build_version":"2020-12-22","purchased_purges":1,"victory":false,"max_hp_per_floor":[80,80,80,80,80,80,94,94,94,94,94,94,94,94,94,94,94,97,97,97,97,97,97,97],"card_choices":[{"not_picked":["Armaments","Thunderclap"],"picked":"Rampage","floor":1},{"not_picked":["Anger","Havoc"],"picked":"Inflame","floor":5},{"not_picked":["Pommel Strike","Flex"],"picked":"Metallicize","floor":7},{"not_picked":["Wild Strike","Inflame"],"picked":"Flex","floor":8},{"not_picked":["Clothesline","Anger"],"picked":"Fiend Fire","floor":10},{"not_picked":["Iron Wave","Twin Strike"],"picked":"Intimidate","floor":11},{"not_picked":["Battle Trance","Searing Blow","Rupture"],"picked":"SKIP","floor":12},{"not_picked":["Thunderclap","Sentinel"],"picked":"True Grit","floor":13},{"not_picked":["Dropkick","Havoc"],"picked":"Warcry","floor":14},{"not_picked":["Demon Form","Brutality"],"picked":"Feed","floor":16},{"not_picked":["Twin Strike","Warcry"],"picked":"Clash","floor":18},{"not_picked":["Shrug It Off","Whirlwind","Thunderclap"],"picked":"SKIP","floor":20},{"not_picked":["Anger","Wild Strike+1","Headbutt"],"picked":"SKIP","floor":21}],"player_experience":45495,"relics_obtained":[{"floor":7,"key":"Mango"},{"floor":9,"key":"Torii"},{"floor":10,"key":"Boot"},{"floor":12,"key":"Pen Nib"}],"event_choices":[{"damage_healed":0,"gold_gain":0,"player_choice":"Ignored","damage_taken":0,"max_hp_gain":0,"max_hp_loss":0,"event_name":"Liars Game","floor":2,"gold_loss":0},{"damage_healed":0,"gold_gain":0,"player_choice":"Take Damage","damage_taken":20,"relics_obtained":["Golden Idol"],"max_hp_gain":0,"max_hp_loss":0,"event_name":"Golden Idol","floor":3,"gold_loss":0},{"damage_healed":0,"gold_gain":0,"player_choice":"Bought 0 Potions","damage_taken":0,"max_hp_gain":0,"max_hp_loss":0,"event_name":"The Woman in Blue","floor":4,"gold_loss":0},{"damage_healed":0,"gold_gain":0,"player_choice":"Ignored","damage_taken":0,"max_hp_gain":0,"max_hp_loss":0,"event_name":"Ghosts","floor":22,"gold_loss":0}],"is_beta":false,"boss_relics":[{"not_picked":["Coffee Dripper","Philosopher\u0027s Stone"],"picked":"Empty Cage"}],"items_purged_floors":[19],"is_endless":false,"potions_floor_spawned":[1,5,10,11,13,21],"killed_by":"Book of Stabbing","ascension_level":1}}