{"host":"u6v0z43xi4vbzvq3","time":1612693284,"event":{"mods":["BaseMod","Beaked The Cultist","Colored Map","Downfall","Duelist Mod","Googly Eyes","Highlight Path","Hubris","Infinite Spire","Minty Spire (QoL Compilation)","Replay The Spire","Shop Mod","StSLib","SuperFastMode"],"gold_per_floor":[116,291,291,302,302,335,335,278,278,278,278,309,309,309,309,409,409,421,266,366,377,377,377],"floor_reached":22,"language":"ENG","playtime":944,"items_purged":[],"score":188,"play_id":"2f3526c2-2d7f-4d4f-9b97-e0646803c8f7","local_time":"20210207212124","is_ascension_mode":false,"campfire_choices":[{"floor":7,"key":"REST"},{"data":"Dualcast","floor":10,"key":"SMITH"},{"floor":13,"key":"REST"},{"floor":15,"key":"REST"}],"circlet_count":0,"master_deck":["Strike_B","Strike_B","Strike_B","Strike_B","Defend_B","Defend_B","Defend_B","Defend_B","Zap+1","Dualcast+1","Biased Cognition","Steam","Doubt","Heatsinks","Conserve Battery","Loop+1","ReplayTheSpireMod:Calculation Training+1","Redo+1","Thunder Strike","BasicCrystalCard","ReplayTheSpireMod:Reroute Power"],"relics":["Cracked Core","hubris:Towel","hubris:TenFootPole","beaked:ShinyBauble","MealTicket","Sozu","Lantern"],"acts_visited":["Exordium","TheCity"],"potions_floor_usage":[16],"damage_taken":[{"damage":4,"enemies":"2 Louse","floor":1,"turns":4},{"damage":1,"enemies":"Small Slimes","floor":4,"turns":3},{"damage":45,"enemies":"Lagavulin","floor":6,"turns":9},{"damage":23,"enemies":"3 Sentries","floor":12,"turns":6},{"damage":42,"enemies":"The Guardian","floor":16,"turns":9},{"damage":30,"enemies":"Chosen","floor":18,"turns":5},{"damage":25,"enemies":"3 Byrds","floor":21,"turns":6},{"damage":25,"enemies":"Sentry and Sphere","floor":22,"turns":5}],"seed_played":"2674182936816013385","potions_obtained":[{"floor":12,"key":"SpeedPotion"}],"is_trial":false,"path_per_floor":["M","?","?","M","?","E","R","$","T","R","?","E","R","?","R","B",null,"M","$","?","M","M"],"character_chosen":"DEFECT","items_purchased":["Loop+1","Lantern"],"campfire_rested":3,"item_purchase_floors":[8,19],"current_hp_per_floor":[71,71,71,70,70,25,47,47,47,47,47,24,46,39,61,19,75,45,60,60,35,10,10],"gold":377,"neow_bonus":"ONE_RANDOM_RARE_CARD","is_daily":false,"chose_seed":false,"campfire_upgraded":1,"win_rate":0.0,"timestamp":1612693284,"path_taken":["M","?","?","M","?","E","R","$","T","R","?","E","R","?","R","BOSS","M","$","?","M","?"],"items_purchased_type":["Card","Relic"],"build_version":"2020-12-22","purchased_purges":0,"victory":false,"max_hp_per_floor":[75,75,75,75,75,75,75,75,75,75,75,75,75,75,75,75,75,75,75,75,75,75,75],"card_choices":[{"not_picked":["Compile Driver","Rip and Tear"],"picked":"Steam","floor":1},{"not_picked":["Compile Driver","Melter"],"picked":"Heatsinks","floor":4},{"not_picked":["Stack","Leap"],"picked":"Conserve Battery","floor":6},{"not_picked":["Genetic Algorithm","ReplaySort"],"picked":"Redo","floor":12},{"not_picked":["Seek","All For One"],"picked":"Thunder Strike","floor":16},{"not_picked":["ReplaySort","Panic Button"],"picked":"BasicCrystalCard","floor":18},{"not_picked":["Go for the Eyes","Cold Snap+1"],"picked":"ReplayTheSpireMod:Reroute Power","floor":21}],"player_experience":126381,"relics_obtained":[{"floor":6,"key":"hubris:TenFootPole"},{"floor":9,"key":"beaked:ShinyBauble"},{"floor":12,"key":"MealTicket"}],"event_choices":[{"damage_healed":0,"gold_gain":175,"player_choice":"AGREE","damage_taken":0,"max_hp_gain":0,"max_hp_loss":0,"event_name":"Liars Game","floor":2,"gold_loss":0,"cards_obtained":["Doubt"]},{"damage_healed":0,"gold_gain":0,"player_choice":"Grow","damage_taken":0,"max_hp_gain":0,"max_hp_loss":0,"event_name":"Living Wall","floor":5,"gold_loss":0,"cards_upgraded":["Zap"]},{"damage_healed":0,"gold_gain":0,"player_choice":"Entered Light","damage_taken":15,"max_hp_gain":0,"max_hp_loss":0,"event_name":"Shining Light","floor":14,"gold_loss":0,"cards_upgraded":["Redo","ReplayTheSpireMod:Calculation Training"]},{"damage_healed":0,"gold_gain":100,"player_choice":"Pray","damage_taken":0,"max_hp_gain":0,"max_hp_loss":0,"event_name":"Golden Shrine","floor":20,"gold_loss":0}],"is_beta":false,"boss_relics":[{"not_picked":["bronze:MakeshiftBattery","Replay:Drink Me"],"picked":"Sozu"}],"items_purged_floors":[],"is_endless":false,"potions_floor_spawned":[12],"killed_by":"Sentry and Sphere","ascension_level":0}}