{"host":"dcj2yvrgcvh5dl2s","time":1612691465,"event":{"mods":["BaseMod","Bestiary","Better Note","Block Reminder","Colored Powertips","Curses Come First","DeckTracker","Minty Spire (QoL Compilation)","Quick Restart","Rare Cards Sparkle","Relic Stats","StSLib"],"gold_per_floor":[112,187,187,187,201,201,242,242,293,317,330,330,366,386,386,386,386],"floor_reached":16,"language":"ENG","playtime":332,"items_purged":[],"score":270,"play_id":"dbb1175e-0c7e-4a9c-892b-57625444bf13","local_time":"20210207195105","is_ascension_mode":true,"campfire_choices":[{"data":"Carnage","floor":6,"key":"SMITH"},{"data":"Bash","floor":8,"key":"SMITH"},{"data":"Body Slam","floor":12,"key":"SMITH"},{"floor":15,"key":"REST"}],"circlet_count":0,"master_deck":["AscendersBane","Strike_R","Strike_R","Strike_R+1","Strike_R","Strike_R+1","Defend_R","Defend_R","Defend_R","Defend_R","Bash+1","Carnage+1","Sword Boomerang","Body Slam+1","Feed","Fire Breathing"],"relics":["Burning Blood","NeowsBlessing","Golden Idol","Nunchaku","Paper Frog","Whetstone","Akabeko"],"acts_visited":["Exordium"],"potions_floor_usage":[5],"damage_taken":[{"damage":0,"enemies":"Small Slimes","floor":1,"turns":1},{"damage":0,"enemies":"Jaw Worm","floor":5,"turns":1},{"damage":0,"enemies":"Gremlin Nob","floor":7,"turns":1},{"damage":2,"enemies":"2 Louse","floor":10,"turns":3},{"damage":19,"enemies":"Exordium Thugs","floor":11,"turns":4},{"damage":20,"enemies":"Lagavulin","floor":13,"turns":4},{"damage":0,"enemies":"Large Slime","floor":14,"turns":2},{"damage":77,"enemies":"The Guardian","floor":16,"turns":9}],"seed_played":"6226850611770298468","potions_obtained":[{"floor":1,"key":"Dexterity Potion"},{"floor":5,"key":"BloodPotion"},{"floor":11,"key":"HeartOfIron"}],"is_trial":false,"path_per_floor":["M","?","?","T","M","R","E","R","T","M","M","R","E","M","R","B"],"character_chosen":"IRONCLAD","items_purchased":[],"campfire_rested":1,"item_purchase_floors":[],"current_hp_per_floor":[74,63,37,37,58,58,64,64,64,68,55,55,41,50,73,0,0],"gold":386,"neow_bonus":"THREE_ENEMY_KILL","is_daily":false,"chose_seed":false,"campfire_upgraded":3,"win_rate":0.0,"timestamp":1612691465,"path_taken":["M","?","?","?","M","R","E","R","T","M","M","R","E","M","R","BOSS"],"items_purchased_type":[],"build_version":"2020-12-22","purchased_purges":0,"victory":false,"max_hp_per_floor":[75,75,75,75,75,75,75,75,75,75,75,75,75,78,78,78,78],"relic_stats":{"Nunchaku":[4],"counters":[8,25],"Golden Idol":30,"Whetstone":["Strike_R","Strike_R"],"obtain_stats":[{"Nunchaku":4,"NeowsBlessing":0,"Golden Idol":3,"Whetstone":9,"Burning Blood":0,"Akabeko":13,"Paper Frog":7},{"Nunchaku":1,"NeowsBlessing":0,"Golden Idol":1,"Whetstone":3,"Burning Blood":0,"Akabeko":6,"Paper Frog":3},{"Nunchaku":1,"NeowsBlessing":0,"Golden Idol":1,"Whetstone":3,"Burning Blood":0,"Akabeko":14,"Paper Frog":3}],"Burning Blood":42},"card_choices":[{"not_picked":["Pommel Strike","Armaments"],"picked":"Carnage","floor":1},{"not_picked":["Warcry","Entrench","Clash"],"picked":"SKIP","floor":5},{"not_picked":["Ghostly Armor","Havoc","Combust"],"picked":"SKIP","floor":7},{"not_picked":["Iron Wave","Clash"],"picked":"Sword Boomerang","floor":10},{"not_picked":["Brutality","Warcry"],"picked":"Body Slam","floor":11},{"not_picked":["Anger","Perfected Strike"],"picked":"Feed","floor":13},{"not_picked":["Havoc","Reckless Charge"],"picked":"Fire Breathing","floor":14}],"player_experience":2332150,"relics_obtained":[{"floor":4,"key":"Nunchaku"},{"floor":7,"key":"Paper Frog"},{"floor":9,"key":"Whetstone"},{"floor":13,"key":"Akabeko"}],"event_choices":[{"damage_healed":0,"gold_gain":75,"player_choice":"Gather Gold","damage_taken":11,"max_hp_gain":0,"max_hp_loss":0,"event_name":"World of Goop","floor":2,"gold_loss":0},{"damage_healed":0,"gold_gain":0,"player_choice":"Take Damage","damage_taken":26,"relics_obtained":["Golden Idol"],"max_hp_gain":0,"max_hp_loss":0,"event_name":"Golden Idol","floor":3,"gold_loss":0}],"is_beta":false,"boss_relics":[],"items_purged_floors":[],"is_endless":false,"potions_floor_spawned":[1,5,11,14],"killed_by":"The Guardian","ascension_level":20}}