{"host":"wppa8gky53tnknhf","time":1612674733,"event":{"mods":["AchievementEnabler","Act Like it!","BaseMod","Better Third Choice","BetterRewards","Card Forge","Colored Powertips","Energized Spire","Hubris","Infinite Spire","Marked Mod","Minty Spire (QoL Compilation)","Permanent Neow","Quick Restart","Rare Cards Sparkle","Relic Stats","Reliquary","Remove Card Discount Mod","Replay The Spire","Spikes Relics","Spire Birthday Party","StSLib","Wandering Minibosses"],"gold_per_floor":[118,129,139,159,159,184,184,198,223,253,253,268,307,205,205,305,305,320,170,185,198,122,148,163,196,196,223,242,258,275,275,275,374,374,390,400,410,410,410,438,438,453,477,496,523,523,551,561,561,561,561,561,100,129,129],"floor_reached":56,"language":"ENG","playtime":2747,"items_purged":[],"score":1342,"play_id":"ee0ae11a-5128-438d-86d6-9dc4524a514f","local_time":"20210207051213","is_ascension_mode":true,"campfire_choices":[{"floor":7.0,"key":"RECALL"},{"floor":15.0,"key":"REST"},{"floor":41,"key":"REST"},{"floor":52,"key":"REST"}],"circlet_count":0,"master_deck":["Strike_R+1","Strike_R+1","Strike_R+1","Strike_R+1","Strike_R+1","Defend_R+1","Defend_R+1","Defend_R+1","Defend_R+1","Bash+1","Barricade+1","Body Slam+1","infinitespire:OneForAll+1","Body Slam+1","infinitespire:DeathsTouch+1","Clash+1","Shrug It Off+1","Metallicize+1","Body Slam+1","Shrug It Off+1","Rage+1","infinitespire:DeathsTouch+1","Entrench+1","Whirlwind+1","Metallicize+1","Shrug It Off+1","Thunderclap+1","Cleave+1","Disarm+1","Exhume+1","Clash+1","Shrug It Off+1","Madness+1","Madness+1","Spot Weakness"],"relics":["Burning Blood","Hammer of Thor","Seething Fire","Anvil of the Gods","Happy Flower","Meat on the Bone","DollysMirror","Mango","reliquary:MedicineBall","Red Mask","ChewingGum","TheAbacus","wanderingMiniBosses:AbyssPearl","Juzu Bracelet","reliquary:Stiletto","War Paint","reliquary:RoseTintedGlasses","reliquary:HotPoker","reliquary:Firecrackers"],"acts_visited":["Exordium","TheCity","TheBeyond","TheEnding"],"potions_floor_usage":[16,21,23,24,33,44,50,55],"damage_taken":[{"damage":0.0,"enemies":"Small Slimes","floor":1.0,"turns":3.0},{"damage":0.0,"enemies":"2 Louse","floor":2.0,"turns":3.0},{"damage":0.0,"enemies":"Cultist","floor":3.0,"turns":3.0},{"damage":3.0,"enemies":"Lots of Slimes","floor":4.0,"turns":5.0},{"damage":0.0,"enemies":"Gremlin Nob","floor":6.0,"turns":3.0},{"damage":2.0,"enemies":"3 Louse","floor":8.0,"turns":3.0},{"damage":10.0,"enemies":"3 Sentries","floor":10.0,"turns":4.0},{"damage":0.0,"enemies":"Blue Slaver","floor":12.0,"turns":2.0},{"damage":10.0,"enemies":"Gremlin Gang","floor":13.0,"turns":6.0},{"damage":0,"enemies":"Slime Boss","floor":16,"turns":2},{"damage":0,"enemies":"Chosen","floor":18,"turns":3},{"damage":14,"enemies":"3 Byrds","floor":20,"turns":3},{"damage":27,"enemies":"3 Cultists","floor":21,"turns":5},{"damage":35,"enemies":"Slavers","floor":23,"turns":8},{"damage":10,"enemies":"Cultist and Chosen","floor":24,"turns":4},{"damage":4,"enemies":"Replay:Snechameleon","floor":25,"turns":7},{"damage":18,"enemies":"Masked Bandits","floor":27,"turns":5},{"damage":15,"enemies":"Centurion and Healer","floor":28,"turns":2},{"damage":15,"enemies":"Snake Plant","floor":29,"turns":3},{"damage":12,"enemies":"Chosen and Byrds","floor":30,"turns":4},{"damage":14,"enemies":"hubris:MusketHawk","floor":33,"turns":6},{"damage":61,"enemies":"3 Darklings","floor":35,"turns":6},{"damage":3,"enemies":"3 Shapes","floor":36,"turns":4},{"damage":17,"enemies":"Transient","floor":37,"turns":5},{"damage":46,"enemies":"Giant Head","floor":40,"turns":10},{"damage":1,"enemies":"Spire Growth","floor":42,"turns":4},{"damage":5,"enemies":"Sphere and 2 Shapes","floor":44,"turns":5},{"damage":0,"enemies":"Reptomancer","floor":45,"turns":4},{"damage":44,"enemies":"Nemesis","floor":47,"turns":7},{"damage":6,"enemies":"3 Darklings","floor":48,"turns":4},{"damage":24,"enemies":"Donu and Deca","floor":50,"turns":4},{"damage":13,"enemies":"Shield and Spear","floor":54,"turns":6},{"damage":1,"enemies":"The Heart","floor":55,"turns":1}],"seed_played":"7860533991247501941","potions_obtained":[{"floor":3.0,"key":"GamblersBrew"},{"floor":4.0,"key":"FearPotion"},{"floor":6.0,"key":"ColorlessPotion"},{"floor":8.0,"key":"SkillPotion"},{"floor":16,"key":"Block Potion"},{"floor":21,"key":"AttackPotion"},{"floor":23,"key":"Fruit Juice"},{"floor":27,"key":"Energy Potion"},{"floor":28,"key":"Block Potion"},{"floor":32,"key":"Regen Potion"},{"floor":36,"key":"Strength Potion"},{"floor":54,"key":"SpeedPotion"}],"is_trial":false,"path_per_floor":["M","M","M","M","?","E","R","M","T","E","?","M","M","$","R","B",null,"M","$","M","M","$","E","M","E","T","?","M","M","M","AVR","R","B",null,"M","M","M","?","?","E","R","M","T","M","E","?","E","M","R","B",null,"R","$","E","B",null],"character_chosen":"IRONCLAD","items_purchased":["Body Slam","Shrug It Off","DollysMirror","Metallicize","Spot Weakness","reliquary:HotPoker","infinitespire:BlackPotion"],"campfire_rested":3,"item_purchase_floors":[14,14,19,22,53,53,53],"current_hp_per_floor":[80,80,80,80,80,80,80,80,80,76,76,80,76,76,80,80,80,80,80,72,51,51,48,61,63,63,63,66,57,63,63,63,67,99,56,59,60,60,48,20,49,66,66,67,73,78,52,64,64,60,99,99,99,92,97],"gold":129,"neow_bonus":"THREE_RARE_CARDS","is_daily":false,"chose_seed":false,"campfire_upgraded":0,"win_rate":0.0,"timestamp":1612674733,"path_taken":["M","M","M","M","?","E","R","M","T","E","?","M","?","$","R","BOSS","M","$","M","M","?","E","M","E","T","?","M","M","M","AVR","R","BOSS","M","M","M","?","?","E","R","M","T","M","E","?","E","M","R","BOSS","R","$","E","BOSS"],"items_purchased_type":["Card","Card","Relic","Card","Card","Relic","Potion"],"build_version":"2020-12-22","purchased_purges":0,"victory":true,"max_hp_per_floor":[80,80,80,80,80,80,80,80,80,80,80,80,80,80,80,80,80,80,80,80,80,80,94,99,99,99,99,99,99,99,99,99,99,99,99,99,99,99,99,99,99,99,99,99,99,99,99,99,99,99,99,99,99,99,99],"relic_stats":{"TheAbacus":[24],"Happy Flower":[42],"counters":[33,144],"Juzu Bracelet":0,"War Paint":["Madness","Madness"],"obtain_stats":[{"Happy Flower":6,"reliquary:Firecrackers":54,"Mango":23,"Hammer of Thor":0,"wanderingMiniBosses:AbyssPearl":35,"Juzu Bracelet":40,"Seething Fire":0,"War Paint":45,"Burning Blood":0,"reliquary:HotPoker":53,"TheAbacus":31,"Anvil of the Gods":0,"DollysMirror":19,"ChewingGum":31,"reliquary:Stiletto":43,"reliquary:RoseTintedGlasses":47,"reliquary:MedicineBall":26,"Red Mask":27,"Meat on the Bone":10},{"Happy Flower":5,"reliquary:Firecrackers":32,"Mango":14,"Hammer of Thor":0,"wanderingMiniBosses:AbyssPearl":22,"Juzu Bracelet":25,"Seething Fire":0,"War Paint":28,"Burning Blood":0,"reliquary:HotPoker":31,"TheAbacus":20,"Anvil of the Gods":0,"DollysMirror":11,"ChewingGum":20,"reliquary:Stiletto":26,"reliquary:RoseTintedGlasses":29,"reliquary:MedicineBall":16,"Red Mask":17,"Meat on the Bone":7},{"Happy Flower":17,"reliquary:Firecrackers":143,"Mango":53,"Hammer of Thor":0,"wanderingMiniBosses:AbyssPearl":90,"Juzu Bracelet":109,"Seething Fire":0,"War Paint":122,"Burning Blood":0,"reliquary:HotPoker":137,"TheAbacus":78,"Anvil of the Gods":0,"DollysMirror":37,"ChewingGum":78,"reliquary:Stiletto":113,"reliquary:RoseTintedGlasses":129,"reliquary:MedicineBall":64,"Red Mask":69,"Meat on the Bone":24}],"Burning Blood":153,"Meat on the Bone":144},"card_choices":[{"not_picked":["Corruption","Double Tap"],"picked":"Barricade","floor":0.0},{"not_picked":["Intimidate","Iron Wave"],"picked":"Body Slam","floor":1.0},{"not_picked":["Havoc","Rupture","Ghostly Armor"],"picked":"SKIP","floor":2.0},{"not_picked":["hubris:ReadiedAction","Run Through"],"picked":"infinitespire:OneForAll","floor":3.0},{"not_picked":["Clothesline","Rampage"],"picked":"Body Slam","floor":4.0},{"not_picked":["infinitespire:Oblivion","ReplayTheSpireMod:Chaos Vortex"],"picked":"infinitespire:DeathsTouch","floor":5.0},{"not_picked":["Offering","True Grit","Blood for Blood"],"picked":"SKIP","floor":6.0},{"not_picked":["Run Through","Disarm"],"picked":"Clash","floor":8.0},{"not_picked":["Havoc","Sword Boomerang"],"picked":"Shrug It Off","floor":10.0},{"not_picked":["Flame Barrier","Flex"],"picked":"Metallicize","floor":12.0},{"not_picked":["Perfected Strike","Run Through","Havoc"],"picked":"SKIP","floor":13.0},{"not_picked":["Sentinel+1","ReplayTheSpireMod:LeadingStrike"],"picked":"Rage+1","floor":18},{"not_picked":["Clothesline+1","True Grit"],"picked":"Entrench","floor":20},{"not_picked":["Defy Death+1","Battle Trance"],"picked":"Whirlwind","floor":21},{"not_picked":["Perfected Strike","Sword Boomerang","Reckless Charge"],"picked":"SKIP","floor":23},{"not_picked":["Anger+1","Power Through","Sword Boomerang"],"picked":"SKIP","floor":24},{"not_picked":["Replay:Undeath\u0027s Touch+1","Armaments"],"picked":"Shrug It Off","floor":25},{"not_picked":["Heavy Blade","Reaper"],"picked":"Thunderclap","floor":28},{"not_picked":["ReplayTheSpireMod:Limb From Limb","Run Through+1"],"picked":"Cleave","floor":29},{"not_picked":["ReplayTheSpireMod:Strike From Hell","Entrench"],"picked":"Disarm","floor":30},{"not_picked":["Eclipse","Hemogenesis"],"picked":"Exhume","floor":33},{"not_picked":["Sword Boomerang+1","Rampage"],"picked":"Clash+1","floor":35},{"not_picked":["Perfected Strike","Heavy Blade+1"],"picked":"Shrug It Off+1","floor":36},{"not_picked":["Evolve","Havoc","Armaments+1"],"picked":"SKIP","floor":37},{"not_picked":["Feed","Headbutt+1","Cleave+1"],"picked":"SKIP","floor":40},{"not_picked":["Battle Trance","Run Through","Power Through+1"],"picked":"SKIP","floor":42},{"not_picked":["Second Wind+1","Sentinel","Clothesline+1"],"picked":"SKIP","floor":44},{"not_picked":["Bludgeon","Sever Soul"],"picked":"Twin Strike","floor":45},{"not_picked":["Thunderclap","Fiend Fire","Pommel Strike+1"],"picked":"SKIP","floor":47},{"not_picked":["True Grit","Run Through","hubris:SharpeningStone+1"],"picked":"SKIP","floor":48},{"not_picked":["Wild Strike+1","True Grit+1","Warcry"],"picked":"SKIP","floor":54}],"player_experience":714755,"relics_obtained":[{"floor":6.0,"key":"Happy Flower"},{"floor":10.0,"key":"Meat on the Bone"},{"floor":23,"key":"Mango"},{"floor":26,"key":"reliquary:MedicineBall"},{"floor":27,"key":"Red Mask"},{"floor":35,"key":"wanderingMiniBosses:AbyssPearl"},{"floor":40,"key":"Juzu Bracelet"},{"floor":43,"key":"reliquary:Stiletto"},{"floor":45,"key":"War Paint"},{"floor":47,"key":"reliquary:RoseTintedGlasses"},{"floor":54,"key":"reliquary:Firecrackers"}],"event_choices":[{"damage_healed":0.0,"max_hp_gain":0.0,"max_hp_loss":0.0,"gold_gain":0.0,"event_name":"Match and Keep!","player_choice":"0 cards matched","floor":11.0,"gold_loss":0.0,"damage_taken":0.0,"cards_obtained":[]},{"damage_healed":0,"gold_gain":0,"player_choice":"Fought Bandits","damage_taken":0,"max_hp_gain":0,"max_hp_loss":0,"event_name":"Masked Bandits","floor":27,"gold_loss":0},{"damage_healed":0,"gold_gain":0,"player_choice":"Embrace Madness","damage_taken":12,"max_hp_gain":0,"max_hp_loss":0,"event_name":"Winding Halls","floor":39,"gold_loss":0,"cards_obtained":["Madness","Madness"]},{"cards_removed":["Twin Strike"],"damage_healed":5,"gold_gain":0,"player_choice":"Offered Common","damage_taken":0,"max_hp_gain":0,"max_hp_loss":0,"event_name":"Bonfire Elementals","floor":46,"gold_loss":0},{"cards_removed":["Twin Strike"],"damage_healed":5,"gold_gain":0,"player_choice":"Offered Special","damage_taken":0,"max_hp_gain":0,"max_hp_loss":0,"event_name":"Bonfire Elementals","floor":46,"gold_loss":0},{"damage_healed":0,"gold_gain":0,"player_choice":"Ignored","damage_taken":0,"max_hp_gain":0,"max_hp_loss":0,"event_name":"Purifier","floor":49,"gold_loss":0}],"is_beta":false,"boss_relics":[{"not_picked":["energizedSpire:OgreHead","hubris:HollowSoul","Ring of Chaos"]},{"not_picked":["Snecko Eye","energizedSpire:TabascoSauce","ReplayTheSpireMod:SealedPack"]}],"items_purged_floors":[],"is_endless":false,"potions_floor_spawned":[3,4,6,8,12,16,21,23,27,28,30,36,40,42,54],"ascension_level":1}}