{"host":"kdt6w7ix8lwe69i9","time":1612729472,"event":{"mods":["100% Spire Juice","BaseMod","ChefMod","Evolution","Minty Spire (QoL Compilation)","Poor People Problems","Reimu（博丽灵梦）","Robot Space Explorer","Shade Mod","StSLib","The Druid","The Gatherer","TheSurvivalist"],"gold_per_floor":[119,119,119,138,138,166,166,194,194,194,194,210,224,103,103,202,202,215,228,239,209,226,252,252,272,298,306,317,317,317],"floor_reached":29,"language":"ENG","playtime":2100,"items_purged":[],"score":325,"play_id":"71eb580d-29fc-4992-928d-0a4abce52f37","local_time":"20210207152432","is_ascension_mode":false,"campfire_choices":[{"data":"chefmod:Puree","floor":7,"key":"SMITH"},{"data":"chefmod:Cleavers","floor":10,"key":"SMITH"},{"data":"chefmod:Fillet","floor":15,"key":"SMITH"},{"floor":24,"key":"REST"}],"circlet_count":0,"master_deck":["chefmod:SliceAndDice","chefmod:SliceAndDice","chefmod:SliceAndDice","chefmod:SliceAndDice","chefmod:QuickThaw","chefmod:Defend","chefmod:Defend","chefmod:Defend","chefmod:TodaysSpecial","chefmod:Fillet+1","chefmod:Puree+1","chefmod:CandyBowl","chefmod:ColdSteel","chefmod:Cleavers+1","chefmod:FiveAlarmChili","chefmod:Gelato","chefmod:OrderUp","chefmod:Chop","chefmod:QuickChop","chefmod:CleanHouse","chefmod:VegetableTart","chefmod:SliceAndDice+1","chefmod:IcePick","Poor:ReiMu","chefmod:Chop+1","chefmod:FireUp"],"relics":["chefmod:TrustyPot","EVO:Axolotl","RuthlessExorcism:ReiMu","Bag of Preparation","Happy Flower","Lantern","The Courier","Singing Bowl","Strawberry","Cursed Key","Akabeko","Toy Ornithopter","Blue Candle"],"acts_visited":["Exordium","TheCity"],"potions_floor_usage":[8,20,22,23,23,27],"damage_taken":[{"damage":0,"enemies":"Cultist","floor":1,"turns":4},{"damage":0,"enemies":"2 Louse","floor":4,"turns":1},{"damage":5,"enemies":"3 Sentries","floor":6,"turns":5},{"damage":0,"enemies":"Lagavulin","floor":8,"turns":5},{"damage":0,"enemies":"Small Slimes","floor":12,"turns":1},{"damage":0,"enemies":"Exordium Thugs","floor":13,"turns":2},{"damage":67,"enemies":"The Guardian","floor":16,"turns":12},{"damage":0,"enemies":"Chosen","floor":18,"turns":3},{"damage":0,"enemies":"Spheric Guardian","floor":19,"turns":1},{"damage":18,"enemies":"Snake Plant","floor":20,"turns":5},{"damage":7,"enemies":"Sentry and Sphere","floor":22,"turns":3},{"damage":13,"enemies":"Book of Stabbing","floor":23,"turns":4},{"damage":29,"enemies":"Shelled Parasite and Fungi","floor":25,"turns":4},{"damage":29,"enemies":"Slavers","floor":27,"turns":4},{"damage":9,"enemies":"Snake Plant","floor":28,"turns":3},{"damage":9,"enemies":"Book of Stabbing","floor":29,"turns":2}],"seed_played":"-6836537145685735932","potions_obtained":[{"floor":4,"key":"DistilledChaos"},{"floor":6,"key":"LiquidMemories"},{"floor":19,"key":"Block Potion"},{"floor":20,"key":"Strength Potion"},{"floor":21,"key":"GrandPatriotsElixir:ReiMu"},{"floor":21,"key":"Swift Potion"},{"floor":25,"key":"LiquidMemories"}],"is_trial":false,"path_per_floor":["M","?","?","M","$","E","R","E","T","R","?","M","M","$","R","B",null,"M","M","M","?","M","E","R","M","T","E","M","E"],"character_chosen":"THE_CHEF","items_purchased":["Strawberry"],"campfire_rested":1,"item_purchase_floors":[14],"current_hp_per_floor":[76,73,73,73,73,68,68,68,68,68,68,68,68,75,75,8,83,83,83,65,65,58,45,69,40,40,16,7,0,0],"gold":317,"neow_bonus":"RANDOM_COMMON_RELIC","is_daily":false,"chose_seed":false,"campfire_upgraded":3,"win_rate":0.0,"timestamp":1612729472,"path_taken":["M","?","?","?","?","E","R","E","T","R","?","?","M","$","R","BOSS","M","M","?","?","M","E","R","M","T","E","M","E"],"items_purchased_type":["Relic"],"build_version":"2020-12-22","purchased_purges":0,"victory":false,"max_hp_per_floor":[76,76,76,76,76,76,76,76,76,76,76,76,76,83,83,83,83,83,83,83,83,83,83,83,83,83,83,83,83,83],"card_choices":[{"not_picked":["chefmod:FullBurn","chefmod:Sorbet"],"picked":"chefmod:Fillet","floor":1},{"not_picked":["chefmod:PotatoGratin","chefmod:BaoBuns"],"picked":"chefmod:CandyBowl","floor":4},{"not_picked":["chefmod:Granita","chefmod:FarmersMarket"],"picked":"chefmod:ColdSteel","floor":6},{"not_picked":["chefmod:TwoForOne","chefmod:Granita"],"picked":"chefmod:Cleavers","floor":8},{"not_picked":["chefmod:MonsterBait","chefmod:IcePick"],"picked":"chefmod:FiveAlarmChili","floor":12},{"not_picked":["chefmod:TonkotsuRamen","chefmod:GroceryDelivery"],"picked":"chefmod:Gelato","floor":13},{"not_picked":["chefmod:RaidPantry","chefmod:PrepCook"],"picked":"chefmod:OrderUp","floor":16},{"not_picked":["chefmod:Leftovers","chefmod:Gelato+1"],"picked":"chefmod:Chop","floor":18},{"not_picked":["chefmod:DimSum","chefmod:Fillet"],"picked":"chefmod:QuickChop","floor":19},{"not_picked":["chefmod:ZaruSoba","chefmod:FryPan+1"],"picked":"chefmod:CleanHouse","floor":20},{"not_picked":["chefmod:Julienne","chefmod:IcePick"],"picked":"chefmod:VegetableTart","floor":22},{"not_picked":["chefmod:BaoBuns","chefmod:ZaruSoba"],"picked":"chefmod:SliceAndDice+1","floor":23},{"not_picked":["chefmod:DoubleChop","chefmod:FireUp"],"picked":"chefmod:IcePick","floor":25},{"not_picked":["chefmod:FreezerBurn","chefmod:Fillet"],"picked":"chefmod:Chop+1","floor":27},{"not_picked":["chefmod:ZaruSoba","chefmod:FryPan+1"],"picked":"chefmod:FireUp","floor":28}],"player_experience":1345920,"relics_obtained":[{"floor":6,"key":"Happy Flower"},{"floor":8,"key":"Lantern"},{"floor":9,"key":"The Courier"},{"floor":23,"key":"Akabeko"},{"floor":26,"key":"Toy Ornithopter"},{"floor":27,"key":"Blue Candle"}],"event_choices":[{"damage_healed":0,"gold_gain":0,"player_choice":"Success","damage_taken":3,"relics_obtained":["Bag of Preparation"],"max_hp_gain":0,"max_hp_loss":0,"event_name":"Scrap Ooze","floor":2,"gold_loss":0},{"damage_healed":0,"gold_gain":0,"cards_transformed":["chefmod:Defend"],"player_choice":"Transformed","damage_taken":0,"max_hp_gain":0,"max_hp_loss":0,"event_name":"Transmorgrifier","floor":3,"gold_loss":0,"cards_obtained":["chefmod:Puree"]},{"damage_healed":0,"gold_gain":0,"player_choice":"Gave Potion","damage_taken":0,"relics_obtained":["Singing Bowl"],"max_hp_gain":0,"max_hp_loss":0,"event_name":"WeMeetAgain","floor":11,"gold_loss":0},{"damage_healed":0,"gold_gain":0,"player_choice":"Bought 2 Potions","damage_taken":0,"max_hp_gain":0,"max_hp_loss":0,"event_name":"The Woman in Blue","floor":21,"gold_loss":0}],"is_beta":false,"boss_relics":[{"not_picked":["Fusion Hammer","Pandora\u0027s Box"],"picked":"Cursed Key"}],"items_purged_floors":[],"is_endless":false,"potions_floor_spawned":[4,6,19,20,25],"killed_by":"Book of Stabbing","ascension_level":0}}