{"host":"92wx9z21c4p52du4","time":1612662656,"event":{"mods":["Arknights","BaseMod","Infinite Spire","Lobotomy","Minty Spire (QoL Compilation)","Reliquary","Robot Space Explorer","StSLib","The Blue Laboratory","The Disciple","The Jungle","The Runesmith","TheSurvivalist"],"gold_per_floor":[110,120,23,23,36,36,53,66,66,85,85,85,98,155,155,256,256,274,274,13,13,13,13,13,13],"floor_reached":24,"language":"ENG","playtime":1477,"items_purged":["Strike_P","LittlePrince"],"score":186,"play_id":"2de56108-0053-46c3-a28d-0a2f12037373","local_time":"20210206195056","is_ascension_mode":false,"campfire_choices":[{"data":"Devotion","floor":6,"key":"SMITH"},{"data":"Eruption","floor":11,"key":"SMITH"},{"floor":15,"key":"REST"},{"data":"infinitespire:Execution","floor":23,"key":"SMITH"}],"circlet_count":0,"master_deck":["Eruption+1","Vigilance","HeroicMonk","CutThroughFate","BigBird","Perseverance","FlurryOfBlows+1","CherryBlossoms","Devotion+1","OldLady","LessonLearned","SpiderBud","DeceiveReality","VoidDream","Brilliance","Prostrate","PathToVictory","FairyFestival","Establishment","Pray","Judgement","Brilliance","Collect","Collect","Protect","MeatLantern","BattleHymn","LessonLearned","Regret","Shame","infinitespire:Execution+1"],"relics":["PureWater","CogitoBucket","PreservedInsect","Juzu Bracelet","BackwardClock","reliquary:JackalopeAntler","Pandora\u0027s Box"],"acts_visited":["Exordium","Exordium"],"potions_floor_usage":[10,13,16],"damage_taken":[{"damage":0,"enemies":"Jaw Worm","floor":1,"turns":3},{"damage":0,"enemies":"Cultist","floor":2,"turns":2},{"damage":0,"enemies":"2 Louse","floor":5,"turns":2},{"damage":0,"enemies":"Red Slaver","floor":7,"turns":3},{"damage":6,"enemies":"Blue Slaver","floor":8,"turns":5},{"damage":32,"enemies":"Exordium Thugs","floor":10,"turns":5},{"damage":4,"enemies":"Exordium Wildlife","floor":13,"turns":7},{"damage":17,"enemies":"Gremlin Nob","floor":14,"turns":3},{"damage":28,"enemies":"Slime Boss","floor":16,"turns":8},{"damage":19,"enemies":"theJungle:Flameango_and_Byrd","floor":18,"turns":6},{"damage":55,"enemies":"theJungle:2_Phrogs","floor":24,"turns":6}],"seed_played":"-1726405881113047035","potions_obtained":[{"floor":2,"key":"blueLaboratory:PolymorphPotion"},{"floor":5,"key":"blueLaboratory:FruitPreserves"},{"floor":8,"key":"Block Potion"},{"floor":10,"key":"Energy Potion"},{"floor":13,"key":"blueLaboratory:NullPotion"},{"floor":18,"key":"blueLaboratory:PressurePotion"}],"is_trial":false,"path_per_floor":["M","M","$","?","M","R","M","M","T","M","R","?","M","?","R","B",null,"M","?","$","?","?","R","E"],"character_chosen":"WATCHER","items_purchased":["FlurryOfBlows","BattleHymn","LessonLearned"],"campfire_rested":1,"item_purchase_floors":[3,20,20],"current_hp_per_floor":[72,72,72,72,72,72,72,66,66,34,34,34,32,15,36,8,72,53,53,53,53,53,53,0,0],"gold":13,"neow_bonus":"","is_daily":false,"chose_seed":false,"campfire_upgraded":3,"win_rate":0.0,"timestamp":1612662656,"path_taken":["M","M","$","?","?","R","M","M","T","M","R","?","M","?","R","BOSS","M","?","?","?","?","R","E"],"items_purchased_type":["Card","Card","Card"],"build_version":"2020-12-22","purchased_purges":2,"victory":false,"max_hp_per_floor":[72,72,72,72,72,72,72,72,72,72,72,72,72,72,72,72,72,72,72,72,72,72,72,72,72],"card_choices":[{"not_picked":["PunishingBird","WallGazer"],"picked":"HeroicMonk","floor":1},{"not_picked":["Prostrate","JustLucky"],"picked":"CutThroughFate","floor":1},{"not_picked":["UniverseFragment","RedShoes"],"picked":"BigBird","floor":2},{"not_picked":["JustLucky","BowlingBash"],"picked":"Perseverance","floor":2},{"not_picked":["PunishingBird","MHz"],"picked":"CherryBlossoms","floor":5},{"not_picked":["CrushJoints","JustLucky"],"picked":"Devotion","floor":5},{"not_picked":["BeautyBeast","Variant"],"picked":"OldLady","floor":7},{"not_picked":["Halt","PathToVictory"],"picked":"LessonLearned","floor":7},{"not_picked":["MeatLantern","Scorched"],"picked":"SpiderBud","floor":8},{"not_picked":["Indignation","Consecrate"],"picked":"DeceiveReality","floor":8},{"not_picked":["Porccubus","FairyFestival"],"picked":"VoidDream","floor":10},{"not_picked":["Wallop","SashWhip"],"picked":"Brilliance","floor":10},{"not_picked":["Meditate","Evaluate"],"picked":"Prostrate","floor":13},{"not_picked":["BeautyBeast","OSAHOGD"],"picked":"LittlePrince","floor":14},{"not_picked":["EmptyFist","Consecrate"],"picked":"PathToVictory","floor":14},{"not_picked":["LittleHelper","RedShoes"],"picked":"FairyFestival","floor":16},{"not_picked":["Vault","Alpha"],"picked":"Establishment","floor":16},{"not_picked":["OSAHOGD","Woodsman"],"picked":"MeatLantern","floor":18},{"not_picked":["EmptyFist","Weave","Protect"],"picked":"SKIP","floor":18},{"not_picked":["infinitespire:TheBestDefense","infinitespire:FutureSight"],"picked":"infinitespire:Execution","floor":22}],"player_experience":194891,"relics_obtained":[{"floor":9,"key":"Juzu Bracelet"},{"floor":14,"key":"reliquary:JackalopeAntler"}],"event_choices":[{"damage_healed":0,"gold_gain":0,"player_choice":"Gave Potion","damage_taken":0,"relics_obtained":["PreservedInsect"],"max_hp_gain":0,"max_hp_loss":0,"event_name":"WeMeetAgain","floor":4,"gold_loss":0},{"cards_removed":["Defend_P"],"damage_healed":0,"gold_gain":0,"player_choice":"Purged","damage_taken":0,"max_hp_gain":0,"max_hp_loss":0,"event_name":"Purifier","floor":12,"gold_loss":0},{"damage_healed":0,"gold_gain":30,"player_choice":"Searched \u00272\u0027 times","damage_taken":0,"max_hp_gain":0,"max_hp_loss":0,"event_name":"Dead Adventurer","floor":14,"gold_loss":0},{"damage_healed":0,"gold_gain":0,"player_choice":"Ignored","damage_taken":0,"max_hp_gain":0,"max_hp_loss":0,"event_name":"NoteForYourself","floor":19,"gold_loss":0}],"is_beta":false,"boss_relics":[{"not_picked":["Cursed Key","Busted Crown"],"picked":"Pandora\u0027s Box"}],"items_purged_floors":[3,20],"is_endless":false,"potions_floor_spawned":[2,5,8,10,13,18],"killed_by":"theJungle:2_Phrogs","ascension_level":0}}