{"host":"fuszjwm6fqgjjp4d","time":1612680825,"event":{"mods":["BaseMod","Bestiary","Colored Map","Minty Spire (QoL Compilation)","Permanent Neow","Relic Sorter","Relic Stats","StSLib"],"gold_per_floor":[112,122,122,137,102,136,136,164,191,201,201,218,238,14,14,88,88,108,108,121,301,319,319,319],"floor_reached":23,"language":"ENG","playtime":518,"items_purged":[],"score":406,"play_id":"ec7819d8-6cda-43d5-9833-676c9f9d15bb","local_time":"20210207005345","is_ascension_mode":true,"campfire_choices":[{"floor":7,"key":"REST"},{"floor":11,"key":"REST"},{"data":"Caltrops","floor":15,"key":"SMITH"}],"circlet_count":0,"master_deck":["AscendersBane","Strike_G+1","Strike_G","Strike_G","Strike_G","Strike_G","Defend_G","Defend_G","Defend_G+1","Defend_G","Defend_G","Survivor","Neutralize","Corpse Explosion","Deadly Poison","Caltrops","Caltrops+1","Malaise","Catalyst","Cloak And Dagger","PiercingWail","Dodge and Roll","Footwork"],"relics":["Ring of the Snake","Orichalcum","Regal Pillow","PreservedInsect","Strawberry","Sozu"],"acts_visited":["Exordium","TheCity"],"potions_floor_usage":[8,10,13,22],"damage_taken":[{"damage":6.0,"enemies":"Cultist","floor":1.0,"turns":4.0},{"damage":2,"enemies":"2 Louse","floor":2,"turns":2},{"damage":1,"enemies":"Jaw Worm","floor":4,"turns":4},{"damage":41,"enemies":"Lagavulin","floor":6,"turns":7},{"damage":23,"enemies":"Gremlin Nob","floor":8,"turns":4},{"damage":0,"enemies":"2 Fungi Beasts","floor":10,"turns":4},{"damage":2,"enemies":"Blue Slaver","floor":12,"turns":5},{"damage":9,"enemies":"Gremlin Gang","floor":13,"turns":3},{"damage":24,"enemies":"The Guardian","floor":16,"turns":10},{"damage":2,"enemies":"3 Byrds","floor":18,"turns":3},{"damage":1,"enemies":"Spheric Guardian","floor":20,"turns":3},{"damage":18,"enemies":"Snake Plant","floor":22,"turns":5},{"damage":33,"enemies":"Book of Stabbing","floor":23,"turns":4}],"seed_played":"7605484006933307152","potions_obtained":[{"floor":6,"key":"AttackPotion"},{"floor":8,"key":"Weak Potion"},{"floor":12,"key":"Explosive Potion"},{"floor":16,"key":"Regen Potion"}],"is_trial":false,"path_per_floor":["M","M","?","M","?","E","R","E","T","M","R","M","M","$","R","B",null,"M","?","M","?","M","E"],"character_chosen":"THE_SILENT","items_purchased":["Strawberry","Dodge and Roll"],"campfire_rested":2,"item_purchase_floors":[14,14],"current_hp_per_floor":[53,51,31,30,46,5,24,1,1,1,35,33,24,31,31,7,57,55,55,54,35,32,0,0],"gold":319,"neow_bonus":"ONE_RANDOM_RARE_CARD","is_daily":false,"chose_seed":false,"campfire_upgraded":1,"win_rate":0.0,"timestamp":1612680825,"path_taken":["M","?","?","M","?","E","R","E","T","M","R","M","M","?","R","BOSS","M","?","M","?","M","E"],"items_purchased_type":["Relic","Card"],"build_version":"2020-12-22","purchased_purges":0,"victory":false,"max_hp_per_floor":[66,66,66,66,66,66,66,66,66,66,66,66,66,73,73,73,73,73,73,73,73,73,73,73],"relic_stats":{"Sozu":0,"Regal Pillow":15,"counters":[13,58],"PreservedInsect":42,"Orichalcum":[120],"obtain_stats":[{"Sozu":17,"Regal Pillow":8,"Strawberry":14,"PreservedInsect":9,"Orichalcum":6,"Ring of the Snake":0},{"Sozu":9,"Regal Pillow":5,"Strawberry":8,"PreservedInsect":5,"Orichalcum":4,"Ring of the Snake":0},{"Sozu":43,"Regal Pillow":21,"Strawberry":33,"PreservedInsect":21,"Orichalcum":17,"Ring of the Snake":0}],"Ring of the Snake":[26]},"card_choices":[{"not_picked":["Blade Dance","Dodge and Roll"],"picked":"Deadly Poison","floor":1.0},{"not_picked":["Riddle With Holes","Slice"],"picked":"Caltrops","floor":2},{"not_picked":["Flying Knee","Riddle With Holes"],"picked":"Caltrops","floor":4},{"not_picked":["Deflect","Choke"],"picked":"Malaise","floor":6},{"not_picked":["Prepared","PiercingWail"],"picked":"Catalyst","floor":8},{"not_picked":["Terror","Dash"],"picked":"Cloak And Dagger","floor":10},{"not_picked":["Acrobatics","Quick Slash","Dash"],"picked":"SKIP","floor":12},{"not_picked":["Masterful Stab","Flechettes"],"picked":"PiercingWail","floor":13},{"not_picked":["Deflect","Dagger Throw","PiercingWail+1"],"picked":"SKIP","floor":18},{"not_picked":["Underhanded Strike","Prepared","Sucker Punch+1"],"picked":"SKIP","floor":20},{"not_picked":["Quick Slash+1","Flying Knee","Choke"],"picked":"SKIP","floor":22}],"player_experience":1478363,"relics_obtained":[{"floor":6,"key":"Orichalcum"},{"floor":8,"key":"Regal Pillow"},{"floor":9,"key":"PreservedInsect"}],"event_choices":[{"damage_healed":0,"gold_gain":0,"player_choice":"Entered Light","damage_taken":20,"max_hp_gain":0,"max_hp_loss":0,"event_name":"Shining Light","floor":3,"gold_loss":0,"cards_upgraded":["Strike_G","Defend_G"]},{"damage_healed":16,"gold_gain":0,"player_choice":"Healed","damage_taken":0,"max_hp_gain":0,"max_hp_loss":0,"event_name":"The Cleric","floor":5,"gold_loss":35},{"damage_healed":0,"gold_gain":0,"player_choice":"Read","damage_taken":0,"max_hp_gain":0,"max_hp_loss":0,"event_name":"The Library","floor":19,"gold_loss":0,"cards_obtained":["Footwork"]},{"damage_healed":0,"gold_gain":180,"player_choice":"GOLD GOLD ","damage_taken":19,"max_hp_gain":0,"max_hp_loss":0,"event_name":"Knowing Skull","floor":21,"potions_obtained":[],"gold_loss":0,"cards_obtained":[]}],"is_beta":false,"boss_relics":[{"not_picked":["Ectoplasm","WristBlade"],"picked":"Sozu"}],"items_purged_floors":[],"is_endless":false,"potions_floor_spawned":[6,8,12,16],"killed_by":"Book of Stabbing","ascension_level":20}}