{"host":"fevvm7bbzuh4s1jc","time":1612734775,"event":{"mods":["BaseMod","Highlight Path","Minty Spire (QoL Compilation)","Relic Stats"],"gold_per_floor":[115,115,129,148,113,113,128,128,128,162,162,239,259,56,56,128,128,146,71,71,89,89,119,136,51,78,78,78],"floor_reached":27,"language":"ENG","playtime":1143,"items_purged":[],"score":537,"play_id":"fcf5c1db-b259-4ffa-af42-c0c07313126f","local_time":"20210207165255","is_ascension_mode":true,"campfire_choices":[{"data":"Sunder","floor":6.0,"key":"SMITH"},{"data":"Zap","floor":8.0,"key":"SMITH"},{"data":"Reinforced Body","floor":11.0,"key":"SMITH"},{"data":"Doom and Gloom","floor":15.0,"key":"SMITH"}],"circlet_count":0,"master_deck":["AscendersBane","Defend_B","Defend_B","Defend_B+1","Defend_B","Zap+1","Dualcast","Reinforced Body+1","Sunder+1","Hologram","Reinforced Body","Doom and Gloom+1","Lockon","Self Repair","Multi-Cast","Go for the Eyes","Bite","Bite","Bite","Bite","Bite","Chill","RitualDagger","Steam"],"relics":["Runic Pyramid","Bottled Lightning","Turnip","OrangePellets","Black Star","Kunai","Darkstone Periapt","PreservedInsect","Anchor"],"acts_visited":["Exordium","TheCity"],"potions_floor_usage":[],"damage_taken":[{"damage":4.0,"enemies":"Small Slimes","floor":1.0,"turns":4.0},{"damage":0.0,"enemies":"2 Louse","floor":3.0,"turns":2.0},{"damage":7.0,"enemies":"Jaw Worm","floor":4.0,"turns":4.0},{"damage":3.0,"enemies":"Large Slime","floor":7.0,"turns":4.0},{"damage":0.0,"enemies":"3 Sentries","floor":10.0,"turns":8.0},{"damage":2.0,"enemies":"3 Louse","floor":13.0,"turns":3.0},{"damage":11.0,"enemies":"Slime Boss","floor":16.0,"turns":6.0},{"damage":8.0,"enemies":"Shell Parasite","floor":18.0,"turns":8.0},{"damage":15.0,"enemies":"2 Thieves","floor":21.0,"turns":5.0},{"damage":42.0,"enemies":"Book of Stabbing","floor":23.0,"turns":5.0},{"damage":4.0,"enemies":"3 Cultists","floor":24.0,"turns":4.0},{"damage":4,"enemies":"Centurion and Healer","floor":27,"turns":2}],"seed_played":"120831317647032535","potions_obtained":[{"floor":4.0,"key":"ColorlessPotion"},{"floor":10.0,"key":"SteroidPotion"},{"floor":16.0,"key":"Fire Potion"},{"floor":18.0,"key":"DuplicationPotion"},{"floor":23.0,"key":"AttackPotion"}],"is_trial":false,"path_per_floor":["M","?","M","M","?","R","M","R","T","E","R","?","M","$","R","B",null,"M","?","?","M","?","E","M","?","T","M"],"character_chosen":"DEFECT","items_purchased":["OrangePellets","Self Repair"],"campfire_rested":0,"item_purchase_floors":[14,14],"current_hp_per_floor":[60,39,39,32,49,49,46,46,46,46,46,46,44,44,44,33,62,61,61,49,49,43,5,1,1,1,0,0],"gold":78,"neow_bonus":"BOSS_RELIC","is_daily":false,"chose_seed":false,"campfire_upgraded":4,"win_rate":0.0,"timestamp":1612734775,"path_taken":["M","?","M","M","?","R","M","R","T","E","R","?","?","$","R","BOSS","M","?","?","M","?","E","M","?","T","M"],"items_purchased_type":["Relic","Card"],"build_version":"2020-12-22","purchased_purges":0,"victory":false,"max_hp_per_floor":[71,71,71,71,71,71,71,71,71,71,71,71,71,71,71,71,71,71,71,49,49,49,49,49,49,49,49,49],"relic_stats":{"Darkstone Periapt":0,"OrangePellets":[0],"counters":[12,55],"Turnip":[2],"PreservedInsect":0,"Black Star":1,"Kunai":[0],"obtain_stats":[{"Darkstone Periapt":23,"OrangePellets":14,"Anchor":26,"Turnip":10,"PreservedInsect":25,"Black Star":17,"Bottled Lightning":9,"Kunai":23,"Cracked Core":0,"Runic Pyramid":0},{"Darkstone Periapt":10,"OrangePellets":6,"Anchor":11,"Turnip":5,"PreservedInsect":11,"Black Star":7,"Bottled Lightning":4,"Kunai":10,"Cracked Core":0,"Runic Pyramid":0},{"Darkstone Periapt":49,"OrangePellets":25,"Anchor":53,"Turnip":22,"PreservedInsect":53,"Black Star":31,"Bottled Lightning":14,"Kunai":49,"Cracked Core":0,"Runic Pyramid":0}]},"card_choices":[{"not_picked":["Rebound","Aggregate"],"picked":"Reinforced Body","floor":1.0},{"not_picked":["Compile Driver","Turbo"],"picked":"Sunder","floor":3.0},{"not_picked":["Loop","Aggregate"],"picked":"Hologram","floor":4.0},{"not_picked":["Conserve Battery","Barrage"],"picked":"Reinforced Body","floor":7.0},{"not_picked":["Force Field","Reprogram"],"picked":"Doom and Gloom","floor":10.0},{"not_picked":["Beam Cell","Redo"],"picked":"Lockon","floor":13.0},{"not_picked":["Rainbow","Thunder Strike"],"picked":"Multi-Cast","floor":16.0},{"not_picked":["Compile Driver","Steam"],"picked":"Go for the Eyes","floor":18.0},{"not_picked":["Static Discharge","Steam"],"picked":"Chill","floor":21.0},{"not_picked":["Steam","Scrape","All For One"],"picked":"SKIP","floor":23.0},{"not_picked":["Scrape","All For One"],"picked":"Steam","floor":23.0},{"not_picked":["Cold Snap","Hologram","Force Field"],"picked":"SKIP","floor":24.0}],"player_experience":2797759,"relics_obtained":[{"floor":9.0,"key":"Bottled Lightning"},{"floor":10.0,"key":"Turnip"},{"floor":23.0,"key":"Kunai"},{"floor":23.0,"key":"Darkstone Periapt"},{"floor":26.0,"key":"Anchor"}],"event_choices":[{"damage_healed":0.0,"max_hp_gain":0.0,"max_hp_loss":0.0,"gold_gain":0.0,"event_name":"Shining Light","player_choice":"Entered Light","floor":2.0,"gold_loss":0.0,"damage_taken":21.0,"cards_upgraded":["Strike_B","Defend_B"]},{"damage_healed":17.0,"max_hp_gain":0.0,"max_hp_loss":0.0,"gold_gain":0.0,"event_name":"The Cleric","player_choice":"Healed","floor":5.0,"gold_loss":35.0,"damage_taken":0.0},{"damage_healed":0.0,"max_hp_gain":0.0,"max_hp_loss":0.0,"gold_gain":77.0,"event_name":"Golden Wing","player_choice":"Gained Gold","floor":12.0,"gold_loss":0.0,"damage_taken":0.0},{"cards_removed":["Strike_B"],"damage_healed":0.0,"max_hp_gain":0.0,"max_hp_loss":0.0,"gold_gain":0.0,"event_name":"Beggar","player_choice":"Gave Gold","floor":19.0,"gold_loss":75.0,"damage_taken":0.0},{"damage_healed":0.0,"max_hp_gain":0.0,"max_hp_loss":22.0,"gold_gain":0.0,"event_name":"Vampires","player_choice":"Became a vampire","floor":20.0,"gold_loss":0.0,"damage_taken":0.0,"cards_obtained":["Bite","Bite","Bite","Bite","Bite"]},{"damage_healed":0.0,"max_hp_gain":0.0,"max_hp_loss":0.0,"gold_gain":0.0,"event_name":"Nest","player_choice":"Joined the Cult","floor":22.0,"gold_loss":0.0,"damage_taken":6.0,"cards_obtained":["RitualDagger"]},{"damage_healed":0.0,"max_hp_gain":0.0,"max_hp_loss":0.0,"gold_gain":0.0,"event_name":"Addict","player_choice":"Obtained Relic","floor":25.0,"gold_loss":85.0,"damage_taken":0.0,"relics_obtained":["PreservedInsect"]}],"is_beta":false,"boss_relics":[{"not_picked":["SacredBark","Runic Dome"],"picked":"Black Star"}],"items_purged_floors":[],"is_endless":false,"potions_floor_spawned":[4,10,16,18,21,23],"killed_by":"Centurion and Healer","ascension_level":20}}