{"host":"2xnjhc1nuqzfyzm4","time":1612658851,"event":{"mods":["100% Spire Juice","Act Like it!","Arknights","BaseMod","Beaked The Cultist","Bestiary","Better Match","Better Note","Better Sensory Stone","Better Third Choice","Block Reminder","CapriCore","CatGirl Mod","ChefMod","Colored Powertips","Displayed Cursed Tome","Dota2Spire","Downfall","Ekko","Elementarium","GungeonMod","Hallownest","Hermit","Hubris","Infinite Spire","Jedi Mod","Jorbs\u0027s Wanderer Trilogy","Luminous","Mad Scientist","Marisa????????","Menagerie","Minty Spire (QoL Compilation)","Potionbrewer","Prisma Mod","QueenMod","Relic Stats","Reliquary","Replay The Spire","Robot Space Explorer","SIMod","Shade Mod","Spikes Relics","StSLib","The Alterego","The Animator","The Blackbeard","The Bug Knight","The Cursed","The Death Knight","The Disciple","The Dragon Tamer","The Dragonkin","The Druid","The Elementalist","The Exalted","The Fake Hero","The Florist","The Gatherer","The Hayseed","The Hierophant","The Immortal","The Jungle","The Mystic","The Necromancer","The Poker Player","The Runesmith","The Sage","The Senshi","The Servant 0.9.4","The Showman","The Valiant","The Wild Card","TheBandit","TheSwordswoman","TheVacant","TheVelvet","TheWitcher","Trackpad","Waifu the Spire","WarShipGirlsR/????R mod","Yakumo Yukari mod"],"gold_per_floor":[119,129,29,79,79,110,110,130,184,184,216,216,249,102,102,200,200,220,172,172,187,202,231,231,243,243,243,268,280,280,205,205,304,304,316,316,326,340,357,357,387,387,387,387,387,404,436,0,0,0,0,0,0,28,28],"floor_reached":56,"language":"ENG","playtime":1654,"items_purged":["Strike_B","Dualcast","Strike_B"],"score":1661,"play_id":"467d8173-853b-4c3b-a804-563ffb06e00f","local_time":"20210206164731","is_ascension_mode":false,"campfire_choices":[{"floor":7,"key":"RECALL"},{"data":"hubris:InfiniteBlow+39","floor":12,"key":"SMITH"},{"data":"hubris:InfiniteBlow+40","floor":15,"key":"SMITH"},{"floor":27,"key":"REST"},{"data":"hubris:InfiniteBlow+41","floor":27,"key":"SMITH"},{"floor":30,"key":"REST"},{"data":"hubris:InfiniteBlow+42","floor":30,"key":"SMITH"},{"data":"hubris:InfiniteBlow+43","floor":32,"key":"SMITH"},{"data":"hubris:InfiniteBlow+44","floor":40,"key":"SMITH"},{"data":"hubris:InfiniteBlow+45","floor":42,"key":"SMITH"},{"data":"Reinforced Body","floor":44,"key":"SMITH"},{"floor":49,"key":"REST"},{"data":"Hologram","floor":49,"key":"SMITH"},{"data":"Defend_B","floor":52,"key":"SMITH"}],"circlet_count":0,"master_deck":["hubris:InfiniteBlow+46","Strike_B","Defend_B+1","Defend_B","Defend_B","Defend_B","Zap","Hologram","BootSequence","Genetic Algorithm+1","Steam","Reinforced Body+1","Hologram+1","hubris:NaturalOne"],"relics":["Cracked Core","Shuriken","trackpad:SappingStone","hubris:Icosahedron","Runesmith:Nanobots","hubris:RGBLights","Bromod:ArcaneNullifier","infinitespire:Magic Flask","hubris:CrackedHourglass","trackpad:FieryHotPepper","beaked:MawFillet","Bag of Preparation","Pear","Ancient Tea Set","Red Mask","Replay:Wax Seal"],"acts_visited":["Exordium","TheCity","TheBeyond","TheEnding"],"potions_floor_usage":[11,55,55,55],"damage_taken":[{"damage":0,"enemies":"Small Slimes","floor":1,"turns":1},{"damage":0,"enemies":"2 Louse","floor":2,"turns":2},{"damage":0,"enemies":"Gremlin Nob","floor":6,"turns":1},{"damage":0,"enemies":"Jaw Worm","floor":8,"turns":1},{"damage":5,"enemies":"3 Sentries","floor":11,"turns":5},{"damage":0,"enemies":"Gremlin Nob","floor":13,"turns":2},{"damage":0,"enemies":"Hexaghost","floor":16,"turns":1},{"damage":7,"enemies":"3 Byrds","floor":18,"turns":4},{"damage":4,"enemies":"Spheric Guardian","floor":21,"turns":3},{"damage":0,"enemies":"Cultist and Chosen","floor":22,"turns":4},{"damage":10,"enemies":"Book of Stabbing","floor":23,"turns":3},{"damage":15,"enemies":"3 Cultists","floor":25,"turns":8},{"damage":0,"enemies":"Gremlin Leader","floor":28,"turns":1},{"damage":14,"enemies":"Sentry and Sphere","floor":29,"turns":4},{"damage":0,"enemies":"Automaton","floor":33,"turns":1},{"damage":0,"enemies":"Orb Walker","floor":35,"turns":2},{"damage":0,"enemies":"3 Shapes","floor":37,"turns":6},{"damage":1,"enemies":"Sphere and 2 Shapes","floor":38,"turns":3},{"damage":0,"enemies":"Transient","floor":39,"turns":2},{"damage":0,"enemies":"Reptomancer","floor":41,"turns":1},{"damage":0,"enemies":"Writhing Mass","floor":46,"turns":2},{"damage":7,"enemies":"Nemesis","floor":47,"turns":3},{"damage":0,"enemies":"TheAcolyte","floor":50,"turns":3},{"damage":0,"enemies":"Shield and Spear","floor":54,"turns":1},{"damage":81,"enemies":"The Heart","floor":55,"turns":6}],"seed_played":"-1271454204273395005","potions_obtained":[{"floor":6,"key":"Swift Potion"},{"floor":16,"key":"hexamod:SoulburnPotion"},{"floor":23,"key":"Fire Potion"},{"floor":25,"key":"jedi:tentaclejuice"},{"floor":33,"key":"Explosive Potion"},{"floor":37,"key":"FocusPotion"}],"is_trial":false,"path_per_floor":["M","M","$","?","?","E","R","M","T","?","E","R","E","$","R","B",null,"M","$","?","M","M","E","AVR","M","T","R","E","M","R","$","R","B",null,"M","AVR","M","M","M","R","E","R","T","R","?","M","E","?","R","B",null,"R","$","E","B",null],"character_chosen":"DEFECT","items_purchased":["Genetic Algorithm+1","Steam","Bromod:ArcaneNullifier","Hologram"],"campfire_rested":3,"item_purchase_floors":[3,3,14,19],"current_hp_per_floor":[82,82,82,82,82,82,82,82,82,82,77,77,77,77,77,77,82,75,75,75,71,71,61,61,46,46,70,70,56,80,80,80,80,82,82,82,82,81,81,81,81,81,91,91,91,91,84,84,92,92,92,92,92,92,11],"gold":28,"neow_bonus":"TEN_PERCENT_HP_BONUS","is_daily":false,"chose_seed":false,"campfire_upgraded":10,"win_rate":0.0,"timestamp":1612658851,"path_taken":["M","M","$","?","?","E","R","M","T","?","E","R","E","$","R","BOSS","M","$","?","M","M","E","AVR","M","T","R","E","M","R","$","R","BOSS","M","AVR","M","M","M","R","E","R","T","R","?","M","E","?","R","BOSS","R","$","E","BOSS"],"items_purchased_type":["Card","Card","Relic","Card"],"build_version":"2020-12-22","purchased_purges":3,"victory":true,"max_hp_per_floor":[82,82,82,82,82,82,82,82,82,82,82,82,82,82,82,82,82,82,82,82,82,82,82,82,82,82,82,82,82,82,82,82,82,82,82,82,82,82,82,82,82,82,92,92,92,92,92,92,92,92,92,92,92,92,92],"relic_stats":{"counters":[25,70],"Shuriken":[0],"Bag of Preparation":[10],"obtain_stats":[{"Runesmith:Nanobots":11,"Pear":43,"Bromod:ArcaneNullifier":14,"trackpad:SappingStone":9,"DemoMod:GlassGuonStoneRelic":8,"Bag of Preparation":41,"infinitespire:Magic Flask":23,"Ancient Tea Set":47,"hubris:Icosahedron":10,"trackpad:FieryHotPepper":28,"Shuriken":6,"beaked:MawFillet":34,"Red Mask":48,"hubris:CrackedHourglass":24,"Replay:Wax Seal":54,"Cracked Core":0,"hubris:RGBLights":13},{"Runesmith:Nanobots":5,"Pear":20,"Bromod:ArcaneNullifier":6,"trackpad:SappingStone":4,"DemoMod:GlassGuonStoneRelic":4,"Bag of Preparation":20,"infinitespire:Magic Flask":11,"Ancient Tea Set":22,"hubris:Icosahedron":4,"trackpad:FieryHotPepper":13,"Shuriken":3,"beaked:MawFillet":15,"Red Mask":22,"hubris:CrackedHourglass":11,"Replay:Wax Seal":24,"Cracked Core":0,"hubris:RGBLights":6},{"Runesmith:Nanobots":10,"Pear":55,"Bromod:ArcaneNullifier":12,"trackpad:SappingStone":5,"DemoMod:GlassGuonStoneRelic":5,"Bag of Preparation":55,"infinitespire:Magic Flask":27,"Ancient Tea Set":60,"hubris:Icosahedron":5,"trackpad:FieryHotPepper":36,"Shuriken":4,"beaked:MawFillet":41,"Red Mask":60,"hubris:CrackedHourglass":27,"Replay:Wax Seal":64,"Cracked Core":0,"hubris:RGBLights":12}]},"card_choices":[{"not_picked":["Streamline","Redo"],"picked":"Hologram","floor":1},{"not_picked":["Sweeping Beam","jedi:BurstLightning"],"picked":"BootSequence","floor":2},{"not_picked":["Stack","jedi:gatheringstorm"],"picked":"Reinforced Body","floor":6},{"not_picked":["Coolheaded","jedi:BurstLightning","Gash"],"picked":"SKIP","floor":8},{"not_picked":["BootSequence","Static Discharge","Biased Cognition"],"picked":"SKIP","floor":11},{"not_picked":["Tempest","jedi:BurstFrost","Sweeping Beam"],"picked":"SKIP","floor":13},{"not_picked":["Ball Lightning","Redo","ReplaySort"],"picked":"SKIP","floor":18},{"not_picked":["ReplaySolidLightProjector","Hologram","Compile Driver"],"picked":"SKIP","floor":21},{"not_picked":["hubris:Prefetch","Leap","ReplayTheSpireMod:Calculation Training+1"],"picked":"SKIP","floor":22},{"not_picked":["Blizzard","jedi:spotbugs","Coolheaded+1"],"picked":"SKIP","floor":23},{"not_picked":["Steam+1","Compile Driver","Sweeping Beam"],"picked":"SKIP","floor":25},{"not_picked":["Hologram","Rainbow","Stack"],"picked":"SKIP","floor":28},{"not_picked":["Beam Cell","Steam","Loop"],"picked":"SKIP","floor":29},{"not_picked":["Rebound+1","White Noise","Streamline"],"picked":"SKIP","floor":35},{"not_picked":["Gash+1","Cold Snap+1","Ball Lightning+1"],"picked":"SKIP","floor":37},{"not_picked":["Chaos","Beam Cell+1","Turbo+1"],"picked":"SKIP","floor":38},{"not_picked":["jedi:hex","Panic Button+1","jedi:BurstFrost"],"picked":"SKIP","floor":39},{"not_picked":["Sweeping Beam+1","Lockon","Redo"],"picked":"SKIP","floor":41},{"not_picked":["Multi-Cast","jedi:BurstLightning","Go for the Eyes+1"],"picked":"SKIP","floor":46},{"not_picked":["jedi:blockon","Capacitor+1","Stack+1"],"picked":"SKIP","floor":47},{"not_picked":["jedi:reiji","Static Discharge","Capacitor"],"picked":"SKIP","floor":54}],"player_experience":224612,"relics_obtained":[{"floor":6,"key":"Shuriken"},{"floor":9,"key":"trackpad:SappingStone"},{"floor":11,"key":"Runesmith:Nanobots"},{"floor":13,"key":"hubris:RGBLights"},{"floor":23,"key":"infinitespire:Magic Flask"},{"floor":28,"key":"trackpad:FieryHotPepper"},{"floor":41,"key":"Bag of Preparation"},{"floor":43,"key":"Pear"},{"floor":47,"key":"Ancient Tea Set"},{"floor":54,"key":"Replay:Wax Seal"}],"event_choices":[{"cards_removed":["Strike_B"],"damage_healed":0,"gold_gain":0,"player_choice":"Offered Basic","damage_taken":0,"max_hp_gain":0,"max_hp_loss":0,"event_name":"Bonfire Elementals","floor":20,"gold_loss":0},{"damage_healed":0,"gold_gain":0,"player_choice":"Paid","damage_taken":0,"relics_obtained":["Red Mask"],"max_hp_gain":0,"max_hp_loss":0,"event_name":"Tomb of Lord Red Mask","floor":48,"gold_loss":436}],"is_beta":false,"boss_relics":[{"not_picked":["hubris:TerracottaHorce","Runesmith:UraniumAnvil","jedi:paperlyon"]},{"not_picked":["Replay:Ancient Bell","Inserter"],"picked":"beaked:MawFillet"}],"items_purged_floors":[24,31,36],"is_endless":false,"potions_floor_spawned":[6,16,23,25,29,33,37,39,47],"ascension_level":0}}