{"host":"7sni158j623xchr2","time":1612669267,"event":{"mods":["BaseMod","Colored Map","Highlight Path","Minty Spire (QoL Compilation)","Permanent Neow","Potion Indicator Mod","Rare Cards Sparkle","Relic Sorter","Relic Stats","StSLib","everything is the same but u backflip on backflip"],"gold_per_floor":[117,117,117,42,117,160,160,198,221,221,257,271,290,290,290,418,418,433,38,63,63,63,101,101,141,141,175,201,219,219,257,257,378,378,399,27,360,370,380,380,380,655,655,655,360,385,395,395,395,395,395,395,121,156,156],"floor_reached":56,"language":"ENG","playtime":1875,"items_purged":["Defend_G","Defend_G","Regret","Defend_G"],"score":1465,"play_id":"2b6d8a0d-5753-43a9-a2c0-3cc48917be77","local_time":"20210206214107","is_ascension_mode":true,"campfire_choices":[{"data":"Poisoned Stab","floor":7,"key":"SMITH"},{"floor":10,"key":"REST"},{"floor":15,"key":"REST"},{"data":"Adrenaline","floor":24,"key":"SMITH"},{"data":"Adrenaline","floor":30,"key":"SMITH"},{"data":"Ghostly","floor":32,"key":"SMITH"},{"floor":40,"key":"RECALL"},{"data":"Ghostly","floor":49,"key":"SMITH"},{"data":"After Image","floor":52,"key":"SMITH"}],"circlet_count":0,"master_deck":["Strike_G","Strike_G+1","Strike_G","Strike_G","Defend_G+1","Defend_G","Survivor","Neutralize+1","Bane","Poisoned Stab+1","Quick Slash","Adrenaline+1","Deflect","Well Laid Plans+1","Ghostly+1","Ghostly+1","Ghostly+1","Ghostly","Ghostly","Terror+1","Deadly Poison","Adrenaline+1","PiercingWail","All Out Attack+1","After Image+1","PiercingWail+1","Backflip","Footwork","Deadly Poison+1"],"relics":["Ring of the Snake","Pen Nib","Potion Belt","Art of War","Akabeko","Toy Ornithopter","Coffee Dripper","OrangePellets","Eternal Feather","Molten Egg 2","Dream Catcher","Oddly Smooth Stone","Centennial Puzzle","Question Card","Juzu Bracelet","Torii","SlaversCollar","Membership Card","Ninja Scroll","Mercury Hourglass","Cauldron","Kunai","TwistedFunnel","Orichalcum","Du-Vu Doll"],"acts_visited":["Exordium","TheCity","TheBeyond","TheEnding"],"potions_floor_usage":[33,33,33,55,55],"damage_taken":[{"damage":0,"enemies":"2 Louse","floor":1,"turns":4},{"damage":20,"enemies":"Gremlin Nob","floor":6,"turns":5},{"damage":18,"enemies":"Lagavulin","floor":8,"turns":5},{"damage":19,"enemies":"3 Sentries","floor":11,"turns":8},{"damage":0,"enemies":"Small Slimes","floor":12,"turns":2},{"damage":0,"enemies":"Jaw Worm","floor":13,"turns":2},{"damage":12,"enemies":"Hexaghost","floor":16,"turns":9},{"damage":0,"enemies":"3 Byrds","floor":18,"turns":5},{"damage":0,"enemies":"Chosen","floor":20,"turns":3},{"damage":0,"enemies":"Book of Stabbing","floor":23,"turns":6},{"damage":4,"enemies":"Gremlin Leader","floor":25,"turns":5},{"damage":4,"enemies":"Book of Stabbing","floor":27,"turns":5},{"damage":0,"enemies":"3 Cultists","floor":29,"turns":6},{"damage":2,"enemies":"Slavers","floor":31,"turns":6},{"damage":20,"enemies":"Champ","floor":33,"turns":11},{"damage":0,"enemies":"3 Darklings","floor":35,"turns":6},{"damage":1,"enemies":"Orb Walker","floor":38,"turns":3},{"damage":4,"enemies":"3 Darklings","floor":39,"turns":6},{"damage":0,"enemies":"Reptomancer","floor":46,"turns":8},{"damage":0,"enemies":"4 Shapes","floor":47,"turns":6},{"damage":23,"enemies":"Time Eater","floor":50,"turns":15},{"damage":20,"enemies":"Shield and Spear","floor":54,"turns":11},{"damage":19,"enemies":"The Heart","floor":55,"turns":13}],"seed_played":"-3076741897338879677","potions_obtained":[{"floor":6,"key":"DuplicationPotion"},{"floor":13,"key":"Strength Potion"},{"floor":16,"key":"LiquidMemories"},{"floor":29,"key":"ColorlessPotion"},{"floor":31,"key":"Swift Potion"},{"floor":33,"key":"SteroidPotion"},{"floor":38,"key":"LiquidBronze"},{"floor":45,"key":"GhostInAJar"},{"floor":45,"key":"DuplicationPotion"}],"is_trial":false,"path_per_floor":["M","?","?","$","?","E","R","E","T","R","E","M","M","?","R","B",null,"M","$","M","?","T","E","R","E","T","E","T","M","R","E","R","B",null,"M","$","?","M","M","R","?","?","T","?","$","E","M","?","R","B",null,"R","$","E","B",null],"character_chosen":"THE_SILENT","items_purchased":["OrangePellets","Eternal Feather","Membership Card","FairyPotion","Ninja Scroll","Mercury Hourglass","Footwork","Cauldron","TwistedFunnel","Orichalcum","GhostInAJar"],"campfire_rested":2,"item_purchase_floors":[19,19,36,36,36,45,45,45,53,53,53],"current_hp_per_floor":[70,65,52,52,41,21,21,3,3,22,3,3,3,3,22,10,65,65,65,65,32,32,32,32,28,28,24,24,24,32,30,32,17,32,32,32,32,31,27,32,32,32,32,32,32,32,32,30,30,7,30,30,30,10,1],"gold":156,"neow_bonus":"RANDOM_COMMON_RELIC","is_daily":false,"chose_seed":false,"campfire_upgraded":6,"win_rate":0.0,"timestamp":1612669267,"path_taken":["M","?","?","$","?","E","R","E","T","R","E","M","?","?","R","BOSS","M","$","?","?","?","E","R","E","T","E","?","M","R","E","R","BOSS","M","$","?","M","M","R","?","?","T","?","?","E","M","?","R","BOSS","R","$","E","BOSS"],"items_purchased_type":["Relic","Relic","Relic","Potion","Relic","Relic","Card","Relic","Relic","Relic","Potion"],"build_version":"2020-12-22","purchased_purges":4,"victory":true,"max_hp_per_floor":[70,65,65,65,65,65,65,65,65,65,65,65,65,65,65,65,65,65,65,65,32,32,32,32,32,32,32,32,32,32,32,32,32,32,32,32,32,32,32,32,32,32,32,32,32,32,32,30,30,30,30,30,30,30,30],"relic_stats":{"Torii":0,"counters":[23,150],"Eternal Feather":15,"Pen Nib":[38],"Juzu Bracelet":2,"Orichalcum":[6],"Question Card":10,"Mercury Hourglass":[199],"OrangePellets":[9],"Dream Catcher":0,"Centennial Puzzle":[22],"Art of War":[3],"Kunai":[24],"obtain_stats":[{"TwistedFunnel":53,"Torii":31,"Juzu Bracelet":28,"Dream Catcher":23,"Centennial Puzzle":26,"Ninja Scroll":36,"Kunai":46,"Ring of the Snake":0,"Potion Belt":6,"Golden Idol":2,"Oddly Smooth Stone":25,"Eternal Feather":19,"Pen Nib":0,"Orichalcum":53,"Question Card":27,"Akabeko":9,"Mercury Hourglass":45,"Du-Vu Doll":54,"OrangePellets":19,"SlaversCollar":34,"Cauldron":45,"Molten Egg 2":22,"Art of War":8,"Coffee Dripper":17,"Membership Card":36,"Toy Ornithopter":11},{"TwistedFunnel":21,"Torii":14,"Juzu Bracelet":12,"Dream Catcher":10,"Centennial Puzzle":11,"Ninja Scroll":16,"Kunai":19,"Ring of the Snake":0,"Potion Belt":2,"Golden Idol":1,"Oddly Smooth Stone":11,"Eternal Feather":8,"Pen Nib":0,"Orichalcum":21,"Question Card":12,"Akabeko":3,"Mercury Hourglass":18,"Du-Vu Doll":22,"OrangePellets":8,"SlaversCollar":15,"Cauldron":18,"Molten Egg 2":9,"Art of War":3,"Coffee Dripper":7,"Membership Card":16,"Toy Ornithopter":4},{"TwistedFunnel":126,"Torii":71,"Juzu Bracelet":59,"Dream Catcher":49,"Centennial Puzzle":54,"Ninja Scroll":88,"Kunai":105,"Ring of the Snake":0,"Potion Belt":9,"Golden Idol":4,"Oddly Smooth Stone":54,"Eternal Feather":40,"Pen Nib":0,"Orichalcum":126,"Question Card":59,"Akabeko":14,"Mercury Hourglass":97,"Du-Vu Doll":137,"OrangePellets":40,"SlaversCollar":82,"Cauldron":97,"Molten Egg 2":43,"Art of War":14,"Coffee Dripper":35,"Membership Card":88,"Toy Ornithopter":22}],"Toy Ornithopter":15,"Ring of the Snake":[46]},"card_choices":[{"not_picked":["Underhanded Strike","Leg Sweep"],"picked":"Bane","floor":1},{"not_picked":["Quick Slash","Deflect"],"picked":"Poisoned Stab","floor":6},{"not_picked":["Dagger Throw","Infinite Blades"],"picked":"Quick Slash","floor":8},{"not_picked":["Night Terror","Riddle With Holes"],"picked":"Adrenaline","floor":11},{"not_picked":["Flying Knee","Cloak And Dagger","Bane"],"picked":"SKIP","floor":12},{"not_picked":["Distraction","Infinite Blades"],"picked":"Deflect","floor":13},{"not_picked":["Blade Dance","Concentrate+1","Heel Hook+1"],"picked":"SKIP","floor":18},{"not_picked":["Blur","Backflip+1"],"picked":"Well Laid Plans+1","floor":20},{"not_picked":["Dash+1","Deadly Poison"],"picked":"Terror+1","floor":23},{"not_picked":["Footwork","Blade Dance"],"picked":"Deadly Poison","floor":25},{"not_picked":["Bullet Time","Sucker Punch+1"],"picked":"Adrenaline","floor":27},{"not_picked":["Slice+1","Expertise","Choke+1"],"picked":"PiercingWail","floor":29},{"not_picked":["Quick Slash+1","Underhanded Strike+1","Cloak And Dagger"],"picked":"All Out Attack+1","floor":31},{"not_picked":["Night Terror","Doppelganger","Unload+1"],"picked":"After Image","floor":33},{"not_picked":["Dagger Spray+1","Accuracy","Deflect"],"picked":"PiercingWail+1","floor":35},{"not_picked":["Choke+1","Underhanded Strike+1","Deflect","Bane+1"],"picked":"SKIP","floor":38},{"not_picked":["Blade Dance","Slice+1","Deflect"],"picked":"Backflip","floor":39},{"not_picked":["Riddle With Holes+1","Prepared","Concentrate","Dagger Throw+1"],"picked":"SKIP","floor":46},{"not_picked":["Flechettes+1","Noxious Fumes","Slice+1","Predator+1"],"picked":"SKIP","floor":47},{"not_picked":["Dash+1","Backflip+1","Distraction"],"picked":"Deadly Poison+1","floor":54}],"player_experience":1757184,"relics_obtained":[{"floor":6,"key":"Potion Belt"},{"floor":8,"key":"Art of War"},{"floor":9,"key":"Akabeko"},{"floor":11,"key":"Toy Ornithopter"},{"floor":22,"key":"Molten Egg 2"},{"floor":23,"key":"Dream Catcher"},{"floor":25,"key":"Oddly Smooth Stone"},{"floor":26,"key":"Centennial Puzzle"},{"floor":27,"key":"Question Card"},{"floor":28,"key":"Juzu Bracelet"},{"floor":31,"key":"Torii"},{"floor":46,"key":"Kunai"},{"floor":54,"key":"Du-Vu Doll"}],"event_choices":[{"damage_healed":0,"gold_gain":0,"player_choice":"Lose Max HP","damage_taken":0,"relics_obtained":["Golden Idol"],"max_hp_gain":0,"max_hp_loss":5,"event_name":"Golden Idol","floor":2,"gold_loss":0},{"damage_healed":0,"gold_gain":0,"player_choice":"Entered Light","damage_taken":13,"max_hp_gain":0,"max_hp_loss":0,"event_name":"Shining Light","floor":3,"gold_loss":0,"cards_upgraded":["Defend_G","Strike_G"]},{"damage_healed":0,"gold_gain":75,"player_choice":"Gather Gold","damage_taken":11,"max_hp_gain":0,"max_hp_loss":0,"event_name":"World of Goop","floor":5,"gold_loss":0},{"damage_healed":0,"gold_gain":0,"player_choice":"Upgraded","damage_taken":0,"max_hp_gain":0,"max_hp_loss":0,"event_name":"Upgrade Shrine","floor":14,"gold_loss":0,"cards_upgraded":["Neutralize"]},{"damage_healed":0,"gold_gain":0,"player_choice":"Became a Ghost","damage_taken":0,"max_hp_gain":0,"max_hp_loss":33,"event_name":"Ghosts","floor":21,"gold_loss":0,"cards_obtained":["Ghostly","Ghostly","Ghostly","Ghostly","Ghostly"]},{"damage_healed":0,"gold_gain":333,"player_choice":"Gave Idol","damage_taken":0,"max_hp_gain":0,"max_hp_loss":0,"event_name":"The Moai Head","floor":37,"relics_lost":["Golden Idol"],"gold_loss":0},{"cards_removed":["Strike_G"],"damage_healed":0,"gold_gain":0,"player_choice":"Removed Attack","damage_taken":0,"max_hp_gain":0,"max_hp_loss":0,"event_name":"Falling","floor":41,"gold_loss":0},{"damage_healed":0,"gold_gain":275,"player_choice":"Desecrate","damage_taken":0,"max_hp_gain":0,"max_hp_loss":0,"event_name":"Golden Shrine","floor":42,"gold_loss":0,"cards_obtained":["Regret"]},{"damage_healed":0,"gold_gain":0,"player_choice":"Upgraded","damage_taken":0,"max_hp_gain":0,"max_hp_loss":0,"event_name":"Upgrade Shrine","floor":44,"gold_loss":0,"cards_upgraded":["Ghostly"]},{"damage_healed":0,"gold_gain":0,"player_choice":"Max HP","damage_taken":0,"max_hp_gain":0,"max_hp_loss":2,"event_name":"Winding Halls","floor":48,"gold_loss":0}],"is_beta":false,"boss_relics":[{"not_picked":["Empty Cage","Velvet Choker"],"picked":"Coffee Dripper"},{"not_picked":["Sozu","Philosopher\u0027s Stone"],"picked":"SlaversCollar"}],"items_purged_floors":[4,36,45,53],"is_endless":false,"potions_floor_spawned":[6,13,16,29,31,33,38,39],"ascension_level":1}}