{"host":"w8xisjf5mgmfjvmt","time":1612680219,"event":{"mods":["BaseMod","BetterRewards","Challenge The Spire","Conspire","Energized Spire","Filter the Spire","Minty Spire (QoL Compilation)","Quarter Circle Forward PUNCH!","Quick Restart","Relic Filter Mod","Relic Stats","Reliquary","Replay The Spire","Shop Mod","Spicy Shops","StSLib","Thieving Mod","¡¾ÒÅÎï¿¨ÅÆ¡¿REMEMod","óô»ðÖ¸ÄÏ"],"gold_per_floor":[119,119,119,44,56,56,56],"floor_reached":6,"language":"ZHS","playtime":131,"items_purged":[],"score":68,"play_id":"c8c2c096-0ad7-410c-b99e-8fddce0a64fe","local_time":"20210207144339","is_ascension_mode":true,"campfire_choices":[],"circlet_count":0,"master_deck":["AscendersBane","Zap","Dualcast","All For One","Hello World","Doom and Gloom","Rebound","Rebound","Heatsinks+1","Core Surge","Self Repair","ReplayTheSpireMod:System Scan+1","Genetic Algorithm"],"relics":["REME_ComplimentaryCards","Pandora\u0027s Box"],"acts_visited":["Exordium"],"potions_floor_usage":[],"damage_taken":[{"damage":12.0,"enemies":"Jaw Worm","floor":1.0,"turns":2.0},{"damage":6.0,"enemies":"2 Louse","floor":5.0,"turns":2.0},{"damage":40,"enemies":"3 Sentries","floor":6,"turns":4}],"seed_played":"6385798497763639942","potions_obtained":[{"floor":1.0,"key":"Dexterity Potion"}],"is_trial":false,"path_per_floor":["M","?","?","?","M","E"],"character_chosen":"DEFECT","items_purchased":[],"campfire_rested":0,"item_purchase_floors":[],"current_hp_per_floor":[52,52,52,52,53,13,13],"gold":56,"neow_bonus":"BOSS_RELIC","is_daily":false,"chose_seed":false,"campfire_upgraded":0,"win_rate":0.0,"timestamp":1612680219,"path_taken":["M","?","?","?","M","E"],"items_purchased_type":[],"build_version":"2020-12-22","purchased_purges":0,"victory":false,"max_hp_per_floor":[71,71,71,71,71,71,71],"relic_stats":{"counters":[3,8],"Pandora\u0027s Box":["All For One","Melter","Hello World","Doom and Gloom","Rebound","Rebound","Heatsinks","Hello World"],"obtain_stats":[{"Pandora\u0027s Box":0,"Cracked Core":0,"REME_ComplimentaryCards":0},{"Pandora\u0027s Box":0,"Cracked Core":0,"REME_ComplimentaryCards":0},{"Pandora\u0027s Box":0,"Cracked Core":0,"REME_ComplimentaryCards":0}]},"card_choices":[{"not_picked":["Go for the Eyes","Panic Button"],"picked":"Self Repair","floor":1.0},{"not_picked":["Cold Snap","Tempest"],"picked":"Genetic Algorithm","floor":5}],"player_experience":1301949,"relics_obtained":[],"event_choices":[{"cards_removed":["Hello World"],"damage_healed":0.0,"max_hp_gain":0.0,"max_hp_loss":0.0,"gold_gain":0.0,"event_name":"The Cleric","player_choice":"Card Removal","floor":4.0,"gold_loss":75.0,"damage_taken":0.0}],"is_beta":false,"boss_relics":[],"items_purged_floors":[],"is_endless":false,"potions_floor_spawned":[1],"killed_by":"3 Sentries","ascension_level":20}}