{"host":"KYO","time":1612699423,"event":{"mods":["ATMod(°¢èªMod)","BaseMod","Better Vampires","Minty Spire (QoL Compilation)","Permanent Neow","Replay The Spire","Shop Mod","StSLib","SuperFastMode","TestMod","[IsaacMod]ÒÔÈö¼âËþ","¡¾ÒÅÎï¿¨ÅÆ¡¿REMEMod"],"gold_per_floor":[210,220,274,324,324,324,353,353,353,388,398,417,170,196,196,275,275,286,318,122,141,159,187,187,219,242,242,258,258,258,268,268,345,345,356,368,383,366,380,411,411,441,516,306,318,348,748,762,762,762,762,762,762,196,230,230],"floor_reached":57,"language":"ZHS","playtime":3929,"items_purged":["Strike_R","Defend_R","Strike_R","Strike_R","Strike_R"],"score":2875,"play_id":"59ea254f-8942-46a4-8dde-66fd4e74def2","local_time":"20210207200343","is_ascension_mode":true,"campfire_choices":[{"data":"Bash","floor":6.0,"key":"SMITH"},{"data":"Searing Blow","floor":8.0,"key":"SMITH"},{"data":"Searing Blow+1","floor":15.0,"key":"SMITH"},{"floor":24.0,"key":"REST"},{"data":"Limit Break","floor":27.0,"key":"SMITH"},{"data":"Demonic Infusion","floor":29.0,"key":"SMITH"},{"data":"Searing Blow+2","floor":32.0,"key":"SMITH"},{"floor":41.0,"key":"RECALL"},{"data":"Heavy Blade","floor":49,"key":"SMITH"},{"data":"Offering","floor":53,"key":"SMITH"}],"circlet_count":0,"master_deck":["AscendersBane","Strike_R","Strike_R","Defend_R","Defend_R","Defend_R","Bash+1","AT_ShrugMaster","Searing Blow+3","Demonic Infusion+1","Seeing Red+1","Limit Break+1","Sword Boomerang+1","Heavy Blade+1","Offering+1"],"relics":["Burning Blood","AT_ATBox","REME_ComplimentaryCards","testmod-TestBox","PillsDrop","testmod-Hope","White Beast Statue","AT_EbonyIvory","testmod-RainbowHikingShoes","Replay:Baseball","Smiling Mask","MerchantsRug","AT_SunfireAegis","testmod-PortableAltar","Red Mask","Potion Belt","Replay:Rubber Ducky","Mummified Hand","REME_HandOfSuture","testmod-IncinerationGenerator","Strawberry","Boot","Shuriken","Medical Kit","Durian","AT_BellowingDragoncrestRing","Nunchaku","Bag of Preparation"],"acts_visited":["Exordium","TheCity","TheBeyond","TheEnding"],"potions_floor_usage":[46,56,56,56,56],"damage_taken":[{"damage":7.0,"enemies":"2 Louse","floor":1.0,"turns":4.0},{"damage":0.0,"enemies":"Cultist","floor":2.0,"turns":2.0},{"damage":8.0,"enemies":"Hiden Room Battle","floor":4.0,"turns":2.0},{"damage":0.0,"enemies":"3 Sentries","floor":7.0,"turns":8.0},{"damage":28.0,"enemies":"Lagavulin","floor":10.0,"turns":5.0},{"damage":0.0,"enemies":"Jaw Worm","floor":11.0,"turns":2.0},{"damage":6.0,"enemies":"Lots of Slimes","floor":12.0,"turns":2.0},{"damage":8.0,"enemies":"Gremlin Nob","floor":14.0,"turns":3.0},{"damage":0.0,"enemies":"Slime Boss","floor":16.0,"turns":5.0},{"damage":12.0,"enemies":"3 Byrds","floor":18.0,"turns":2.0},{"damage":38.0,"enemies":"Masked Bandits","floor":19.0,"turns":5.0},{"damage":16.0,"enemies":"Chosen","floor":21.0,"turns":4.0},{"damage":3.0,"enemies":"Centurion and Healer","floor":22.0,"turns":4.0},{"damage":23.0,"enemies":"REME_1_Revenger","floor":23.0,"turns":4.0},{"damage":5.0,"enemies":"Book of Stabbing","floor":25.0,"turns":4.0},{"damage":0.0,"enemies":"Sentry and Sphere","floor":28.0,"turns":2.0},{"damage":2.0,"enemies":"Chosen and Byrds","floor":31.0,"turns":3.0},{"damage":8.0,"enemies":"Champ","floor":33.0,"turns":5.0},{"damage":0.0,"enemies":"3 Shapes","floor":35.0,"turns":2.0},{"damage":0.0,"enemies":"3 Darklings","floor":36.0,"turns":3.0},{"damage":0.0,"enemies":"Spire Growth","floor":37.0,"turns":2.0},{"damage":0.0,"enemies":"Transient","floor":39.0,"turns":4.0},{"damage":0.0,"enemies":"R_Hoarder","floor":40.0,"turns":3.0},{"damage":0.0,"enemies":"Giant Head","floor":42.0,"turns":3.0},{"damage":0.0,"enemies":"4 Shapes","floor":45.0,"turns":3.0},{"damage":0,"enemies":"Nemesis","floor":46,"turns":1},{"damage":0,"enemies":"Sphere and 2 Shapes","floor":48,"turns":2},{"damage":0,"enemies":"Awakened One","floor":50,"turns":3},{"damage":25,"enemies":"Replay:Hell Engine","floor":51,"turns":2},{"damage":6,"enemies":"Shield and Spear","floor":55,"turns":1},{"damage":11,"enemies":"The Heart","floor":56,"turns":5}],"seed_played":"1777984246793317941","potions_obtained":[{"floor":2.0,"key":"Block Potion"},{"floor":7.0,"key":"Doom Potion"},{"floor":10.0,"key":"AttackPotion"},{"floor":11.0,"key":"Swift Potion"},{"floor":12.0,"key":"Languid Potion"},{"floor":16.0,"key":"Reflective Coating"},{"floor":19.0,"key":"Weak Potion"},{"floor":21.0,"key":"CultistPotion"},{"floor":22.0,"key":"Elixir"},{"floor":23.0,"key":"Strength Potion"},{"floor":25.0,"key":"BloodPotion"},{"floor":28.0,"key":"EssenceOfSteel"},{"floor":31.0,"key":"Energy Potion"},{"floor":33.0,"key":"SteroidPotion"},{"floor":35.0,"key":"Adrenaline Potion"},{"floor":36.0,"key":"Block Potion"},{"floor":39.0,"key":"CultistPotion"},{"floor":40.0,"key":"FearPotion"},{"floor":46,"key":"Explosive Potion"}],"is_trial":false,"path_per_floor":["M","M","?","?","?","R","E","R","T","E","M","M","$","E","R","B",null,"M","?","$","M","M","E","R","E","T","R","M","R","?","M","R","B",null,"M","M","M","$","M","E","R","E","T","$","M","E","?","M","R","B","B",null,"R","$","E","B",null],"character_chosen":"IRONCLAD","items_purchased":["MerchantsRug","Fire Potion","Potion Belt","Medical Kit","Strength Potion","FearPotion","AT_BellowingDragoncrestRing","Nunchaku"],"campfire_rested":1,"item_purchase_floors":[13,13,20,44,54,54,54,54],"current_hp_per_floor":[67,73,58,44,33,33,39,39,39,17,23,23,23,21,21,27,62,72,39,39,29,32,15,34,35,35,35,53,53,53,57,57,55,56,55,54,53,52,51,57,56,55,54,53,52,56,55,57,56,55,35,49,49,49,52,47],"gold":230,"neow_bonus":"HUNDRED_GOLD","is_daily":false,"chose_seed":false,"campfire_upgraded":8,"win_rate":0.0,"timestamp":1612699423,"path_taken":["M","M","?","?","?","R","E","R","T","E","M","M","$","E","R","BOSS","M","?","$","M","?","E","R","E","T","R","M","R","?","M","R","BOSS","M","M","?","$","?","E","R","E","T","$","M","E","?","M","R","BOSS","BOSS","R","$","E","BOSS"],"items_purchased_type":["Relic","Potion","Relic","Relic","Potion","Potion","Relic","Relic"],"build_version":"2020-12-18","purchased_purges":5,"victory":true,"max_hp_per_floor":[75,75,75,78,78,78,78,78,78,73,73,73,73,73,73,73,73,72,71,70,69,68,67,66,65,64,63,62,61,60,59,58,57,56,55,54,53,52,51,57,56,55,54,53,52,56,55,57,56,55,54,53,52,51,53,52],"card_choices":[{"not_picked":[],"picked":"Bomb","floor":0.0},{"not_picked":["AT_IchimonjiDouble","Shrug It Off"],"picked":"Bomb","floor":1.0},{"not_picked":["Armaments","AT_BodySlamDance","ReplayTheSpireMod:Strike From Hell"],"picked":"SKIP","floor":2.0},{"not_picked":["Pummel","Dark Embrace"],"picked":"Searing Blow","floor":7.0},{"not_picked":["Cleave","AT_BodySlamDance","True Grit"],"picked":"SKIP","floor":10.0},{"not_picked":["Flex","ReplayTheSpireMod:Strike From Hell","Massacre"],"picked":"SKIP","floor":11.0},{"not_picked":["Perfected Strike","Seeing Red","Sword Boomerang"],"picked":"SKIP","floor":12.0},{"not_picked":["Rage","Sword Boomerang"],"picked":"Demonic Infusion","floor":14.0},{"not_picked":["Sword Boomerang","Infernal Blade+1","Flex"],"picked":"SKIP","floor":18.0},{"not_picked":["Clash","AT_IchimonjiDouble"],"picked":"Seeing Red+1","floor":21.0},{"not_picked":["Rampage","Warcry","Wild Strike"],"picked":"SKIP","floor":22.0},{"not_picked":["Metallicize","Twin Strike+1","AT_DiedThrough"],"picked":"SKIP","floor":23.0},{"not_picked":["Pommel Strike","Twin Strike"],"picked":"Limit Break","floor":25.0},{"not_picked":["REME_SingleHolding","Headbutt","Dropkick"],"picked":"SKIP","floor":28.0},{"not_picked":["Spot Weakness","REME_SingleHolding","Perfected Strike"],"picked":"SKIP","floor":31.0},{"not_picked":["Sword Boomerang+1","Power Through+1","Disarm"],"picked":"SKIP","floor":35.0},{"not_picked":["Power Through+1","Disarm"],"picked":"Sword Boomerang+1","floor":35.0},{"not_picked":["AT_DiedThrough","ReplayTheSpireMod:Limb From Limb","AT_IchimonjiDouble+1"],"picked":"SKIP","floor":36.0},{"not_picked":["Cleave","True Grit","Shrug It Off"],"picked":"SKIP","floor":37.0},{"not_picked":["True Grit","Sentinel","Iron Wave"],"picked":"SKIP","floor":39.0},{"not_picked":["Dropkick+1","Armaments","Massacre"],"picked":"SKIP","floor":40.0},{"not_picked":["Double Tap","REME_Scribble"],"picked":"Heavy Blade","floor":42.0},{"not_picked":["Thunderclap+1","Replay:Undeath\u0027s Touch+1","Life Link+1"],"picked":"SKIP","floor":45.0},{"not_picked":["AT_ShrugMaster+1","AT_BodySlamDance"],"picked":"Offering","floor":46},{"not_picked":["Sword Boomerang","AT_BodySlamDance","Reckless Charge+1"],"picked":"SKIP","floor":48},{"not_picked":["Clothesline","Burning Pact","Inflame+1"],"picked":"SKIP","floor":55}],"player_experience":752842,"relics_obtained":[{"floor":4.0,"key":"White Beast Statue"},{"floor":4.0,"key":"AT_EbonyIvory"},{"floor":7.0,"key":"Replay:Baseball"},{"floor":10.0,"key":"Smiling Mask"},{"floor":14.0,"key":"AT_SunfireAegis"},{"floor":19.0,"key":"Red Mask"},{"floor":23.0,"key":"Replay:Rubber Ducky"},{"floor":25.0,"key":"Mummified Hand"},{"floor":26.0,"key":"REME_HandOfSuture"},{"floor":40.0,"key":"Strawberry"},{"floor":42.0,"key":"Boot"},{"floor":43.0,"key":"Shuriken"},{"floor":46,"key":"Durian"},{"floor":55,"key":"Bag of Preparation"}],"event_choices":[{"damage_healed":0.0,"max_hp_gain":0.0,"max_hp_loss":0.0,"gold_gain":0.0,"event_name":"HidenRoomEvent","player_choice":"Fight","floor":4.0,"gold_loss":0.0,"damage_taken":0.0},{"damage_healed":0.0,"max_hp_gain":0.0,"max_hp_loss":0.0,"gold_gain":0.0,"event_name":"Scrap Ooze","player_choice":"Success","floor":5.0,"gold_loss":0.0,"damage_taken":11.0,"relics_obtained":["testmod-RainbowHikingShoes"]},{"damage_healed":0.0,"max_hp_gain":0.0,"max_hp_loss":0.0,"gold_gain":0.0,"event_name":"Masked Bandits","player_choice":"Fought Bandits","floor":19.0,"gold_loss":0.0,"damage_taken":0.0},{"damage_healed":0,"gold_gain":400,"player_choice":"Sell","damage_taken":0,"max_hp_gain":0,"max_hp_loss":0,"event_name":"¶÷ÂåË¹µÄÅÌ×Ó","floor":47,"relics_lost":["HushsDoor"],"gold_loss":0}],"is_beta":true,"boss_relics":[{"not_picked":["Ring of Chaos","testmod-SaigiyounoYou"],"picked":"testmod-PortableAltar"},{"not_picked":[]},{"not_picked":["Replay:Wanted Poster","testmod-Recursion"],"picked":"testmod-IncinerationGenerator"},{"not_picked":[]}],"items_purged_floors":[13,20,38,44,54],"is_endless":false,"potions_floor_spawned":[2,7,10,11,12,14,16,18,19,21,22,23,25,28,31,33,35,36,37,39,40,42,45,46,48,55],"ascension_level":20}}