{"host":"bpnwh7vpv9k3tssc","time":1612700369,"event":{"mods":["BaseMod","Colored Map","Colored Powertips","Curses Come First","Highlight Path","Minty Spire (QoL Compilation)","Quick Restart","Random Character Button","Relic Sorter","StSLib"],"gold_per_floor":[17,31,31,51,51,51,67,67,67,67,97,97,97,23,23,117,117,140,140,140,56,56,56,89,103,103,121,171,171,171,194,194,288,288,304,317,340,5,30,74,92,92,119,119,138,159,178,228,228,228,228],"floor_reached":50,"language":"ENG","playtime":2396,"items_purged":[],"score":938,"play_id":"20f39930-680b-4987-ba39-ca49a89d2b64","local_time":"20210207131929","is_ascension_mode":true,"campfire_choices":[{"data":"Infernal Blade","floor":6.0,"key":"SMITH"},{"data":"Seeing Red","floor":8.0,"key":"SMITH"},{"data":"Armaments","floor":10.0,"key":"SMITH"},{"data":"Inflame","floor":15.0,"key":"SMITH"},{"data":"Corruption","floor":23.0,"key":"SMITH"},{"data":"Barricade","floor":29.0,"key":"SMITH"},{"data":"Metallicize","floor":32.0,"key":"SMITH"},{"floor":42,"key":"RECALL"},{"floor":49,"key":"REST"}],"circlet_count":0,"master_deck":["AscendersBane","Strike_R","Strike_R","Strike_R","Strike_R","Defend_R","Defend_R","Defend_R","Defend_R","Bash","Infernal Blade+1","Armaments+1","Shrug It Off","Seeing Red+1","Inflame+1","Corruption+1","Metallicize+1","Dark Embrace","Body Slam","Barricade+1","Rupture","Dark Embrace+1","Demon Form","CurseOfTheBell","Dual Wield+1","Heavy Blade","Rage","Power Through+1","Brutality","Fire Breathing+1","Demon Form","Power Through"],"relics":["Burning Blood","Bird Faced Urn","Golden Idol","MealTicket","Question Card","Shuriken","Snecko Eye","Art of War","Darkstone Periapt","InkBottle","Calling Bell","Lantern","Ornamental Fan","Du-Vu Doll","Membership Card","Ginger","PreservedInsect"],"acts_visited":["Exordium","TheCity","TheBeyond"],"potions_floor_usage":[39,45],"damage_taken":[{"damage":7.0,"enemies":"Jaw Worm","floor":1.0,"turns":3.0},{"damage":5.0,"enemies":"2 Louse","floor":2.0,"turns":2.0},{"damage":7.0,"enemies":"Small Slimes","floor":4.0,"turns":4.0},{"damage":2.0,"enemies":"2 Fungi Beasts","floor":7.0,"turns":4.0},{"damage":68.0,"enemies":"Slime Boss","floor":16.0,"turns":14.0},{"damage":45.0,"enemies":"3 Byrds","floor":18.0,"turns":7.0},{"damage":1.0,"enemies":"Gremlin Leader","floor":24.0,"turns":4.0},{"damage":12.0,"enemies":"Shell Parasite","floor":25.0,"turns":2.0},{"damage":23.0,"enemies":"Snake Plant","floor":27.0,"turns":5.0},{"damage":12.0,"enemies":"Shelled Parasite and Fungi","floor":31.0,"turns":4.0},{"damage":23.0,"enemies":"Champ","floor":33.0,"turns":9.0},{"damage":45,"enemies":"3 Shapes","floor":35,"turns":6},{"damage":14,"enemies":"Orb Walker","floor":36,"turns":3},{"damage":0,"enemies":"Maw","floor":37,"turns":5},{"damage":23,"enemies":"Sphere and 2 Shapes","floor":39,"turns":5},{"damage":21,"enemies":"Reptomancer","floor":40,"turns":3},{"damage":6,"enemies":"Spire Growth","floor":41,"turns":4},{"damage":71,"enemies":"Jaw Worm Horde","floor":45,"turns":5},{"damage":33,"enemies":"Writhing Mass","floor":46,"turns":5},{"damage":0,"enemies":"Maw","floor":47,"turns":5},{"damage":132,"enemies":"Awakened One","floor":50,"turns":6}],"seed_played":"-7308614783775161625","potions_obtained":[{"floor":16.0,"key":"Swift Potion"},{"floor":24.0,"key":"FearPotion"},{"floor":36,"key":"FairyPotion"},{"floor":40,"key":"ColorlessPotion"},{"floor":47,"key":"CultistPotion"}],"is_trial":false,"path_per_floor":["M","M","?","M","$","R","M","R","T","R","?","?","?","$","R","B",null,"M","?","?","$","?","R","E","M","T","M","?","R","T","M","R","B",null,"M","M","M","$","M","E","M","R","T","?","M","M","M","?","R","B"],"character_chosen":"IRONCLAD","items_purchased":["Inflame","Dark Embrace","Membership Card","Ginger"],"campfire_rested":1,"item_purchase_floors":[14,21,38,38],"current_hp_per_floor":[67,68,42,41,41,41,45,45,45,45,45,27,52,67,67,7,58,23,23,23,38,38,38,49,49,49,40,40,40,40,46,46,43,73,50,52,74,81,75,74,81,81,81,81,30,21,47,47,71,0,0],"gold":228,"neow_bonus":"ONE_RARE_RELIC","is_daily":false,"chose_seed":false,"campfire_upgraded":7,"win_rate":0.0,"timestamp":1612700369,"path_taken":["M","M","?","M","$","R","M","R","T","R","?","?","?","?","R","BOSS","M","?","?","$","?","R","E","?","T","M","?","R","?","M","R","BOSS","M","M","?","$","M","E","M","R","T","?","M","?","M","?","R","BOSS"],"items_purchased_type":["Card","Card","Relic","Relic"],"build_version":"2020-12-22","purchased_purges":0,"victory":false,"max_hp_per_floor":[75,75,75,75,75,75,75,75,75,75,75,75,75,75,75,75,75,75,75,75,75,75,75,75,75,75,75,75,75,75,75,75,75,81,81,81,81,81,81,81,81,81,81,81,81,81,81,81,81,81,81],"card_choices":[{"not_picked":["Headbutt","Warcry"],"picked":"Infernal Blade","floor":1.0},{"not_picked":["Heavy Blade","Havoc"],"picked":"Armaments","floor":2.0},{"not_picked":["Headbutt","Flame Barrier"],"picked":"Shrug It Off","floor":4.0},{"not_picked":["Shrug It Off","Offering"],"picked":"Seeing Red","floor":7.0},{"not_picked":["Fiend Fire","Juggernaut","Reaper"],"picked":"Corruption","floor":16.0},{"not_picked":["Heavy Blade","Intimidate","Combust+1"],"picked":"Metallicize","floor":18.0},{"not_picked":["Perfected Strike","Reckless Charge","Havoc"],"picked":"Body Slam","floor":24.0},{"not_picked":["Pommel Strike","Sword Boomerang","Thunderclap"],"picked":"Barricade","floor":25.0},{"not_picked":["Sword Boomerang","Clash+1","Burning Pact+1"],"picked":"Rupture","floor":27.0},{"not_picked":["Cleave","Blood for Blood","Iron Wave"],"picked":"Dark Embrace+1","floor":31.0},{"not_picked":["Impervious","Bludgeon","Offering"],"picked":"Demon Form","floor":33.0},{"not_picked":["Anger+1","Clothesline","Warcry"],"picked":"Dual Wield+1","floor":35},{"not_picked":["Second Wind","Clothesline+1","Body Slam+1"],"picked":"Heavy Blade","floor":36},{"not_picked":["Thunderclap","Anger","Twin Strike"],"picked":"Rage","floor":37},{"not_picked":["Combust+1","Corruption","True Grit"],"picked":"Power Through+1","floor":39},{"not_picked":["Headbutt","Pommel Strike","Perfected Strike+1"],"picked":"Brutality","floor":40},{"not_picked":["Anger","Bludgeon","Sword Boomerang"],"picked":"Fire Breathing+1","floor":41},{"not_picked":["Sword Boomerang","Twin Strike+1","Anger","Whirlwind"],"picked":"SKIP","floor":45},{"not_picked":["Iron Wave","Reckless Charge","Infernal Blade","Twin Strike"],"picked":"SKIP","floor":46},{"not_picked":["Thunderclap","Seeing Red","Flame Barrier"],"picked":"Power Through","floor":47}],"player_experience":363204,"relics_obtained":[{"floor":9.0,"key":"MealTicket"},{"floor":24.0,"key":"Art of War"},{"floor":26.0,"key":"Darkstone Periapt"},{"floor":30.0,"key":"InkBottle"},{"floor":34,"key":"Lantern"},{"floor":34,"key":"Ornamental Fan"},{"floor":34,"key":"Du-Vu Doll"},{"floor":40,"key":"PreservedInsect"}],"event_choices":[{"damage_healed":0.0,"max_hp_gain":0.0,"max_hp_loss":0.0,"gold_gain":0.0,"event_name":"Golden Idol","player_choice":"Take Damage","floor":3.0,"gold_loss":0.0,"damage_taken":26.0,"relics_obtained":["Golden Idol"]},{"damage_healed":0.0,"max_hp_gain":0.0,"max_hp_loss":0.0,"gold_gain":30.0,"event_name":"Dead Adventurer","player_choice":"Searched \u00272\u0027 times","floor":11.0,"gold_loss":0.0,"damage_taken":0.0,"relics_obtained":["Question Card"]},{"damage_healed":0.0,"max_hp_gain":0.0,"max_hp_loss":0.0,"gold_gain":0.0,"event_name":"Scrap Ooze","player_choice":"Success","floor":12.0,"gold_loss":0.0,"damage_taken":18.0,"relics_obtained":["Shuriken"]},{"damage_healed":25.0,"max_hp_gain":0.0,"max_hp_loss":0.0,"gold_gain":0.0,"event_name":"Big Fish","player_choice":"Banana","floor":13.0,"gold_loss":0.0,"damage_taken":0.0},{"damage_healed":0.0,"max_hp_gain":0.0,"max_hp_loss":0.0,"gold_gain":0.0,"event_name":"Vampires","player_choice":"Ignored","floor":19.0,"gold_loss":0.0,"damage_taken":0.0},{"cards_removed":["Strike_R"],"damage_healed":0.0,"max_hp_gain":0.0,"max_hp_loss":0.0,"gold_gain":0.0,"event_name":"Back to Basics","player_choice":"Elegance","floor":20.0,"gold_loss":0.0,"damage_taken":0.0},{"damage_healed":0.0,"max_hp_gain":0.0,"max_hp_loss":0.0,"gold_gain":0.0,"event_name":"Ghosts","player_choice":"Ignored","floor":22.0,"gold_loss":0.0,"damage_taken":0.0},{"damage_healed":0.0,"max_hp_gain":0.0,"max_hp_loss":0.0,"gold_gain":50.0,"event_name":"Nest","player_choice":"Stole From Cult","floor":28.0,"gold_loss":0.0,"damage_taken":0.0},{"damage_healed":0,"gold_gain":0,"player_choice":"Copied","damage_taken":0,"max_hp_gain":0,"max_hp_loss":0,"event_name":"Duplicator","floor":44,"gold_loss":0,"cards_obtained":["Demon Form"]},{"damage_healed":0,"gold_gain":50,"player_choice":"Pray","damage_taken":0,"max_hp_gain":0,"max_hp_loss":0,"event_name":"Golden Shrine","floor":48,"gold_loss":0}],"is_beta":false,"boss_relics":[{"not_picked":["Ectoplasm","Astrolabe"],"picked":"Snecko Eye"},{"not_picked":["Tiny House","Runic Cube"],"picked":"Calling Bell"}],"items_purged_floors":[],"is_endless":false,"potions_floor_spawned":[16,24,25,31,36,37,40,41,47],"killed_by":"Awakened One","ascension_level":16}}