{"host":"d5ps7ycxg96ad5ys","time":1612698532,"event":{"mods":["AchievementEnabler","BaseMod","Colored Powertips","Minty Spire (QoL Compilation)","Quick Restart","Slay-I","StSLib","The Animator"],"gold_per_floor":[113,113,124,124,134,134,161,236,259,278,290,290,290,48,48,178,178,192,116,116,136,136,136,151,186,186,186,186,186],"floor_reached":28,"language":"ZHS","playtime":1123,"items_purged":[],"score":271,"play_id":"bd756684-a6c0-4a4a-9483-493e50d56e8a","local_time":"20210207194852","is_ascension_mode":true,"campfire_choices":[{"floor":6,"key":"RECALL"},{"floor":13,"key":"REST"},{"data":"Echo Form","floor":15,"key":"SMITH"},{"data":"White Noise","floor":23,"key":"SMITH"},{"floor":27,"key":"REST"}],"circlet_count":0,"master_deck":["Zap","Dualcast","Static Discharge","Steam","Auto Shields","Echo Form+1","The Bomb","Rainbow","Loop","Scrape","Fusion","Tempest","White Noise+1","Sweeping Beam","Biased Cognition","Rebound","Glacier","Glacier","Writhe","Go for the Eyes+1","Reinforced Body+1"],"relics":["Cracked Core","NeowsBlessing","Oddly Smooth Stone","Golden Idol","Pandora\u0027s Box","Matryoshka","Bird Faced Urn","Juzu Bracelet","Dream Catcher"],"acts_visited":["Exordium","TheCity"],"potions_floor_usage":[11,21,25,25,28,28,28,28],"damage_taken":[{"damage":0,"enemies":"2 Louse","floor":1,"turns":1},{"damage":0,"enemies":"Cultist","floor":3,"turns":1},{"damage":0,"enemies":"Jaw Worm","floor":5,"turns":1},{"damage":31,"enemies":"Gremlin Nob","floor":7,"turns":5},{"damage":0,"enemies":"Lots of Slimes","floor":10,"turns":6},{"damage":9,"enemies":"3 Louse","floor":11,"turns":4},{"damage":17,"enemies":"Slime Boss","floor":16,"turns":6},{"damage":21,"enemies":"Shell Parasite","floor":18,"turns":5},{"damage":11,"enemies":"Spheric Guardian","floor":21,"turns":3},{"damage":19,"enemies":"Chosen and Byrds","floor":24,"turns":8},{"damage":7,"enemies":"Book of Stabbing","floor":25,"turns":5},{"damage":52,"enemies":"Slavers","floor":28,"turns":7}],"seed_played":"-7317322767725502263","potions_obtained":[{"floor":2,"key":"PotionOfCapacity"},{"floor":2,"key":"FocusPotion"},{"floor":2,"key":"SkillPotion"},{"floor":11,"key":"CultistPotion"},{"floor":25,"key":"EntropicBrew"}],"is_trial":false,"path_per_floor":["M","?","M","?","M","R","E","?","T","M","M","?","R","$","R","B",null,"M","$","?","M","?","R","M","E","T","R","E"],"character_chosen":"DEFECT","items_purchased":["Echo Form","The Bomb","Glacier"],"campfire_rested":2,"item_purchase_floors":[14,14,19],"current_hp_per_floor":[75,75,75,60,60,60,29,18,18,18,9,9,31,31,31,14,75,54,54,54,43,43,43,24,17,17,39,0,0],"gold":186,"neow_bonus":"THREE_ENEMY_KILL","is_daily":false,"chose_seed":false,"campfire_upgraded":2,"win_rate":0.0,"timestamp":1612698532,"path_taken":["M","?","?","?","M","R","E","?","T","M","M","?","R","$","R","BOSS","M","$","?","?","?","R","M","E","T","R","E"],"items_purchased_type":["Card","Card","Card"],"build_version":"2020-12-22","purchased_purges":0,"victory":false,"max_hp_per_floor":[75,75,75,75,75,75,75,75,75,75,75,75,75,75,75,75,75,75,75,75,75,75,75,75,75,75,75,75,75],"card_choices":[{"not_picked":["Beam Cell","Reinforced Body"],"picked":"Static Discharge","floor":1},{"not_picked":["Go for the Eyes","Aggregate"],"picked":"Steam","floor":3},{"not_picked":["Redo","Doom and Gloom"],"picked":"Auto Shields","floor":5},{"not_picked":["Cold Snap","Hyperbeam","Storm"],"picked":"SKIP","floor":7},{"not_picked":["Redo","Lockon","Streamline"],"picked":"SKIP","floor":10},{"not_picked":["Cold Snap","Ball Lightning","Go for the Eyes"],"picked":"SKIP","floor":11},{"not_picked":["Echo Form","Machine Learning"],"picked":"Rainbow","floor":16},{"not_picked":["Gash","Darkness","Ball Lightning"],"picked":"SKIP","floor":18},{"not_picked":["Darkness+1","Sunder"],"picked":"Glacier","floor":21},{"not_picked":["Reprogram","Compile Driver"],"picked":"Go for the Eyes+1","floor":24},{"not_picked":["Scrape+1","Rebound","Reprogram"],"picked":"SKIP","floor":25},{"not_picked":["Steam Power","Gash"],"picked":"Reinforced Body+1","floor":27}],"player_experience":331345,"relics_obtained":[{"floor":7,"key":"Oddly Smooth Stone"},{"floor":25,"key":"Bird Faced Urn"},{"floor":26,"key":"Juzu Bracelet"},{"floor":26,"key":"Dream Catcher"}],"event_choices":[{"damage_healed":0,"gold_gain":0,"player_choice":"Got Potions","damage_taken":0,"max_hp_gain":0,"max_hp_loss":0,"event_name":"Lab","floor":2,"gold_loss":0},{"damage_healed":0,"gold_gain":0,"player_choice":"Entered Light","damage_taken":15,"max_hp_gain":0,"max_hp_loss":0,"event_name":"Shining Light","floor":4,"gold_loss":0,"cards_upgraded":["Strike_B","Defend_B"]},{"damage_healed":0,"gold_gain":75,"player_choice":"Gather Gold","damage_taken":11,"max_hp_gain":0,"max_hp_loss":0,"event_name":"World of Goop","floor":8,"gold_loss":0},{"damage_healed":0,"gold_gain":0,"player_choice":"Take Wound","damage_taken":0,"relics_obtained":["Golden Idol"],"max_hp_gain":0,"max_hp_loss":0,"event_name":"Golden Idol","floor":12,"gold_loss":0,"cards_obtained":["Injury"]},{"cards_removed":["Injury"],"damage_healed":0,"gold_gain":0,"player_choice":"Purged","damage_taken":0,"max_hp_gain":0,"max_hp_loss":0,"event_name":"Purifier","floor":20,"gold_loss":0},{"damage_healed":0,"gold_gain":0,"player_choice":"Opened","damage_taken":0,"relics_obtained":["Matryoshka"],"max_hp_gain":0,"max_hp_loss":0,"event_name":"The Mausoleum","floor":22,"gold_loss":0,"cards_obtained":["Writhe"]}],"is_beta":false,"boss_relics":[{"not_picked":["FrozenCore","Coffee Dripper"],"picked":"Pandora\u0027s Box"}],"items_purged_floors":[],"is_endless":false,"potions_floor_spawned":[3,11,16,18,25],"killed_by":"Slavers","ascension_level":3}}