{"host":"a1eatafr7pisesky","time":1612679145,"event":{"mods":["AchievementEnabler","BaseMod","Colored Map","Keyboard Shortcuts","Minty Spire (QoL Compilation)","Say the Spire","StSLib","SuperFastMode","everything is the same but u backflip on backflip"],"gold_per_floor":[367,367,367,382,217,251,251,286,286,286,236,256,79,114,114,188,188,199,199,213,88,88,88,121,138,138,138,138,164,164,206,206,287,287,303,366,416,476,225,225,239,278,278,305,305,355,405,415,415,415,415,415,48,89,89,89],"floor_reached":55,"language":"KOR","playtime":1420,"items_purged":["Strike_P","Strike_P","Defend_P","Vigilance"],"score":1465,"play_id":"a9e73278-f734-456d-bf6c-bb5cefc503ed","local_time":"20210207152545","is_ascension_mode":true,"campfire_choices":[{"floor":7.0,"key":"REST"},{"data":"Eruption","floor":10.0,"key":"SMITH"},{"data":"MentalFortress","floor":15.0,"key":"SMITH"},{"data":"Scrawl","floor":23.0,"key":"SMITH"},{"data":"TalkToTheHand","floor":28.0,"key":"SMITH"},{"data":"BowlingBash","floor":32.0,"key":"SMITH"},{"data":"Ragnarok","floor":40.0,"key":"SMITH"},{"data":"InnerPeace","floor":45.0,"key":"SMITH"},{"floor":49.0,"key":"RECALL"},{"data":"MentalFortress","floor":52.0,"key":"SMITH"}],"circlet_count":0,"master_deck":["AscendersBane","Eruption+1","BowlingBash+1","Wallop","TalkToTheHand+1","TalkToTheHand","MentalFortress+1","Scrawl+1","InnerPeace+1","EmptyFist","Ragnarok+1","MentalFortress+1","Fasting2","Adaptation"],"relics":["PureWater","StrikeDummy","Bronze Scales","Meat on the Bone","Yang","Philosopher\u0027s Stone","Akabeko","Bottled Flame","CeramicFish","SsserpentHead","Orichalcum","SlaversCollar","Mercury Hourglass","TeardropLocket","Ornamental Fan","Bag of Preparation"],"acts_visited":["Exordium","TheCity","TheBeyond","TheEnding"],"potions_floor_usage":[55,55,55],"damage_taken":[{"damage":6.0,"enemies":"2 Louse","floor":1.0,"turns":2.0},{"damage":0.0,"enemies":"Small Slimes","floor":4.0,"turns":2.0},{"damage":12.0,"enemies":"Gremlin Nob","floor":6.0,"turns":3.0},{"damage":12.0,"enemies":"3 Sentries","floor":8.0,"turns":7.0},{"damage":0.0,"enemies":"Jaw Worm","floor":12.0,"turns":3.0},{"damage":0.0,"enemies":"Gremlin Nob","floor":14.0,"turns":3.0},{"damage":16.0,"enemies":"Slime Boss","floor":16.0,"turns":9.0},{"damage":3.0,"enemies":"Chosen","floor":18.0,"turns":4.0},{"damage":9.0,"enemies":"2 Thieves","floor":20.0,"turns":4.0},{"damage":0.0,"enemies":"Book of Stabbing","floor":24.0,"turns":5.0},{"damage":5.0,"enemies":"Shelled Parasite and Fungi","floor":25.0,"turns":3.0},{"damage":5.0,"enemies":"Slavers","floor":29.0,"turns":5.0},{"damage":19.0,"enemies":"Gremlin Leader","floor":31.0,"turns":5.0},{"damage":5.0,"enemies":"Automaton","floor":33.0,"turns":6.0},{"damage":0.0,"enemies":"3 Shapes","floor":35.0,"turns":3.0},{"damage":14.0,"enemies":"3 Darklings","floor":36.0,"turns":3.0},{"damage":32.0,"enemies":"4 Shapes","floor":38.0,"turns":4.0},{"damage":9.0,"enemies":"Sphere and 2 Shapes","floor":41.0,"turns":3.0},{"damage":0.0,"enemies":"Giant Head","floor":42.0,"turns":6.0},{"damage":0.0,"enemies":"Reptomancer","floor":44.0,"turns":4.0},{"damage":0.0,"enemies":"Transient","floor":48.0,"turns":5.0},{"damage":15.0,"enemies":"Time Eater","floor":50.0,"turns":7.0},{"damage":10.0,"enemies":"Shield and Spear","floor":54.0,"turns":3.0},{"damage":64,"enemies":"The Heart","floor":55,"turns":8}],"seed_played":"-1539448884372236069","potions_obtained":[{"floor":1.0,"key":"Swift Potion"},{"floor":4.0,"key":"Weak Potion"},{"floor":20.0,"key":"LiquidMemories"},{"floor":29.0,"key":"BlessingOfTheForge"},{"floor":31.0,"key":"Fire Potion"},{"floor":41.0,"key":"Strength Potion"}],"is_trial":false,"path_per_floor":["M","?","?","M","$","E","R","E","T","R","?","M","$","E","R","B",null,"M","?","M","$","?","R","E","M","T","?","R","E","?","E","R","B",null,"M","M","?","M","$","R","M","E","T","E","R","?","?","M","R","B",null,"R","$","E","B"],"character_chosen":"WATCHER","items_purchased":["BowlingBash","Wallop","MentalFortress","FairyPotion","Fasting2","EntropicBrew","Ornamental Fan"],"campfire_rested":1,"item_purchase_floors":[5,5,13,39,53,53,53],"current_hp_per_floor":[37,37,23,23,23,11,31,19,19,19,19,31,31,43,43,39,61,58,58,49,49,49,49,49,44,44,44,44,39,39,32,32,39,61,61,47,47,27,27,27,30,42,42,42,42,42,42,42,42,39,61,61,61,51,16,16],"gold":89,"neow_bonus":"TWO_FIFTY_GOLD","is_daily":false,"chose_seed":false,"campfire_upgraded":8,"win_rate":0.0,"timestamp":1612679145,"path_taken":["M","?","?","M","$","E","R","E","T","R","?","?","$","E","R","BOSS","M","?","M","$","?","R","E","M","T","?","R","E","?","E","R","BOSS","M","?","?","?","$","R","M","E","T","E","R","?","?","M","R","BOSS","R","$","E","BOSS"],"items_purchased_type":["Card","Card","Card","Potion","Card","Potion","Relic"],"build_version":"2020-12-22","purchased_purges":4,"victory":false,"max_hp_per_floor":[68,68,68,68,68,68,68,68,68,68,68,68,68,68,68,68,68,68,68,68,68,68,68,68,68,68,68,68,68,68,68,68,68,68,68,68,68,68,68,68,68,68,68,68,68,68,68,68,68,68,68,68,68,68,68,68],"card_choices":[{"not_picked":["WindmillStrike","Halt","BattleHymn"],"picked":"SKIP","floor":1.0},{"not_picked":["JustLucky","Evaluate","Conclude"],"picked":"SKIP","floor":4.0},{"not_picked":["WheelKick","CutThroughFate"],"picked":"TalkToTheHand","floor":6.0},{"not_picked":["CrushJoints","DeceiveReality"],"picked":"TalkToTheHand","floor":8.0},{"not_picked":["JustLucky","Halt","MasterReality"],"picked":"SKIP","floor":12.0},{"not_picked":["Evaluate","Pray","Crescendo"],"picked":"SKIP","floor":14.0},{"not_picked":["Vault","Alpha"],"picked":"Scrawl","floor":16.0},{"not_picked":["CrushJoints+1","SashWhip","Evaluate"],"picked":"SKIP","floor":18.0},{"not_picked":["FlurryOfBlows","Collect+1"],"picked":"InnerPeace","floor":20.0},{"not_picked":["Evaluate+1","ClearTheMind","FollowUp"],"picked":"SKIP","floor":24.0},{"not_picked":["Crescendo","Wireheading","CutThroughFate"],"picked":"SKIP","floor":25.0},{"not_picked":["ClearTheMind","TalkToTheHand","Wish"],"picked":"SKIP","floor":29.0},{"not_picked":["SpiritShield","Evaluate"],"picked":"EmptyFist","floor":31.0},{"not_picked":["Omniscience","DevaForm"],"picked":"Ragnarok","floor":33.0},{"not_picked":["FollowUp","Crescendo","EmptyFist"],"picked":"SKIP","floor":35.0},{"not_picked":["FlurryOfBlows","CarveReality","Protect"],"picked":"SKIP","floor":36.0},{"not_picked":["Prostrate+1","FlyingSleeves","Collect"],"picked":"SKIP","floor":38.0},{"not_picked":["SignatureMove","PathToVictory","FlurryOfBlows"],"picked":"SKIP","floor":41.0},{"not_picked":["ClearTheMind","PathToVictory+1"],"picked":"MentalFortress","floor":42.0},{"not_picked":["SashWhip","Halt","ReachHeaven"],"picked":"SKIP","floor":44.0},{"not_picked":["Wish","CrushJoints+1","DeceiveReality+1"],"picked":"SKIP","floor":48.0},{"not_picked":["Fasting2","ClearTheMind+1"],"picked":"Adaptation","floor":54.0}],"player_experience":417123,"relics_obtained":[{"floor":6.0,"key":"StrikeDummy"},{"floor":8.0,"key":"Bronze Scales"},{"floor":9.0,"key":"Meat on the Bone"},{"floor":14.0,"key":"Yang"},{"floor":24.0,"key":"Akabeko"},{"floor":26.0,"key":"Bottled Flame"},{"floor":29.0,"key":"CeramicFish"},{"floor":31.0,"key":"Orichalcum"},{"floor":42.0,"key":"Mercury Hourglass"},{"floor":44.0,"key":"TeardropLocket"},{"floor":54.0,"key":"Bag of Preparation"}],"event_choices":[{"cards_removed":["Defend_P"],"damage_healed":0.0,"max_hp_gain":0.0,"max_hp_loss":0.0,"gold_gain":0.0,"event_name":"Living Wall","player_choice":"Forget","floor":2.0,"gold_loss":0.0,"damage_taken":0.0},{"damage_healed":0.0,"max_hp_gain":0.0,"max_hp_loss":0.0,"gold_gain":0.0,"event_name":"Shining Light","player_choice":"Entered Light","floor":3.0,"gold_loss":0.0,"damage_taken":14.0,"cards_upgraded":["Defend_P","Strike_P"]},{"cards_removed":["Defend_P"],"damage_healed":0.0,"max_hp_gain":0.0,"max_hp_loss":0.0,"gold_gain":0.0,"event_name":"The Cleric","player_choice":"Card Removal","floor":11.0,"gold_loss":50.0,"damage_taken":0.0},{"damage_healed":0.0,"max_hp_gain":0.0,"max_hp_loss":0.0,"gold_gain":0.0,"event_name":"The Mausoleum","player_choice":"Ignored","floor":19.0,"gold_loss":0.0,"damage_taken":0.0},{"damage_healed":0.0,"max_hp_gain":0.0,"max_hp_loss":0.0,"gold_gain":0.0,"event_name":"Vampires","player_choice":"Ignored","floor":22.0,"gold_loss":0.0,"damage_taken":0.0},{"cards_removed":["Strike_P"],"damage_healed":0.0,"max_hp_gain":0.0,"max_hp_loss":0.0,"gold_gain":0.0,"event_name":"Back to Basics","player_choice":"Elegance","floor":27.0,"gold_loss":0.0,"damage_taken":0.0},{"damage_healed":0.0,"max_hp_gain":0.0,"max_hp_loss":0.0,"gold_gain":0.0,"event_name":"FaceTrader","player_choice":"Trade","floor":30.0,"gold_loss":0.0,"damage_taken":0.0,"relics_obtained":["SsserpentHead"]},{"cards_removed":["Defend_P"],"damage_healed":0.0,"max_hp_gain":0.0,"max_hp_loss":0.0,"gold_gain":0.0,"event_name":"Purifier","player_choice":"Purged","floor":37.0,"gold_loss":0.0,"damage_taken":0.0},{"cards_removed":["Strike_P"],"damage_healed":0.0,"max_hp_gain":0.0,"max_hp_loss":0.0,"gold_gain":0.0,"event_name":"Falling","player_choice":"Removed Attack","floor":46.0,"gold_loss":0.0,"damage_taken":0.0},{"damage_healed":0.0,"max_hp_gain":0.0,"max_hp_loss":0.0,"gold_gain":0.0,"event_name":"Tomb of Lord Red Mask","player_choice":"Ignored","floor":47.0,"gold_loss":0.0,"damage_taken":0.0}],"is_beta":false,"boss_relics":[{"not_picked":["Velvet Choker","Cursed Key"],"picked":"Philosopher\u0027s Stone"},{"not_picked":["Fusion Hammer","Tiny House"],"picked":"SlaversCollar"}],"items_purged_floors":[5,13,21,39],"is_endless":false,"potions_floor_spawned":[1,4,20,29,31,33,41,42,48,54],"killed_by":"The Heart","ascension_level":14}}