{"host":"vyjryxuuuxkt43k4","time":1612712542,"event":{"mods":["AchievementEnabler","BaseMod","Colored Map","DeckTracker","Keyboard Shortcuts","Minty Spire (QoL Compilation)","Permanent Neow","Quick Restart","StSLib","SuperFastMode","everything is the same but u backflip on backflip"],"gold_per_floor":[114,131,206,131,16,16,66,66,66,92,92,117,117,127,127,205,205,220,220,230,230,240,240,267,286,310,310,345,21,47,60,60,137,137,153,153,166,181,181,181,192,260,286,286,302,328,345,378,378,378,378,378,8,34,34],"floor_reached":56,"language":"KOR","playtime":3830,"items_purged":["Defend_B","Barrage"],"score":2289,"play_id":"5306227c-1e4d-48c2-8c35-bad99cd4bffe","local_time":"20210208004222","is_ascension_mode":true,"campfire_choices":[{"data":"Defragment","floor":6.0,"key":"SMITH"},{"data":"Zap","floor":8.0,"key":"SMITH"},{"data":"Seek","floor":11.0,"key":"SMITH"},{"floor":13.0,"key":"REST"},{"data":"Dualcast","floor":15.0,"key":"SMITH"},{"data":"Skim","floor":23.0,"key":"SMITH"},{"data":"Heatsinks","floor":27.0,"key":"SMITH"},{"data":"Recycle","floor":32.0,"key":"SMITH"},{"data":"Fusion","floor":40.0,"key":"SMITH"},{"data":"Turbo","floor":44.0,"key":"SMITH"},{"floor":49.0,"key":"RECALL"},{"data":"Coolheaded","floor":52.0,"key":"SMITH"}],"circlet_count":0,"master_deck":["AscendersBane","Defend_B","Defend_B","Zap+1","Dualcast+1","Electrodynamics","Core Surge","Heatsinks+1","Skim+1","Defragment+1","Glacier","Seek+1","Compile Driver","Seek","Hologram","Beam Cell","Self Repair","Ball Lightning","Ball Lightning","Recycle+1","Fusion+1","Meteor Strike","Finesse","Impatience","Master of Strategy","Static Discharge+1","Compile Driver+1","Turbo+1","Coolheaded+1","Turbo+1","Stack+1","Enlightenment"],"relics":["Cracked Core","Centennial Puzzle","PreservedInsect","Sozu","Strawberry","DataDisk","Mummified Hand","Runic Capacitor","Tiny Chest","Runic Pyramid","Letter Opener","Blood Vial","Lizard Tail","Regal Pillow","Bronze Scales","Oddly Smooth Stone"],"acts_visited":["Exordium","TheCity","TheBeyond","TheEnding"],"potions_floor_usage":[],"damage_taken":[{"damage":11.0,"enemies":"Jaw Worm","floor":1.0,"turns":4.0},{"damage":2.0,"enemies":"2 Louse","floor":2.0,"turns":2.0},{"damage":6.0,"enemies":"Lagavulin","floor":10.0,"turns":6.0},{"damage":24.0,"enemies":"Gremlin Nob","floor":12.0,"turns":4.0},{"damage":1.0,"enemies":"Cultist","floor":14.0,"turns":3.0},{"damage":0.0,"enemies":"The Guardian","floor":16.0,"turns":16.0},{"damage":6.0,"enemies":"Shell Parasite","floor":18.0,"turns":5.0},{"damage":2.0,"enemies":"2 Thieves","floor":20.0,"turns":3.0},{"damage":21.0,"enemies":"Centurion and Healer","floor":22.0,"turns":7.0},{"damage":18.0,"enemies":"Gremlin Leader","floor":24.0,"turns":5.0},{"damage":11.0,"enemies":"Snecko","floor":25.0,"turns":4.0},{"damage":9.0,"enemies":"Book of Stabbing","floor":28.0,"turns":3.0},{"damage":10.0,"enemies":"Gremlin Leader","floor":30.0,"turns":3.0},{"damage":0.0,"enemies":"Snake Plant","floor":31.0,"turns":3.0},{"damage":1.0,"enemies":"Collector","floor":33.0,"turns":5.0},{"damage":5.0,"enemies":"3 Darklings","floor":35.0,"turns":3.0},{"damage":0.0,"enemies":"3 Shapes","floor":37.0,"turns":2.0},{"damage":0.0,"enemies":"Jaw Worm Horde","floor":38.0,"turns":1.0},{"damage":0.0,"enemies":"Sphere and 2 Shapes","floor":41.0,"turns":3.0},{"damage":13.0,"enemies":"Transient","floor":45.0,"turns":6.0},{"damage":12.0,"enemies":"Nemesis","floor":46.0,"turns":3.0},{"damage":0.0,"enemies":"Maw","floor":47.0,"turns":5.0},{"damage":0.0,"enemies":"Reptomancer","floor":48.0,"turns":2.0},{"damage":10.0,"enemies":"Donu and Deca","floor":50.0,"turns":6.0},{"damage":0.0,"enemies":"Shield and Spear","floor":54.0,"turns":2.0},{"damage":59,"enemies":"The Heart","floor":55,"turns":8}],"seed_played":"-4752607668975354784","potions_obtained":[{"floor":12.0,"key":"Fruit Juice"},{"floor":16.0,"key":"AttackPotion"}],"is_trial":false,"path_per_floor":["M","M","?","?","$","R","?","R","T","E","R","E","R","M","R","B",null,"M","?","M","?","M","R","E","M","T","R","E","$","E","M","R","B",null,"M","?","M","M","?","R","M","T","T","R","M","E","M","E","R","B",null,"R","$","E","B",null],"character_chosen":"DEFECT","items_purchased":["Defragment","Glacier","Runic Capacitor","Recycle","Enlightenment","Bronze Scales"],"campfire_rested":1,"item_purchase_floors":[5,5,29,29,53,53],"current_hp_per_floor":[53,51,40,40,40,40,40,40,40,34,34,15,35,34,34,34,60,54,54,52,79,65,65,61,57,57,57,55,55,52,59,59,65,81,83,73,80,80,80,80,86,86,86,86,80,77,86,86,86,83,85,85,85,86,34],"gold":34,"neow_bonus":"TRANSFORM_TWO_CARDS","is_daily":false,"chose_seed":false,"campfire_upgraded":10,"win_rate":0.0,"timestamp":1612712542,"path_taken":["M","M","?","?","$","R","?","R","T","E","R","E","R","?","R","BOSS","M","?","M","?","M","R","E","?","T","R","E","$","E","M","R","BOSS","M","?","M","M","?","R","?","?","T","R","M","E","M","E","R","BOSS","R","$","E","BOSS"],"items_purchased_type":["Card","Card","Relic","Card","Card","Relic"],"build_version":"2020-12-22","purchased_purges":2,"victory":true,"max_hp_per_floor":[64,64,64,64,64,64,64,64,64,64,64,69,69,69,69,69,69,69,69,69,79,79,79,86,86,86,86,86,86,86,86,86,86,86,86,86,86,86,86,86,86,86,86,86,86,86,86,86,86,86,86,86,86,86,86],"card_choices":[{"not_picked":["Stack","Rebound"],"picked":"Heatsinks","floor":1.0},{"not_picked":["Blizzard","Reinforced Body"],"picked":"Skim","floor":2.0},{"not_picked":["Stack","Redo"],"picked":"Seek","floor":10.0},{"not_picked":["Hologram","Loop"],"picked":"Compile Driver","floor":12.0},{"not_picked":["Steam Power","Leap"],"picked":"Cold Snap","floor":14.0},{"not_picked":["Buffer","Fission"],"picked":"Seek","floor":16.0},{"not_picked":["Rip and Tear","Scrape"],"picked":"Hologram","floor":18.0},{"not_picked":["Hello World+1","Sweeping Beam"],"picked":"Self Repair","floor":20.0},{"not_picked":["Rebound","Sunder"],"picked":"Ball Lightning","floor":22.0},{"not_picked":["Gash","Leap"],"picked":"Ball Lightning","floor":24.0},{"not_picked":["Steam","Storm","Go for the Eyes"],"picked":"SKIP","floor":25.0},{"not_picked":["Ball Lightning","Beam Cell","Streamline"],"picked":"SKIP","floor":28.0},{"not_picked":["Seek","Rebound"],"picked":"Fusion","floor":30.0},{"not_picked":["Genetic Algorithm","Cold Snap"],"picked":"Barrage","floor":31.0},{"not_picked":["Hyperbeam","Electrodynamics"],"picked":"Meteor Strike","floor":33.0},{"not_picked":["Streamline+1","Recycle","Steam"],"picked":"SKIP","floor":35.0},{"not_picked":["Trip","Forethought"],"picked":"Finesse","floor":36.0},{"not_picked":["Forethought","Flash of Steel"],"picked":"Impatience","floor":36.0},{"not_picked":["Discovery","The Bomb"],"picked":"Master of Strategy","floor":36.0},{"not_picked":["Sweeping Beam","Streamline"],"picked":"Static Discharge+1","floor":37.0},{"not_picked":["Doom and Gloom","Streamline+1"],"picked":"Compile Driver+1","floor":38.0},{"not_picked":["Hologram","Redo"],"picked":"Turbo","floor":41.0},{"not_picked":["Streamline+1","Hologram"],"picked":"Coolheaded","floor":45.0},{"not_picked":["Cold Snap","Rainbow"],"picked":"Turbo+1","floor":46.0},{"not_picked":["Recycle","Compile Driver"],"picked":"Stack+1","floor":47.0},{"not_picked":["Hyperbeam","Steam Power","Steam"],"picked":"SKIP","floor":48.0},{"not_picked":["Barrage","Ball Lightning","Leap"],"picked":"SKIP","floor":54.0}],"player_experience":819701,"relics_obtained":[{"floor":10.0,"key":"Centennial Puzzle"},{"floor":12.0,"key":"PreservedInsect"},{"floor":24.0,"key":"Strawberry"},{"floor":26.0,"key":"DataDisk"},{"floor":28.0,"key":"Mummified Hand"},{"floor":30.0,"key":"Tiny Chest"},{"floor":42.0,"key":"Letter Opener"},{"floor":43.0,"key":"Blood Vial"},{"floor":46.0,"key":"Lizard Tail"},{"floor":48.0,"key":"Regal Pillow"},{"floor":54.0,"key":"Oddly Smooth Stone"}],"event_choices":[{"damage_healed":0.0,"max_hp_gain":0.0,"max_hp_loss":0.0,"gold_gain":75.0,"event_name":"World of Goop","player_choice":"Gather Gold","floor":3.0,"gold_loss":0.0,"damage_taken":11.0},{"cards_removed":["Strike_B"],"damage_healed":0.0,"max_hp_gain":0.0,"max_hp_loss":0.0,"gold_gain":0.0,"event_name":"The Cleric","player_choice":"Card Removal","floor":4.0,"gold_loss":75.0,"damage_taken":0.0},{"damage_healed":0.0,"max_hp_gain":0.0,"max_hp_loss":0.0,"gold_gain":50.0,"event_name":"Golden Shrine","player_choice":"Pray","floor":7.0,"gold_loss":0.0,"damage_taken":0.0},{"damage_healed":0.0,"max_hp_gain":0.0,"max_hp_loss":0.0,"gold_gain":0.0,"cards_transformed":["Strike_B","Strike_B"],"event_name":"Drug Dealer","player_choice":"Became Test Subject","floor":19.0,"gold_loss":0.0,"damage_taken":0.0,"cards_obtained":["Beam Cell","Meteor Strike"]},{"cards_removed":["Meteor Strike"],"damage_healed":17.0,"max_hp_gain":10.0,"max_hp_loss":0.0,"gold_gain":0.0,"event_name":"Bonfire Elementals","player_choice":"Offered Rare","floor":21.0,"gold_loss":0.0,"damage_taken":0.0},{"damage_healed":0.0,"max_hp_gain":0.0,"max_hp_loss":0.0,"gold_gain":0.0,"event_name":"SensoryStone","player_choice":"Memory 3","floor":36.0,"gold_loss":0.0,"damage_taken":10.0},{"cards_removed":["Cold Snap"],"damage_healed":0.0,"max_hp_gain":0.0,"max_hp_loss":0.0,"gold_gain":0.0,"event_name":"Falling","player_choice":"Removed Attack","floor":39.0,"gold_loss":0.0,"damage_taken":0.0}],"is_beta":false,"boss_relics":[{"not_picked":["Coffee Dripper","Velvet Choker"],"picked":"Sozu"},{"not_picked":["Fusion Hammer","Cursed Key"],"picked":"Runic Pyramid"}],"items_purged_floors":[29,53],"is_endless":false,"potions_floor_spawned":[12,16,18,25,31,33,37,38,46],"ascension_level":18}}