{"host":"ttx8tv95o5vka1nm","time":1612661954,"event":{"mods":["AchievementEnabler","BaseMod","Colored Map","Evolution","Infinite Spire","Minty Spire (QoL Compilation)","Relic Filter Mod","Reliquary","Robot Space Explorer","Shop Mod","Spicy Shops","StSLib","The Bug Knight","The Cursed","The Forsaken","The Hierophant","The Runesmith","TheBandit"],"gold_per_floor":[109,36,36,70,99,139,168,173,173,207,207,282,282,19,19,0,0],"floor_reached":16,"language":"ENG","playtime":1381,"items_purged":["hierophant:Strike_Hierophant"],"score":102,"play_id":"4ef4bae9-0886-4a9c-8e3f-af1261da67d3","local_time":"20210207113914","is_ascension_mode":false,"campfire_choices":[{"floor":11,"key":"REST"},{"floor":13,"key":"REST"},{"data":"hierophant:Punish","floor":15,"key":"SMITH"}],"circlet_count":0,"master_deck":["hierophant:Strike_Hierophant","hierophant:Strike_Hierophant","hierophant:Strike_Hierophant","hierophant:Punish+1","hierophant:Defend_Hierophant","hierophant:Defend_Hierophant","hierophant:Defend_Hierophant","hierophant:Defend_Hierophant","hierophant:ChurchCoffers+1","hierophant:OrnateJavelin+1","hierophant:CursedGold","hierophant:Doubloon","hierophant:Batter","hierophant:RepressedViolence+1","hierophant:Bribe","hierophant:Zeal","hierophant:Doubloon","hierophant:ConvertCurrency","hierophant:AuricBeam","hierophant:ThreeLashes"],"relics":["hierophant:PropheticMaskRelic","EVO:Axolotl","NeowsBlessing","reliquary:Buckler","Calipers","ClockworkSouvenir"],"acts_visited":["Exordium"],"potions_floor_usage":[6,7],"damage_taken":[{"damage":0,"enemies":"Cultist","floor":1,"turns":1},{"damage":0,"enemies":"Small Slimes","floor":4,"turns":1},{"damage":0,"enemies":"Jaw Worm","floor":5,"turns":1},{"damage":54,"enemies":"Lagavulin","floor":6,"turns":9},{"damage":0,"enemies":"Exordium Wildlife","floor":7,"turns":2},{"damage":18,"enemies":"Blue Slaver","floor":8,"turns":4},{"damage":0,"enemies":"2 Fungi Beasts","floor":10,"turns":3},{"damage":40,"enemies":"Hexaghost","floor":16,"turns":11}],"seed_played":"-4606685018965919757","potions_obtained":[{"floor":4,"key":"DuplicationPotion"},{"floor":6,"key":"Fire Potion"}],"is_trial":false,"path_per_floor":["M","$","?","M","M","E","M","M","T","M","R","?","R","$","R","B"],"character_chosen":"HIEROPHANT","items_purchased":["hierophant:CursedGold","ClockworkSouvenir","hierophant:ThreeLashes"],"campfire_rested":2,"item_purchase_floors":[2,14,14],"current_hp_per_floor":[75,75,75,75,75,21,21,3,3,3,25,18,40,40,40,0,0],"gold":0,"neow_bonus":"THREE_ENEMY_KILL","is_daily":false,"chose_seed":false,"campfire_upgraded":1,"win_rate":0.0,"timestamp":1612661954,"path_taken":["M","$","?","?","M","E","M","M","T","M","R","?","R","$","R","BOSS"],"items_purchased_type":["Card","Relic","Card"],"build_version":"2020-12-22","purchased_purges":1,"victory":false,"max_hp_per_floor":[75,75,75,75,75,75,75,75,75,75,75,75,75,75,75,75,75],"card_choices":[{"not_picked":["hierophant:RecallFunds","hierophant:ThreeLashes"],"picked":"hierophant:OrnateJavelin","floor":1},{"not_picked":["hierophant:Purify","hierophant:PassingBell"],"picked":"hierophant:Batter","floor":4},{"not_picked":["hierophant:Doubloon","hierophant:Prophecy"],"picked":"hierophant:RepressedViolence","floor":5},{"not_picked":["hierophant:FlamingChariot","hierophant:RecallFunds"],"picked":"hierophant:Bribe","floor":6},{"not_picked":["hierophant:Upheaval","hierophant:FaithHealing"],"picked":"hierophant:Zeal","floor":7},{"not_picked":["hierophant:Rebuild","hierophant:Alms"],"picked":"hierophant:ConvertCurrency","floor":8},{"not_picked":["hierophant:Bribe","hierophant:Doomsaying"],"picked":"hierophant:AuricBeam","floor":10}],"player_experience":788476,"relics_obtained":[{"floor":6,"key":"reliquary:Buckler"},{"floor":9,"key":"Calipers"}],"event_choices":[{"damage_healed":0,"gold_gain":0,"player_choice":"Forge","damage_taken":0,"max_hp_gain":0,"max_hp_loss":0,"event_name":"Accursed Blacksmith","floor":3,"gold_loss":0,"cards_upgraded":["hierophant:OrnateJavelin"]},{"damage_healed":0,"gold_gain":75,"player_choice":"Touch","damage_taken":7,"max_hp_gain":0,"max_hp_loss":0,"event_name":"FaceTrader","floor":12,"gold_loss":0}],"is_beta":false,"boss_relics":[],"items_purged_floors":[14],"is_endless":false,"potions_floor_spawned":[4,6],"killed_by":"Hexaghost","ascension_level":0}}