{"host":"o5or1zybx7au40zl","time":1612734309,"event":{"mods":["Act Like it!","Aspiration","BaseMod","Better Third Choice","Conspire","Dota2Spire","GungeonMod","Halation","Hubris","Infinite Spire","Minty Spire (QoL Compilation)","Replay The Spire","Robot Space Explorer","StSLib","The Jungle","Yuri Mod"],"gold_per_floor":[112,112,32,46,46,81,95,118,143,182,182,223,241,264,264,385,385,408,424,364,391,8,8,21,21,75,75,108,127,147,163,163,294,294,315,229,94,94,94,135,135,178,178,178,199,213,31,46,46,171,171,185,197,197,211,229,258,258,264,289,289,323,335,341,351,351,462,462,476,475,469,479,479,479,497,497,552,562,562,568,568,577,577,667,667,671,681,731,738,738,738,755,761,761,770,770,771,753,753,753,737,737],"floor_reached":101,"language":"ENG","playtime":3057,"items_purged":["Strike_B","Delirium","Clumsy","Parasite"],"score":1988,"play_id":"da9a9626-24fc-4015-9246-85fe5419012b","local_time":"20210207224509","is_ascension_mode":false,"campfire_choices":[{"floor":11,"key":"REST"},{"floor":15,"key":"REST"},{"data":"Creative AI","floor":23,"key":"SMITH"},{"floor":27,"key":"RECALL"},{"floor":32,"key":"REST"},{"data":"infinitespire:Oblivion","floor":41,"key":"SMITH"},{"floor":49,"key":"REST"},{"data":"Seek","floor":58,"key":"SMITH"},{"data":"Machine Learning","floor":61,"key":"SMITH"},{"data":"Defragment","floor":66,"key":"SMITH"},{"data":"Loop","floor":74,"key":"SMITH"},{"data":"Amplify","floor":76,"key":"SMITH"},{"floor":81,"key":"REST"},{"floor":83,"key":"REST"},{"floor":91,"key":"REST"},{"floor":96,"key":"REST"},{"floor":100,"key":"DIG"}],"circlet_count":0,"master_deck":["Strike_B+1","Strike_B+1","Defend_B","Defend_B","Defend_B","Zap","Dualcast","Time Bomb","Consume","White Noise","Cold Snap","Melter","BasicCrystalCard","Creative AI+1","BasicCrystalCard+1","Defragment","infinitespire:Oblivion","infinitespire:Oblivion+1","Redo","Sunder+1","Tempest","Seek+1","FIFO Queue+1","hubris:PowerSurge+1","infinitespire:FutureSight","infinitespire:Oblivion+1","ReplayTheSpireMod:Dual Polarity+1","Consume+1","Electrodynamics","Loop","Rainbow","Machine Learning+1","White Noise","Echo Form","Rainbow","Electrodynamics","Defragment+1","Loop+1","Amplify+1","Redo+1","Thunder Strike","hubris:PowerSurge+1","Redo+1","Recycle","hubris:PowerSurge+1","BasicCrystalCard+1","Zap"],"relics":["Cracked Core","NeowsBlessing","halation:EternalFortune","Golden Idol","Toy Ornithopter","Anchor","DemoMod:OrangeGuonStone","halation:AfternoonTea","Prayer Wheel","aspiration:Stellarator","Replay:Wax Seal","Thread and Needle","aspiration:Nostalgia","infinitespire:DarkRift","Bag of Preparation","Replay:Ancient Bell","Orichalcum","DemoMod:BlueGuonStone","DemoMod:GreenGuonStone","Dota2Spire:Vanguard","Mango","Replay:Baseball","hubris:Backtick","Cables","Dota2Spire:MantaStyle","DemoMod:MonsterBlood","Emotion Chip","hubris:CrackedHourglass","Whetstone","Smiling Mask","Fusion Hammer","Bag of Marbles","hubris:VirtuousBlindfold","aspiration:HatOfInfinitePower","infinitespire:Satchel","halation:PrussianBluePaint","infinitespire:ShieldingShard"],"acts_visited":["Exordium","TheCity","TheBeyond","Exordium","TheCity","TheBeyond"],"potions_floor_usage":[8,10,16,31,33,67,98,98],"damage_taken":[{"damage":0,"enemies":"Small Slimes","floor":1,"turns":1},{"damage":0,"enemies":"2 Louse","floor":4,"turns":1},{"damage":0,"enemies":"Lagavulin","floor":6,"turns":3},{"damage":1,"enemies":"Jaw Worm","floor":7,"turns":6},{"damage":0,"enemies":"Gremlin Gang","floor":8,"turns":3},{"damage":50,"enemies":"Gremlin Nob","floor":10,"turns":5},{"damage":0,"enemies":"3 Sentries","floor":12,"turns":2},{"damage":0,"enemies":"Large Slime","floor":13,"turns":5},{"damage":0,"enemies":"Exordium Wildlife","floor":14,"turns":3},{"damage":4,"enemies":"Fading Forest","floor":16,"turns":11},{"damage":18,"enemies":"Shell Parasite","floor":18,"turns":5},{"damage":0,"enemies":"Spheric Guardian","floor":19,"turns":1},{"damage":8,"enemies":"Centurion and Healer","floor":24,"turns":9},{"damage":20,"enemies":"Nightmare","floor":28,"turns":7},{"damage":12,"enemies":"Snake Plant","floor":29,"turns":3},{"damage":9,"enemies":"Snecko","floor":30,"turns":6},{"damage":0,"enemies":"Cultist and Chosen","floor":31,"turns":3},{"damage":34,"enemies":"hubris:MusketHawk","floor":33,"turns":8},{"damage":0,"enemies":"3 Shapes","floor":35,"turns":4},{"damage":0,"enemies":"Orb Walker","floor":36,"turns":3},{"damage":0,"enemies":"R_Hoarder","floor":40,"turns":7},{"damage":60,"enemies":"Nightmare","floor":42,"turns":13},{"damage":0,"enemies":"Jaw Worm Horde","floor":45,"turns":5},{"damage":7,"enemies":"3 Darklings","floor":46,"turns":6},{"damage":0,"enemies":"Writhing Mass","floor":48,"turns":5},{"damage":16,"enemies":"Donu and Deca","floor":50,"turns":8},{"damage":0,"enemies":"2 Louse","floor":52,"turns":1},{"damage":0,"enemies":"Small Slimes","floor":53,"turns":2},{"damage":0,"enemies":"Cultist","floor":55,"turns":2},{"damage":0,"enemies":"Looter","floor":56,"turns":2},{"damage":0,"enemies":"Gremlin Nob","floor":57,"turns":2},{"damage":0,"enemies":"Lots of Slimes","floor":59,"turns":2},{"damage":0,"enemies":"3 Sentries","floor":62,"turns":2},{"damage":0,"enemies":"3 Louse","floor":63,"turns":2},{"damage":0,"enemies":"Exordium Wildlife","floor":64,"turns":2},{"damage":0,"enemies":"Lots of Slimes","floor":65,"turns":3},{"damage":0,"enemies":"The Guardian","floor":67,"turns":5},{"damage":1,"enemies":"2 Thieves","floor":69,"turns":2},{"damage":0,"enemies":"Chosen","floor":70,"turns":3},{"damage":0,"enemies":"Snecko","floor":71,"turns":3},{"damage":15,"enemies":"Centurion and Healer","floor":72,"turns":3},{"damage":10,"enemies":"Book of Stabbing","floor":75,"turns":3},{"damage":11,"enemies":"Snake Plant","floor":78,"turns":2},{"damage":10,"enemies":"Snecko","floor":80,"turns":3},{"damage":0,"enemies":"Cultist and Chosen","floor":82,"turns":3},{"damage":11,"enemies":"Pondfish","floor":84,"turns":5},{"damage":2,"enemies":"3 Darklings","floor":86,"turns":3},{"damage":0,"enemies":"Orb Walker","floor":87,"turns":2},{"damage":36,"enemies":"2 Orb Walkers","floor":88,"turns":3},{"damage":0,"enemies":"Spire Growth","floor":89,"turns":2},{"damage":0,"enemies":"Giant Head","floor":92,"turns":4},{"damage":0,"enemies":"4 Shapes","floor":93,"turns":2},{"damage":0,"enemies":"Jaw Worm Horde","floor":95,"turns":2},{"damage":0,"enemies":"Sphere and 2 Shapes","floor":97,"turns":3},{"damage":0,"enemies":"Transient","floor":98,"turns":5},{"damage":142,"enemies":"conspire:OrnateMirror","floor":101,"turns":2}],"seed_played":"-2910170719137663534","potions_obtained":[{"floor":4,"key":"Explosive Potion"},{"floor":6,"key":"SteroidPotion"},{"floor":12,"key":"PotionOfCapacity"},{"floor":16,"key":"BlessingOfTheForge"},{"floor":18,"key":"Reflective Coating"},{"floor":24,"key":"PowerPotion"},{"floor":33,"key":"LifebloodPotion"},{"floor":35,"key":"Swift Potion"},{"floor":71,"key":"Dota2Spire:Clarity"},{"floor":97,"key":"PowerPotion"}],"is_trial":false,"path_per_floor":["M","?","$","M","?","E","M","M","T","E","R","E","M","M","R","B",null,"M","M","?","T","$","R","M","AVR","T","R","NM","M","M","M","R","B",null,"M","M","$","T","?","E","R","NM","T","?","M","M","$","M","R","B",null,"M","M","?","M","M","E","R","M","T","R","E","M","M","M","R","B",null,"M","M","M","M","?","R","E","R","T","M","AVR","M","R","M","R","B",null,"M","M","?","M","?","R","E","M","T","M","R","M","M","?","R","B"],"character_chosen":"DEFECT","items_purchased":["Consume","Thread and Needle","Defragment","hubris:PowerSurge+1","Loop"],"campfire_rested":8,"item_purchase_floors":[3,22,22,37,47],"current_hp_per_floor":[75,78,78,81,61,61,60,65,65,20,44,44,44,44,68,80,81,66,66,66,66,66,66,58,58,58,58,38,26,17,22,47,33,84,84,84,84,84,84,84,84,50,50,50,50,59,59,59,88,82,98,98,98,98,98,98,98,98,98,105,105,105,105,105,105,105,108,108,107,110,110,95,106,106,96,96,96,91,91,81,108,108,108,102,108,106,106,70,73,73,106,111,111,111,111,111,111,111,111,111,0,0],"gold":737,"neow_bonus":"THREE_ENEMY_KILL","is_daily":false,"chose_seed":false,"campfire_upgraded":7,"win_rate":0.0,"timestamp":1612734309,"path_taken":["M","?","$","M","?","E","M","M","T","E","R","E","M","?","R","BOSS","M","?","?","?","$","R","M","AVR","T","R","NM","M","M","?","R","BOSS","M","M","$","?","?","E","R","NM","T","?","?","M","?","M","R","BOSS","M","?","?","M","M","E","R","M","T","R","E","M","M","M","R","BOSS","M","M","M","M","?","R","E","R","T","M","AVR","M","R","?","R","BOSS","M","M","?","M","?","R","E","M","T","M","R","M","?","?","R","BOSS"],"items_purchased_type":["Card","Relic","Card","Card","Card"],"build_version":"2020-12-22","purchased_purges":4,"victory":false,"max_hp_per_floor":[75,78,78,81,81,81,81,81,81,81,81,81,81,81,81,81,81,84,84,84,84,84,84,84,84,84,84,84,84,84,84,84,84,84,84,84,84,84,84,84,84,98,98,98,98,98,98,98,98,98,98,98,98,98,98,98,98,98,98,105,105,105,105,105,105,105,108,108,108,111,111,111,111,111,111,111,111,111,108,108,108,108,108,108,108,108,108,108,111,111,111,111,111,111,111,111,111,111,111,111,111,111],"card_choices":[{"not_picked":["Go for the Eyes","Ball Lightning"],"picked":"Time Bomb","floor":1},{"not_picked":["Cold Snap","Steam Power"],"picked":"White Noise","floor":4},{"not_picked":["Go for the Eyes","Aggregate","Skim"],"picked":"SKIP","floor":6},{"not_picked":["ReplaySort","Leap","Stack"],"picked":"SKIP","floor":7},{"not_picked":["Cold Snap","Double Energy","Skim"],"picked":"SKIP","floor":8},{"not_picked":["Gash","ReplayTheSpireMod:GoodbyeWorld"],"picked":"Cold Snap","floor":10},{"not_picked":["FIFO Queue","Sunder"],"picked":"ReplayTheSpireMod:Fabricate Wheel","floor":12},{"not_picked":["Turbo","Barrage"],"picked":"Melter","floor":13},{"not_picked":["Stack","Panic Button","Auto Shields"],"picked":"SKIP","floor":13},{"not_picked":["Ball Lightning","Undo"],"picked":"BasicCrystalCard","floor":14},{"not_picked":["Steam","Panic Button","Leap"],"picked":"SKIP","floor":14},{"not_picked":["All For One","Buffer"],"picked":"Creative AI","floor":16},{"not_picked":["Rebound","Compile Driver"],"picked":"BasicCrystalCard+1","floor":18},{"not_picked":["Gash+1","Rebound","Stack"],"picked":"SKIP","floor":18},{"not_picked":["Go for the Eyes","Barrage+1","Skim"],"picked":"SKIP","floor":19},{"not_picked":["Turbo","Scrape","Redo"],"picked":"SKIP","floor":19},{"not_picked":["Chaos","ReplayTheSpireMod:System Scan","ReplayTheSpireMod:Reroute Power+1"],"picked":"SKIP","floor":24},{"not_picked":["Leap","Stack","Steam+1"],"picked":"SKIP","floor":24},{"not_picked":["hubris:Rewind","hubris:Fate"],"picked":"infinitespire:Oblivion","floor":28},{"not_picked":["Steam Power","Ball Lightning"],"picked":"Redo","floor":28},{"not_picked":["Gash+1","Rip and Tear+1","Conserve Battery+1"],"picked":"SKIP","floor":29},{"not_picked":["Leap+1","Go for the Eyes","Stack"],"picked":"SKIP","floor":29},{"not_picked":["Cold Snap","Panic Button+1","ReplayTheSpireMod:System Scan+1"],"picked":"SKIP","floor":30},{"not_picked":["hubris:SpecializedCircuitry","Rebound","Stack+1"],"picked":"SKIP","floor":30},{"not_picked":["Gash+1","Rebound"],"picked":"Sunder+1","floor":31},{"not_picked":["Turbo","Rebound"],"picked":"Tempest","floor":31},{"not_picked":["Reboot","Meteor Strike"],"picked":"Seek","floor":33},{"not_picked":["ReplayTheSpireMod:Splinters","Clumsy"],"picked":"ReplayTheSpireMod:IOU","floor":34},{"not_picked":["hubris:Wrath","ReplayTheSpireMod:Restless Dread"],"picked":"Delirium","floor":34},{"not_picked":["ReplayTheSpireMod:Doomed","hubris:Wrath"],"picked":"Clumsy","floor":34},{"not_picked":["Conserve Battery+1","Go for the Eyes+1","FTL"],"picked":"SKIP","floor":35},{"not_picked":["Tempest","Leap","ReplaySolidLightProjector+1"],"picked":"SKIP","floor":35},{"not_picked":["Ball Lightning+1","Auto Shields"],"picked":"FIFO Queue+1","floor":36},{"not_picked":["Auto Shields","Reinforced Body","BasicCrystalCard"],"picked":"SKIP","floor":36},{"not_picked":["Hello World","Conserve Battery+1","Force Field"],"picked":"SKIP","floor":40},{"not_picked":["infinitespire:Fortify","infinitespire:Collect"],"picked":"infinitespire:FutureSight","floor":42},{"not_picked":["Barrage+1","Melter","Ball Lightning"],"picked":"SKIP","floor":42},{"not_picked":["Ball Lightning+1","Leap+1"],"picked":"ReplayTheSpireMod:Dual Polarity+1","floor":45},{"not_picked":["Cold Snap","BasicCrystalCard"],"picked":"Consume+1","floor":45},{"not_picked":["Barrage+1","Leap+1"],"picked":"Electrodynamics","floor":46},{"not_picked":["Glacier","Beam Cell","Leap+1"],"picked":"SKIP","floor":46},{"not_picked":["Streamline","Beam Cell+1"],"picked":"Rainbow","floor":48},{"not_picked":["Steam","conspire:Rain+1","Coolheaded+1"],"picked":"SKIP","floor":48},{"not_picked":["ReplayTheSpireMod:Omega Cannon","hubris:SpecializedCircuitry"],"picked":"Machine Learning","floor":50},{"not_picked":["BasicCrystalCard","Beam Cell"],"picked":"White Noise","floor":52},{"not_picked":["Steam","Consume","Time Bomb"],"picked":"SKIP","floor":52},{"not_picked":["Steam","Consume","Time Bomb"],"picked":"SKIP","floor":52},{"not_picked":["Hello World","Rebound","Coolheaded"],"picked":"SKIP","floor":53},{"not_picked":["Conserve Battery","Beam Cell","Ball Lightning"],"picked":"SKIP","floor":53},{"not_picked":["Ball Lightning","Conserve Battery"],"picked":"Echo Form","floor":55},{"not_picked":["Gash","Cold Snap","Reinforced Body"],"picked":"SKIP","floor":55},{"not_picked":["Skim","Scrape","Force Field"],"picked":"SKIP","floor":56},{"not_picked":["Scrape","Sweeping Beam","Rebound"],"picked":"SKIP","floor":56},{"not_picked":["aspiration:Polymerization","Compile Driver"],"picked":"Rainbow","floor":57},{"not_picked":["conspire:SharedLibrary","White Noise","Go for the Eyes"],"picked":"SKIP","floor":59},{"not_picked":["Steam","Glacier","BasicCrystalCard"],"picked":"SKIP","floor":59},{"not_picked":["ReplayTheSpireMod:GoodbyeWorld","ReplayTheSpireMod:Reroute Power"],"picked":"Electrodynamics","floor":62},{"not_picked":["Conserve Battery","Beam Cell"],"picked":"Defragment","floor":63},{"not_picked":["White Noise","Barrage","Ball Lightning"],"picked":"SKIP","floor":63},{"not_picked":["Steam","Sweeping Beam","Defragment"],"picked":"SKIP","floor":64},{"not_picked":["Go for the Eyes","Cold Snap","ReplaySort"],"picked":"SKIP","floor":64},{"not_picked":["BasicCrystalCard","Coolheaded"],"picked":"Loop","floor":65},{"not_picked":["Conserve Battery","Darkness","Steam"],"picked":"SKIP","floor":65},{"not_picked":["Rainbow","Machine Learning"],"picked":"Amplify","floor":67},{"not_picked":["Go for the Eyes","ReplayGash","Panic Button"],"picked":"SKIP","floor":69},{"not_picked":["ReplayTheSpireMod:GoodbyeWorld+1","Gash","Streamline"],"picked":"SKIP","floor":69},{"not_picked":["conspire:Rain+1","Rebound","Capacitor"],"picked":"SKIP","floor":70},{"not_picked":["Redo","Gash+1","Darkness+1"],"picked":"SKIP","floor":70},{"not_picked":["Turbo+1","Steam","BootSequence+1"],"picked":"SKIP","floor":71},{"not_picked":["hubris:DoWhile","Barrage+1","Hologram"],"picked":"SKIP","floor":71},{"not_picked":["Steam","Leap","ReplayTheSpireMod:Calculation Training"],"picked":"SKIP","floor":72},{"not_picked":["ReplayTheSpireMod:GoodbyeWorld","Leap","Gash+1"],"picked":"SKIP","floor":72},{"not_picked":["Hologram","Streamline"],"picked":"Redo+1","floor":75},{"not_picked":["Compile Driver+1","FIFO Queue+1","Streamline"],"picked":"SKIP","floor":78},{"not_picked":["BasicCrystalCard","hubris:Ukulele","Meteor Strike"],"picked":"SKIP","floor":78},{"not_picked":["Streamline+1","Cold Snap","Hologram"],"picked":"SKIP","floor":80},{"not_picked":["Streamline","Redo","Crystallizer"],"picked":"SKIP","floor":80},{"not_picked":["Go for the Eyes+1","Scrape","Turbo"],"picked":"SKIP","floor":82},{"not_picked":["Stack","Panic Button","Aggregate+1"],"picked":"SKIP","floor":82},{"not_picked":["hubris:DoWhile","All For One"],"picked":"Thunder Strike","floor":84},{"not_picked":["Melter","Compile Driver"],"picked":"hubris:PowerSurge+1","floor":86},{"not_picked":["Panic Button","Ball Lightning","Scrape"],"picked":"SKIP","floor":86},{"not_picked":["hubris:Ukulele","conspire:Rain+1","Rebound+1"],"picked":"SKIP","floor":87},{"not_picked":["ReplayTheSpireMod:GoodbyeWorld","Glacier+1","Compile Driver"],"picked":"SKIP","floor":87},{"not_picked":["Streamline+1","Storm"],"picked":"Redo+1","floor":88},{"not_picked":["Time Bomb+1","Rebound+1","Chaos"],"picked":"SKIP","floor":89},{"not_picked":["Rip and Tear+1","Rebound+1","Compile Driver"],"picked":"SKIP","floor":89},{"not_picked":["Doom and Gloom","Go for the Eyes+1","hubris:Prefetch"],"picked":"SKIP","floor":92},{"not_picked":["Go for the Eyes","BootSequence+1","Capacitor+1"],"picked":"SKIP","floor":93},{"not_picked":["Rebound+1","Streamline","Compile Driver+1"],"picked":"SKIP","floor":93},{"not_picked":["Streamline","Aggregate"],"picked":"hubris:PowerSurge+1","floor":95},{"not_picked":["BasicCrystalCard+1","Doom and Gloom+1","Rebound+1"],"picked":"SKIP","floor":95},{"not_picked":["Ball Lightning","ReplayTheSpireMod:System Scan+1","Go for the Eyes+1"],"picked":"SKIP","floor":97},{"not_picked":["Streamline","Leap+1","Barrage+1"],"picked":"SKIP","floor":97},{"not_picked":["Turbo","Reboot"],"picked":"BasicCrystalCard+1","floor":98},{"not_picked":["Sunder","Go for the Eyes+1","Doom and Gloom+1"],"picked":"SKIP","floor":98}],"player_experience":992872,"relics_obtained":[{"floor":4,"key":"halation:EternalFortune"},{"floor":6,"key":"Toy Ornithopter"},{"floor":9,"key":"Anchor"},{"floor":10,"key":"DemoMod:OrangeGuonStone"},{"floor":12,"key":"halation:AfternoonTea"},{"floor":18,"key":"halation:EternalFortune"},{"floor":21,"key":"Replay:Wax Seal"},{"floor":28,"key":"Bag of Preparation"},{"floor":38,"key":"Dota2Spire:Vanguard"},{"floor":42,"key":"Mango"},{"floor":43,"key":"Replay:Baseball"},{"floor":57,"key":"Dota2Spire:MantaStyle"},{"floor":60,"key":"DemoMod:MonsterBlood"},{"floor":62,"key":"Emotion Chip"},{"floor":67,"key":"halation:EternalFortune"},{"floor":70,"key":"halation:EternalFortune"},{"floor":75,"key":"Whetstone"},{"floor":77,"key":"Smiling Mask"},{"floor":88,"key":"aspiration:HatOfInfinitePower"},{"floor":89,"key":"halation:EternalFortune"},{"floor":92,"key":"infinitespire:Satchel"},{"floor":94,"key":"halation:PrussianBluePaint"},{"floor":100,"key":"infinitespire:ShieldingShard"}],"event_choices":[{"damage_healed":0,"gold_gain":0,"player_choice":"Take Damage","damage_taken":20,"relics_obtained":["Golden Idol"],"max_hp_gain":0,"max_hp_loss":0,"event_name":"Golden Idol","floor":5,"gold_loss":0},{"cards_removed":["Strike_B"],"damage_healed":0,"gold_gain":0,"player_choice":"Removed Attack","damage_taken":0,"max_hp_gain":0,"max_hp_loss":0,"event_name":"Falling","floor":39,"gold_loss":0},{"damage_healed":0,"gold_gain":0,"player_choice":"Copied","damage_taken":0,"max_hp_gain":0,"max_hp_loss":0,"event_name":"Duplicator","floor":44,"gold_loss":0,"cards_obtained":["infinitespire:Oblivion"]},{"damage_healed":0,"gold_gain":0,"player_choice":"Fight","damage_taken":0,"max_hp_gain":0,"max_hp_loss":0,"event_name":"Mysterious Sphere","floor":88,"gold_loss":0},{"damage_healed":0,"gold_gain":0,"cards_transformed":["Defend_B"],"player_choice":"Transformed","damage_taken":0,"max_hp_gain":0,"max_hp_loss":0,"event_name":"Transmorgrifier","floor":90,"gold_loss":0,"cards_obtained":["Recycle"]},{"damage_healed":0,"gold_gain":0,"player_choice":"1 cards matched","damage_taken":0,"max_hp_gain":0,"max_hp_loss":0,"event_name":"Match and Keep!","floor":99,"gold_loss":0,"cards_obtained":["Zap"]}],"is_beta":false,"boss_relics":[{"not_picked":["halation:ForbiddenBikini","ChewingGum"],"picked":"aspiration:Stellarator"},{"not_picked":["hubris:BlackHole","aspiration:IroncladSkillbook"],"picked":"Replay:Ancient Bell"},{"not_picked":["Pen Nib","Smiling Mask"],"picked":"Orichalcum"},{"not_picked":["aspiration:FaultyCoupler","infinitespire:ShieldingShard"],"picked":"DemoMod:BlueGuonStone"},{"not_picked":["Turnip","WingedGreaves"],"picked":"DemoMod:GreenGuonStone"},{"not_picked":["conspire:RunicOctahedron","SacredBark"],"picked":"hubris:Backtick"},{"not_picked":["hubris:GrandSneckoEye","ReplayTheSpireMod:SealedPack"],"picked":"hubris:CrackedHourglass"},{"not_picked":["aspiration:WatcherSkillbook","Empty Cage"],"picked":"hubris:VirtuousBlindfold"}],"items_purged_floors":[25,37,47,79],"is_endless":true,"potions_floor_spawned":[4,6,12,16,18,24,28,33,35,42,46,53,59,62,64,65,71,72,80,82,86,92,97],"killed_by":"conspire:OrnateMirror","ascension_level":0}}