{"host":"5rycm1ajjg5acc5q","time":1612712115,"event":{"mods":["BaseMod","Better Third Choice","Downfall","Highlight Path","Minty Spire (QoL Compilation)","Replay The Spire","StSLib"],"gold_per_floor":[113,113,113,113,129,155,155,215,263,290,366,378,448,522,534,689,701,774,701,774,786,861,943,955,1012,1012],"floor_reached":25,"language":"ENG","playtime":2476,"items_purged":[],"score":333,"play_id":"a5ed8fde-ea56-4700-b849-5cbec8415249","local_time":"20210207093515","is_ascension_mode":false,"campfire_choices":[{"data":"Eruption","floor":7,"key":"SMITH"},{"data":"Vigilance","floor":12,"key":"SMITH"},{"data":"Swivel","floor":15,"key":"SMITH"},{"data":"WheelKick","floor":24,"key":"SMITH"}],"circlet_count":0,"master_deck":["Strike_P+1","Strike_P","Defend_P+1","Defend_P","Defend_P+1","Defend_P","Eruption+1","Vigilance+1","Swivel+1","Consecrate","FearNoEvil","Conclude","FlurryOfBlows","Brilliance","WheelKick+1","LessonLearned+1","Meditate","Halt+1","BowlingBash","DeusExMachina","EmptyBody"],"relics":["PureWater","NeowsBlessing","ReplayTheSpireMod:Ring of Challenge","ReplayTheSpireMod:Ring of Addiction","SacredBark","White Beast Statue","Toy Ornithopter","Blood Vial","MawBank","Tiny Chest","SlaversCollar","Pen Nib","Incense Burner","Replay:Wax Seal"],"acts_visited":["Exordium","TheCity"],"potions_floor_usage":[5,8,10,11,11,14,16,18,18,22,23],"damage_taken":[{"damage":0,"enemies":"Jaw Worm","floor":1,"turns":1},{"damage":0,"enemies":"2 Louse","floor":5,"turns":1},{"damage":0,"enemies":"Gremlin Nob","floor":6,"turns":1},{"damage":0,"enemies":"Cultist","floor":8,"turns":2},{"damage":0,"enemies":"3 Sentries","floor":10,"turns":4},{"damage":0,"enemies":"2 Fungi Beasts","floor":11,"turns":2},{"damage":14,"enemies":"Exordium Wildlife","floor":13,"turns":3},{"damage":12,"enemies":"Exordium Thugs","floor":14,"turns":4},{"damage":23,"enemies":"Fading Forest","floor":16,"turns":11},{"damage":27,"enemies":"2 Thieves","floor":18,"turns":4},{"damage":36,"enemies":"Shell Parasite","floor":20,"turns":2},{"damage":40,"enemies":"Shelled Parasite and Fungi","floor":22,"turns":3},{"damage":0,"enemies":"Gremlin Leader","floor":23,"turns":6},{"damage":64,"enemies":"Cultist and Chosen","floor":25,"turns":5}],"seed_played":"-3468124424730136510","potions_obtained":[{"floor":2,"key":"sneckomod:MuddlingPotion"},{"floor":2,"key":"Swift Potion"},{"floor":2,"key":"Reflective Coating"},{"floor":5,"key":"SteroidPotion"},{"floor":6,"key":"Dexterity Potion"},{"floor":8,"key":"Block Potion"},{"floor":10,"key":"Energy Potion"},{"floor":11,"key":"BottledMiracle"},{"floor":13,"key":"Regen Potion"},{"floor":14,"key":"FairyPotion"},{"floor":16,"key":"Dexterity Potion"},{"floor":18,"key":"Swift Potion"},{"floor":20,"key":"Energy Potion"},{"floor":22,"key":"SpeedPotion"},{"floor":23,"key":"Reflective Coating"}],"is_trial":false,"path_per_floor":["M","?","?","?","M","E","R","M","T","E","M","R","M","M","R","B",null,"M","?","M","?","M","E","R","M"],"character_chosen":"WATCHER","items_purchased":[],"campfire_rested":0,"item_purchase_floors":[],"current_hp_per_floor":[72,72,65,51,51,51,51,56,56,63,72,72,58,72,72,49,72,50,50,16,16,35,42,42,0,0],"gold":1012,"neow_bonus":"THREE_ENEMY_KILL","is_daily":false,"chose_seed":false,"campfire_upgraded":4,"win_rate":0.0,"timestamp":1612712115,"path_taken":["M","?","?","?","?","E","R","M","T","E","M","R","?","M","R","BOSS","M","?","M","?","M","E","R","M"],"items_purchased_type":[],"build_version":"2020-12-22","purchased_purges":0,"victory":false,"max_hp_per_floor":[72,72,72,72,72,72,72,72,72,72,72,72,72,72,72,72,72,72,72,72,72,70,70,70,70,70],"card_choices":[{"not_picked":["EmptyBody","JustLucky"],"picked":"Swivel","floor":1},{"not_picked":["ClearTheMind","Crescendo"],"picked":"Consecrate","floor":5},{"not_picked":["LikeWater","CutThroughFate"],"picked":"FearNoEvil","floor":6},{"not_picked":["Consecrate","Replay:ManipulateFuture"],"picked":"Conclude","floor":8},{"not_picked":["Conclude","BowlingBash","Protect"],"picked":"SKIP","floor":10},{"not_picked":["Crescendo","ClearTheMind"],"picked":"FlurryOfBlows","floor":11},{"not_picked":["Evaluate","Replay:ManipulateFuture"],"picked":"Brilliance","floor":13},{"not_picked":["LikeWater","Halt"],"picked":"WheelKick","floor":14},{"not_picked":["Brilliance","Replay:LoomingThreat"],"picked":"LessonLearned","floor":16},{"not_picked":["FlurryOfBlows","Crescendo"],"picked":"Meditate","floor":18},{"not_picked":["FollowUp","EmptyBody"],"picked":"Halt+1","floor":20},{"not_picked":["JustLucky","FollowUp","Conclude+1"],"picked":"SKIP","floor":22},{"not_picked":["WreathOfFlame","Protect"],"picked":"EmptyBody","floor":23}],"player_experience":200243,"relics_obtained":[{"floor":2,"key":"ReplayTheSpireMod:Ring of Challenge"},{"floor":2,"key":"ReplayTheSpireMod:Ring of Addiction"},{"floor":2,"key":"SacredBark"},{"floor":2,"key":"White Beast Statue"},{"floor":6,"key":"Toy Ornithopter"},{"floor":9,"key":"Blood Vial"},{"floor":10,"key":"MawBank"},{"floor":14,"key":"Tiny Chest"},{"floor":20,"key":"Incense Burner"},{"floor":23,"key":"Replay:Wax Seal"}],"event_choices":[{"cards_removed":["CommonCold"],"damage_healed":0,"gold_gain":0,"player_choice":"Card Removal","damage_taken":7,"max_hp_gain":0,"max_hp_loss":0,"event_name":"Golden Wing","floor":3,"gold_loss":0},{"damage_healed":65,"gold_gain":0,"player_choice":"Upgrade","damage_taken":14,"max_hp_gain":0,"max_hp_loss":72,"event_name":"betterThird:BetterShining","floor":4,"gold_loss":0,"cards_upgraded":["Strike_P","Defend_P"]},{"damage_healed":0,"gold_gain":0,"player_choice":"Obtained Relic","damage_taken":0,"relics_obtained":["Pen Nib"],"max_hp_gain":0,"max_hp_loss":0,"event_name":"Addict","floor":19,"gold_loss":85},{"damage_healed":0,"gold_gain":0,"cards_transformed":["Strike_P","Strike_P"],"player_choice":"Became Test Subject","damage_taken":0,"max_hp_gain":0,"max_hp_loss":0,"event_name":"Drug Dealer","floor":21,"gold_loss":0,"cards_obtained":["BowlingBash","DeusExMachina"]}],"is_beta":false,"boss_relics":[{"not_picked":["Ring of Chaos","Runic Pyramid"],"picked":"SlaversCollar"}],"items_purged_floors":[],"is_endless":false,"potions_floor_spawned":[5,6,8,10,11,13,14,16,18,20,22,23],"killed_by":"Cultist and Chosen","ascension_level":0}}