{"host":"tvwbxqry54t86y0v","time":1612694860,"event":{"mods":["2.2 Compatiblity","A Magickal Journey","Arknights","Astrologer","BaseMod","Beaked The Cultist","BetterRewards","Block Reminder","Clockwork Mod","Colored Powertips","DeckTracker","Downfall","Fiend Mod","GungeonMod","Hermit","Hubris","Infinite Spire","Ironclad Rager","Marked Mod","Mimic Mod","Minty Spire (QoL Compilation)","Potionbrewer","Reliquary","Replay The Spire","Robot Space Explorer","Shade Mod","Somnambulant","StSLib","The Bug Knight","The Cursed","The Death Knight","The Druid","The Elementalist","The Exalted","The Forsaken","The Hierophant","The Jungle","The Marked","The Mystic","The Problem Sleuth","The Runesmith","The Senshi","The Spell Scribe","The Valiant","The Wild Card","TheFirefly","TheHeartMod","Unceasing Turn Reminder","thorton"],"gold_per_floor":[113,113,133,133,150,178,188,188,188,202,235,249,249,97,97,193,193,208,223,223,223,240,265,14,14,14,42,42,42,77,87,87,191,191,204,204,220,220,220,252,264,277,309,325,325,325,343,355,355,355],"floor_reached":51,"language":"ENG","playtime":2343,"items_purged":[],"score":1124,"play_id":"f634acfe-76f5-48ef-bd50-cce28782c76f","local_time":"20210207214740","is_ascension_mode":false,"campfire_choices":[{"data":"RobotSpaceExplorer:MiniLasers","floor":8,"key":"SMITH"},{"data":"RobotSpaceExplorer:Scan","floor":13,"key":"SMITH"},{"floor":15,"key":"RECALL"},{"data":"Replay:Fractal Strike","floor":25,"key":"SMITH"},{"data":"RobotSpaceExplorer:Autoloader","floor":28,"key":"SMITH"},{"data":"RobotSpaceExplorer:ChargingLaser","floor":45,"key":"SMITH"},{"data":"RobotSpaceExplorer:ChargingLaser","floor":49,"key":"SMITH"}],"circlet_count":0,"master_deck":["RobotSpaceExplorer:Strike","RobotSpaceExplorer:Strike","RobotSpaceExplorer:Strike","RobotSpaceExplorer:Strike","RobotSpaceExplorer:Defend","RobotSpaceExplorer:Defend","RobotSpaceExplorer:Defend","RobotSpaceExplorer:Defend","RobotSpaceExplorer:Scan+1","RobotSpaceExplorer:MiniLasers+1","RobotSpaceExplorer:LuckyStrike","RobotSpaceExplorer:ScrapMissile","RobotSpaceExplorer:Probe","RobotSpaceExplorer:JunkDive","RobotSpaceExplorer:TurboDodge","Replay:Fractal Strike+1","RobotSpaceExplorer:ChargingLaser+1","RobotSpaceExplorer:ChargingLaser+1","RobotSpaceExplorer:Autoloader+1","RobotSpaceExplorer:MiniDrones","RobotSpaceExplorer:ScrapToss"],"relics":["RobotSpaceExplorer:RoboCore","RobotSpaceExplorer:FoglandsKnife","Garlic","infinitespire:BottledMercury","RobotSpaceExplorer:BottledGravity","Sling","DemoMod:GlassGuonStoneRelic","Fiend:Scarf","Replay:WaspNest","RobotSpaceExplorer:Reprocessor","Gambling Chip","DemoMod:MeatBun","hubris:SphereOfDissonance","Enchiridion","Chameleon Ring","beaked:SacredDeck","hubris:Towel","DeathKnight:PutricidesVial","reliquary:PorcupineQuills","ReplayTheSpireMod:Lightbulb"],"acts_visited":["Exordium","TheCity","TheBeyond"],"potions_floor_usage":[5,6,16,16,16,33,43,50,50],"damage_taken":[{"damage":0,"enemies":"Small Slimes","floor":1,"turns":6},{"damage":0,"enemies":"Cultist","floor":3,"turns":3},{"damage":0,"enemies":"infinitespire:Voidling","floor":5,"turns":2},{"damage":7,"enemies":"Lagavulin","floor":6,"turns":5},{"damage":0,"enemies":"Large Slime","floor":7,"turns":4},{"damage":0,"enemies":"Red Slaver","floor":10,"turns":3},{"damage":0,"enemies":"HollowMod:MossKnight","floor":11,"turns":3},{"damage":0,"enemies":"Exordium Wildlife","floor":12,"turns":1},{"damage":10,"enemies":"The Guardian","floor":16,"turns":15},{"damage":0,"enemies":"2 Thieves","floor":18,"turns":4},{"damage":0,"enemies":"3 Byrds","floor":19,"turns":3},{"damage":0,"enemies":"3 Cultists","floor":22,"turns":4},{"damage":0,"enemies":"Gremlin Leader","floor":23,"turns":2},{"damage":0,"enemies":"Replay:Snechameleon","floor":27,"turns":2},{"damage":0,"enemies":"HollowMod:Nosk","floor":30,"turns":2},{"damage":0,"enemies":"Shelled Parasite and Fungi","floor":31,"turns":2},{"damage":0,"enemies":"Champ","floor":33,"turns":3},{"damage":0,"enemies":"Orb Walker","floor":35,"turns":1},{"damage":0,"enemies":"3 Shapes","floor":37,"turns":1},{"damage":0,"enemies":"Nemesis","floor":40,"turns":1},{"damage":0,"enemies":"Jaw Worm Horde","floor":41,"turns":2},{"damage":0,"enemies":"Sphere and 2 Shapes","floor":42,"turns":2},{"damage":2,"enemies":"Maw","floor":43,"turns":4},{"damage":0,"enemies":"Maw","floor":44,"turns":5},{"damage":0,"enemies":"3 Darklings","floor":47,"turns":3},{"damage":0,"enemies":"Sphere and 2 Shapes","floor":48,"turns":3},{"damage":1,"enemies":"hubris:GrandSnecko","floor":50,"turns":7}],"seed_played":"-7381887118349776059","potions_obtained":[{"floor":2,"key":"bronze:BurnAndBuffPotion"},{"floor":2,"key":"DistilledChaos"},{"floor":2,"key":"EssenceOfSteel"},{"floor":5,"key":"SteroidPotion"},{"floor":7,"key":"Dexterity Potion"},{"floor":16,"key":"DeathKnight:BottledBloodEchoes"},{"floor":18,"key":"Explosive Potion"},{"floor":22,"key":"BlessingOfTheForge"},{"floor":32,"key":"RobotSpaceExplorer:PlasmaFlask"},{"floor":32,"key":"potionbrewer:BarricadePotion"},{"floor":33,"key":"potionbrewer:DiscountPotion"},{"floor":40,"key":"Dexterity Potion"},{"floor":44,"key":"PowerPotion"}],"is_trial":false,"path_per_floor":["M","?","M","$","M","E","M","R","T","M","E","M","R","$","R","B",null,"M","M","?","AVR","M","E","$","R","T","E","R","?","E","M","R","B",null,"M","?","M","?","$","E","M","M","MIM","M","R","?","M","M","R","B",null],"character_chosen":"RobotSpaceExplorer","items_purchased":["RobotSpaceExplorer:FoglandsKnife","Sling","RobotSpaceExplorer:ChargingLaser","DemoMod:MeatBun"],"campfire_rested":0,"item_purchase_floors":[0,14,24,24],"current_hp_per_floor":[75,75,75,75,75,68,68,68,68,68,68,68,68,68,68,58,75,75,75,75,75,75,75,75,75,75,75,75,59,59,59,59,59,75,75,75,75,75,75,75,75,75,73,73,73,73,73,73,73,72],"gold":355,"neow_bonus":"","is_daily":false,"chose_seed":false,"campfire_upgraded":6,"win_rate":0.0,"timestamp":1612694860,"path_taken":["M","?","?","$","M","E","M","R","T","?","E","M","R","$","R","BOSS","M","M","?","AVR","?","E","$","R","T","E","R","?","E","M","R","BOSS","M","?","M","?","$","E","M","M","MIM","M","R","?","M","M","R","BOSS"],"items_purchased_type":["Relic","Relic","Card","Relic"],"build_version":"2020-12-22","purchased_purges":0,"victory":true,"max_hp_per_floor":[75,75,75,75,75,75,75,75,75,75,75,75,75,75,75,75,75,75,75,75,75,75,75,75,75,75,75,75,75,75,75,75,75,75,75,75,75,75,75,75,75,75,75,75,75,75,75,75,75,75],"card_choices":[{"not_picked":["RobotSpaceExplorer:Discharger","RobotSpaceExplorer:PlasmaMissile"],"picked":"RobotSpaceExplorer:LuckyStrike","floor":1},{"not_picked":["RobotSpaceExplorer:Ammunition","RobotSpaceExplorer:GlueSpray"],"picked":"RobotSpaceExplorer:ScrapMissile","floor":3},{"not_picked":["RobotSpaceExplorer:FrostMissile","RobotSpaceExplorer:ShovelStrike"],"picked":"RobotSpaceExplorer:Probe","floor":5},{"not_picked":["RobotSpaceExplorer:BigMissile","RobotSpaceExplorer:LaserBurst","RobotSpaceExplorer:SurgingStrike"],"picked":"SKIP","floor":6},{"not_picked":["RobotSpaceExplorer:MetalStrike","RobotSpaceExplorer:ShockKick","RobotSpaceExplorer:Ammunition"],"picked":"SKIP","floor":7},{"not_picked":["RobotSpaceExplorer:FrostMissile","RobotSpaceExplorer:SurgingStrike"],"picked":"RobotSpaceExplorer:JunkDive","floor":10},{"not_picked":["RobotSpaceExplorer:FreezeRay","RobotSpaceExplorer:SlimeMissile","RobotSpaceExplorer:Counterblock"],"picked":"SKIP","floor":11},{"not_picked":["RobotSpaceExplorer:Discharger","RobotSpaceExplorer:TurboDodge","RobotSpaceExplorer:MakeshiftVolley"],"picked":"SKIP","floor":12},{"not_picked":["RobotSpaceExplorer:Probe","RobotSpaceExplorer:Counterblock","RobotSpaceExplorer:SlimeMissile"],"picked":"SKIP","floor":18},{"not_picked":["RobotSpaceExplorer:Ammunition","RobotSpaceExplorer:ShockMissile"],"picked":"RobotSpaceExplorer:ScrapMissile","floor":19},{"not_picked":["RobotSpaceExplorer:Electroshield","RobotSpaceExplorer:StarDust+1","RobotSpaceExplorer:FrostMissile"],"picked":"SKIP","floor":22},{"not_picked":["RobotSpaceExplorer:Counterblock+1","RobotSpaceExplorer:DoubleBlock","RobotSpaceExplorer:MakeshiftVolley"],"picked":"SKIP","floor":23},{"not_picked":["RobotSpaceExplorer:StunGrenade","RobotSpaceExplorer:GlueShot+1"],"picked":"RobotSpaceExplorer:Autoloader","floor":27},{"not_picked":["RobotSpaceExplorer:Reload","RobotSpaceExplorer:SurgingShield","RobotSpaceExplorer:MakeshiftVolley"],"picked":"SKIP","floor":30},{"not_picked":["RobotSpaceExplorer:Counterblock+1","RobotSpaceExplorer:LuckyStrike"],"picked":"RobotSpaceExplorer:MiniDrones","floor":31},{"not_picked":["RobotSpaceExplorer:Ammunition+1","RobotSpaceExplorer:SurgingStrike+1","RobotSpaceExplorer:SurgingShield+1"],"picked":"SKIP","floor":35},{"not_picked":["RobotSpaceExplorer:Fix","RobotSpaceExplorer:ShovelStrike+1","RobotSpaceExplorer:ScrapMissile+1"],"picked":"SKIP","floor":37},{"not_picked":["RobotSpaceExplorer:ShovelStrike","RobotSpaceExplorer:TrailblazerForm","RobotSpaceExplorer:FrostMissile+1"],"picked":"SKIP","floor":40},{"not_picked":["RobotSpaceExplorer:ShockKick+1","RobotSpaceExplorer:Counterblock","RobotSpaceExplorer:Probe+1"],"picked":"SKIP","floor":41},{"not_picked":["RobotSpaceExplorer:SelfCleaning+1","RobotSpaceExplorer:DoubleFind+1","RobotSpaceExplorer:DoubleBlock+1"],"picked":"SKIP","floor":42},{"not_picked":["RobotSpaceExplorer:Pulsar+1","RobotSpaceExplorer:FrostMissile+1","RobotSpaceExplorer:Counterblock"],"picked":"SKIP","floor":44},{"not_picked":["RobotSpaceExplorer:FreezeRay+1","RobotSpaceExplorer:Probe+1","RobotSpaceExplorer:Comet"],"picked":"SKIP","floor":47},{"not_picked":["RobotSpaceExplorer:Blitz+1","RobotSpaceExplorer:ShockKick","RobotSpaceExplorer:SwiftStep"],"picked":"SKIP","floor":48}],"player_experience":1153788,"relics_obtained":[{"floor":6,"key":"Garlic"},{"floor":9,"key":"infinitespire:BottledMercury"},{"floor":11,"key":"RobotSpaceExplorer:BottledGravity"},{"floor":23,"key":"Gambling Chip"},{"floor":27,"key":"hubris:SphereOfDissonance"},{"floor":29,"key":"Enchiridion"},{"floor":30,"key":"Chameleon Ring"},{"floor":40,"key":"DeathKnight:PutricidesVial"},{"floor":43,"key":"reliquary:PorcupineQuills"},{"floor":43,"key":"ReplayTheSpireMod:Lightbulb"}],"event_choices":[{"damage_healed":0,"gold_gain":0,"player_choice":"Got Potions","damage_taken":0,"max_hp_gain":0,"max_hp_loss":0,"event_name":"Lab","floor":2,"gold_loss":0},{"damage_healed":0,"gold_gain":0,"cards_transformed":["RobotSpaceExplorer:ScrapMissile"],"player_choice":"Transformed","damage_taken":0,"max_hp_gain":0,"max_hp_loss":0,"event_name":"Transmorgrifier","floor":20,"gold_loss":0,"cards_obtained":["RobotSpaceExplorer:TurboDodge"]},{"damage_healed":0,"gold_gain":0,"player_choice":"Obtained Book","damage_taken":16,"max_hp_gain":0,"max_hp_loss":0,"event_name":"Cursed Tome","floor":29,"gold_loss":0},{"damage_healed":0,"gold_gain":0,"player_choice":"Ignored","damage_taken":0,"max_hp_gain":0,"max_hp_loss":0,"event_name":"SecretPortal","floor":46,"gold_loss":0}],"is_beta":false,"boss_relics":[{"not_picked":["hubris:GrandSneckoEye","beaked:MawFillet"],"picked":"Fiend:Scarf"},{"not_picked":["Velvet Choker","Empty Cage"],"picked":"beaked:SacredDeck"}],"items_purged_floors":[],"is_endless":false,"potions_floor_spawned":[5,7,11,12,16,18,22,33,40,44,47],"ascension_level":0}}