{"host":"vhvubw4jk4f204qs","time":1612672062,"event":{"mods":["AchievementEnabler","BaseMod","DeckTracker","GifTheSpireLib","Googly Eyes","Minty Spire (QoL Compilation)","Permanent Neow","Quick Restart","StSLib","SuperFastMode","The IronCluck","slay the spire mod where everything is the same but ironclad has a cowboy hat"],"gold_per_floor":[368,383,68,68,82,113,27,27,27,53,53,66,80,80,80,80,80],"floor_reached":16,"language":"ENG","playtime":784,"items_purged":["Strike_B"],"score":220,"play_id":"9b6133ff-0f2f-4cff-a2e3-48a306313dfa","local_time":"20210206232742","is_ascension_mode":true,"campfire_choices":[{"data":"Blizzard","floor":8,"key":"SMITH"},{"data":"Zap","floor":15,"key":"SMITH"}],"circlet_count":0,"master_deck":["AscendersBane","Strike_B","Strike_B","Strike_B","Defend_B","Defend_B","Defend_B","Defend_B","Zap","Dualcast","Cold Snap","Coolheaded","Sunder","Zap+1","Glacier","Aggregate","Blizzard+1","FTL","Stack"],"relics":["Cracked Core","Tiny Chest","Unceasing Top","Frozen Egg 2","Orichalcum","Meat on the Bone"],"acts_visited":["Exordium"],"potions_floor_usage":[10,16],"damage_taken":[{"damage":7,"enemies":"Jaw Worm","floor":1,"turns":3},{"damage":0,"enemies":"Cultist","floor":2,"turns":3},{"damage":0,"enemies":"2 Louse","floor":5,"turns":2},{"damage":25,"enemies":"Lagavulin","floor":6,"turns":10},{"damage":1,"enemies":"3 Sentries","floor":10,"turns":7},{"damage":8,"enemies":"Exordium Thugs","floor":12,"turns":5},{"damage":6,"enemies":"Looter","floor":13,"turns":3},{"damage":32,"enemies":"Hexaghost","floor":16,"turns":9}],"seed_played":"-2841216212411660981","potions_obtained":[{"floor":6,"key":"Swift Potion"},{"floor":12,"key":"Regen Potion"},{"floor":13,"key":"FearPotion"}],"is_trial":false,"path_per_floor":["M","M","$","?","M","E","$","R","T","E","?","M","M","T","R","B"],"character_chosen":"DEFECT","items_purchased":["Tiny Chest","Sunder","Blizzard"],"campfire_rested":0,"item_purchase_floors":[3,3,7],"current_hp_per_floor":[57,57,57,57,57,32,32,32,32,31,31,23,17,17,17,0,0],"gold":80,"neow_bonus":"TWO_FIFTY_GOLD","is_daily":false,"chose_seed":false,"campfire_upgraded":2,"win_rate":0.0,"timestamp":1612672062,"path_taken":["M","M","$","?","?","E","$","R","T","E","?","M","M","?","R","BOSS"],"items_purchased_type":["Relic","Card","Card"],"build_version":"2020-12-22","purchased_purges":1,"victory":false,"max_hp_per_floor":[64,64,64,64,64,64,64,64,64,64,64,64,64,64,64,64,64],"card_choices":[{"not_picked":["Compile Driver","Stack"],"picked":"Cold Snap","floor":1},{"not_picked":["Go for the Eyes","Turbo"],"picked":"Coolheaded","floor":2},{"not_picked":["Skim","Chaos"],"picked":"Glacier","floor":5},{"not_picked":["Thunder Strike","Gash"],"picked":"Aggregate","floor":6},{"not_picked":["Streamline","Barrage","Hyperbeam"],"picked":"SKIP","floor":10},{"not_picked":["Rebound","Barrage"],"picked":"FTL","floor":12},{"not_picked":["Barrage","Compile Driver"],"picked":"Stack","floor":13}],"player_experience":779955,"relics_obtained":[{"floor":6,"key":"Unceasing Top"},{"floor":9,"key":"Frozen Egg 2"},{"floor":10,"key":"Orichalcum"},{"floor":14,"key":"Meat on the Bone"}],"event_choices":[{"damage_healed":0,"gold_gain":0,"player_choice":"1 cards matched","damage_taken":0,"max_hp_gain":0,"max_hp_loss":0,"event_name":"Match and Keep!","floor":4,"gold_loss":0,"cards_obtained":["Zap"]},{"damage_healed":0,"gold_gain":0,"player_choice":"1 cards matched","damage_taken":0,"max_hp_gain":0,"max_hp_loss":0,"event_name":"Match and Keep!","floor":4,"gold_loss":0,"cards_obtained":["Zap"]},{"damage_healed":0,"gold_gain":0,"player_choice":"Ignored","damage_taken":0,"max_hp_gain":0,"max_hp_loss":0,"event_name":"Liars Game","floor":11,"gold_loss":0}],"is_beta":false,"boss_relics":[],"items_purged_floors":[3],"is_endless":false,"potions_floor_spawned":[6,12,13],"killed_by":"Hexaghost","ascension_level":20}}