{"host":"dggqshehf2ar9kzd","time":1612678944,"event":{"mods":["BaseMod","Hermit","Highlight Path","Minty Spire (QoL Compilation)","Reliquary","StSLib"],"gold_per_floor":[117,117,117,136,136,136,186,186,186,205,78,78,98,117,117,218,218,231,231,251,314,330,341,14,64,116,149,149,124,143,143,143,246,246,260,279,296,369,419,446,462,462,462,562,612,662,673,0,0,0,0],"floor_reached":50,"language":"ENG","playtime":3459,"items_purged":["hermit:Strike_Hermit","hermit:Strike_Hermit"],"score":557,"play_id":"6e90aa98-f5c9-4592-a8c7-19b7a884aa81","local_time":"20210207012224","is_ascension_mode":false,"campfire_choices":[{"data":"hermit:HighNoon","floor":6,"key":"SMITH"},{"data":"hermit:CursedWeapon","floor":8,"key":"SMITH"},{"data":"hermit:Dive","floor":12,"key":"SMITH"},{"floor":15,"key":"REST"},{"data":"hermit:TakeCover","floor":28,"key":"SMITH"},{"floor":32,"key":"REST"},{"data":"hermit:Midnight","floor":42,"key":"SMITH"},{"floor":49,"key":"REST"}],"circlet_count":0,"master_deck":["hermit:Defend_Hermit","hermit:Defend_Hermit","hermit:Defend_Hermit","hermit:Snapshot","hermit:Covet","hermit:HighNoon+1","hermit:CursedWeapon+1","hermit:SprayPray","hermit:CursedWeapon+1","hermit:Dive+1","hermit:TakeCover+1","hermit:BlackWind","hermit:Midnight+1","hermit:Dive+1","hermit:ShadowCloak","hermit:Maintenance+1","hermit:CalledShot+1","Bandage Up","Shame","hermit:Gambit","hermit:DeadMansHand+1","hermit:Ricochet+1","Normality","hermit:CalledShot+1","hermit:Desperado+1","Clumsy","hermit:Coalescence","Thinking Ahead","Parasite"],"relics":["hermit:Momento","reliquary:Aerogel","Turnip","Cursed Key","SsserpentHead","reliquary:TatteredRug","reliquary:RedPaperclip","hermit:RyeStalk","Prayer Wheel","Singing Bowl","Shovel","Red Mask"],"acts_visited":["Exordium","TheCity","TheBeyond"],"potions_floor_usage":[16,22,27,47,50,50],"damage_taken":[{"damage":20,"enemies":"Cultist","floor":1,"turns":7},{"damage":4,"enemies":"2 Louse","floor":4,"turns":3},{"damage":4,"enemies":"Small Slimes","floor":10,"turns":3},{"damage":4,"enemies":"Looter","floor":13,"turns":3},{"damage":4,"enemies":"Blue Slaver","floor":14,"turns":2},{"damage":30,"enemies":"Slime Boss","floor":16,"turns":19},{"damage":13,"enemies":"2 Thieves","floor":18,"turns":5},{"damage":15,"enemies":"Shell Parasite","floor":20,"turns":4},{"damage":20,"enemies":"Snake Plant","floor":21,"turns":3},{"damage":6,"enemies":"Chosen and Byrds","floor":22,"turns":3},{"damage":3,"enemies":"Shelled Parasite and Fungi","floor":23,"turns":3},{"damage":5,"enemies":"Book of Stabbing","floor":27,"turns":3},{"damage":4,"enemies":"3 Cultists","floor":30,"turns":3},{"damage":25,"enemies":"Collector","floor":33,"turns":12},{"damage":4,"enemies":"Orb Walker","floor":35,"turns":3},{"damage":5,"enemies":"3 Darklings","floor":36,"turns":5},{"damage":4,"enemies":"Transient","floor":37,"turns":5},{"damage":4,"enemies":"Giant Head","floor":40,"turns":14},{"damage":20,"enemies":"Sphere and 2 Shapes","floor":41,"turns":3},{"damage":19,"enemies":"2 Orb Walkers","floor":44,"turns":4},{"damage":19,"enemies":"Writhing Mass","floor":47,"turns":4},{"damage":67,"enemies":"Awakened One","floor":50,"turns":14}],"seed_played":"6949262215008951225","potions_obtained":[{"floor":1,"key":"PowerPotion"},{"floor":13,"key":"PowerPotion"},{"floor":16,"key":"EssenceOfSteel"},{"floor":30,"key":"SmokeBomb"},{"floor":33,"key":"Fire Potion"},{"floor":44,"key":"Explosive Potion"},{"floor":47,"key":"SpeedPotion"}],"is_trial":false,"path_per_floor":["M","?","?","M","?","R","T","R","T","M","$","R","M","M","R","B",null,"M","?","M","M","M","M","$","?","T","E","R","?","M","?","R","B",null,"M","M","M","T","?","E","M","R","T","?","T","?","M","?","R","B"],"character_chosen":"HERMIT","items_purchased":["hermit:Tonic","Bandage Up","Pen Nib"],"campfire_rested":3,"item_purchase_floors":[11,24,24],"current_hp_per_floor":[55,55,60,56,40,40,40,40,40,36,36,36,32,28,52,22,80,67,67,52,32,26,23,23,23,23,22,22,22,22,22,46,25,80,76,75,71,71,71,71,55,55,55,40,40,40,29,29,54,0,0],"gold":0,"neow_bonus":"ONE_RANDOM_RARE_CARD","is_daily":false,"chose_seed":false,"campfire_upgraded":5,"win_rate":0.0,"timestamp":1612678944,"path_taken":["M","?","?","M","?","R","?","R","T","M","$","R","M","M","R","BOSS","M","?","M","?","M","M","$","?","T","E","R","?","M","?","R","BOSS","M","M","M","?","?","E","M","R","T","?","?","?","M","?","R","BOSS"],"items_purchased_type":["Potion","Card","Relic"],"build_version":"2020-12-22","purchased_purges":2,"victory":false,"max_hp_per_floor":[75,75,80,80,80,80,80,80,80,80,80,80,80,80,80,80,80,80,80,80,80,80,80,80,80,80,80,80,80,80,80,80,80,80,80,80,80,80,80,80,80,80,80,80,80,80,84,84,84,84,84],"card_choices":[{"not_picked":["hermit:Desperado","hermit:Ricochet"],"picked":"hermit:CursedWeapon","floor":1},{"not_picked":["hermit:Headshot","hermit:LowProfile"],"picked":"hermit:CursedWeapon","floor":4},{"not_picked":["hermit:Snipe","hermit:ItchyTrigger"],"picked":"hermit:Dive","floor":10},{"not_picked":["hermit:Roulette","hermit:Feint","hermit:Dive"],"picked":"SKIP","floor":13},{"not_picked":["hermit:Dissolve","hermit:Misfire"],"picked":"hermit:TakeCover","floor":14},{"not_picked":["hermit:Magnum","hermit:EternalForm"],"picked":"hermit:BlackWind","floor":16},{"not_picked":["hermit:Maintenance","hermit:Vantage"],"picked":"hermit:Midnight","floor":18},{"not_picked":["hermit:HighCaliber+1","hermit:Quickdraw"],"picked":"hermit:Dive+1","floor":20},{"not_picked":["hermit:Ricochet+1","hermit:WideOpen"],"picked":"hermit:ShadowCloak","floor":21},{"not_picked":["hermit:Snipe","hermit:WideOpen"],"picked":"hermit:Maintenance+1","floor":22},{"not_picked":["hermit:SprayPray+1","hermit:GhostlyPresence"],"picked":"hermit:CalledShot+1","floor":23},{"not_picked":["hermit:HoleUp+1","hermit:GoldenBullet","hermit:LuckOfTheDraw"],"picked":"SKIP","floor":27},{"not_picked":["hermit:Dive","hermit:Brawl+1","hermit:Roulette"],"picked":"SKIP","floor":30},{"not_picked":["hermit:OverwhelmingPower","hermit:Roughhouse"],"picked":"hermit:Gambit","floor":33},{"not_picked":["hermit:Feint","hermit:Snipe"],"picked":"hermit:DeadMansHand+1","floor":35},{"not_picked":["hermit:BodyArmor+1","hermit:Showdown"],"picked":"hermit:Ricochet+1","floor":36},{"not_picked":["hermit:Dive+1","hermit:LowProfile","hermit:Vantage+1"],"picked":"SKIP","floor":37},{"not_picked":["hermit:Combo","hermit:TakeCover+1"],"picked":"hermit:CalledShot+1","floor":40},{"not_picked":["hermit:Coalescence","hermit:Grudge+1"],"picked":"hermit:Desperado+1","floor":41},{"not_picked":["hermit:SprayPray","hermit:PistolWhip","hermit:Feint"],"picked":"SKIP","floor":41},{"not_picked":["hermit:FullyLoaded","hermit:TakeAim+1"],"picked":"hermit:Coalescence","floor":44},{"not_picked":["Sadistic Nature","Mayhem"],"picked":"Thinking Ahead","floor":46},{"not_picked":["hermit:Headshot","hermit:Vantage+1","hermit:Scavenge+1"],"picked":"Singing Bowl","floor":47},{"not_picked":["hermit:TrackingShot","hermit:Feint+1","hermit:Brawl"],"picked":"Singing Bowl","floor":47}],"player_experience":347864,"relics_obtained":[{"floor":7,"key":"reliquary:Aerogel"},{"floor":9,"key":"Turnip"},{"floor":26,"key":"reliquary:TatteredRug"},{"floor":27,"key":"Shuriken"},{"floor":38,"key":"hermit:RyeStalk"},{"floor":40,"key":"Prayer Wheel"},{"floor":43,"key":"Singing Bowl"},{"floor":44,"key":"Shovel"}],"event_choices":[{"damage_healed":0,"gold_gain":0,"cards_transformed":["hermit:Strike_Hermit"],"player_choice":"Change","damage_taken":0,"max_hp_gain":0,"max_hp_loss":0,"event_name":"Living Wall","floor":2,"gold_loss":0,"cards_obtained":["hermit:SprayPray"]},{"damage_healed":0,"gold_gain":0,"player_choice":"Donut","damage_taken":0,"max_hp_gain":5,"max_hp_loss":0,"event_name":"Big Fish","floor":3,"gold_loss":0},{"damage_healed":0,"gold_gain":0,"player_choice":"Entered Light","damage_taken":16,"max_hp_gain":0,"max_hp_loss":0,"event_name":"Shining Light","floor":5,"gold_loss":0,"cards_upgraded":["hermit:CursedWeapon","hermit:Strike_Hermit"]},{"damage_healed":0,"gold_gain":0,"player_choice":"Trade","damage_taken":0,"relics_obtained":["SsserpentHead"],"max_hp_gain":0,"max_hp_loss":0,"event_name":"FaceTrader","floor":19,"gold_loss":0},{"damage_healed":0,"gold_gain":0,"player_choice":"Ignored","damage_taken":0,"max_hp_gain":0,"max_hp_loss":0,"event_name":"Vampires","floor":25,"gold_loss":0},{"cards_removed":["hermit:Strike_Hermit"],"damage_healed":0,"gold_gain":0,"player_choice":"Gave Gold","damage_taken":0,"max_hp_gain":0,"max_hp_loss":0,"event_name":"Beggar","floor":29,"gold_loss":75},{"damage_healed":0,"gold_gain":0,"player_choice":"Bet on Murderer","damage_taken":0,"max_hp_gain":0,"max_hp_loss":0,"event_name":"The Joust","floor":31,"gold_loss":50},{"cards_removed":["hermit:Defend_Hermit"],"damage_healed":0,"gold_gain":0,"player_choice":"Removed Skill","damage_taken":0,"max_hp_gain":0,"max_hp_loss":0,"event_name":"Falling","floor":39,"gold_loss":0},{"damage_healed":0,"gold_gain":0,"player_choice":"Fight","damage_taken":0,"max_hp_gain":0,"max_hp_loss":0,"event_name":"Mysterious Sphere","floor":44,"gold_loss":0},{"damage_healed":0,"gold_gain":0,"player_choice":"Memory 1","damage_taken":0,"max_hp_gain":0,"max_hp_loss":0,"event_name":"SensoryStone","floor":46,"gold_loss":0},{"damage_healed":0,"gold_gain":0,"player_choice":"Paid","damage_taken":0,"relics_obtained":["Red Mask"],"max_hp_gain":0,"max_hp_loss":0,"event_name":"Tomb of Lord Red Mask","floor":48,"gold_loss":723}],"is_beta":false,"boss_relics":[{"not_picked":["hermit:ClaspedLocket","Runic Dome"],"picked":"Cursed Key"},{"not_picked":["hermit:BartenderGlass","Snecko Eye"],"picked":"reliquary:RedPaperclip"}],"items_purged_floors":[11,24],"is_endless":false,"potions_floor_spawned":[1,13,16,21,30,33,35,41,44,47],"killed_by":"Awakened One","ascension_level":0}}