{"host":"rolltorest","time":1612656122,"event":{"mods":["BaseMod","Minty Spire (QoL Compilation)","Relic Stats","Slay the Relics Exporter","StSLib"],"gold_per_floor":[110,110,127,144,103,130,130,130,211,241,241,241,104,104,104,198,198,211,211,211,211,211,250,250,270,297,222,222,222,268,308,308,404,404,459,459,539,539,539,609,678,717,717,790,874,874,874,874],"floor_reached":47,"language":"ENG","playtime":2017,"items_purged":["Strike_P"],"score":1591,"play_id":"54ebdac0-b5ed-4edb-b37a-9444f7345ef9","local_time":"20210206160202","is_ascension_mode":true,"campfire_choices":[{"floor":8,"key":"REST"},{"data":"BowlingBash","floor":11,"key":"SMITH"},{"data":"CrushJoints","floor":15,"key":"SMITH"},{"data":"SpiritShield","floor":24,"key":"SMITH"},{"data":"Wish","floor":29,"key":"SMITH"},{"data":"Wallop","floor":32,"key":"SMITH"},{"floor":46,"key":"RECALL"}],"circlet_count":0,"master_deck":["AscendersBane","Defend_P","Defend_P","Defend_P","Defend_P","Eruption","Vigilance+1","CrushJoints+1","CarveReality","ThirdEye","Vault","Adaptation","SpiritShield+1","ReachHeaven","Wallop+1","Ghostly","Ghostly","Ghostly","WheelKick","Halt","Tantrum","Wish+1","Collect+1","Wish+1","WaveOfTheHand+1","Sanctity+1","Transmutation+1","WheelKick","EmptyFist","FearNoEvil"],"relics":["Snecko Eye","Art of War","Meat on the Bone","Smiling Mask","Prayer Wheel","Golden Idol","Runic Dome","Nilry\u0027s Codex","Darkstone Periapt","Damaru","Toxic Egg 2","Fusion Hammer","WingedGreaves","Centennial Puzzle","Shuriken","Bronze Scales"],"acts_visited":["Exordium","TheCity","TheBeyond"],"potions_floor_usage":[],"damage_taken":[{"damage":0,"enemies":"2 Louse","floor":1,"turns":2},{"damage":2,"enemies":"Jaw Worm","floor":3,"turns":3},{"damage":31,"enemies":"Small Slimes","floor":4,"turns":2},{"damage":12,"enemies":"Lagavulin","floor":6,"turns":6},{"damage":16,"enemies":"Gremlin Nob","floor":10,"turns":3},{"damage":0,"enemies":"Slime Boss","floor":16,"turns":5},{"damage":0,"enemies":"Chosen","floor":18,"turns":3},{"damage":0,"enemies":"Gremlin Leader","floor":23,"turns":3},{"damage":0,"enemies":"2 Thieves","floor":25,"turns":4},{"damage":11,"enemies":"Centurion and Healer","floor":30,"turns":5},{"damage":0,"enemies":"Book of Stabbing","floor":31,"turns":3},{"damage":0,"enemies":"Automaton","floor":33,"turns":6},{"damage":3,"enemies":"3 Darklings","floor":35,"turns":4},{"damage":1,"enemies":"3 Shapes","floor":37,"turns":5},{"damage":1,"enemies":"Giant Head","floor":40,"turns":4},{"damage":0,"enemies":"Nemesis","floor":41,"turns":5},{"damage":0,"enemies":"Giant Head","floor":42,"turns":6},{"damage":1,"enemies":"Nemesis","floor":44,"turns":10},{"damage":0,"enemies":"Transient","floor":45,"turns":8},{"damage":0,"enemies":"4 Shapes","floor":47,"turns":1}],"seed_played":"-6310480489173296376","potions_obtained":[{"floor":10,"key":"Fire Potion"},{"floor":16,"key":"Swift Potion"},{"floor":33,"key":"LiquidMemories"}],"is_trial":false,"path_per_floor":["M","?","M","M","$","E","?","R","T","E","R","T","$","?","R","B",null,"M","?","?","?","?","E","R","M","T","?","$","R","M","E","R","B",null,"M","?","M","?","?","E","E","E","T","E","M","R","M"],"character_chosen":"WATCHER","items_purchased":["CarveReality","Adaptation"],"campfire_rested":1,"item_purchase_floors":[5,13],"current_hp_per_floor":[61,54,52,21,21,9,9,29,29,25,25,25,25,25,25,37,56,56,35,31,31,31,31,31,31,31,31,31,31,20,20,20,20,28,25,25,24,24,24,23,23,23,23,22,22,22,22,22],"gold":874,"neow_bonus":"BOSS_RELIC","is_daily":false,"chose_seed":false,"campfire_upgraded":5,"win_rate":0.0,"timestamp":1612656122,"path_taken":["M","?","M","M","$","E","?","R","T","E","R","?","$","?","R","BOSS","M","?","?","?","?","E","R","?","T","?","$","R","M","E","R","BOSS","M","?","M","?","?","E","E","E","T","E","M","R","M"],"items_purchased_type":["Card","Card"],"build_version":"2020-12-18","purchased_purges":1,"victory":false,"max_hp_per_floor":[68,68,68,68,68,68,68,68,68,68,68,68,68,62,62,62,62,62,62,31,31,31,31,31,31,31,31,31,31,31,31,31,31,31,31,31,31,29,29,29,29,29,29,29,29,29,29,29],"relic_stats":{"Darkstone Periapt":0,"Centennial Puzzle":[3],"counters":[20,88],"Golden Idol":111,"Shuriken":[8],"Bronze Scales":[15],"Snecko Eye":[175,163,158,163],"Prayer Wheel":6,"Art of War":[10],"Smiling Mask":25,"obtain_stats":[{"Darkstone Periapt":23,"Golden Idol":14,"Nilry\u0027s Codex":19,"Damaru":26,"Smiling Mask":10,"Runic Dome":17,"Centennial Puzzle":41,"Shuriken":42,"Bronze Scales":44,"Snecko Eye":0,"Prayer Wheel":12,"Fusion Hammer":34,"WingedGreaves":40,"Art of War":6,"PureWater":0,"Toxic Egg 2":31,"Meat on the Bone":9},{"Darkstone Periapt":8,"Golden Idol":5,"Nilry\u0027s Codex":7,"Damaru":9,"Smiling Mask":5,"Runic Dome":6,"Centennial Puzzle":16,"Shuriken":17,"Bronze Scales":18,"Snecko Eye":0,"Prayer Wheel":5,"Fusion Hammer":12,"WingedGreaves":15,"Art of War":4,"PureWater":0,"Toxic Egg 2":11,"Meat on the Bone":4},{"Darkstone Periapt":27,"Golden Idol":16,"Nilry\u0027s Codex":24,"Damaru":31,"Smiling Mask":16,"Runic Dome":21,"Centennial Puzzle":63,"Shuriken":69,"Bronze Scales":79,"Snecko Eye":0,"Prayer Wheel":16,"Fusion Hammer":45,"WingedGreaves":58,"Art of War":13,"PureWater":0,"Toxic Egg 2":39,"Meat on the Bone":13}],"Meat on the Bone":24},"card_choices":[{"not_picked":["ClearTheMind","CrushJoints"],"picked":"BowlingBash","floor":1},{"not_picked":["Evaluate","SignatureMove"],"picked":"CrushJoints","floor":3},{"not_picked":["JustLucky","LikeWater","InnerPeace"],"picked":"SKIP","floor":4},{"not_picked":["PathToVictory","Consecrate"],"picked":"ThirdEye","floor":6},{"not_picked":["EmptyBody","Halt"],"picked":"Vault","floor":10},{"not_picked":["Brilliance","DeusExMachina"],"picked":"SpiritShield","floor":16},{"not_picked":["FlurryOfBlows","FlyingSleeves"],"picked":"ReachHeaven","floor":18},{"not_picked":["PathToVictory","BowlingBash"],"picked":"Wallop","floor":18},{"not_picked":["SashWhip+1","EmptyMind+1"],"picked":"Tantrum","floor":23},{"not_picked":["Sanctity","FollowUp"],"picked":"Wish","floor":25},{"not_picked":["ClearTheMind+1","BowlingBash","DeceiveReality"],"picked":"SKIP","floor":25},{"not_picked":["Worship","BowlingBash","FlyingSleeves"],"picked":"SKIP","floor":30},{"not_picked":["WaveOfTheHand","Perseverance","Weave"],"picked":"SKIP","floor":30},{"not_picked":["FlyingSleeves","ClearTheMind+1"],"picked":"Collect+1","floor":31},{"not_picked":["Devotion","MasterReality"],"picked":"Wish+1","floor":33},{"not_picked":["ThirdEye+1","EmptyFist"],"picked":"WaveOfTheHand+1","floor":35},{"not_picked":["CrushJoints","InnerPeace+1"],"picked":"Sanctity+1","floor":35},{"not_picked":["Evaluate+1","Crescendo+1","SignatureMove"],"picked":"SKIP","floor":37},{"not_picked":["SashWhip","FollowUp+1","CrushJoints+1"],"picked":"SKIP","floor":37},{"not_picked":["Deep Breath+1","Blind+1"],"picked":"Transmutation+1","floor":39},{"not_picked":["CarveReality","WreathOfFlame+1"],"picked":"WheelKick","floor":40},{"not_picked":["JustLucky+1","Weave"],"picked":"EmptyFist","floor":41},{"not_picked":["JustLucky","Evaluate+1","PathToVictory+1"],"picked":"SKIP","floor":42},{"not_picked":["DeceiveReality+1","LikeWater"],"picked":"FearNoEvil","floor":44},{"not_picked":["SashWhip+1","Prostrate+1","InnerPeace+1"],"picked":"SKIP","floor":45},{"not_picked":["WaveOfTheHand+1","SashWhip+1","Indignation+1"],"picked":"SKIP","floor":45}],"player_experience":1899008,"relics_obtained":[{"floor":6,"key":"Art of War"},{"floor":9,"key":"Meat on the Bone"},{"floor":10,"key":"Smiling Mask"},{"floor":12,"key":"Prayer Wheel"},{"floor":19,"key":"Nilry\u0027s Codex"},{"floor":23,"key":"Darkstone Periapt"},{"floor":26,"key":"Damaru"},{"floor":31,"key":"Toxic Egg 2"},{"floor":40,"key":"WingedGreaves"},{"floor":41,"key":"Centennial Puzzle"},{"floor":42,"key":"Shuriken"},{"floor":44,"key":"Bronze Scales"}],"event_choices":[{"cards_removed":["Strike_P"],"damage_healed":0,"gold_gain":0,"player_choice":"Card Removal","damage_taken":7,"max_hp_gain":0,"max_hp_loss":0,"event_name":"Golden Wing","floor":2,"gold_loss":0},{"damage_healed":0,"gold_gain":0,"player_choice":"Grow","damage_taken":0,"max_hp_gain":0,"max_hp_loss":0,"event_name":"Living Wall","floor":7,"gold_loss":0,"cards_upgraded":["Vigilance"]},{"damage_healed":0,"gold_gain":0,"player_choice":"Lose Max HP","damage_taken":0,"relics_obtained":["Golden Idol"],"max_hp_gain":0,"max_hp_loss":6,"event_name":"Golden Idol","floor":14,"gold_loss":0},{"damage_healed":0,"gold_gain":0,"player_choice":"Obtained Book","damage_taken":21,"max_hp_gain":0,"max_hp_loss":0,"event_name":"Cursed Tome","floor":19,"gold_loss":0},{"damage_healed":0,"gold_gain":0,"player_choice":"Became a Ghost","damage_taken":0,"max_hp_gain":0,"max_hp_loss":31,"event_name":"Ghosts","floor":20,"gold_loss":0,"cards_obtained":["Ghostly","Ghostly","Ghostly"]},{"damage_healed":0,"gold_gain":0,"player_choice":"Read","damage_taken":0,"max_hp_gain":0,"max_hp_loss":0,"event_name":"The Library","floor":21,"gold_loss":0,"cards_obtained":["WheelKick"]},{"damage_healed":0,"gold_gain":0,"cards_transformed":["Strike_P"],"player_choice":"Transformed","damage_taken":0,"max_hp_gain":0,"max_hp_loss":0,"event_name":"Transmorgrifier","floor":22,"gold_loss":0,"cards_obtained":["Halt"]},{"cards_removed":["Strike_P"],"damage_healed":0,"gold_gain":0,"player_choice":"Gave Gold","damage_taken":0,"max_hp_gain":0,"max_hp_loss":0,"event_name":"Beggar","floor":27,"gold_loss":75},{"cards_removed":["BowlingBash"],"damage_healed":0,"gold_gain":0,"player_choice":"Removed Attack","damage_taken":0,"max_hp_gain":0,"max_hp_loss":0,"event_name":"Falling","floor":36,"gold_loss":0},{"damage_healed":0,"gold_gain":0,"player_choice":"Max HP","damage_taken":0,"max_hp_gain":0,"max_hp_loss":2,"event_name":"Winding Halls","floor":38,"gold_loss":0},{"damage_healed":0,"gold_gain":0,"player_choice":"Memory 1","damage_taken":0,"max_hp_gain":0,"max_hp_loss":0,"event_name":"SensoryStone","floor":39,"gold_loss":0}],"is_beta":true,"boss_relics":[{"not_picked":["Velvet Choker","SacredBark"],"picked":"Runic Dome"},{"not_picked":["Empty Cage","Tiny House"],"picked":"Fusion Hammer"}],"items_purged_floors":[13],"is_endless":false,"potions_floor_spawned":[10,16,18,30,33,35,41,42,45],"killed_by":"4 Shapes","ascension_level":20}}