{"host":"sc0o2qwpf9j16a4i","time":1612695024,"event":{"mods":["AchievementEnabler","BaseMod","BetterRewards","Block Reminder","Colored Map","Colored Powertips","Custom Start","Highlight Path","Minty Spire (QoL Compilation)","Relic Stats"],"gold_per_floor":[144,189,237,12,12,90,90,129,129,129,129,225,8,89,89,386,386,443,360,417,465,44,44,44,149,225,261,318,351,351,435,435,735,735,774,822,782,836,836,923,923,1013,1013,10,112,154,154,208,208,208],"floor_reached":51,"language":"ENG","playtime":2287,"items_purged":["Strike_R"],"score":1120,"play_id":"2ee53729-f0ba-4505-b829-ad2fd2c03f83","local_time":"20210207125024","daily_mods":["Chimera","Blue Cards","Midas"],"is_ascension_mode":false,"campfire_choices":[{"floor":7,"key":"REST"},{"floor":11,"key":"REST"},{"floor":15,"key":"REST"},{"floor":23,"key":"REST"},{"floor":32,"key":"REST"},{"floor":41,"key":"REST"},{"floor":47,"key":"REST"},{"floor":49,"key":"REST"}],"circlet_count":0,"master_deck":["Bash","Survivor","Eruption","Defend_P","Glacier","Distraction","Noxious Fumes","Bouncing Flask","Corpse Explosion","Go for the Eyes","Night Terror+1","Hyperbeam","Eviscerate+1","Coolheaded+1","Prepared+1","Flying Knee","Calculated Gamble","Concentrate","Deflect","Turbo","Ghostly","Ghostly","Ghostly","Ghostly","Ghostly","Flechettes+1","Outmaneuver+1","Prepared+1","Caltrops+1","Multi-Cast","Wraith Form v2+1","Catalyst"],"relics":["Ring of the Snake","ClockworkSouvenir","NlothsMask","HornCleat","Meat on the Bone","The Courier","Membership Card","PreservedInsect","Art of War","Astrolabe","Incense Burner","Bronze Scales","Centennial Puzzle","Happy Flower","Omamori","Ice Cream","Bag of Marbles","Gambling Chip","Eternal Feather","Blood Vial","Empty Cage","MealTicket","Question Card","InkBottle","Strawberry","Snake Skull","Frozen Eye","Calipers","Juzu Bracelet","Frozen Egg 2","Orichalcum","Du-Vu Doll","Bag of Preparation","Regal Pillow","White Beast Statue","Boot","Pen Nib"],"acts_visited":["Exordium","TheCity","TheBeyond"],"potions_floor_usage":[6,8,14,16,16,28,31,33,38,50,50,50],"damage_taken":[{"damage":0,"enemies":"Small Slimes","floor":1,"turns":3},{"damage":0,"enemies":"2 Louse","floor":2,"turns":3},{"damage":9,"enemies":"Cultist","floor":3,"turns":4},{"damage":0,"enemies":"Lagavulin","floor":6,"turns":8},{"damage":10,"enemies":"Exordium Wildlife","floor":8,"turns":5},{"damage":34,"enemies":"Gremlin Nob","floor":12,"turns":5},{"damage":0,"enemies":"Lagavulin","floor":14,"turns":5},{"damage":12,"enemies":"The Guardian","floor":16,"turns":10},{"damage":4,"enemies":"2 Thieves","floor":18,"turns":3},{"damage":7,"enemies":"Shell Parasite","floor":20,"turns":5},{"damage":0,"enemies":"3 Cultists","floor":21,"turns":2},{"damage":4,"enemies":"Gremlin Leader","floor":25,"turns":4},{"damage":0,"enemies":"Shelled Parasite and Fungi","floor":27,"turns":2},{"damage":4,"enemies":"Snake Plant","floor":28,"turns":3},{"damage":0,"enemies":"Centurion and Healer","floor":29,"turns":3},{"damage":0,"enemies":"Book of Stabbing","floor":31,"turns":5},{"damage":0,"enemies":"Collector","floor":33,"turns":7},{"damage":2,"enemies":"3 Shapes","floor":35,"turns":5},{"damage":0,"enemies":"Orb Walker","floor":36,"turns":1},{"damage":17,"enemies":"Spire Growth","floor":38,"turns":4},{"damage":1,"enemies":"Reptomancer","floor":40,"turns":3},{"damage":1,"enemies":"Nemesis","floor":42,"turns":7},{"damage":0,"enemies":"Reptomancer","floor":45,"turns":6},{"damage":0,"enemies":"Maw","floor":46,"turns":7},{"damage":0,"enemies":"Sphere and 2 Shapes","floor":48,"turns":4},{"damage":0,"enemies":"Awakened One","floor":50,"turns":11}],"seed_played":"8732723767884354403","potions_obtained":[{"floor":1,"key":"SpeedPotion"},{"floor":6,"key":"SpeedPotion"},{"floor":12,"key":"Strength Potion"},{"floor":14,"key":"Block Potion"},{"floor":16,"key":"LiquidBronze"},{"floor":20,"key":"FairyPotion"},{"floor":25,"key":"Poison Potion"},{"floor":28,"key":"CunningPotion"},{"floor":33,"key":"FairyPotion"},{"floor":35,"key":"CunningPotion"},{"floor":42,"key":"Energy Potion"},{"floor":45,"key":"Explosive Potion"},{"floor":46,"key":"Swift Potion"},{"floor":48,"key":"SpeedPotion"}],"is_trial":true,"path_per_floor":["M","M","M","$","?","E","R","M","T","T","R","E","$","E","R","B",null,"M","?","M","M","$","R","?","E","T","M","M","M","?","E","R","B",null,"M","M","?","M","?","E","R","E","T","$","E","M","R","M","R","B",null],"character_chosen":"THE_SILENT","items_purchased":["ClockworkSouvenir","Bouncing Flask","Membership Card","PreservedInsect","LiquidMemories","Bronze Scales","Centennial Puzzle","Happy Flower","Omamori","Ice Cream","Deflect","Strawberry","Snake Skull","Frozen Eye","Calipers","Juzu Bracelet","Frozen Egg 2","Orichalcum","Caltrops+1","Du-Vu Doll","Bag of Preparation","Regal Pillow","White Beast Statue","Multi-Cast","Boot"],"campfire_rested":8,"item_purchase_floors":[4,4,13,13,13,22,22,22,22,22,22,44,44,44,44,44,44,44,44,44,44,44,44,44,44],"current_hp_per_floor":[70,70,61,61,61,61,70,60,60,60,70,36,36,36,57,45,70,66,66,59,59,59,70,70,66,66,66,62,62,35,35,35,35,35,33,35,35,18,45,44,45,44,44,52,52,52,52,52,52,52],"gold":208,"neow_bonus":"","is_daily":false,"chose_seed":false,"campfire_upgraded":0,"win_rate":0.0,"timestamp":1612695024,"path_taken":["M","M","?","$","?","E","R","?","T","?","R","E","$","E","R","BOSS","M","?","M","?","?","R","?","E","T","M","M","M","?","E","R","BOSS","M","M","?","?","?","E","R","E","T","$","E","M","R","M","R","BOSS"],"items_purchased_type":["Relic","Card","Relic","Relic","Potion","Relic","Relic","Relic","Relic","Relic","Card","Relic","Relic","Relic","Relic","Relic","Relic","Relic","Card","Relic","Relic","Relic","Relic","Card","Relic"],"build_version":"2020-12-22","purchased_purges":1,"victory":true,"max_hp_per_floor":[70,70,70,70,70,70,70,70,70,70,70,70,70,70,70,70,70,70,70,70,70,70,70,70,70,70,70,70,70,35,35,35,35,35,35,35,35,35,45,45,45,45,45,52,52,52,52,52,52,52],"relic_stats":{"Regal Pillow":0,"Happy Flower":[24],"counters":[26,125],"Astrolabe":["Eviscerate","Coolheaded","Prepared"],"Eternal Feather":1,"PreservedInsect":278,"Snake Skull":[33],"Pen Nib":[2],"Juzu Bracelet":0,"Bag of Preparation":[8],"Orichalcum":[84],"Question Card":3,"Boot":[1],"Blood Vial":2,"Centennial Puzzle":[18],"Bronze Scales":[242],"Gambling Chip":[57],"MealTicket":1,"Art of War":[36],"obtain_stats":[{"Ice Cream":22,"Regal Pillow":44,"Calipers":44,"Snake Skull":44,"Incense Burner":19,"Juzu Bracelet":44,"Bag of Preparation":44,"Empty Cage":34,"Boot":44,"ClockworkSouvenir":4,"Blood Vial":31,"Frozen Eye":44,"Centennial Puzzle":22,"HornCleat":6,"Gambling Chip":25,"Strawberry":44,"MealTicket":40,"InkBottle":43,"Ring of the Snake":0,"Happy Flower":22,"Astrolabe":17,"Eternal Feather":26,"The Courier":12,"PreservedInsect":13,"Pen Nib":45,"Omamori":22,"Frozen Egg 2":44,"Orichalcum":44,"Question Card":42,"White Beast Statue":44,"Du-Vu Doll":44,"Bronze Scales":22,"Art of War":14,"Bag of Marbles":24,"Membership Card":13,"NlothsMask":5,"Meat on the Bone":10},{"Ice Cream":11,"Regal Pillow":22,"Calipers":22,"Snake Skull":22,"Incense Burner":9,"Juzu Bracelet":22,"Bag of Preparation":22,"Empty Cage":17,"Boot":22,"ClockworkSouvenir":3,"Blood Vial":16,"Frozen Eye":22,"Centennial Puzzle":11,"HornCleat":4,"Gambling Chip":12,"Strawberry":22,"MealTicket":21,"InkBottle":22,"Ring of the Snake":0,"Happy Flower":11,"Astrolabe":8,"Eternal Feather":12,"The Courier":6,"PreservedInsect":6,"Pen Nib":23,"Omamori":11,"Frozen Egg 2":22,"Orichalcum":22,"Question Card":22,"White Beast Statue":22,"Du-Vu Doll":22,"Bronze Scales":11,"Art of War":7,"Bag of Marbles":11,"Membership Card":6,"NlothsMask":3,"Meat on the Bone":5},{"Ice Cream":53,"Regal Pillow":97,"Calipers":97,"Snake Skull":97,"Incense Burner":46,"Juzu Bracelet":97,"Bag of Preparation":97,"Empty Cage":77,"Boot":97,"ClockworkSouvenir":10,"Blood Vial":70,"Frozen Eye":97,"Centennial Puzzle":53,"HornCleat":18,"Gambling Chip":57,"Strawberry":97,"MealTicket":90,"InkBottle":97,"Ring of the Snake":0,"Happy Flower":53,"Astrolabe":43,"Eternal Feather":57,"The Courier":28,"PreservedInsect":28,"Pen Nib":103,"Omamori":53,"Frozen Egg 2":97,"Orichalcum":97,"Question Card":97,"White Beast Statue":97,"Du-Vu Doll":97,"Bronze Scales":53,"Art of War":33,"Bag of Marbles":53,"Membership Card":28,"NlothsMask":10,"Meat on the Bone":23}],"InkBottle":[12],"Ring of the Snake":[52],"Meat on the Bone":0},"card_choices":[{"not_picked":["Acrobatics","Ball Lightning"],"picked":"Glacier","floor":1},{"not_picked":["Chill","Turbo"],"picked":"Distraction","floor":2},{"not_picked":["Blur","Hologram"],"picked":"Noxious Fumes","floor":3},{"not_picked":["Rebound","Loop"],"picked":"Corpse Explosion","floor":6},{"not_picked":["Tempest","Underhanded Strike","Beam Cell"],"picked":"SKIP","floor":8},{"not_picked":["Dagger Spray","Flying Knee"],"picked":"Go for the Eyes","floor":12},{"not_picked":["Stack","Streamline"],"picked":"Night Terror","floor":14},{"not_picked":["A Thousand Cuts","Die Die Die"],"picked":"Hyperbeam","floor":16},{"not_picked":["Outmaneuver+1","Consume+1"],"picked":"Flying Knee","floor":18},{"not_picked":["Go for the Eyes","Rebound"],"picked":"Calculated Gamble","floor":20},{"not_picked":["Flying Knee","Slice"],"picked":"Concentrate","floor":21},{"not_picked":["Glacier","All For One","Poisoned Stab"],"picked":"SKIP","floor":25},{"not_picked":["Blizzard","Conserve Battery"],"picked":"Turbo","floor":27},{"not_picked":["Sunder","Doom and Gloom","Dagger Spray"],"picked":"SKIP","floor":28},{"not_picked":["Bouncing Flask","Blade Dance","Skim"],"picked":"SKIP","floor":29},{"not_picked":["Flying Knee","Slice+1"],"picked":"Flechettes+1","floor":31},{"not_picked":["Grand Finale","Unload"],"picked":"Doppelganger","floor":33},{"not_picked":["Leap+1","Go for the Eyes+1","Riddle With Holes"],"picked":"SKIP","floor":35},{"not_picked":["Dodge and Roll+1","Sunder+1","Melter+1"],"picked":"SKIP","floor":36},{"not_picked":["Caltrops+1","Go for the Eyes+1","Consume"],"picked":"SKIP","floor":38},{"not_picked":["Chill","Gash"],"picked":"Outmaneuver+1","floor":40},{"not_picked":["All Out Attack+1","Barrage"],"picked":"Prepared+1","floor":42},{"not_picked":["Redo+1","Sucker Punch+1","PiercingWail+1"],"picked":"Wraith Form v2+1","floor":45},{"not_picked":["Steam+1","Sunder+1","Defragment+1","Bouncing Flask"],"picked":"SKIP","floor":46},{"not_picked":["Leap","Defragment+1","Flechettes"],"picked":"Catalyst","floor":48}],"player_experience":1249881,"relics_obtained":[{"floor":6,"key":"HornCleat"},{"floor":10,"key":"Meat on the Bone"},{"floor":12,"key":"The Courier"},{"floor":14,"key":"Art of War"},{"floor":25,"key":"Gambling Chip"},{"floor":26,"key":"Eternal Feather"},{"floor":31,"key":"Blood Vial"},{"floor":40,"key":"MealTicket"},{"floor":42,"key":"Question Card"},{"floor":43,"key":"InkBottle"},{"floor":45,"key":"Pen Nib"}],"event_choices":[{"damage_healed":0,"gold_gain":0,"player_choice":"Trade","damage_taken":0,"relics_obtained":["NlothsMask"],"max_hp_gain":0,"max_hp_loss":0,"event_name":"FaceTrader","floor":5,"gold_loss":0},{"damage_healed":0,"gold_gain":0,"player_choice":"Paid Gold","damage_taken":0,"relics_obtained":["Incense Burner"],"max_hp_gain":0,"max_hp_loss":0,"event_name":"WeMeetAgain","floor":19,"gold_loss":83},{"damage_healed":0,"gold_gain":0,"player_choice":"Opened","damage_taken":0,"relics_obtained":["Bag of Marbles"],"max_hp_gain":0,"max_hp_loss":0,"event_name":"The Mausoleum","floor":24,"gold_loss":0},{"damage_healed":0,"gold_gain":0,"player_choice":"Became a Ghost","damage_taken":0,"max_hp_gain":0,"max_hp_loss":35,"event_name":"Ghosts","floor":30,"gold_loss":0,"cards_obtained":["Ghostly","Ghostly","Ghostly","Ghostly","Ghostly"]},{"damage_healed":0,"gold_gain":0,"player_choice":"Upgrade","damage_taken":0,"max_hp_gain":0,"max_hp_loss":0,"event_name":"Designer","floor":37,"gold_loss":40,"cards_upgraded":["Night Terror"]},{"cards_removed":["Doppelganger"],"damage_healed":17,"gold_gain":0,"player_choice":"Offered Rare","damage_taken":0,"max_hp_gain":10,"max_hp_loss":0,"event_name":"Bonfire Elementals","floor":39,"gold_loss":0}],"is_beta":false,"boss_relics":[{"not_picked":["Pandora\u0027s Box","SacredBark"],"picked":"Astrolabe"},{"not_picked":["Runic Dome","Philosopher\u0027s Stone"],"picked":"Empty Cage"}],"items_purged_floors":[22],"is_endless":false,"potions_floor_spawned":[1,6,12,14,16,20,25,28,33,35,42,45,46,48],"ascension_level":0}}