{"host":"sum4dy402bbv9y4o","time":1612738359,"event":{"mods":["Aspiration","BaseMod","Conspire","Highlight Path","Minty Spire (QoL Compilation)","StSLib"],"gold_per_floor":[118,45,62,62,62,91,91,118,143,45,45,62,62,88,88,88,88],"floor_reached":16,"language":"ENG","playtime":379,"items_purged":[],"score":282,"play_id":"13f7829a-d168-49d2-bb3c-23043da6ec6f","local_time":"20210208015239","is_ascension_mode":true,"campfire_choices":[{"data":"Zap","floor":7,"key":"SMITH"},{"floor":11,"key":"REST"},{"data":"Redo","floor":15,"key":"SMITH"}],"circlet_count":0,"master_deck":["AscendersBane","Strike_B","Strike_B","Strike_B","Defend_B+1","Defend_B","Defend_B","Defend_B","Zap+1","Dualcast+1","Steam","Rebound","Conserve Battery","Redo+1","Self Repair","Ball Lightning","Cold Snap","Ball Lightning"],"relics":["Cracked Core","NeowsBlessing","conspire:Flyswatter","Smiling Mask","StoneCalendar","Nunchaku","Ancient Tea Set","aspiration:HiddenCompartment"],"acts_visited":["Exordium"],"potions_floor_usage":[8,8],"damage_taken":[{"damage":0,"enemies":"2 Louse","floor":1,"turns":1},{"damage":0,"enemies":"Cultist","floor":3,"turns":1},{"damage":0,"enemies":"Gremlin Nob","floor":6,"turns":1},{"damage":14,"enemies":"3 Sentries","floor":8,"turns":9},{"damage":7,"enemies":"Jaw Worm","floor":12,"turns":3},{"damage":7,"enemies":"Lagavulin","floor":14,"turns":6},{"damage":43,"enemies":"Slime Boss","floor":16,"turns":6}],"seed_played":"-7759637778663501190","potions_obtained":[{"floor":3,"key":"BlessingOfTheForge"},{"floor":6,"key":"SpeedPotion"},{"floor":14,"key":"CultistPotion"}],"is_trial":false,"path_per_floor":["M","?","M","?","?","E","R","E","T","$","R","M","?","E","R","B"],"character_chosen":"DEFECT","items_purchased":["Self Repair","Ball Lightning"],"campfire_rested":1,"item_purchase_floors":[10,10],"current_hp_per_floor":[64,64,64,57,36,36,36,22,22,22,43,43,43,43,43,0,0],"gold":88,"neow_bonus":"THREE_ENEMY_KILL","is_daily":false,"chose_seed":false,"campfire_upgraded":2,"win_rate":0.0,"timestamp":1612738359,"path_taken":["M","?","?","?","?","E","R","E","T","$","R","M","?","E","R","BOSS"],"items_purchased_type":["Card","Card"],"build_version":"2020-12-22","purchased_purges":0,"victory":false,"max_hp_per_floor":[71,71,71,71,71,71,71,71,71,71,71,71,71,71,71,71,71],"card_choices":[{"not_picked":["Turbo","Chaos"],"picked":"Steam","floor":1},{"not_picked":["Reprogram","Hello World"],"picked":"Rebound","floor":3},{"not_picked":["Hologram","Rebound"],"picked":"Conserve Battery","floor":6},{"not_picked":["Static Discharge","Buffer"],"picked":"Redo","floor":8},{"not_picked":["Blizzard","Reprogram"],"picked":"Cold Snap","floor":12},{"not_picked":["Undo","aspiration:Polymerization"],"picked":"Ball Lightning","floor":14}],"player_experience":3061540,"relics_obtained":[{"floor":6,"key":"Smiling Mask"},{"floor":8,"key":"StoneCalendar"},{"floor":9,"key":"Nunchaku"},{"floor":14,"key":"aspiration:HiddenCompartment"}],"event_choices":[{"damage_healed":0,"gold_gain":0,"player_choice":"Paid Gold","damage_taken":0,"relics_obtained":["conspire:Flyswatter"],"max_hp_gain":0,"max_hp_loss":0,"event_name":"WeMeetAgain","floor":2,"gold_loss":73},{"cards_removed":["Strike_B"],"damage_healed":0,"gold_gain":0,"player_choice":"Card Removal","damage_taken":7,"max_hp_gain":0,"max_hp_loss":0,"event_name":"Golden Wing","floor":4,"gold_loss":0},{"damage_healed":0,"gold_gain":0,"player_choice":"Entered Light","damage_taken":21,"max_hp_gain":0,"max_hp_loss":0,"event_name":"Shining Light","floor":5,"gold_loss":0,"cards_upgraded":["Dualcast","Defend_B"]},{"damage_healed":0,"gold_gain":0,"player_choice":"Searched \u00271\u0027 times","damage_taken":0,"relics_obtained":["Ancient Tea Set"],"max_hp_gain":0,"max_hp_loss":0,"event_name":"Dead Adventurer","floor":13,"gold_loss":0}],"is_beta":false,"boss_relics":[],"items_purged_floors":[],"is_endless":false,"potions_floor_spawned":[3,6,14],"killed_by":"Slime Boss","ascension_level":20}}