{"host":"0qlrtuw7bw78ucw4","time":1612697366,"event":{"mods":["BaseMod","Downfall","Minty Spire (QoL Compilation)","StSLib"],"gold_per_floor":[99,112,131,131,149,149,149,149,249,249,259,285,185,200,213,315,315,315,327,88,88,103,103,103,114,146,31,31,31,56,76,94,189,239,139,188,207,207,226,272,340,374,274,300,310,310,341,36,52,52,52,82,5,5,5,5],"floor_reached":57,"language":"ENG","playtime":11214,"items_purged":["Slimebound:Defend_Slimebound","Pain","Slimebound:Defend_Slimebound","Slimebound:Strike_Slimebound"],"score":2013,"play_id":"122450ce-af11-4378-8c40-b4a98abfda27","local_time":"20210207222926","is_ascension_mode":true,"campfire_choices":[{"data":"Slimebound:HauntingLick","floor":1.0,"key":"SMITH"},{"data":"Slimebound:MegaLick","floor":6.0,"key":"SMITH"},{"data":"Slimebound:SamplingLick","floor":8.0,"key":"SMITH"},{"data":"Slimebound:Prepare","floor":13,"key":"SMITH"},{"floor":18,"key":"RECALL"},{"data":"Slimebound:MassFeed","floor":23,"key":"SMITH"},{"data":"Slimebound:Recycling","floor":28,"key":"SMITH"},{"data":"Slimebound:LeadByExample","floor":35,"key":"SMITH"},{"data":"expansioncontent:Chronoboost","floor":43,"key":"SMITH"},{"data":"Slimebound:SlimeBarrage","floor":46,"key":"SMITH"},{"data":"expansioncontent:Chronoboost","floor":54,"key":"SMITH"}],"circlet_count":0,"master_deck":["AscendersBane","Slimebound:Tackle+1","Slimebound:Split","Slimebound:CorrosiveSpit","Slimebound:HauntingLick+1","Slimebound:LeechLife+1","Slimebound:SamplingLick+1","Slimebound:Prepare+1","Slimebound:MegaLick+1","Slimebound:SlimeSpikes","Slimebound:Schlurp+1","Slimebound:HauntingLick+1","Slimebound:SplitBruiser+1","Slimebound:Recycling+1","Slimebound:GoopSpray+1","Slimebound:MassFeed+1","Slimebound:GrowthPunch+1","Slimebound:HauntingLick+1","Slimebound:LivingWall+1","Slimebound:SpikyOuterGoop+1","Slimebound:PrepareCrush+1","Slimebound:LeadByExample+1","Slimebound:SplitSpecialist+1","Slimebound:WasteNot+1","Slimebound:SlimeBarrage+1","Slimebound:SamplingLick+1","expansioncontent:Chronoboost+1","expansioncontent:Chronoboost+1","Slimebound:Repurpose+1","Slimebound:Recollect+1","Slimebound:SlimeTap+1"],"relics":["Slimebound:AbsorbEndCombat","Letter Opener","Toxic Egg 2","downfall:HeartBlessingGreen","Sozu","Medical Kit","WarpedTongs","Matryoshka","Slimebound:PotencyRelic","Guardian:PocketSentry","Tiny House","downfall:HeartBlessingRed","Orrery","FossilizedHelix","PreservedInsect","Slimebound:SlimedTailRelic","downfall:HeartBlessingBlue","Shuriken","Gambling Chip","Membership Card","Bag of Preparation","Whetstone","OrangePellets"],"acts_visited":["Exordium","TheCity","TheBeyond","TheEnding"],"potions_floor_usage":[12,56,56],"damage_taken":[{"damage":4.0,"enemies":"2 Louse","floor":2.0,"turns":3.0},{"damage":7.0,"enemies":"Small Slimes","floor":3.0,"turns":3.0},{"damage":3.0,"enemies":"Jaw Worm","floor":5.0,"turns":3.0},{"damage":4.0,"enemies":"Exordium Thugs","floor":11.0,"turns":6.0},{"damage":10,"enemies":"Gremlin Nob","floor":12,"turns":3},{"damage":0,"enemies":"Gremlin Gang","floor":14,"turns":3},{"damage":0,"enemies":"3 Louse","floor":15,"turns":1},{"damage":69,"enemies":"WA_ARCHETYPE_RETAIN","floor":16,"turns":11},{"damage":1,"enemies":"Chosen","floor":19,"turns":3},{"damage":0,"enemies":"downfall:FleeingMerchant","floor":20,"turns":4},{"damage":10,"enemies":"Shell Parasite","floor":22,"turns":7},{"damage":5,"enemies":"Snecko","floor":25,"turns":4},{"damage":27,"enemies":"Gremlin Leader","floor":26,"turns":5},{"damage":15,"enemies":"downfall:FleeingMerchant","floor":27,"turns":4},{"damage":11,"enemies":"Slavers","floor":30,"turns":2},{"damage":0,"enemies":"Snake Plant","floor":31,"turns":3},{"damage":12,"enemies":"Shelled Parasite and Fungi","floor":32,"turns":5},{"damage":11,"enemies":"DF_ARCHETYPE_CLAW","floor":33,"turns":7},{"damage":0,"enemies":"downfall:FleeingMerchant","floor":36,"turns":3},{"damage":24,"enemies":"3 Darklings","floor":37,"turns":4},{"damage":18,"enemies":"3 Shapes","floor":39,"turns":4},{"damage":35,"enemies":"2 Orb Walkers","floor":40,"turns":5},{"damage":14,"enemies":"Reptomancer","floor":42,"turns":7},{"damage":26,"enemies":"Nemesis","floor":44,"turns":5},{"damage":0,"enemies":"Spire Growth","floor":45,"turns":6},{"damage":6,"enemies":"Reptomancer","floor":47,"turns":4},{"damage":0,"enemies":"4 Shapes","floor":49,"turns":2},{"damage":14,"enemies":"SI_POISON_ARCHETYPE","floor":50,"turns":7},{"damage":0,"enemies":"downfall:CharBossMerchant","floor":52,"turns":5},{"damage":34,"enemies":"downfall:NeowBoss","floor":55,"turns":11},{"damage":61,"enemies":"downfall:NeowBossFinal","floor":56,"turns":13}],"seed_played":"-3439103473022633722","potions_obtained":[{"floor":3.0,"key":"SkillPotion"},{"floor":14,"key":"FearPotion"},{"floor":15,"key":"Dexterity Potion"},{"floor":16,"key":"Energy Potion"}],"is_trial":false,"path_per_floor":["R","M","M","?","M","R","T","R","?","?","M","E","R","M","M","B",null,"R","M","$","?","M","R","T","M","E","$","R","?","E","M","M","B",null,"R","$","M","?","M","?","T","E","R","E","M","R","E","?","M","B",null,"E","$","R","B","B",null],"character_chosen":"SLIMEBOUND","items_purchased":["Medical Kit","Orrery","Membership Card","Bag of Preparation","OrangePellets"],"campfire_rested":0,"item_purchase_floors":[20,36,48,48,53],"current_hp_per_floor":[44,44,45,45,54,54,54,54,54,59,70,69,69,70,70,48,65,65,68,70,70,67,67,67,76,62,75,75,75,82,88,84,81,101,101,107,93,83,73,48,48,90,100,76,82,82,96,96,116,120,141,148,148,148,140,109],"gold":5,"neow_bonus":"TRANSFORM_TWO_CARDS","is_daily":false,"chose_seed":false,"campfire_upgraded":10,"win_rate":0.0,"timestamp":1612697366,"path_taken":["R","M","M","?","M","R","T","R","?","?","?","E","R","M","M","BOSS","R","M","$","?","M","R","T","?","E","$","R","?","E","M","M","BOSS","R","$","?","?","M","?","T","E","R","E","M","R","E","?","M","BOSS","E","$","R","BOSS","BOSS"],"items_purchased_type":["Relic","Relic","Relic","Relic","Relic"],"build_version":"2020-12-22","purchased_purges":4,"victory":true,"max_hp_per_floor":[65,65,65,65,65,65,65,65,65,70,70,70,70,70,70,70,70,70,70,70,70,73,73,73,77,81,81,81,81,93,97,101,101,106,106,110,114,114,118,122,122,122,132,132,136,136,136,136,148,148,148,148,148,148,148,148],"card_choices":[{"not_picked":["Slimebound:GoopTackle","Slimebound:LeechEnergy"],"picked":"Slimebound:SamplingLick","floor":2.0},{"not_picked":["Slimebound:DivideAndConquer","Slimebound:ComboTackle"],"picked":"Slimebound:Prepare","floor":3.0},{"not_picked":["Slimebound:LeechingTouch","Slimebound:HauntingLick"],"picked":"Slimebound:MegaLick","floor":5.0},{"not_picked":["Slimebound:RollThrough","Slimebound:SamplingLick"],"picked":"Slimebound:SlimeSpikes","floor":11.0},{"not_picked":["Slimebound:RollThrough","Slimebound:Repurpose+1"],"picked":"Slimebound:Schlurp+1","floor":12},{"not_picked":["Slimebound:SamplingLick+1","Slimebound:Replication+1"],"picked":"Slimebound:HauntingLick+1","floor":14},{"not_picked":["Slimebound:HungryTackle","Slimebound:RollThrough"],"picked":"Slimebound:SplitBruiser+1","floor":15},{"not_picked":["Slimebound:Darklings+1","Slimebound:DouseInSlime+1"],"picked":"Slimebound:Recycling","floor":16},{"not_picked":["Slimebound:PressTheAttack+1","Slimebound:Replication+1"],"picked":"Slimebound:GoopSpray+1","floor":19},{"not_picked":["Slimebound:LevelUp","Slimebound:PressTheAttack"],"picked":"Slimebound:MassFeed","floor":20},{"not_picked":["Slimebound:SplitMire+1","Slimebound:RollThrough"],"picked":"Slimebound:GrowthPunch+1","floor":22},{"not_picked":["Slimebound:LeechingTouch+1","Slimebound:PressTheAttack"],"picked":"Slimebound:HauntingLick+1","floor":25},{"not_picked":["Slimebound:Teamwork+1","Slimebound:FinishingTackle"],"picked":"Slimebound:LivingWall+1","floor":26},{"not_picked":["Slimebound:SplitLeeching+1","Slimebound:Schlurp+1","Slimebound:ForwardTackle"],"picked":"SKIP","floor":27},{"not_picked":["Slimebound:RollThrough","Slimebound:FlameTackle","Slimebound:BestDefense"],"picked":"SKIP","floor":30},{"not_picked":["Slimebound:Gluttony","Slimebound:RollThrough"],"picked":"Slimebound:SpikyOuterGoop+1","floor":31},{"not_picked":["Slimebound:Schlurp+1","Slimebound:HungryTackle","Slimebound:Equalize"],"picked":"SKIP","floor":32},{"not_picked":["Slimebound:OneTwoCombo","Slimebound:Overexert"],"picked":"Slimebound:PrepareCrush+1","floor":33},{"not_picked":["Slimebound:BestDefense","Slimebound:FinishingTackle"],"picked":"Slimebound:LeadByExample","floor":34},{"not_picked":["Slimebound:FinishingTackle","Slimebound:GoopSpray+1"],"picked":"Slimebound:SplitSpecialist+1","floor":36},{"not_picked":["Slimebound:Replication+1","Slimebound:FinishingTackle"],"picked":"Slimebound:WasteNot+1","floor":36},{"not_picked":["Slimebound:Equalize","Slimebound:SlimeBrawl+1"],"picked":"Slimebound:SlimeBarrage","floor":36},{"not_picked":["Slimebound:SplitLeeching+1","Slimebound:SplitAcid+1"],"picked":"Slimebound:SamplingLick+1","floor":37},{"not_picked":["expansioncontent:HyperBeam","expansioncontent:AwakenDeath"],"picked":"expansioncontent:Chronoboost","floor":38},{"not_picked":["expansioncontent:Hexaburn","expansioncontent:PolyBeam"],"picked":"expansioncontent:Chronoboost","floor":38},{"not_picked":["Slimebound:FinishingTackle","Slimebound:GoopSpray+1","Slimebound:Schlurp+1"],"picked":"SKIP","floor":39},{"not_picked":["Slimebound:RainOfGoop+1","Slimebound:Chomp"],"picked":"Slimebound:Repurpose+1","floor":42},{"not_picked":["Slimebound:PressTheAttack","Slimebound:MassFeed","Slimebound:LivingWall+1"],"picked":"SKIP","floor":44},{"not_picked":["Slimebound:FinishingTackle","Slimebound:ItLooksTasty"],"picked":"Slimebound:Recollect+1","floor":45},{"not_picked":["Slimebound:Repurpose+1","Slimebound:DisruptingSlam"],"picked":"Slimebound:SlimeTap+1","floor":47},{"not_picked":["Slimebound:FinishingTackle","Slimebound:Equalize+1","Slimebound:LeechEnergy+1"],"picked":"SKIP","floor":49},{"not_picked":["Slimebound:BestDefense","Slimebound:Equalize+1","Slimebound:Grow"],"picked":"SKIP","floor":52}],"player_experience":934742,"relics_obtained":[{"floor":7.0,"key":"Letter Opener"},{"floor":12,"key":"Toxic Egg 2"},{"floor":24,"key":"Matryoshka"},{"floor":26,"key":"Slimebound:PotencyRelic"},{"floor":30,"key":"Guardian:PocketSentry"},{"floor":40,"key":"FossilizedHelix"},{"floor":41,"key":"PreservedInsect"},{"floor":42,"key":"Slimebound:SlimedTailRelic"},{"floor":44,"key":"Shuriken"},{"floor":47,"key":"Gambling Chip"},{"floor":52,"key":"Whetstone"}],"event_choices":[{"cards_removed":["Slimebound:Strike_Slimebound"],"damage_healed":0.0,"max_hp_gain":0.0,"max_hp_loss":0.0,"gold_gain":0.0,"event_name":"The Cleric","player_choice":"Card Removal","floor":4.0,"gold_loss":0.0,"damage_taken":0.0},{"damage_healed":0.0,"max_hp_gain":5.0,"max_hp_loss":0.0,"gold_gain":0.0,"event_name":"Big Fish","player_choice":"Donut","floor":10.0,"gold_loss":0.0,"damage_taken":0.0},{"damage_healed":0,"gold_gain":0,"player_choice":"Rummage","damage_taken":0,"relics_obtained":["WarpedTongs"],"max_hp_gain":0,"max_hp_loss":0,"event_name":"Accursed Blacksmith","floor":21,"gold_loss":0,"cards_obtained":["Pain"]},{"damage_healed":0,"gold_gain":0,"player_choice":"Fight","damage_taken":0,"max_hp_gain":0,"max_hp_loss":0,"event_name":"Mysterious Sphere","floor":40,"gold_loss":0}],"is_beta":false,"boss_relics":[{"not_picked":["Runic Pyramid","Black Star"],"picked":"Sozu"},{"not_picked":["Runic Dome","Snecko Eye"],"picked":"Tiny House"}],"items_purged_floors":[20,27,36,48],"is_endless":false,"potions_floor_spawned":[3,14,15,16,22,25,30,31,40,42,44],"ascension_level":12}}