{"host":"5ddwedapke4fsx0r","time":1612740255,"event":{"mods":["BaseMod","Downfall","Infinite Spire","Minty Spire (QoL Compilation)","Reliquary","Shade Mod","StSLib","The Clintock","The Construct","The Forsaken","The Gatherer","The Hierophant","The Servant 0.9.4","TheSurvivalist"],"gold_per_floor":[99,118,118,118,132,117,172,184,199,199,199,212,238,238,250,355,355,355,355,367,367,378,378,378,278,297,326,326,326,341,247,265,362,362,362,376,476,489,500,514,514,514,514,514],"floor_reached":42,"language":"ENG","playtime":2302,"items_purged":[],"score":495,"play_id":"122f7649-da80-4cf3-95d8-77f7d0c2d2fb","local_time":"20210208002415","is_ascension_mode":false,"campfire_choices":[{"data":"Guardian:TwinSlam","floor":1,"key":"SMITH"},{"data":"Guardian:ChargeUp","floor":10,"key":"SMITH"},{"data":"Guardian:TimeCapacitor","floor":18,"key":"SMITH"},{"floor":23,"key":"RECALL"},{"data":"Guardian:BronzeOrb","floor":25,"key":"SMITH"},{"data":"Guardian:ShieldCharger","floor":29,"key":"SMITH"},{"data":"Guardian:TimeSifter","floor":35,"key":"SMITH"}],"circlet_count":0,"master_deck":["Guardian:Strike_Guardian","Guardian:Strike_Guardian","Guardian:Strike_Guardian","Guardian:Strike_Guardian","Guardian:Defend_Guardian","Guardian:Defend_Guardian","Guardian:Defend_Guardian","Guardian:Defend_Guardian","Guardian:CurlUp","Guardian:TwinSlam+1","Guardian:ChargeUp+1","Guardian:ChargeUp+1","Guardian:ChargeUp+1","Guardian:BronzeOrb+1","Guardian:ShieldCharger+1","Guardian:Incinerate","Guardian:TimeCapacitor+1","Guardian:Suspension","Guardian:BodySlam","Guardian:WalkerClaw+1","Guardian:Incinerate","Guardian:AncientConstruct","Guardian:ChargeUp+1","Guardian:FloatingOrbs+1","Guardian:MultiBeam","Guardian:TimeSifter+1","Guardian:TimeBomb+1","Guardian:Gem_Red","Guardian:WalkerClaw","Guardian:PrismaticBarrier","Guardian:HyperBeam_Guardian","Blind","Injury","Guardian:Gem_Fragmented","Guardian:TimeCapacitor+1","Guardian:ChargeCore+1"],"relics":["Guardian:ModeShifter","infinitespire:Lucky Rock","reliquary:ExpiredCoupon","Happy Flower","Oddly Smooth Stone","Guardian:StasisSlotReductionRelic","Bottled Lightning","downfall:HeartBlessingRed","Shuriken","Du-Vu Doll","construct:WeddingRing","downfall:GremlinSack","infinitespire:WardingShard"],"acts_visited":["Exordium","TheCity","TheBeyond"],"potions_floor_usage":[9,13,16,22,26,30,40,42,42],"damage_taken":[{"damage":0,"enemies":"2 Louse","floor":2,"turns":2},{"damage":0,"enemies":"Small Slimes","floor":5,"turns":3},{"damage":0,"enemies":"downfall:FleeingMerchant","floor":6,"turns":4},{"damage":0,"enemies":"Cultist","floor":8,"turns":3},{"damage":6,"enemies":"Lots of Slimes","floor":9,"turns":4},{"damage":7,"enemies":"2 Fungi Beasts","floor":12,"turns":4},{"damage":0,"enemies":"Gremlin Nob","floor":13,"turns":4},{"damage":1,"enemies":"Red Slaver","floor":15,"turns":5},{"damage":63,"enemies":"IC_STATUS_ARCHETYPE","floor":16,"turns":14},{"damage":4,"enemies":"Chosen","floor":20,"turns":6},{"damage":6,"enemies":"3 Byrds","floor":22,"turns":5},{"damage":0,"enemies":"Snecko","floor":26,"turns":5},{"damage":9,"enemies":"Nightmare","floor":27,"turns":6},{"damage":13,"enemies":"Snake Plant","floor":30,"turns":4},{"damage":0,"enemies":"downfall:FleeingMerchant","floor":31,"turns":4},{"damage":12,"enemies":"3 Cultists","floor":32,"turns":4},{"damage":21,"enemies":"SI_MIRROR_ARCHETYPE","floor":33,"turns":6},{"damage":2,"enemies":"Orb Walker","floor":36,"turns":3},{"damage":9,"enemies":"Orb Walker","floor":37,"turns":3},{"damage":21,"enemies":"3 Darklings","floor":38,"turns":4},{"damage":19,"enemies":"Maw","floor":39,"turns":7},{"damage":17,"enemies":"Jaw Worm Horde","floor":40,"turns":3},{"damage":24,"enemies":"Transient","floor":42,"turns":5}],"seed_played":"-2327705120980898675","potions_obtained":[{"floor":5,"key":"LiquidBronze"},{"floor":8,"key":"PowerPotion"},{"floor":12,"key":"SkillPotion"},{"floor":15,"key":"EssenceOfSteel"},{"floor":16,"key":"PowerPotion"},{"floor":19,"key":"CultistPotion"},{"floor":20,"key":"FearPotion"},{"floor":27,"key":"Explosive Potion"},{"floor":32,"key":"Fire Potion"},{"floor":36,"key":"GamblersBrew"},{"floor":39,"key":"Energy Potion"},{"floor":40,"key":"Dexterity Potion"}],"is_trial":false,"path_per_floor":["R","M","?","?","M","$","T","M","M","R","?","M","E","?","M","B",null,"R","?","M","?","M","R","T","R","M","NM","AVR","R","M","$","M","B",null,"R","M","?","M","M","M","T","M"],"character_chosen":"GUARDIAN","items_purchased":["Guardian:MultiBeam"],"campfire_rested":0,"item_purchase_floors":[31],"current_hp_per_floor":[80,80,80,80,80,80,80,80,74,74,74,67,67,67,66,3,80,80,80,76,76,70,70,70,70,70,61,61,61,48,48,36,15,80,80,78,69,48,29,12,12,0,0,0],"gold":514,"neow_bonus":"RANDOM_COMMON_RELIC","is_daily":false,"chose_seed":false,"campfire_upgraded":6,"win_rate":0.0,"timestamp":1612740255,"path_taken":["R","M","?","?","?","$","T","M","?","R","?","?","E","?","M","BOSS","R","?","M","?","M","R","T","R","M","NM","AVR","R","?","$","M","BOSS","R","M","?","?","M","M","T","M"],"items_purchased_type":["Card"],"build_version":"2020-12-22","purchased_purges":0,"victory":false,"max_hp_per_floor":[80,80,80,80,80,80,80,80,80,80,80,80,80,80,80,80,80,80,80,80,80,80,80,80,80,80,80,80,80,80,80,80,80,80,80,80,80,80,80,80,80,80,80,80],"card_choices":[{"not_picked":["Guardian:PrimingBeam","Guardian:TimeCapacitor"],"picked":"Guardian:ChargeUp","floor":2},{"not_picked":["Guardian:PolyBeam","Guardian:Gem_Lightblue"],"picked":"Guardian:ChargeUp","floor":5},{"not_picked":["Guardian:Planning","Guardian:GuardianWhirl","Guardian:TimeBomb"],"picked":"SKIP","floor":6},{"not_picked":["Guardian:TemporalShield","Guardian:RollAttack"],"picked":"Guardian:BronzeOrb","floor":8},{"not_picked":["Guardian:TemporalShield","Guardian:CrystalBeam"],"picked":"Guardian:ShieldCharger","floor":9},{"not_picked":["Guardian:Repulse","Guardian:Suspension"],"picked":"Guardian:Incinerate","floor":12},{"not_picked":["Guardian:CrystalBeam","Guardian:VentSteam"],"picked":"Guardian:TimeCapacitor","floor":13},{"not_picked":["Guardian:TemporalStrike","Guardian:TimeCapacitor"],"picked":"Guardian:Suspension","floor":15},{"not_picked":["Guardian:BaubleBeam","Guardian:StasisField"],"picked":"Guardian:Gem_Synthetic","floor":16},{"not_picked":["Guardian:Repulse","Guardian:MultiBeam+1"],"picked":"Guardian:BodySlam","floor":20},{"not_picked":["Guardian:CrystalBeam","Guardian:PrimingBeam"],"picked":"Guardian:WalkerClaw+1","floor":22},{"not_picked":["Guardian:TemporalStrike","Guardian:Reroute"],"picked":"Guardian:Incinerate","floor":26},{"not_picked":["Guardian:VentSteam+1","Guardian:ChargeCore"],"picked":"Guardian:AncientConstruct","floor":27},{"not_picked":["Guardian:PiercingHide","Guardian:Suspension"],"picked":"Guardian:ChargeUp+1","floor":30},{"not_picked":["Guardian:Gem_Lightblue","Guardian:Incinerate"],"picked":"Guardian:FloatingOrbs+1","floor":31},{"not_picked":["Guardian:PrimingBeam","Guardian:Planning","Guardian:Recover+1"],"picked":"SKIP","floor":32},{"not_picked":["Guardian:RevengeProtocol","Guardian:Gem_Synthetic"],"picked":"Guardian:TimeSifter","floor":33},{"not_picked":["Guardian:PiercingHide","Guardian:Planning"],"picked":"Guardian:TimeBomb+1","floor":36},{"not_picked":["Guardian:CrystalBeam","Guardian:Gem_Green"],"picked":"Guardian:Gem_Fragmented","floor":38},{"not_picked":["Guardian:Gem_Green","Guardian:Gem_Red"],"picked":"Guardian:TimeCapacitor+1","floor":39},{"not_picked":["Guardian:CrystalBeam+1","Guardian:TimeBomb"],"picked":"Guardian:ChargeCore+1","floor":40}],"player_experience":545082,"relics_obtained":[{"floor":7,"key":"reliquary:ExpiredCoupon"},{"floor":11,"key":"Happy Flower"},{"floor":13,"key":"Oddly Smooth Stone"},{"floor":24,"key":"Bottled Lightning"},{"floor":27,"key":"Shuriken"},{"floor":37,"key":"downfall:GremlinSack"},{"floor":41,"key":"infinitespire:WardingShard"}],"event_choices":[{"damage_healed":0,"gold_gain":0,"player_choice":"Relic","damage_taken":0,"max_hp_gain":0,"max_hp_loss":0,"event_name":"Wheel of Change","floor":11,"gold_loss":0},{"damage_healed":0,"gold_gain":0,"player_choice":"Got Potions","damage_taken":0,"max_hp_gain":0,"max_hp_loss":0,"event_name":"Lab","floor":21,"gold_loss":0}],"is_beta":false,"boss_relics":[{"not_picked":["Tiny House","Philosopher\u0027s Stone"],"picked":"Guardian:StasisSlotReductionRelic"},{"not_picked":["reliquary:RedPaperclip","Runic Dome"],"picked":"construct:WeddingRing"}],"items_purged_floors":[],"is_endless":false,"potions_floor_spawned":[5,8,12,15,16,20,27,32,36,39,40],"killed_by":"Transient","ascension_level":0}}