{"host":"l2dnabsh5e0fsksb","time":1612737412,"event":{"mods":["2.2 Compatiblity","BaseMod","Downfall","Minty Spire (QoL Compilation)","Quick Restart","StSLib"],"gold_per_floor":[99,99,99,99,99,99,167,167,167,167],"floor_reached":8,"language":"ENG","playtime":78,"items_purged":[],"score":76,"play_id":"9c67ab3e-0566-42aa-9e8c-e44124ce6130","local_time":"20210208090652","is_ascension_mode":true,"campfire_choices":[{"floor":1.0,"key":"RECALL"}],"circlet_count":0,"master_deck":["AscendersBane","bronze:Strike","bronze:Strike","bronze:Strike","bronze:Strike","bronze:Defend","bronze:Defend","bronze:Defend","bronze:Defend","bronze:Replicate+1","bronze:Goto","bronze:Constructor","CurseOfTheBell","CurseOfTheBell","bronze:Flail+1","downfall:Bewildered","bronze:Shell"],"relics":["bronze:BronzeCore","downfall:HeartsMalice","downfall:ExtraCursedBell","Orichalcum","bronze:DecasWashers","bronze:Timepiece","The Courier"],"acts_visited":["Exordium"],"potions_floor_usage":[],"damage_taken":[{"damage":0.0,"enemies":"Small Slimes","floor":2.0,"turns":1.0},{"damage":0.0,"enemies":"Cultist","floor":4.0,"turns":1.0},{"damage":0.0,"enemies":"Jaw Worm","floor":6.0,"turns":1.0},{"damage":0,"enemies":"Lagavulin","floor":8,"turns":1}],"seed_played":"-7399964677300384726","potions_obtained":[],"is_trial":false,"path_per_floor":["R","M","?","M","?","M","T","E"],"character_chosen":"THE_AUTOMATON","items_purchased":[],"campfire_rested":0,"item_purchase_floors":[],"current_hp_per_floor":[57,57,57,57,57,57,57,57,57,57],"gold":167,"neow_bonus":"THREE_ENEMY_KILL","is_daily":false,"chose_seed":false,"campfire_upgraded":0,"win_rate":0.0,"timestamp":1612737412,"path_taken":["R","M","?","M","?","?","T","E"],"items_purchased_type":[],"build_version":"2020-12-22","purchased_purges":0,"victory":false,"max_hp_per_floor":[63,63,63,63,63,63,63,63,63,63],"card_choices":[{"not_picked":["bronze:Frontload","bronze:Overheat"],"picked":"bronze:Constructor","floor":2.0},{"not_picked":["bronze:ItsAFeature","bronze:Constructor"],"picked":"bronze:Flail","floor":4.0},{"not_picked":["bronze:BuggyMess","bronze:DigitalCarnage"],"picked":"bronze:Shell","floor":6.0}],"player_experience":1912161,"relics_obtained":[{"floor":3.0,"key":"Orichalcum"},{"floor":3.0,"key":"bronze:DecasWashers"},{"floor":3.0,"key":"bronze:Timepiece"},{"floor":7.0,"key":"The Courier"}],"event_choices":[],"is_beta":false,"boss_relics":[],"items_purged_floors":[],"is_endless":false,"potions_floor_spawned":[],"killed_by":"Lagavulin","ascension_level":18}}