{"host":"i0asdmq0kdsv7cgz","time":1612715456,"event":{"mods":["BaseMod","Colored Map","Downfall","Gold Saver","Hubris","Minty Spire (QoL Compilation)","Replay The Spire","StSLib"],"gold_per_floor":[1843,1863,1863,1963,1977,2003,2003,2003,2003,2015,2041,2123,2149,2164,2199,2217,2217,2217,2217],"floor_reached":17,"language":"ENG","playtime":1258,"items_purged":[],"score":125,"play_id":"6eba670a-42bb-4fc8-8b3e-db049aa010ad","local_time":"20210207173056","is_ascension_mode":false,"campfire_choices":[{"floor":1,"key":"DIG"},{"data":"champ:FanOfKnives","floor":9,"key":"SMITH"}],"circlet_count":0,"master_deck":["champ:Strike","champ:Strike","champ:Strike","champ:Strike","champ:Defend","champ:Defend","champ:Defend","champ:Defend","champ:Execute","champ:Taunt","champ:FanOfKnives+1","champ:GutPunch","champ:GladiatorStyle","champ:ShieldWall","champ:EnGarde","champ:ArenaPreparation"],"relics":["champ:ChampionCrown","Happy Flower","Akabeko","Champion Belt","Ancient Tea Set","InkBottle","Odd Mushroom","hubris:SphereOfDissonance","hubris:AstralHammer","hexamod:CandleOfCauterizing"],"acts_visited":["Exordium"],"potions_floor_usage":[13,13,16],"damage_taken":[{"damage":14,"enemies":"2 Louse","floor":2,"turns":3},{"damage":48,"enemies":"2 Louse","floor":4,"turns":5},{"damage":13,"enemies":"Jaw Worm","floor":5,"turns":2},{"damage":37,"enemies":"3 Sentries","floor":6,"turns":6},{"damage":10,"enemies":"Small Slimes","floor":10,"turns":3},{"damage":25,"enemies":"The Mushroom Lair","floor":11,"turns":4},{"damage":22,"enemies":"Lagavulin","floor":13,"turns":4},{"damage":0,"enemies":"Blue Slaver","floor":14,"turns":2},{"damage":34,"enemies":"3 Sentries","floor":15,"turns":8},{"damage":9,"enemies":"Red Slaver","floor":16,"turns":3},{"damage":18,"enemies":"WA_ARCHETYPE_RETAIN","floor":17,"turns":6}],"seed_played":"-4793149982712782855","potions_obtained":[{"floor":4,"key":"Reflective Coating"},{"floor":5,"key":"Guardian:BlockOnCardUsePotion"},{"floor":10,"key":"BlessingOfTheForge"}],"is_trial":false,"path_per_floor":["R_BF","M","?","?","M","E","T","T","R","M","?","T","E","M","E","M","B"],"character_chosen":"THE_CHAMP","items_purchased":[],"campfire_rested":0,"item_purchase_floors":[],"current_hp_per_floor":[99,95,92,64,61,44,44,44,44,44,34,34,27,27,13,9,0,0,0],"gold":2217,"neow_bonus":"TEN_PERCENT_HP_BONUS","is_daily":false,"chose_seed":false,"campfire_upgraded":1,"win_rate":0.0,"timestamp":1612715456,"path_taken":["R_BF","M","?","?","M","E","T","T","R","M","?","?","E","M","E","M","BOSS"],"items_purchased_type":[],"build_version":"2020-12-22","purchased_purges":0,"victory":false,"max_hp_per_floor":[99,99,99,99,99,99,99,99,99,99,99,99,99,99,99,99,99,99,99],"card_choices":[{"not_picked":["champ:CrownThrow","champ:PreciseThrust"],"picked":"champ:FanOfKnives","floor":2},{"not_picked":["champ:PreciseThrust","champ:BerserkersShout"],"picked":"champ:GutPunch","floor":4},{"not_picked":["champ:GladiatorForm","champ:FalseCounter","champ:BladeFlurry"],"picked":"SKIP","floor":5},{"not_picked":["champ:Endure","champ:BerserkersShout"],"picked":"champ:GladiatorStyle","floor":6},{"not_picked":["champ:Shatter","champ:DeathBlow","champ:Backstep"],"picked":"SKIP","floor":10},{"not_picked":["champ:Shatter","champ:MurderStrike"],"picked":"champ:ShieldWall","floor":13},{"not_picked":["champ:PreemptiveStrike","champ:BerserkersShout"],"picked":"champ:EnGarde","floor":14},{"not_picked":["champ:FocusedDefense","champ:Backstep"],"picked":"champ:ArenaPreparation","floor":15},{"not_picked":["champ:FanOfKnives","champ:EnGarde","champ:FancyFootwork"],"picked":"SKIP","floor":16}],"player_experience":510722,"relics_obtained":[{"floor":1,"key":"Happy Flower"},{"floor":4,"key":"Champion Belt"},{"floor":6,"key":"Ancient Tea Set"},{"floor":8,"key":"InkBottle"},{"floor":11,"key":"Odd Mushroom"},{"floor":12,"key":"hubris:SphereOfDissonance"},{"floor":13,"key":"hubris:AstralHammer"},{"floor":15,"key":"hexamod:CandleOfCauterizing"}],"event_choices":[{"damage_healed":0,"gold_gain":0,"player_choice":"Success","damage_taken":3,"relics_obtained":["Akabeko"],"max_hp_gain":0,"max_hp_loss":0,"event_name":"Scrap Ooze","floor":3,"gold_loss":0},{"damage_healed":0,"gold_gain":0,"player_choice":"Fought Mushrooms","damage_taken":0,"max_hp_gain":0,"max_hp_loss":0,"event_name":"Mushrooms","floor":11,"gold_loss":0}],"is_beta":false,"boss_relics":[],"items_purged_floors":[],"is_endless":false,"potions_floor_spawned":[4,5,10],"killed_by":"WA_ARCHETYPE_RETAIN","ascension_level":0}}