{"host":"syozzdlzcqop4jia","time":1612734465,"event":{"mods":["BaseMod","Colored Map","Colored Powertips","Minty Spire (QoL Compilation)","Quick Restart"],"gold_per_floor":[115,126,126,138,138,138,150,175,475,475,475,18,38,63,63,166,166,182,202,202,216,20,20,53,53,77,77,95,20,20,45,45,45,45],"floor_reached":33,"language":"ENG","playtime":1372,"items_purged":[],"score":301,"play_id":"79015fc0-e6b6-4b8e-ae66-d97d93d148ce","local_time":"20210207224745","is_ascension_mode":true,"campfire_choices":[{"data":"Redo","floor":6,"key":"SMITH"},{"floor":11,"key":"REST"},{"floor":15,"key":"REST"},{"floor":23,"key":"REST"},{"floor":25,"key":"REST"},{"floor":32,"key":"REST"}],"circlet_count":0,"master_deck":["Defend_B","Defend_B","Defend_B","Zap+1","Dualcast","Storm","BootSequence","Redo+1","Melter","Loop","Ball Lightning","Steam","Thunder Strike","Rebound","Steam","The Bomb","Genetic Algorithm","White Noise+1","Sunder","Compile Driver","Lockon","Bite","Bite","Bite","Bite","Bite"],"relics":["Cracked Core","White Beast Statue","TungstenRod","Old Coin","Bronze Scales","Runic Capacitor","Dream Catcher","Velvet Choker","Prayer Wheel","Omamori","MealTicket"],"acts_visited":["Exordium","TheCity"],"potions_floor_usage":[24,24,28,28],"damage_taken":[{"damage":0,"enemies":"2 Louse","floor":1,"turns":2},{"damage":0,"enemies":"Small Slimes","floor":2,"turns":3},{"damage":1,"enemies":"Jaw Worm","floor":4,"turns":3},{"damage":11,"enemies":"Exordium Thugs","floor":7,"turns":4},{"damage":54,"enemies":"Gremlin Nob","floor":8,"turns":5},{"damage":0,"enemies":"Red Slaver","floor":13,"turns":3},{"damage":15,"enemies":"Hexaghost","floor":16,"turns":7},{"damage":4,"enemies":"Spheric Guardian","floor":18,"turns":3},{"damage":4,"enemies":"Chosen","floor":19,"turns":4},{"damage":33,"enemies":"3 Cultists","floor":21,"turns":5},{"damage":45,"enemies":"Gremlin Leader","floor":24,"turns":4},{"damage":4,"enemies":"Snake Plant","floor":28,"turns":3},{"damage":80,"enemies":"Automaton","floor":33,"turns":6}],"seed_played":"-6375102989506173315","potions_obtained":[{"floor":1,"key":"DuplicationPotion"},{"floor":2,"key":"PowerPotion"},{"floor":4,"key":"SpeedPotion"},{"floor":16,"key":"Block Potion"},{"floor":18,"key":"Fire Potion"},{"floor":24,"key":"Regen Potion"},{"floor":28,"key":"PotionOfCapacity"}],"is_trial":false,"path_per_floor":["M","M","?","M","?","R","M","E","T","?","R","$","M","T","R","B",null,"M","M","?","M","$","R","E","R","T","?","M","?","?","T","R","B"],"character_chosen":"DEFECT","items_purchased":["Bronze Scales","Runic Capacitor","Melter","Loop","The Bomb"],"campfire_rested":5,"item_purchase_floors":[12,12,12,12,22],"current_hp_per_floor":[82,82,75,74,74,74,63,9,9,9,33,33,33,33,57,42,82,78,74,74,41,41,65,20,44,44,44,45,45,45,45,57,0,0],"gold":45,"neow_bonus":"TEN_PERCENT_HP_BONUS","is_daily":false,"chose_seed":false,"campfire_upgraded":1,"win_rate":0.0,"timestamp":1612734465,"path_taken":["M","M","?","M","?","R","M","E","T","?","R","?","?","?","R","BOSS","M","M","?","M","$","R","E","R","T","?","?","?","?","?","R","BOSS"],"items_purchased_type":["Relic","Relic","Card","Card","Card"],"build_version":"2020-12-22","purchased_purges":0,"victory":false,"max_hp_per_floor":[82,82,82,82,82,82,82,82,82,82,82,82,82,82,82,82,82,82,82,82,82,82,82,82,82,82,82,82,82,57,57,57,57,57],"card_choices":[{"not_picked":["Aggregate","Blizzard"],"picked":"Storm","floor":1},{"not_picked":["Rebound","Gash"],"picked":"BootSequence","floor":2},{"not_picked":["Turbo","Go for the Eyes"],"picked":"Redo","floor":4},{"not_picked":["Hologram","Stack","Chill"],"picked":"SKIP","floor":7},{"not_picked":["Turbo","Echo Form","Barrage"],"picked":"SKIP","floor":8},{"not_picked":["Chill","Compile Driver"],"picked":"Ball Lightning","floor":13},{"not_picked":["Heatsinks","Force Field"],"picked":"Steam","floor":15},{"not_picked":["Amplify","Multi-Cast"],"picked":"Thunder Strike","floor":16},{"not_picked":["Hologram+1","Barrage"],"picked":"Rebound","floor":18},{"not_picked":["Leap","Turbo","Rebound"],"picked":"SKIP","floor":19},{"not_picked":["Streamline","Hologram"],"picked":"Steam","floor":21},{"not_picked":["Sweeping Beam","Barrage"],"picked":"Genetic Algorithm","floor":23},{"not_picked":["Skim+1","Reinforced Body"],"picked":"White Noise","floor":24},{"not_picked":["Stack+1","Gash"],"picked":"Sunder","floor":25},{"not_picked":["Undo","Multi-Cast"],"picked":"Compile Driver","floor":28},{"not_picked":["Go for the Eyes","Redo"],"picked":"Lockon","floor":28}],"player_experience":599959,"relics_obtained":[{"floor":8,"key":"TungstenRod"},{"floor":9,"key":"Old Coin"},{"floor":14,"key":"Dream Catcher"},{"floor":24,"key":"Prayer Wheel"},{"floor":26,"key":"Omamori"},{"floor":31,"key":"MealTicket"}],"event_choices":[{"damage_healed":0,"gold_gain":0,"player_choice":"Success","damage_taken":7,"relics_obtained":["White Beast Statue"],"max_hp_gain":0,"max_hp_loss":0,"event_name":"Scrap Ooze","floor":3,"gold_loss":0},{"damage_healed":0,"gold_gain":0,"player_choice":"Ignored","damage_taken":0,"max_hp_gain":0,"max_hp_loss":0,"event_name":"Liars Game","floor":5,"gold_loss":0},{"damage_healed":0,"gold_gain":0,"player_choice":"Grow","damage_taken":0,"max_hp_gain":0,"max_hp_loss":0,"event_name":"Living Wall","floor":10,"gold_loss":0,"cards_upgraded":["Zap"]},{"damage_healed":0,"gold_gain":0,"player_choice":"Ignored","damage_taken":0,"max_hp_gain":0,"max_hp_loss":0,"event_name":"Ghosts","floor":20,"gold_loss":0},{"damage_healed":0,"gold_gain":0,"player_choice":"Forge","damage_taken":0,"max_hp_gain":0,"max_hp_loss":0,"event_name":"Accursed Blacksmith","floor":27,"gold_loss":0,"cards_upgraded":["White Noise"]},{"cards_removed":["Defend_B"],"damage_healed":0,"gold_gain":0,"player_choice":"Gave Gold","damage_taken":0,"max_hp_gain":0,"max_hp_loss":0,"event_name":"Beggar","floor":29,"gold_loss":75},{"damage_healed":0,"gold_gain":0,"player_choice":"Became a vampire","damage_taken":0,"max_hp_gain":0,"max_hp_loss":25,"event_name":"Vampires","floor":30,"gold_loss":0,"cards_obtained":["Bite","Bite","Bite","Bite","Bite"]}],"is_beta":false,"boss_relics":[{"not_picked":["SacredBark","Busted Crown"],"picked":"Velvet Choker"}],"items_purged_floors":[],"is_endless":false,"potions_floor_spawned":[1,2,4,7,8,13,16,18,19,21,24,28],"killed_by":"Automaton","ascension_level":1}}