{"host":"Stephanie","time":1612664963,"event":{"mods":["BaseMod","Colored Powertips","Minty Spire (QoL Compilation)","Rare Cards Sparkle","Relic Stats","StSLib","The Marked"],"gold_per_floor":[13,27,46,46,46,80,80,80,80,111,141,141,151,184,184,280,280,291,303,320,334,352,387,387,487,514,549,560,560,257,1,1,100,100,110,123,140,140,153,153,179,179,179,191,223,237,262,262,262,262,262,262,14,48,48,48],"floor_reached":55,"language":"ENG","playtime":3328,"items_purged":[],"score":908,"play_id":"b7b1dcf9-cc51-441c-82e0-c923e7f647e8","local_time":"20210206212923","is_ascension_mode":true,"campfire_choices":[{"data":"theMarked:AttractMetal","floor":8.0,"key":"SMITH"},{"data":"theMarked:EmpowerWeapon","floor":15.0,"key":"SMITH"},{"data":"theMarked:SoldierOfQuellstein","floor":24.0,"key":"SMITH"},{"floor":29.0,"key":"REST"},{"data":"theMarked:EmpowerWeapon","floor":32.0,"key":"SMITH"},{"data":"theMarked:HeightenedSenses","floor":40.0,"key":"SMITH"},{"data":"theMarked:Friction","floor":42.0,"key":"SMITH"},{"floor":49,"key":"RECALL"},{"data":"theMarked:ParalyzingBlade","floor":52,"key":"SMITH"}],"circlet_count":0,"master_deck":["theMarked:Strike","theMarked:Strike","theMarked:Strike","theMarked:Strike","theMarked:Defend","theMarked:Defend","theMarked:Defend","theMarked:Defend","theMarked:SoldierOfQuellstein+1","theMarked:Friction+1","theMarked:CreepingChasm","theMarked:Overcharge","theMarked:AttractMetal+1","theMarked:Aftermath","theMarked:EmpowerWeapon+1","theMarked:Static+1","theMarked:Maelstrom","theMarked:ThrowWeapon","theMarked:Overcharge+1","theMarked:EmpowerWeapon+1","theMarked:EmpowerWeapon+1","theMarked:HeightenedSenses+1","theMarked:StartUp","theMarked:EmpowerWeapon+1","theMarked:ParalyzingBlade+1","theMarked:SwordAndMagic+1","Secret Technique","theMarked:OneWithTheBlade","theMarked:Improvise+1"],"relics":["theMarked:ArtifactOfAir","Darkstone Periapt","Orichalcum","Unceasing Top","Ice Cream","Thread and Needle","Toy Ornithopter","theMarked:SpiritSword","Pear","Happy Flower","Regal Pillow","Strange Spoon","Ancient Tea Set","Matryoshka","SlaversCollar","CaptainsWheel","Bottled Flame","War Paint","Bronze Scales","Mummified Hand"],"acts_visited":["Exordium","TheCity","TheBeyond","TheEnding"],"potions_floor_usage":[47,54,55,55,55],"damage_taken":[{"damage":6.0,"enemies":"Jaw Worm","floor":1.0,"turns":3.0},{"damage":1.0,"enemies":"2 Louse","floor":2.0,"turns":3.0},{"damage":0.0,"enemies":"Small Slimes","floor":3.0,"turns":5.0},{"damage":32.0,"enemies":"Gremlin Nob","floor":6.0,"turns":4.0},{"damage":13.0,"enemies":"3 Sentries","floor":10.0,"turns":6.0},{"damage":7.0,"enemies":"Gremlin Gang","floor":13.0,"turns":3.0},{"damage":8.0,"enemies":"Lagavulin","floor":14.0,"turns":5.0},{"damage":19.0,"enemies":"The Guardian","floor":16.0,"turns":11.0},{"damage":1.0,"enemies":"Chosen","floor":18.0,"turns":3.0},{"damage":0.0,"enemies":"Shell Parasite","floor":19.0,"turns":1.0},{"damage":0.0,"enemies":"Centurion and Healer","floor":20.0,"turns":2.0},{"damage":14.0,"enemies":"Shelled Parasite and Fungi","floor":21.0,"turns":5.0},{"damage":10.0,"enemies":"Chosen and Byrds","floor":22.0,"turns":6.0},{"damage":35.0,"enemies":"Book of Stabbing","floor":23.0,"turns":5.0},{"damage":11.0,"enemies":"Gremlin Leader","floor":27.0,"turns":4.0},{"damage":0.0,"enemies":"Cultist and Chosen","floor":28.0,"turns":3.0},{"damage":63.0,"enemies":"Collector","floor":33.0,"turns":8.0},{"damage":8.0,"enemies":"Orb Walker","floor":35.0,"turns":4.0},{"damage":0.0,"enemies":"3 Shapes","floor":36.0,"turns":4.0},{"damage":21.0,"enemies":"Spire Growth","floor":37.0,"turns":3.0},{"damage":16.0,"enemies":"Jaw Worm Horde","floor":39.0,"turns":4.0},{"damage":0.0,"enemies":"Reptomancer","floor":41.0,"turns":4.0},{"damage":0.0,"enemies":"Transient","floor":44.0,"turns":5.0},{"damage":3.0,"enemies":"Giant Head","floor":45.0,"turns":5.0},{"damage":32.0,"enemies":"Writhing Mass","floor":46.0,"turns":5.0},{"damage":0,"enemies":"Nemesis","floor":47,"turns":1},{"damage":23,"enemies":"Awakened One","floor":50,"turns":7},{"damage":40,"enemies":"Shield and Spear","floor":54,"turns":5},{"damage":76,"enemies":"The Heart","floor":55,"turns":5}],"seed_played":"-8659088095889372355","potions_obtained":[{"floor":1.0,"key":"AttackPotion"},{"floor":2.0,"key":"GamblersBrew"},{"floor":10.0,"key":"SkillPotion"},{"floor":14.0,"key":"CultistPotion"},{"floor":18.0,"key":"DistilledChaos"},{"floor":19.0,"key":"Dexterity Potion"},{"floor":28.0,"key":"Swift Potion"},{"floor":33.0,"key":"GamblersBrew"},{"floor":35.0,"key":"SkillPotion"},{"floor":39.0,"key":"Fire Potion"},{"floor":41.0,"key":"Ancient Potion"},{"floor":46.0,"key":"FearPotion"},{"floor":54,"key":"ColorlessPotion"}],"is_trial":false,"path_per_floor":["M","M","M","?","?","E","T","R","T","E","?","?","M","E","R","B",null,"M","M","M","M","M","E","R","?","T","E","M","R","$","$","R","B",null,"M","M","M","?","M","R","E","R","T","M","E","M","E","?","R","B",null,"R","$","E","B"],"character_chosen":"THE_DEFAULT","items_purchased":["Strange Spoon","Ancient Tea Set","Matryoshka","theMarked:OneWithTheBlade","Fruit Juice","LiquidBronze"],"campfire_rested":1,"item_purchase_floors":[30,30,31,53,53,53],"current_hp_per_floor":[64,63,63,63,63,31,31,31,31,18,18,80,73,65,65,46,80,79,79,80,66,56,36,36,36,36,25,25,67,67,67,67,4,90,87,90,69,69,53,53,53,53,53,53,50,28,33,33,33,10,90,90,90,55,0,0],"gold":48,"neow_bonus":"THREE_RARE_CARDS","is_daily":false,"chose_seed":false,"campfire_upgraded":7,"win_rate":0.0,"timestamp":1612664963,"path_taken":["M","M","M","?","?","E","?","R","T","E","?","?","M","E","R","BOSS","M","M","M","M","?","E","R","?","T","E","M","R","?","$","R","BOSS","M","M","M","?","M","R","E","R","T","M","E","?","E","?","R","BOSS","R","$","E","BOSS"],"items_purchased_type":["Relic","Relic","Relic","Card","Potion","Potion"],"build_version":"2020-12-18","purchased_purges":0,"victory":false,"max_hp_per_floor":[70,70,70,70,70,70,70,70,70,70,70,80,80,80,80,80,80,80,80,80,80,80,90,90,90,90,90,90,90,90,90,90,90,90,90,90,90,90,90,90,90,90,90,90,90,90,90,90,90,90,90,90,90,90,95,95],"relic_stats":{"Darkstone Periapt":0,"Strange Spoon":[19],"Regal Pillow":15,"Happy Flower":[22],"counters":[29,128],"Mummified Hand":[0],"Bronze Scales":[108],"Orichalcum":[156],"War Paint":["theMarked:Overcharge","theMarked:Static"],"obtain_stats":[{"Darkstone Periapt":6,"Ice Cream":10,"Regal Pillow":27,"Pear":23,"Happy Flower":26,"Thread and Needle":11,"theMarked:SpiritSword":17,"Orichalcum":7,"War Paint":45,"Ancient Tea Set":30,"theMarked:ArtifactOfAir":0,"Strange Spoon":30,"SlaversCollar":34,"CaptainsWheel":41,"Bottled Flame":43,"Matryoshka":31,"Mummified Hand":54,"Bronze Scales":47,"Unceasing Top":9,"Toy Ornithopter":14},{"Darkstone Periapt":4,"Ice Cream":5,"Regal Pillow":15,"Pear":14,"Happy Flower":14,"Thread and Needle":5,"theMarked:SpiritSword":8,"Orichalcum":4,"War Paint":24,"Ancient Tea Set":16,"theMarked:ArtifactOfAir":0,"Strange Spoon":16,"SlaversCollar":17,"CaptainsWheel":22,"Bottled Flame":22,"Matryoshka":16,"Mummified Hand":28,"Bronze Scales":26,"Unceasing Top":4,"Toy Ornithopter":7},{"Darkstone Periapt":14,"Ice Cream":20,"Regal Pillow":65,"Pear":61,"Happy Flower":61,"Thread and Needle":20,"theMarked:SpiritSword":39,"Orichalcum":14,"War Paint":105,"Ancient Tea Set":68,"theMarked:ArtifactOfAir":0,"Strange Spoon":68,"SlaversCollar":76,"CaptainsWheel":95,"Bottled Flame":95,"Matryoshka":68,"Mummified Hand":123,"Bronze Scales":111,"Unceasing Top":14,"Toy Ornithopter":28}],"Unceasing Top":[50],"Toy Ornithopter":49},"card_choices":[{"not_picked":["theMarked:TakeOffHeels","theMarked:Snap"],"picked":"theMarked:DispelDoubt","floor":0.0},{"not_picked":["theMarked:Frustration","theMarked:Overthink"],"picked":"theMarked:Friction","floor":1.0},{"not_picked":["theMarked:ChainLightning","theMarked:WardOff"],"picked":"theMarked:CreepingChasm","floor":2.0},{"not_picked":["theMarked:GodGivenPower","theMarked:ComboAttacks"],"picked":"theMarked:Overcharge","floor":3.0},{"not_picked":["theMarked:ResourceFulStrike","theMarked:WardOff"],"picked":"theMarked:Aftermath","floor":6.0},{"not_picked":["theMarked:ElectricStrings","theMarked:Frustration"],"picked":"theMarked:EmpowerWeapon","floor":10.0},{"not_picked":["theMarked:ResourceFulStrike","theMarked:ElectricStrings"],"picked":"theMarked:Static","floor":13.0},{"not_picked":["theMarked:Parkour","theMarked:RogueSparks"],"picked":"theMarked:Maelstrom","floor":14.0},{"not_picked":["theMarked:FavorableWinds","theMarked:Challenge"],"picked":"theMarked:ThrowWeapon","floor":16.0},{"not_picked":["theMarked:Improvise","theMarked:EnhanceMovement"],"picked":"theMarked:Overcharge","floor":18.0},{"not_picked":["theMarked:Reabsorb","theMarked:TheMission"],"picked":"theMarked:EmpowerWeapon","floor":19.0},{"not_picked":["theMarked:SelfDefenseTraining","theMarked:Parkour","theMarked:Generate"],"picked":"SKIP","floor":20.0},{"not_picked":["theMarked:ResourceFulStrike","theMarked:Memento","theMarked:EnhanceMovement"],"picked":"SKIP","floor":21.0},{"not_picked":["theMarked:RogueSparks","theMarked:Pokerface+1"],"picked":"theMarked:EmpowerWeapon+1","floor":22.0},{"not_picked":["theMarked:SelfDefenseTraining","theMarked:RepellingDischarge","theMarked:Aftermath"],"picked":"SKIP","floor":23.0},{"not_picked":["theMarked:Overthink+1","theMarked:Parkour+1"],"picked":"theMarked:HeightenedSenses","floor":27.0},{"not_picked":["theMarked:Parkour+1","theMarked:Improvise+1","theMarked:HeightenedSenses"],"picked":"SKIP","floor":28.0},{"not_picked":["theMarked:Frustration","theMarked:TakeCover","theMarked:BanishingStrike"],"picked":"SKIP","floor":35.0},{"not_picked":["theMarked:WardOff","theMarked:TwofoldDefense"],"picked":"theMarked:StartUp","floor":36.0},{"not_picked":["theMarked:BanishingWave","theMarked:WastefulAttack","theMarked:WardOff"],"picked":"SKIP","floor":37.0},{"not_picked":["theMarked:Frustration","theMarked:BanishingStrike+1","theMarked:Aftermath+1"],"picked":"SKIP","floor":39.0},{"not_picked":["theMarked:ElectricStrings","theMarked:Indomitable","theMarked:TunnelVision"],"picked":"SKIP","floor":41.0},{"not_picked":["theMarked:ElectricStrings","theMarked:LightningStrikesTwice+1","theMarked:WastefulAttack+1"],"picked":"SKIP","floor":44.0},{"not_picked":["theMarked:EnhanceMovement+1","theMarked:Frustration","theMarked:TwofoldDefense"],"picked":"SKIP","floor":45.0},{"not_picked":["theMarked:Vacuum","theMarked:TwofoldDefense"],"picked":"theMarked:ParalyzingBlade","floor":46.0},{"not_picked":["theMarked:CreepingChasm","theMarked:KeepCalmAndFight+1"],"picked":"theMarked:SwordAndMagic+1","floor":47},{"not_picked":["Swift Strike","Metamorphosis"],"picked":"Secret Technique","floor":48},{"not_picked":["theMarked:WastefulAttack","theMarked:ResourceFulStrike"],"picked":"theMarked:Improvise+1","floor":54}],"player_experience":890854,"relics_obtained":[{"floor":6.0,"key":"Darkstone Periapt"},{"floor":7.0,"key":"Orichalcum"},{"floor":9.0,"key":"Unceasing Top"},{"floor":10.0,"key":"Ice Cream"},{"floor":14.0,"key":"Toy Ornithopter"},{"floor":23.0,"key":"Pear"},{"floor":26.0,"key":"Happy Flower"},{"floor":27.0,"key":"Regal Pillow"},{"floor":41.0,"key":"CaptainsWheel"},{"floor":43.0,"key":"Bottled Flame"},{"floor":45.0,"key":"War Paint"},{"floor":47,"key":"Bronze Scales"},{"floor":54,"key":"Mummified Hand"}],"event_choices":[{"damage_healed":0.0,"max_hp_gain":0.0,"max_hp_loss":0.0,"gold_gain":0.0,"event_name":"The Cleric","player_choice":"Leave","floor":4.0,"gold_loss":0.0,"damage_taken":0.0},{"damage_healed":0.0,"max_hp_gain":0.0,"max_hp_loss":0.0,"gold_gain":0.0,"cards_transformed":["theMarked:Strike"],"event_name":"Living Wall","player_choice":"Change","floor":5.0,"gold_loss":0.0,"damage_taken":0.0,"cards_obtained":["theMarked:AttractMetal"]},{"damage_healed":0.0,"max_hp_gain":0.0,"max_hp_loss":0.0,"gold_gain":30.0,"event_name":"Dead Adventurer","player_choice":"Searched \u00273\u0027 times","floor":11.0,"gold_loss":0.0,"damage_taken":0.0,"relics_obtained":["Thread and Needle"]},{"cards_removed":["theMarked:DispelDoubt"],"damage_healed":52.0,"max_hp_gain":10.0,"max_hp_loss":0.0,"gold_gain":0.0,"event_name":"Bonfire Elementals","player_choice":"Offered Rare","floor":12.0,"gold_loss":0.0,"damage_taken":0.0},{"damage_healed":0.0,"max_hp_gain":0.0,"max_hp_loss":0.0,"gold_gain":100.0,"event_name":"Golden Shrine","player_choice":"Pray","floor":25.0,"gold_loss":0.0,"damage_taken":0.0},{"damage_healed":0.0,"max_hp_gain":0.0,"max_hp_loss":0.0,"gold_gain":0.0,"event_name":"Duplicator","player_choice":"Copied","floor":38.0,"gold_loss":0.0,"damage_taken":0.0,"cards_obtained":["theMarked:EmpowerWeapon"]},{"damage_healed":0,"gold_gain":0,"player_choice":"Memory 1","damage_taken":0,"max_hp_gain":0,"max_hp_loss":0,"event_name":"SensoryStone","floor":48,"gold_loss":0}],"is_beta":true,"boss_relics":[{"not_picked":["Philosopher\u0027s Stone","theMarked:Eyepatch"],"picked":"theMarked:SpiritSword"},{"not_picked":["Velvet Choker","Tiny House"],"picked":"SlaversCollar"}],"items_purged_floors":[],"is_endless":false,"potions_floor_spawned":[1,2,10,14,18,19,28,33,35,39,41,45,46,54],"killed_by":"The Heart","ascension_level":1}}