{"host":"bf5upntvbdompq33","time":1612722184,"event":{"mods":["BaseMod","Colored Map","Colored Powertips","Curses Come First","Minty Spire (QoL Compilation)","StSLib","The Dragon Tamer","The Hierophant","The Marked","The Mystic","The Servant 0.9.4"],"gold_per_floor":[112,131,78,90,90,134,134,38,61,31,52,68,68,86,86,175,175,166,166,441,459,459,459],"floor_reached":22,"language":"ENG","playtime":3251,"items_purged":[],"score":316,"play_id":"832d7636-05dd-4faf-b0ee-fb419801e51a","local_time":"20210207112304","is_ascension_mode":true,"campfire_choices":[{"data":"Body Slam","floor":13,"key":"SMITH"},{"data":"Berserk","floor":15,"key":"SMITH"}],"circlet_count":0,"master_deck":["AscendersBane","Strike_R","Strike_R","Strike_R","Strike_R","Strike_R","Defend_R","Defend_R","Defend_R","Defend_R","Bash","Doubt","Barricade","Armaments","Cleave","Thunderclap","Shrug It Off","Flame Barrier","Body Slam+1","Shrug It Off","Armaments","Entrench","Berserk+1","Berserk","Regret"],"relics":["Burning Blood","Golden Idol","Akabeko","Bronze Scales","Boot","Black Star"],"acts_visited":["Exordium","TheCity"],"potions_floor_usage":[6,10,18],"damage_taken":[{"damage":6,"enemies":"2 Louse","floor":1,"turns":2},{"damage":12,"enemies":"Small Slimes","floor":2,"turns":6},{"damage":1,"enemies":"Cultist","floor":4,"turns":4},{"damage":27,"enemies":"3 Sentries","floor":6,"turns":9},{"damage":14,"enemies":"Looter","floor":10,"turns":4},{"damage":10,"enemies":"Red Slaver","floor":11,"turns":4},{"damage":0,"enemies":"Lots of Slimes","floor":12,"turns":1},{"damage":8,"enemies":"Blue Slaver","floor":14,"turns":3},{"damage":9,"enemies":"Hexaghost","floor":16,"turns":12},{"damage":21,"enemies":"2 Thieves","floor":18,"turns":4},{"damage":12,"enemies":"3 Byrds","floor":21,"turns":1},{"damage":46,"enemies":"Centurion and Healer","floor":22,"turns":7}],"seed_played":"5644529197210253693","potions_obtained":[{"floor":1,"key":"ElixirPotion"},{"floor":2,"key":"Fire Potion"},{"floor":12,"key":"SkillPotion"},{"floor":16,"key":"CultistPotion"}],"is_trial":false,"path_per_floor":["M","M","$","M","?","E","?","$","T","M","M","M","R","M","R","B",null,"M","?","?","M","M"],"character_chosen":"IRONCLAD","items_purchased":["Thunderclap","Body Slam","Shrug It Off"],"campfire_rested":0,"item_purchase_floors":[3,8,8],"current_hp_per_floor":[68,62,62,67,67,46,46,46,46,38,34,40,40,38,38,35,61,46,46,46,40,0,0],"gold":459,"neow_bonus":"THREE_RARE_CARDS","is_daily":false,"chose_seed":false,"campfire_upgraded":2,"win_rate":0.0,"timestamp":1612722184,"path_taken":["M","M","$","M","?","E","?","$","T","M","M","M","R","M","R","BOSS","M","?","?","?","M"],"items_purchased_type":["Card","Card","Card"],"build_version":"2020-12-22","purchased_purges":0,"victory":false,"max_hp_per_floor":[75,75,75,75,69,69,69,69,69,69,69,69,69,69,69,69,69,69,69,69,69,69,69],"card_choices":[{"not_picked":["Brutality","Demon Form"],"picked":"Barricade","floor":0},{"not_picked":["Twin Strike","Searing Blow"],"picked":"Armaments","floor":1},{"not_picked":["True Grit","Blood for Blood"],"picked":"Cleave","floor":2},{"not_picked":["Rage","Rupture"],"picked":"Shrug It Off","floor":4},{"not_picked":["Clothesline","Wild Strike"],"picked":"Flame Barrier","floor":6},{"not_picked":["Perfected Strike","Sever Soul"],"picked":"Armaments","floor":10},{"not_picked":["Iron Wave","Warcry"],"picked":"Entrench","floor":11},{"not_picked":["Cleave","Second Wind","Combust"],"picked":"SKIP","floor":12},{"not_picked":["Sword Boomerang","Cleave"],"picked":"Berserk","floor":14},{"not_picked":["Barricade","Exhume"],"picked":"Berserk","floor":16},{"not_picked":["Seeing Red","Clash","Armaments"],"picked":"SKIP","floor":18},{"not_picked":["Iron Wave","Clothesline","Thunderclap"],"picked":"SKIP","floor":21}],"player_experience":1489936,"relics_obtained":[{"floor":6,"key":"Akabeko"},{"floor":9,"key":"Boot"}],"event_choices":[{"damage_healed":0,"gold_gain":0,"player_choice":"Lose Max HP","damage_taken":0,"relics_obtained":["Golden Idol"],"max_hp_gain":0,"max_hp_loss":6,"event_name":"Golden Idol","floor":5,"gold_loss":0},{"damage_healed":0,"gold_gain":0,"player_choice":"Box","damage_taken":0,"relics_obtained":["Bronze Scales"],"max_hp_gain":0,"max_hp_loss":0,"event_name":"Big Fish","floor":7,"gold_loss":0,"cards_obtained":["Regret"]},{"cards_removed":["Regret"],"damage_healed":0,"gold_gain":0,"player_choice":"Elegance","damage_taken":0,"max_hp_gain":0,"max_hp_loss":0,"event_name":"Back to Basics","floor":19,"gold_loss":0},{"damage_healed":0,"gold_gain":275,"player_choice":"Desecrate","damage_taken":0,"max_hp_gain":0,"max_hp_loss":0,"event_name":"Golden Shrine","floor":20,"gold_loss":0,"cards_obtained":["Regret"]}],"is_beta":false,"boss_relics":[{"not_picked":["SacredBark","Pandora\u0027s Box"],"picked":"Black Star"}],"items_purged_floors":[],"is_endless":false,"potions_floor_spawned":[1,2,12,16],"killed_by":"Centurion and Healer","ascension_level":14}}