{"host":"epc8efk9vrywpcsw","time":1612724650,"event":{"mods":["BaseMod","Minty Spire (QoL Compilation)","Relic Stats","StSLib"],"gold_per_floor":[16,27,40,55,55,55,90,90,137,172,192,226,24,43,43,114,114,131,30,30,305,325,325,338,338,338],"floor_reached":25,"language":"ENG","playtime":1015,"items_purged":[],"score":442,"play_id":"aac246e3-53cc-45b1-8f48-3193c351bcca","local_time":"20210207200410","is_ascension_mode":true,"campfire_choices":[{"floor":6.0,"key":"REST"},{"floor":8.0,"key":"REST"},{"floor":15.0,"key":"REST"},{"data":"True Grit","floor":23,"key":"SMITH"}],"circlet_count":0,"master_deck":["AscendersBane","Strike_R","Strike_R+1","Defend_R+1","Defend_R","Defend_R","Bash+1","True Grit+1","Rage+1","Rupture","Pommel Strike","Pommel Strike","Shockwave+1","Twin Strike","Panache","Dropkick","Double Tap+1","Power Through+1","Seeing Red+1","Clothesline+1","Evolve","Armaments+1","Regret","Spot Weakness+1","Rage+1"],"relics":["Burning Blood","Toxic Egg 2","War Paint","Anchor","Odd Mushroom","Bag of Preparation","Astrolabe"],"acts_visited":["Exordium","TheCity"],"potions_floor_usage":[16,16,24,25],"damage_taken":[{"damage":5.0,"enemies":"2 Louse","floor":1.0,"turns":3.0},{"damage":12.0,"enemies":"Jaw Worm","floor":2.0,"turns":5.0},{"damage":3.0,"enemies":"Cultist","floor":3.0,"turns":4.0},{"damage":10.0,"enemies":"Blue Slaver","floor":4.0,"turns":5.0},{"damage":46.0,"enemies":"3 Sentries","floor":7.0,"turns":13.0},{"damage":5.0,"enemies":"Lagavulin","floor":10.0,"turns":6.0},{"damage":4.0,"enemies":"The Mushroom Lair","floor":11.0,"turns":5.0},{"damage":42.0,"enemies":"3 Sentries","floor":12.0,"turns":10.0},{"damage":0.0,"enemies":"Large Slime","floor":14.0,"turns":5.0},{"damage":7,"enemies":"Slime Boss","floor":16,"turns":10},{"damage":27,"enemies":"Chosen","floor":18,"turns":7},{"damage":10,"enemies":"Shell Parasite","floor":22,"turns":3},{"damage":19,"enemies":"Snake Plant","floor":24,"turns":5},{"damage":26,"enemies":"Snecko","floor":25,"turns":5}],"seed_played":"-1523090783801343067","potions_obtained":[{"floor":3.0,"key":"Ancient Potion"},{"floor":7.0,"key":"SmokeBomb"},{"floor":11.0,"key":"FearPotion"},{"floor":12.0,"key":"SteroidPotion"},{"floor":14.0,"key":"PowerPotion"},{"floor":16,"key":"SpeedPotion"},{"floor":18,"key":"ColorlessPotion"},{"floor":24,"key":"Swift Potion"}],"is_trial":false,"path_per_floor":["M","M","M","M","?","R","E","R","T","E","?","E","$","M","R","B",null,"M","$","?","?","M","R","M","M"],"character_chosen":"IRONCLAD","items_purchased":["Panache","Evolve","Armaments+1"],"campfire_rested":3,"item_purchase_floors":[13,19,19],"current_hp_per_floor":[69,63,66,62,39,61,21,43,43,44,46,10,10,16,38,37,66,45,45,45,45,41,41,28,2,2],"gold":338,"neow_bonus":"TRANSFORM_TWO_CARDS","is_daily":false,"chose_seed":false,"campfire_upgraded":1,"win_rate":0.0,"timestamp":1612724650,"path_taken":["M","M","M","M","?","R","E","R","T","E","?","E","$","M","R","BOSS","M","$","?","?","M","R","?","M"],"items_purchased_type":["Card","Card","Card"],"build_version":"2020-12-22","purchased_purges":0,"victory":false,"max_hp_per_floor":[75,75,75,75,75,75,75,75,75,75,75,75,75,75,75,75,75,75,75,75,75,75,75,75,75,75],"relic_stats":{"counters":[14,86],"Astrolabe":["Power Through","Seeing Red","Clothesline"],"Bag of Preparation":[12],"War Paint":["Defend_R","Rage"],"obtain_stats":[{"Anchor":10,"Astrolabe":17,"Bag of Preparation":12,"Toxic Egg 2":7,"War Paint":9,"Odd Mushroom":11,"Burning Blood":0},{"Anchor":6,"Astrolabe":10,"Bag of Preparation":8,"Toxic Egg 2":5,"War Paint":5,"Odd Mushroom":7,"Burning Blood":0},{"Anchor":36,"Astrolabe":66,"Bag of Preparation":51,"Toxic Egg 2":30,"War Paint":30,"Odd Mushroom":41,"Burning Blood":0}],"Burning Blood":78},"card_choices":[{"not_picked":["Shrug It Off","Hemokinesis"],"picked":"Rupture","floor":1.0},{"not_picked":["Anger","Flex"],"picked":"Pommel Strike","floor":2.0},{"not_picked":["Sword Boomerang","Havoc"],"picked":"Rupture","floor":3.0},{"not_picked":["Carnage","Entrench"],"picked":"Pommel Strike","floor":4.0},{"not_picked":["Wild Strike","Cleave"],"picked":"Shockwave+1","floor":7.0},{"not_picked":["Dropkick","Sentinel+1"],"picked":"Twin Strike","floor":10.0},{"not_picked":["Inflame","Dual Wield+1","Iron Wave"],"picked":"SKIP","floor":12.0},{"not_picked":["Pommel Strike","Wild Strike"],"picked":"Dropkick","floor":14.0},{"not_picked":["Reaper","Bludgeon"],"picked":"Double Tap+1","floor":16},{"not_picked":["Pommel Strike","Thunderclap","Perfected Strike+1"],"picked":"SKIP","floor":18},{"not_picked":["Clash","Reckless Charge+1"],"picked":"Spot Weakness+1","floor":22},{"not_picked":["Pommel Strike","Fire Breathing"],"picked":"Rage+1","floor":24}],"player_experience":496009,"relics_obtained":[{"floor":7.0,"key":"Toxic Egg 2"},{"floor":9.0,"key":"War Paint"},{"floor":10.0,"key":"Anchor"},{"floor":11.0,"key":"Odd Mushroom"},{"floor":12.0,"key":"Bag of Preparation"}],"event_choices":[{"damage_healed":0.0,"max_hp_gain":0.0,"max_hp_loss":0.0,"gold_gain":0.0,"event_name":"Shining Light","player_choice":"Entered Light","floor":5.0,"gold_loss":0.0,"damage_taken":23.0,"cards_upgraded":["Strike_R","Bash"]},{"damage_healed":0.0,"max_hp_gain":0.0,"max_hp_loss":0.0,"gold_gain":0.0,"event_name":"Mushrooms","player_choice":"Fought Mushrooms","floor":11.0,"gold_loss":0.0,"damage_taken":0.0},{"damage_healed":0,"gold_gain":0,"player_choice":"Ignored","damage_taken":0,"max_hp_gain":0,"max_hp_loss":0,"event_name":"Vampires","floor":20,"gold_loss":0},{"damage_healed":0,"gold_gain":275,"player_choice":"Desecrate","damage_taken":0,"max_hp_gain":0,"max_hp_loss":0,"event_name":"Golden Shrine","floor":21,"gold_loss":0,"cards_obtained":["Regret"]}],"is_beta":false,"boss_relics":[{"not_picked":["Black Star","Snecko Eye"],"picked":"Astrolabe"}],"items_purged_floors":[],"is_endless":false,"potions_floor_spawned":[3,7,11,12,14,16,18,24],"killed_by":"Snecko","ascension_level":20}}