{"host":"jlk2k69f9c6o7b3e","time":1612681100,"event":{"mods":["AchievementEnabler","BaseMod","Minty Spire (QoL Compilation)","StSLib"],"gold_per_floor":[114,91,108,119,119,159,159,202,284,309,350,350,350,350,350,457,457,476,502,142,160,183,183,196,223,299,152,195,218,254,266,266,370,433,455,471,491,518,59,59,74,74,100,100,127,127,164,45,45,45],"floor_reached":51,"language":"ZHS","playtime":3455,"items_purged":["Strike_R"],"score":815,"play_id":"573d145e-1b6e-4a95-8c2c-bf257a3fb744","local_time":"20210207145820","is_ascension_mode":false,"campfire_choices":[{"data":"1","floor":7.0,"key":"LIFT"},{"data":"Armaments","floor":13.0,"key":"SMITH"},{"data":"Armaments","floor":15.0,"key":"SMITH"},{"data":"Dual Wield","floor":23.0,"key":"SMITH"},{"data":"2","floor":32.0,"key":"LIFT"},{"data":"Apotheosis","floor":40,"key":"SMITH"},{"data":"3","floor":42,"key":"LIFT"},{"floor":46,"key":"REST"},{"floor":49,"key":"REST"}],"circlet_count":0,"master_deck":["Bash","Armaments+1","Armaments+1","Dropkick","Shrug It Off+1","Regret","Searing Blow","Fire Breathing","Metallicize","Fiend Fire","Juggernaut","Sentinel","Metallicize+1","Body Slam","Combust","Flame Barrier+1","Havoc+1","Dual Wield+1","Second Wind","Combust","Inflame","Body Slam","Immolate","Flame Barrier","Iron Wave","Disarm","Pummel","Spot Weakness","Pummel","Feel No Pain","Body Slam+1","Discovery","Chrysalis","Magnetism","Apotheosis+1","Metallicize","Flame Barrier","Feel No Pain"],"relics":["Velvet Choker","Girya","CeramicFish","Mercury Hourglass","Pear","Matryoshka","Anchor","Philosopher\u0027s Stone","Mummified Hand","Orrery","Orichalcum","Pantograph","Lizard Tail","Vajra","War Paint","Bronze Scales","Pandora\u0027s Box","Self Forming Clay","Pen Nib","Regal Pillow","Sundial"],"acts_visited":["Exordium","TheCity","TheBeyond"],"potions_floor_usage":[37,47,50,50],"damage_taken":[{"damage":5.0,"enemies":"2 Louse","floor":1.0,"turns":3.0},{"damage":0.0,"enemies":"Small Slimes","floor":3.0,"turns":3.0},{"damage":0.0,"enemies":"Cultist","floor":4.0,"turns":4.0},{"damage":10.0,"enemies":"3 Sentries","floor":6.0,"turns":9.0},{"damage":24.0,"enemies":"Gremlin Nob","floor":8.0,"turns":5.0},{"damage":8.0,"enemies":"Exordium Thugs","floor":10.0,"turns":4.0},{"damage":14.0,"enemies":"Lagavulin","floor":11.0,"turns":7.0},{"damage":19.0,"enemies":"Hexaghost","floor":16.0,"turns":10.0},{"damage":32.0,"enemies":"3 Byrds","floor":18.0,"turns":4.0},{"damage":3.0,"enemies":"Shell Parasite","floor":19.0,"turns":4.0},{"damage":1.0,"enemies":"Cultist and Chosen","floor":21.0,"turns":4.0},{"damage":6.0,"enemies":"Centurion and Healer","floor":22.0,"turns":4.0},{"damage":4.0,"enemies":"Snake Plant","floor":24.0,"turns":4.0},{"damage":24.0,"enemies":"Snecko","floor":25.0,"turns":5.0},{"damage":4.0,"enemies":"Slavers","floor":28.0,"turns":3.0},{"damage":10.0,"enemies":"Gremlin Leader","floor":30.0,"turns":6.0},{"damage":4.0,"enemies":"Chosen and Byrds","floor":31.0,"turns":4.0},{"damage":43.0,"enemies":"Champ","floor":33.0,"turns":9.0},{"damage":1.0,"enemies":"Orb Walker","floor":35.0,"turns":2.0},{"damage":32,"enemies":"3 Darklings","floor":36,"turns":5},{"damage":50,"enemies":"Jaw Worm Horde","floor":37,"turns":4},{"damage":25,"enemies":"Writhing Mass","floor":41,"turns":5},{"damage":33,"enemies":"Reptomancer","floor":45,"turns":5},{"damage":46,"enemies":"Nemesis","floor":47,"turns":7},{"damage":50,"enemies":"Awakened One","floor":50,"turns":10}],"seed_played":"-7316788329406901153","potions_obtained":[{"floor":3.0,"key":"Regen Potion"},{"floor":4.0,"key":"Explosive Potion"},{"floor":8.0,"key":"SkillPotion"},{"floor":10.0,"key":"Fruit Juice"},{"floor":19.0,"key":"DuplicationPotion"},{"floor":21.0,"key":"Explosive Potion"},{"floor":22.0,"key":"AttackPotion"},{"floor":31.0,"key":"BloodPotion"},{"floor":33.0,"key":"Strength Potion"},{"floor":36,"key":"SmokeBomb"},{"floor":37,"key":"Fruit Juice"},{"floor":45,"key":"Swift Potion"}],"is_trial":false,"path_per_floor":["M","$","M","M","?","E","R","E","T","M","E","?","R","?","R","B",null,"M","M","$","M","M","R","M","M","T","$","E","T","E","M","R","B",null,"M","M","M","?","$","R","M","R","T","?","E","R","E","$","R","B",null],"character_chosen":"IRONCLAD","items_purchased":["Armaments","Mummified Hand","Orrery","Combust","Apotheosis","Self Forming Clay","Metallicize","Feel No Pain","PowerPotion"],"campfire_rested":2,"item_purchase_floors":[2,20,20,27,39,39,39,48,48],"current_hp_per_floor":[75,75,75,75,75,65,65,41,51,43,34,27,27,27,27,8,95,63,60,60,59,53,53,61,37,37,37,33,33,23,19,19,1,95,94,62,17,7,7,7,48,48,48,87,54,87,41,41,82,37],"gold":45,"neow_bonus":"BOSS_RELIC","is_daily":false,"chose_seed":false,"campfire_upgraded":4,"win_rate":0.0,"timestamp":1612681100,"path_taken":["M","$","M","M","?","E","R","E","T","M","E","?","R","?","R","BOSS","M","M","?","M","M","R","M","M","T","?","E","?","E","M","R","BOSS","M","M","M","?","$","R","M","R","T","?","E","R","E","$","R","BOSS"],"items_purchased_type":["Card","Relic","Relic","Card","Card","Relic","Card","Card","Potion"],"build_version":"2020-12-22","purchased_purges":1,"victory":true,"max_hp_per_floor":[80,80,80,80,80,80,80,80,90,90,95,95,95,95,95,95,95,95,95,95,95,95,95,95,95,95,95,95,95,95,95,95,95,95,95,95,100,100,100,100,100,100,100,87,87,87,87,87,87,87],"card_choices":[{"not_picked":["Heavy Blade","Battle Trance"],"picked":"Armaments","floor":1.0},{"not_picked":["Shockwave","Seeing Red"],"picked":"Dropkick","floor":3.0},{"not_picked":["Spot Weakness","Twin Strike"],"picked":"Shrug It Off","floor":4.0},{"not_picked":["Twin Strike","Bludgeon"],"picked":"Searing Blow","floor":6.0},{"not_picked":["Wild Strike","Flex"],"picked":"Fire Breathing","floor":8.0},{"not_picked":["Headbutt","Wild Strike"],"picked":"Metallicize","floor":10.0},{"not_picked":["Power Through","Shrug It Off"],"picked":"Fiend Fire","floor":11.0},{"not_picked":["Limit Break","Demon Form"],"picked":"Juggernaut","floor":16.0},{"not_picked":["Warcry","Thunderclap","Cleave"],"picked":"SKIP","floor":18.0},{"not_picked":["Infernal Blade","Cleave"],"picked":"Sentinel","floor":19.0},{"not_picked":["Heavy Blade","Perfected Strike"],"picked":"Metallicize+1","floor":20.0},{"not_picked":["Exhume","Heavy Blade+1"],"picked":"Body Slam","floor":20.0},{"not_picked":["Sword Boomerang","Heavy Blade"],"picked":"Combust","floor":20.0},{"not_picked":["Perfected Strike+1","Body Slam"],"picked":"Flame Barrier+1","floor":20.0},{"not_picked":["Limit Break","Pommel Strike"],"picked":"Havoc+1","floor":20.0},{"not_picked":["Pommel Strike+1","Twin Strike","Warcry"],"picked":"SKIP","floor":21.0},{"not_picked":["Wild Strike","Searing Blow+1"],"picked":"Dual Wield","floor":22.0},{"not_picked":["Whirlwind","Headbutt","Thunderclap+1"],"picked":"SKIP","floor":24.0},{"not_picked":["Double Tap","Hemokinesis"],"picked":"Second Wind","floor":25.0},{"not_picked":["Offering","Headbutt"],"picked":"Inflame","floor":28.0},{"not_picked":["Brutality","Flex"],"picked":"Body Slam","floor":30.0},{"not_picked":["Battle Trance+1","Anger","Intimidate"],"picked":"SKIP","floor":31.0},{"not_picked":["Corruption","Berserk"],"picked":"Immolate","floor":33.0},{"not_picked":["Anger","Sword Boomerang+1"],"picked":"Body Slam+1","floor":35.0},{"not_picked":["Seeing Red","Spot Weakness","Flex+1"],"picked":"SKIP","floor":36},{"not_picked":["Searing Blow+1","Carnage","Twin Strike+1"],"picked":"SKIP","floor":37},{"not_picked":["Purity","Panacea"],"picked":"Discovery","floor":38},{"not_picked":["Madness","Jack Of All Trades"],"picked":"Chrysalis","floor":38},{"not_picked":["Trip","Enlightenment"],"picked":"Magnetism","floor":38},{"not_picked":["Perfected Strike+1","Havoc","Thunderclap"],"picked":"SKIP","floor":41},{"not_picked":["Pommel Strike+1","Thunderclap+1","Carnage"],"picked":"SKIP","floor":45},{"not_picked":["Reaper","Cleave+1"],"picked":"Flame Barrier","floor":47}],"player_experience":382455,"relics_obtained":[{"floor":6.0,"key":"CeramicFish"},{"floor":8.0,"key":"Mercury Hourglass"},{"floor":9.0,"key":"Pear"},{"floor":11.0,"key":"Matryoshka"},{"floor":26.0,"key":"Orichalcum"},{"floor":26.0,"key":"Pantograph"},{"floor":28.0,"key":"Lizard Tail"},{"floor":29.0,"key":"Vajra"},{"floor":29.0,"key":"War Paint"},{"floor":30.0,"key":"Bronze Scales"},{"floor":43,"key":"Pen Nib"},{"floor":45,"key":"Regal Pillow"},{"floor":47,"key":"Sundial"}],"event_choices":[{"damage_healed":0.0,"max_hp_gain":0.0,"max_hp_loss":0.0,"gold_gain":0.0,"event_name":"Big Fish","player_choice":"Box","floor":5.0,"gold_loss":0.0,"damage_taken":0.0,"relics_obtained":["Girya"],"cards_obtained":["Regret"]},{"cards_removed":["Strike_R"],"damage_healed":0.0,"max_hp_gain":0.0,"max_hp_loss":0.0,"gold_gain":0.0,"event_name":"Golden Wing","player_choice":"Card Removal","floor":12.0,"gold_loss":0.0,"damage_taken":7.0},{"damage_healed":0.0,"max_hp_gain":0.0,"max_hp_loss":0.0,"gold_gain":0.0,"event_name":"WeMeetAgain","player_choice":"Gave Potion","floor":14.0,"gold_loss":0.0,"damage_taken":0.0,"relics_obtained":["Anchor"]},{"damage_healed":0,"gold_gain":0,"player_choice":"Memory 3","damage_taken":10,"max_hp_gain":0,"max_hp_loss":0,"event_name":"SensoryStone","floor":38,"gold_loss":0},{"damage_healed":87,"gold_gain":0,"player_choice":"Heal","damage_taken":0,"max_hp_gain":0,"max_hp_loss":13,"event_name":"The Moai Head","floor":44,"gold_loss":0}],"is_beta":false,"boss_relics":[{"not_picked":["Runic Cube","Busted Crown"],"picked":"Philosopher\u0027s Stone"},{"not_picked":["Cursed Key","SlaversCollar"],"picked":"Pandora\u0027s Box"}],"items_purged_floors":[27],"is_endless":false,"potions_floor_spawned":[3,4,8,10,19,21,22,31,33,36,37,45],"ascension_level":0}}