{"host":"ewe4oe702q4ujr6i","time":1612715036,"event":{"mods":["BaseMod","Colored Map","Colored Powertips","DeckTracker","Minty Spire (QoL Compilation)","SuperFastMode"],"gold_per_floor":[115,115,115,40,115,115,15,15,15,15,48,223,239,258,258,258,258],"floor_reached":16,"language":"KOR","playtime":502,"items_purged":["Strike_P","Strike_P"],"score":96,"play_id":"7e45dbf3-4828-4f1a-809c-dd1cd07ace26","local_time":"20210208012356","is_ascension_mode":false,"campfire_choices":[{"data":"Eruption","floor":6,"key":"SMITH"},{"data":"Nirvana","floor":8,"key":"SMITH"},{"data":"Vigilance","floor":10,"key":"SMITH"},{"data":"CutThroughFate","floor":15,"key":"SMITH"}],"circlet_count":0,"master_deck":["Strike_P","Defend_P","Defend_P","Defend_P","Defend_P","Eruption+1","Vigilance+1","Nirvana+1","CutThroughFate+1","Doubt","Nirvana","Study"],"relics":["PureWater","Golden Idol","InkBottle","Bird Faced Urn"],"acts_visited":["Exordium"],"potions_floor_usage":[11],"damage_taken":[{"damage":0,"enemies":"Small Slimes","floor":1,"turns":2},{"damage":4,"enemies":"Lagavulin","floor":11,"turns":8},{"damage":0,"enemies":"2 Louse","floor":13,"turns":3},{"damage":0,"enemies":"Jaw Worm","floor":14,"turns":4},{"damage":51,"enemies":"The Guardian","floor":16,"turns":9}],"seed_played":"1076884019087944221","potions_obtained":[{"floor":1,"key":"AttackPotion"},{"floor":14,"key":"AttackPotion"}],"is_trial":false,"path_per_floor":["M","?","?","$","?","R","$","R","T","R","E","?","M","M","R","B"],"character_chosen":"WATCHER","items_purchased":[],"campfire_rested":0,"item_purchase_floors":[],"current_hp_per_floor":[79,72,53,53,42,42,42,42,42,42,38,38,40,44,44,0,0],"gold":258,"neow_bonus":"TEN_PERCENT_HP_BONUS","is_daily":false,"chose_seed":false,"campfire_upgraded":4,"win_rate":0.0,"timestamp":1612715036,"path_taken":["M","?","?","?","?","R","$","R","T","R","E","?","M","M","R","BOSS"],"items_purchased_type":[],"build_version":"2020-12-22","purchased_purges":2,"victory":false,"max_hp_per_floor":[79,79,79,79,79,79,79,79,79,79,79,79,79,79,79,79,79],"card_choices":[{"not_picked":["Prostrate","Adaptation"],"picked":"Nirvana","floor":1},{"not_picked":["Meditate","SashWhip"],"picked":"CutThroughFate","floor":11},{"not_picked":["FlurryOfBlows","Perseverance"],"picked":"Nirvana","floor":13},{"not_picked":["Consecrate","FlyingSleeves"],"picked":"Study","floor":14}],"player_experience":206384,"relics_obtained":[{"floor":9,"key":"InkBottle"},{"floor":11,"key":"Bird Faced Urn"}],"event_choices":[{"cards_removed":["Strike_P"],"damage_healed":0,"gold_gain":0,"player_choice":"Card Removal","damage_taken":7,"max_hp_gain":0,"max_hp_loss":0,"event_name":"Golden Wing","floor":2,"gold_loss":0},{"damage_healed":0,"gold_gain":0,"player_choice":"Take Damage","damage_taken":19,"relics_obtained":["Golden Idol"],"max_hp_gain":0,"max_hp_loss":0,"event_name":"Golden Idol","floor":3,"gold_loss":0},{"damage_healed":0,"gold_gain":75,"player_choice":"Gather Gold","damage_taken":11,"max_hp_gain":0,"max_hp_loss":0,"event_name":"World of Goop","floor":5,"gold_loss":0},{"damage_healed":0,"gold_gain":175,"player_choice":"AGREE","damage_taken":0,"max_hp_gain":0,"max_hp_loss":0,"event_name":"Liars Game","floor":12,"gold_loss":0,"cards_obtained":["Doubt"]}],"is_beta":false,"boss_relics":[],"items_purged_floors":[4,7],"is_endless":false,"potions_floor_spawned":[1,14],"killed_by":"The Guardian","ascension_level":0}}