{"host":"p4c5gtjnbnajaalx","time":1612701489,"event":{"mods":["BaseMod","Minty Spire (QoL Compilation)"],"gold_per_floor":[110,35,35,50,50,76,76,106,180,180,35,35,46,59,59,160,160,170,70,85,99,109,139,139,139,139,139,139,151,151,151,151,256,256,273,148,148,164,178,193,193,208,259,259,269,287,287,39,39,39],"floor_reached":51,"language":"ZHT","playtime":2843,"items_purged":["Defend_G","Strike_G","Shame","Parasite"],"score":702,"play_id":"f72b180b-936b-4d57-a3de-d1d8307a0051","local_time":"20210207203809","is_ascension_mode":false,"campfire_choices":[{"data":"Neutralize","floor":7,"key":"SMITH"},{"floor":15,"key":"REST"},{"data":"Envenom","floor":24,"key":"SMITH"},{"data":"RitualDagger","floor":30,"key":"SMITH"},{"floor":32,"key":"REST"},{"data":"Blade Dance","floor":49,"key":"SMITH"}],"circlet_count":0,"master_deck":["Strike_G+1","Strike_G+1","Strike_G+1","Strike_G+1","Defend_G+1","Defend_G+1","Defend_G+1","Defend_G+1","Survivor+1","Neutralize+1","Escape Plan","Choke","Infinite Blades","Envenom+1","Infinite Blades","Backflip+1","Decay","RitualDagger+1","Terror","Venomology","Infinite Blades","Blade Dance+1","Prepared"],"relics":["Ring of the Snake","NeowsBlessing","Toy Ornithopter","PreservedInsect","Strawberry","Darkstone Periapt","Pen Nib","Blood Vial","Paper Crane","Philosopher\u0027s Stone","Kunai","Bag of Preparation","Ancient Tea Set","WristBlade","Ninja Scroll","War Paint"],"acts_visited":["Exordium","TheCity","TheBeyond"],"potions_floor_usage":[16,20,21,33,35,38,38,39,40,40,45,45,46,50,50,50,50],"damage_taken":[{"damage":0,"enemies":"2 Louse","floor":1,"turns":1},{"damage":0,"enemies":"Cultist","floor":4,"turns":1},{"damage":0,"enemies":"Lagavulin","floor":6,"turns":1},{"damage":37,"enemies":"3 Sentries","floor":8,"turns":8},{"damage":1,"enemies":"Jaw Worm","floor":13,"turns":4},{"damage":0,"enemies":"Blue Slaver","floor":14,"turns":3},{"damage":22,"enemies":"Slime Boss","floor":16,"turns":9},{"damage":26,"enemies":"3 Byrds","floor":18,"turns":5},{"damage":13,"enemies":"Spheric Guardian","floor":20,"turns":4},{"damage":10,"enemies":"Snecko","floor":21,"turns":5},{"damage":2,"enemies":"Cultist and Chosen","floor":22,"turns":6},{"damage":15,"enemies":"Slavers","floor":23,"turns":6},{"damage":1,"enemies":"Shelled Parasite and Fungi","floor":29,"turns":5},{"damage":57,"enemies":"Automaton","floor":33,"turns":12},{"damage":15,"enemies":"3 Shapes","floor":35,"turns":5},{"damage":11,"enemies":"3 Darklings","floor":38,"turns":4},{"damage":15,"enemies":"Sphere and 2 Shapes","floor":39,"turns":6},{"damage":23,"enemies":"Writhing Mass","floor":40,"turns":6},{"damage":28,"enemies":"3 Darklings","floor":42,"turns":7},{"damage":21,"enemies":"Jaw Worm Horde","floor":45,"turns":4},{"damage":4,"enemies":"Writhing Mass","floor":46,"turns":5},{"damage":82,"enemies":"Time Eater","floor":50,"turns":11}],"seed_played":"-4668241985822810025","potions_obtained":[{"floor":1,"key":"Energy Potion"},{"floor":8,"key":"ColorlessPotion"},{"floor":13,"key":"SpeedPotion"},{"floor":20,"key":"Regen Potion"},{"floor":21,"key":"Poison Potion"},{"floor":23,"key":"BlessingOfTheForge"},{"floor":35,"key":"SkillPotion"},{"floor":38,"key":"SteroidPotion"},{"floor":45,"key":"Block Potion"},{"floor":46,"key":"Poison Potion"}],"is_trial":false,"path_per_floor":["M","$","?","M","$","E","R","E","T","T","$","T","M","M","R","B",null,"M","$","M","M","M","E","R","?","T","?","?","M","R","?","R","B",null,"M","$","?","M","M","M","?","M","T","?","M","M","?","$","R","B",null],"character_chosen":"THE_SILENT","items_purchased":["Blood Vial","GhostInAJar"],"campfire_rested":2,"item_purchase_floors":[11,48],"current_hp_per_floor":[70,70,70,70,70,70,70,40,40,40,40,40,41,43,66,51,77,51,51,45,54,54,41,41,47,47,47,41,42,42,48,74,24,89,74,74,74,75,67,56,56,30,30,30,21,30,83,80,80,9],"gold":39,"neow_bonus":"THREE_ENEMY_KILL","is_daily":false,"chose_seed":false,"campfire_upgraded":4,"win_rate":0.0,"timestamp":1612701489,"path_taken":["M","$","?","M","?","E","R","E","T","?","$","?","M","M","R","BOSS","M","$","M","M","M","E","R","?","T","?","?","?","R","?","R","BOSS","M","$","?","?","?","M","?","M","T","?","M","M","?","$","R","BOSS"],"items_purchased_type":["Relic","Potion"],"build_version":"2020-12-22","purchased_purges":4,"victory":true,"max_hp_per_floor":[70,70,70,70,70,70,70,77,77,77,77,77,77,77,77,77,77,77,77,77,77,77,77,77,83,83,83,83,83,83,89,89,89,89,89,89,89,89,89,89,89,89,89,89,89,95,83,80,80,80],"card_choices":[{"not_picked":["Flying Knee","Outmaneuver"],"picked":"Escape Plan","floor":1},{"not_picked":["Underhanded Strike","Skewer","Endless Agony"],"picked":"SKIP","floor":4},{"not_picked":["Doppelganger","Acrobatics"],"picked":"Choke","floor":6},{"not_picked":["Poisoned Stab","Well Laid Plans"],"picked":"Flying Knee","floor":8},{"not_picked":["Expertise","Choke","Die Die Die"],"picked":"SKIP","floor":13},{"not_picked":["Blade Dance","Endless Agony"],"picked":"Infinite Blades","floor":14},{"not_picked":["Unload","Die Die Die"],"picked":"Envenom","floor":16},{"not_picked":["Backflip+1","Quick Slash+1"],"picked":"Infinite Blades","floor":18},{"not_picked":["Outmaneuver+1","Crippling Poison","Sucker Punch"],"picked":"SKIP","floor":20},{"not_picked":["Endless Agony","Dagger Throw","Tools of the Trade"],"picked":"SKIP","floor":21},{"not_picked":["Quick Slash","Prepared","Finisher"],"picked":"SKIP","floor":22},{"not_picked":["Calculated Gamble","Backstab"],"picked":"Backflip","floor":23},{"not_picked":["Slice+1","PiercingWail"],"picked":"Terror","floor":29},{"not_picked":["Bullet Time","A Thousand Cuts"],"picked":"Venomology","floor":33},{"not_picked":["All Out Attack+1","Finisher+1","Backflip+1"],"picked":"SKIP","floor":35},{"not_picked":["Sucker Punch+1","PiercingWail","Backflip+1"],"picked":"SKIP","floor":38},{"not_picked":["Calculated Gamble","Slice+1"],"picked":"Infinite Blades","floor":39},{"not_picked":["Dash","Quick Slash","Deflect"],"picked":"SKIP","floor":40},{"not_picked":["Deadly Poison+1","Dodge and Roll"],"picked":"Blade Dance","floor":42},{"not_picked":["A Thousand Cuts","Sucker Punch"],"picked":"Prepared","floor":45},{"not_picked":["Outmaneuver","Terror","Expertise"],"picked":"SKIP","floor":46}],"player_experience":12136,"relics_obtained":[{"floor":3,"key":"Toy Ornithopter"},{"floor":6,"key":"PreservedInsect"},{"floor":8,"key":"Strawberry"},{"floor":9,"key":"Darkstone Periapt"},{"floor":10,"key":"Pen Nib"},{"floor":12,"key":"Paper Crane"},{"floor":23,"key":"Kunai"},{"floor":26,"key":"Bag of Preparation"},{"floor":43,"key":"War Paint"}],"event_choices":[{"damage_healed":0,"gold_gain":0,"player_choice":"Relic","damage_taken":0,"max_hp_gain":0,"max_hp_loss":0,"event_name":"Wheel of Change","floor":3,"gold_loss":0},{"damage_healed":0,"gold_gain":0,"player_choice":"Smashed Altar","damage_taken":0,"max_hp_gain":0,"max_hp_loss":0,"event_name":"Forgotten Altar","floor":25,"gold_loss":0,"cards_obtained":["Decay"]},{"damage_healed":0,"gold_gain":0,"player_choice":"Simplicity","damage_taken":0,"max_hp_gain":0,"max_hp_loss":0,"event_name":"Back to Basics","floor":27,"gold_loss":0,"cards_upgraded":["Strike_G","Strike_G","Strike_G","Strike_G","Defend_G","Defend_G","Defend_G","Defend_G"]},{"damage_healed":0,"gold_gain":0,"player_choice":"Joined the Cult","damage_taken":6,"max_hp_gain":0,"max_hp_loss":0,"event_name":"Nest","floor":28,"gold_loss":0,"cards_obtained":["RitualDagger"]},{"damage_healed":0,"gold_gain":0,"player_choice":"Stole Relic","damage_taken":0,"relics_obtained":["Ancient Tea Set"],"max_hp_gain":0,"max_hp_loss":0,"event_name":"Addict","floor":31,"gold_loss":0,"cards_obtained":["Shame"]},{"damage_healed":0,"gold_gain":0,"player_choice":"Gave Potion","damage_taken":0,"relics_obtained":["Ninja Scroll"],"max_hp_gain":0,"max_hp_loss":0,"event_name":"WeMeetAgain","floor":37,"gold_loss":0},{"cards_removed":["Flying Knee"],"damage_healed":0,"gold_gain":0,"player_choice":"Removed Attack","damage_taken":0,"max_hp_gain":0,"max_hp_loss":0,"event_name":"Falling","floor":41,"gold_loss":0},{"damage_healed":0,"gold_gain":0,"player_choice":"Ignored","damage_taken":0,"max_hp_gain":0,"max_hp_loss":0,"event_name":"Tomb of Lord Red Mask","floor":44,"gold_loss":0},{"damage_healed":83,"gold_gain":0,"player_choice":"Heal","damage_taken":0,"max_hp_gain":0,"max_hp_loss":12,"event_name":"The Moai Head","floor":47,"gold_loss":0}],"is_beta":false,"boss_relics":[{"not_picked":["Coffee Dripper","Calling Bell"],"picked":"Philosopher\u0027s Stone"},{"not_picked":["Runic Dome","Busted Crown"],"picked":"WristBlade"}],"items_purged_floors":[2,19,36,48],"is_endless":false,"potions_floor_spawned":[1,8,13,20,21,23,35,38,45,46],"ascension_level":0}}