{"host":"w7pthw6r6331n954","time":1612721328,"event":{"mods":["AchievementEnabler","Act Like it!","BaseMod","BetterRewards","Colored Map","Colored Powertips","Custom Start","Downfall","Hallownest","Hermit","Jorbs\u0027s Wanderer Trilogy","Minty Spire (QoL Compilation)","Replay The Spire","Shop Mod","StSLib","SuperFastMode"],"gold_per_floor":[115,36,47,60,79,79,79,79,105,137,153,167,167,167,167,271,271,287,287,24,24,24,59,59,88,88,13,31,31,31,49,49,49,49],"floor_reached":33,"language":"ENG","playtime":1914,"items_purged":["downfall:Bewildered"],"score":283,"play_id":"b59b4a74-6879-4284-a3ab-c73750c84b7a","local_time":"20210207130848","is_ascension_mode":false,"campfire_choices":[{"floor":6,"key":"RECALL"},{"data":"Zap","floor":8,"key":"SMITH"},{"data":"Dualcast","floor":15,"key":"SMITH"},{"floor":24,"key":"REST"},{"floor":29,"key":"REST"},{"floor":30,"key":"REST"},{"floor":32,"key":"REST"}],"circlet_count":0,"master_deck":["Strike_B","Strike_B","Strike_B","Strike_B","Defend_B","Defend_B","Defend_B","Defend_B","Zap+1","Dualcast+1","Ball Lightning","Conserve Battery","Sweeping Beam","Steam Power","Hologram","Beam Cell","Genetic Algorithm","ReplayRNGCard","Steam+1","Reboot+1","Necronomicurse","Streamline","Go for the Eyes","White Noise+1","Undo"],"relics":["Cracked Core","Solar Panel","MerchantsRug","White Beast Statue","Necronomicon","sneckomod:BabySnecko","Bronze Scales","WingedGreaves","Matryoshka"],"acts_visited":["Exordium","TheCity"],"potions_floor_usage":[16,16,25,31,33,33,33],"damage_taken":[{"damage":1,"enemies":"Jaw Worm","floor":1,"turns":3},{"damage":6,"enemies":"Cultist","floor":3,"turns":3},{"damage":0,"enemies":"2 Louse","floor":4,"turns":2},{"damage":0,"enemies":"2 Fungi Beasts","floor":5,"turns":3},{"damage":17,"enemies":"3 Sentries","floor":10,"turns":5},{"damage":0,"enemies":"Large Slime","floor":11,"turns":2},{"damage":5,"enemies":"Blue Slaver","floor":12,"turns":2},{"damage":45,"enemies":"Slime Boss","floor":16,"turns":9},{"damage":0,"enemies":"Chosen","floor":18,"turns":4},{"damage":46,"enemies":"Book of Stabbing","floor":23,"turns":6},{"damage":54,"enemies":"Gremlin Leader","floor":25,"turns":4},{"damage":0,"enemies":"3 Byrds","floor":28,"turns":3},{"damage":12,"enemies":"Snake Plant","floor":31,"turns":3},{"damage":85,"enemies":"Automaton","floor":33,"turns":12}],"seed_played":"158644850817846901","potions_obtained":[{"floor":5,"key":"Weak Potion"},{"floor":10,"key":"PotionOfCapacity"},{"floor":12,"key":"Slimebound:ThreeZeroPotion"},{"floor":18,"key":"FearPotion"},{"floor":23,"key":"ColorlessPotion"},{"floor":25,"key":"Elixir"},{"floor":28,"key":"FearPotion"},{"floor":31,"key":"AttackPotion"}],"is_trial":false,"path_per_floor":["M","?","M","M","M","R","$","R","T","E","M","M","?","T","R","B",null,"M","?","$","?","?","E","R","E","T","$","M","R","R","M","R","B"],"character_chosen":"DEFECT","items_purchased":["MerchantsRug","Reboot+1","White Beast Statue"],"campfire_rested":4,"item_purchase_floors":[20,20,20],"current_hp_per_floor":[81,81,75,75,75,75,75,75,75,58,64,63,68,68,68,29,87,87,87,87,71,71,29,55,5,5,5,9,35,61,53,79,0,0],"gold":49,"neow_bonus":"TEN_PERCENT_HP_BONUS","is_daily":false,"chose_seed":false,"campfire_upgraded":2,"win_rate":0.0,"timestamp":1612721328,"path_taken":["M","?","M","M","M","R","?","R","T","E","M","M","?","?","R","BOSS","M","?","$","?","?","E","R","E","T","?","?","R","R","M","R","BOSS"],"items_purchased_type":["Relic","Card","Relic"],"build_version":"2020-12-22","purchased_purges":1,"victory":false,"max_hp_per_floor":[82,82,82,82,82,82,82,82,82,82,82,82,87,87,87,87,87,87,87,87,87,87,87,87,87,87,87,87,87,87,87,87,87,87],"card_choices":[{"not_picked":["Hologram","ReplayTheSpireMod:GoodbyeWorld"],"picked":"Ball Lightning","floor":1},{"not_picked":["BasicCrystalCard","Reprogram"],"picked":"Conserve Battery","floor":3},{"not_picked":["Loop","Panic Button"],"picked":"Sweeping Beam","floor":4},{"not_picked":["Loop","Rebound"],"picked":"Steam Power","floor":5},{"not_picked":["Sweeping Beam","Consume"],"picked":"Hologram","floor":10},{"not_picked":["Darkness","Barrage"],"picked":"Beam Cell","floor":11},{"not_picked":["Hello World","Steam Power"],"picked":"Genetic Algorithm","floor":12},{"not_picked":["Core Surge","Thunder Strike"],"picked":"ReplayRNGCard","floor":16},{"not_picked":["Leap","Rebound+1"],"picked":"Steam+1","floor":18},{"not_picked":["ReplayTheSpireMod:System Scan","Creative AI"],"picked":"Streamline","floor":23},{"not_picked":["Ball Lightning+1","BasicCrystalCard"],"picked":"Go for the Eyes","floor":25},{"not_picked":["Streamline","Sweeping Beam+1"],"picked":"White Noise+1","floor":28},{"not_picked":["Go for the Eyes","Redo"],"picked":"Undo","floor":31}],"player_experience":1224718,"relics_obtained":[{"floor":10,"key":"Solar Panel"},{"floor":14,"key":"Blue Candle"},{"floor":21,"key":"Necronomicon"},{"floor":23,"key":"Bronze Scales"},{"floor":25,"key":"WingedGreaves"},{"floor":26,"key":"Matryoshka"}],"event_choices":[{"damage_healed":0,"gold_gain":0,"player_choice":"Paid Gold","damage_taken":0,"relics_obtained":["Replay:Baseball"],"max_hp_gain":0,"max_hp_loss":0,"event_name":"WeMeetAgain","floor":2,"gold_loss":79},{"damage_healed":0,"gold_gain":0,"player_choice":"Donut","damage_taken":0,"max_hp_gain":5,"max_hp_loss":0,"event_name":"Big Fish","floor":13,"gold_loss":0},{"damage_healed":0,"gold_gain":0,"player_choice":"Ignored","damage_taken":0,"max_hp_gain":0,"max_hp_loss":0,"event_name":"Vampires","floor":19,"gold_loss":0},{"damage_healed":0,"gold_gain":0,"player_choice":"Obtained Book","damage_taken":16,"max_hp_gain":0,"max_hp_loss":0,"event_name":"Cursed Tome","floor":21,"gold_loss":0}],"is_beta":false,"boss_relics":[{"not_picked":["ReplayTheSpireMod:DimensionalGlitch","Philosopher\u0027s Stone"],"picked":"Ring of Chaos"}],"items_purged_floors":[27],"is_endless":false,"potions_floor_spawned":[5,10,12,18,23,25,28,31],"killed_by":"Automaton","ascension_level":0}}