{"host":"Qube","time":1612666183,"event":{"mods":["AchievementEnabler","BaseMod","Colored Map","Colored Powertips","Highlight Path","Minty Spire (QoL Compilation)","Permanent Neow","Quick Restart","Random Character Button","StSLib"],"gold_per_floor":[367,383,348,368,7,7,41,97,97,97,107,107,120,120,120,192,192,211,227,237,257,257,288,288,299,350,387,399,391,419,462,474,563,575,604,633,645,674,415,415,425,425,450,450,94,127,41,41,41,41,41,41],"floor_reached":51,"language":"ENG","playtime":3575,"items_purged":["Strike_R","Strike_R"],"score":1520,"play_id":"9c1f85db-bb8e-4857-afba-327620c0850b","local_time":"20210206184943","is_ascension_mode":true,"campfire_choices":[{"data":"Bash","floor":6.0,"key":"SMITH"},{"data":"Power Through","floor":10.0,"key":"SMITH"},{"floor":12.0,"key":"REST"},{"data":"Bludgeon","floor":15.0,"key":"SMITH"},{"data":"Fire Breathing","floor":24.0,"key":"SMITH"},{"data":"Armaments","floor":28.0,"key":"SMITH"},{"floor":32.0,"key":"REST"},{"data":"Barricade","floor":40.0,"key":"SMITH"},{"data":"True Grit","floor":42.0,"key":"SMITH"},{"data":"Cleave","floor":44.0,"key":"SMITH"},{"floor":49.0,"key":"RECALL"}],"circlet_count":0,"master_deck":["AscendersBane","Strike_R","Strike_R","Strike_R","Defend_R","Defend_R","Defend_R","Defend_R","Bash+1","Dropkick","Flame Barrier+1","Carnage","Shrug It Off","Ghostly Armor","Power Through+1","Seeing Red","Bludgeon+1","Feed","Fire Breathing+1","Cleave+1","Pommel Strike","Immolate+1","Shrug It Off","Armaments+1","True Grit+1","Entrench+1","Barricade+1","Reaper+1","Feel No Pain","Metamorphosis"],"relics":["Burning Blood","Membership Card","Turnip","Pocketwatch","Centennial Puzzle","Magic Flower","Mark of Pain","Molten Egg 2","MawBank","Incense Burner","Omamori","Coffee Dripper","Red Skull","Paper Frog","Bag of Marbles","Strange Spoon","Eternal Feather","Lee\u0027s Waffle"],"acts_visited":["Exordium","TheCity","TheBeyond"],"potions_floor_usage":[50,51],"damage_taken":[{"damage":9.0,"enemies":"Jaw Worm","floor":1.0,"turns":4.0},{"damage":7.0,"enemies":"Small Slimes","floor":2.0,"turns":4.0},{"damage":5.0,"enemies":"2 Louse","floor":4.0,"turns":3.0},{"damage":30.0,"enemies":"Lagavulin","floor":7.0,"turns":5.0},{"damage":32.0,"enemies":"Gremlin Nob","floor":8.0,"turns":4.0},{"damage":1.0,"enemies":"2 Fungi Beasts","floor":11.0,"turns":4.0},{"damage":12.0,"enemies":"Lots of Slimes","floor":13.0,"turns":4.0},{"damage":0.0,"enemies":"The Guardian","floor":16.0,"turns":11.0},{"damage":11.0,"enemies":"2 Thieves","floor":18.0,"turns":4.0},{"damage":16.0,"enemies":"Shell Parasite","floor":19.0,"turns":4.0},{"damage":27.0,"enemies":"Centurion and Healer","floor":20.0,"turns":4.0},{"damage":3.0,"enemies":"Snecko","floor":21.0,"turns":4.0},{"damage":18.0,"enemies":"Slavers","floor":23.0,"turns":4.0},{"damage":19.0,"enemies":"Snake Plant","floor":25.0,"turns":3.0},{"damage":17.0,"enemies":"Gremlin Leader","floor":27.0,"turns":7.0},{"damage":9.0,"enemies":"Centurion and Healer","floor":30.0,"turns":4.0},{"damage":34.0,"enemies":"Slavers","floor":31.0,"turns":3.0},{"damage":64.0,"enemies":"Collector","floor":33.0,"turns":11.0},{"damage":37.0,"enemies":"3 Darklings","floor":35.0,"turns":3.0},{"damage":3.0,"enemies":"Orb Walker","floor":36.0,"turns":3.0},{"damage":47.0,"enemies":"Transient","floor":38.0,"turns":6.0},{"damage":0.0,"enemies":"Sphere and 2 Shapes","floor":41.0,"turns":6.0},{"damage":22.0,"enemies":"Giant Head","floor":46.0,"turns":8.0},{"damage":113,"enemies":"Donu and Deca","floor":50,"turns":14},{"damage":44,"enemies":"Time Eater","floor":51,"turns":7}],"seed_played":"-1992212996053340676","potions_obtained":[{"floor":1.0,"key":"ElixirPotion"},{"floor":4.0,"key":"BloodPotion"},{"floor":11.0,"key":"LiquidBronze"},{"floor":13.0,"key":"SpeedPotion"},{"floor":19.0,"key":"SkillPotion"},{"floor":21.0,"key":"SkillPotion"},{"floor":25.0,"key":"Energy Potion"},{"floor":29.0,"key":"SneckoOil"},{"floor":30.0,"key":"LiquidBronze"},{"floor":31.0,"key":"Energy Potion"},{"floor":36.0,"key":"Fire Potion"},{"floor":41.0,"key":"Energy Potion"},{"floor":46.0,"key":"GamblersBrew"}],"is_trial":false,"path_per_floor":["M","M","?","M","$","R","E","?","T","R","M","R","M","?","R","B",null,"M","M","M","M","?","E","R","M","T","E","R","?","M","E","R","B",null,"M","M","?","M","$","R","M","R","T","R","$","E","$","?","R","B","B"],"character_chosen":"IRONCLAD","items_purchased":["Membership Card","Turnip","Shrug It Off","Red Skull","Reaper+1","Feel No Pain","PowerPotion","LiquidMemories","Paper Frog","Bag of Marbles","Strange Spoon","Lee\u0027s Waffle"],"campfire_rested":2,"item_purchase_floors":[5,5,5,39,39,39,39,39,45,45,45,47],"current_hp_per_floor":[47,46,64,65,65,65,41,15,15,15,23,45,42,42,42,51,69,67,65,52,63,63,59,59,49,49,41,41,41,64,45,73,18,75,47,58,58,20,20,20,50,50,50,50,50,69,107,97,107,23,0,0],"gold":41,"neow_bonus":"TWO_FIFTY_GOLD","is_daily":false,"chose_seed":false,"campfire_upgraded":8,"win_rate":0.0,"timestamp":1612666183,"path_taken":["M","M","?","M","$","R","E","?","T","R","M","R","M","?","R","BOSS","M","M","M","M","?","E","R","?","T","E","R","?","M","E","R","BOSS","M","?","?","M","$","R","M","R","T","R","$","E","$","?","R","BOSS","BOSS"],"items_purchased_type":["Relic","Relic","Card","Relic","Card","Card","Potion","Potion","Relic","Relic","Relic","Relic"],"build_version":"2020-12-18","purchased_purges":2,"victory":false,"max_hp_per_floor":[75,75,75,75,75,75,75,75,75,75,75,75,75,75,75,75,75,75,78,81,84,84,87,87,87,87,87,87,87,90,94,94,94,94,94,97,97,97,97,97,97,97,97,97,97,100,107,107,107,107,107,107],"card_choices":[{"not_picked":["Bloodletting","Havoc"],"picked":"Dropkick","floor":1.0},{"not_picked":["Havoc","Warcry"],"picked":"Flame Barrier","floor":2.0},{"not_picked":["Second Wind","Clothesline"],"picked":"Carnage","floor":4.0},{"not_picked":["Wild Strike","Shockwave"],"picked":"Ghostly Armor","floor":7.0},{"not_picked":["True Grit","Sword Boomerang"],"picked":"Power Through","floor":8.0},{"not_picked":["Twin Strike","Headbutt"],"picked":"Seeing Red","floor":11.0},{"not_picked":["Rupture","Pommel Strike"],"picked":"Bludgeon","floor":13.0},{"not_picked":["Juggernaut","Exhume"],"picked":"Feed","floor":16.0},{"not_picked":["Dark Embrace","Iron Wave","Perfected Strike"],"picked":"SKIP","floor":18.0},{"not_picked":["Sever Soul","Wild Strike"],"picked":"Fire Breathing","floor":19.0},{"not_picked":["Thunderclap","Clash"],"picked":"Cleave","floor":20.0},{"not_picked":["Rupture","Twin Strike"],"picked":"Pommel Strike","floor":21.0},{"not_picked":["Whirlwind+1","Shrug It Off"],"picked":"Immolate+1","floor":23.0},{"not_picked":["Pommel Strike+1","Carnage+1"],"picked":"Shrug It Off","floor":25.0},{"not_picked":["Shrug It Off+1","Heavy Blade+1"],"picked":"Armaments","floor":27.0},{"not_picked":["Clothesline+1","Hemokinesis+1"],"picked":"True Grit","floor":30.0},{"not_picked":["Intimidate","Feed+1"],"picked":"Entrench+1","floor":31.0},{"not_picked":["Limit Break","Brutality"],"picked":"Barricade","floor":33.0},{"not_picked":["Sword Boomerang+1","Thunderclap+1","Cleave+1"],"picked":"SKIP","floor":35.0},{"not_picked":["Clash+1","Thunderclap+1","Cleave+1"],"picked":"SKIP","floor":36.0},{"not_picked":["Sword Boomerang+1","Fire Breathing+1","Seeing Red+1"],"picked":"SKIP","floor":38.0},{"not_picked":["Headbutt+1","Thunderclap+1","Entrench"],"picked":"SKIP","floor":41.0},{"not_picked":["Ghostly Armor","Clash+1","Entrench"],"picked":"SKIP","floor":46.0},{"not_picked":["Swift Strike+1","Panacea"],"picked":"Metamorphosis","floor":48.0}],"player_experience":1094811,"relics_obtained":[{"floor":7.0,"key":"Pocketwatch"},{"floor":8.0,"key":"Centennial Puzzle"},{"floor":9.0,"key":"Magic Flower"},{"floor":23.0,"key":"Molten Egg 2"},{"floor":26.0,"key":"MawBank"},{"floor":27.0,"key":"Incense Burner"},{"floor":31.0,"key":"Omamori"},{"floor":46.0,"key":"Eternal Feather"}],"event_choices":[{"damage_healed":18.0,"max_hp_gain":0.0,"max_hp_loss":0.0,"gold_gain":0.0,"event_name":"The Cleric","player_choice":"Healed","floor":3.0,"gold_loss":35.0,"damage_taken":0.0},{"damage_healed":0.0,"max_hp_gain":0.0,"max_hp_loss":0.0,"gold_gain":0.0,"event_name":"Dead Adventurer","player_choice":"Searched \u00271\u0027 times","floor":8.0,"gold_loss":0.0,"damage_taken":0.0},{"damage_healed":0.0,"max_hp_gain":0.0,"max_hp_loss":0.0,"gold_gain":0.0,"event_name":"Liars Game","player_choice":"Ignored","floor":14.0,"gold_loss":0.0,"damage_taken":0.0},{"damage_healed":0.0,"max_hp_gain":0.0,"max_hp_loss":0.0,"gold_gain":0.0,"event_name":"Upgrade Shrine","player_choice":"Upgraded","floor":22.0,"gold_loss":0.0,"damage_taken":0.0,"cards_upgraded":["Flame Barrier"]},{"damage_healed":0.0,"max_hp_gain":0.0,"max_hp_loss":0.0,"gold_gain":0.0,"event_name":"The Woman in Blue","player_choice":"Bought 1 Potion","floor":29.0,"gold_loss":0.0,"damage_taken":0.0},{"damage_healed":0.0,"max_hp_gain":0.0,"max_hp_loss":0.0,"gold_gain":0.0,"event_name":"Tomb of Lord Red Mask","player_choice":"Ignored","floor":37.0,"gold_loss":0.0,"damage_taken":0.0},{"damage_healed":0.0,"max_hp_gain":0.0,"max_hp_loss":0.0,"gold_gain":0.0,"event_name":"SensoryStone","player_choice":"Memory 3","floor":48.0,"gold_loss":0.0,"damage_taken":10.0}],"is_beta":true,"boss_relics":[{"not_picked":["Empty Cage","Tiny House"],"picked":"Mark of Pain"},{"not_picked":["Fusion Hammer","SacredBark"],"picked":"Coffee Dripper"}],"items_purged_floors":[39,45],"is_endless":false,"potions_floor_spawned":[1,4,11,13,19,21,25,30,31,36,41,46],"killed_by":"Time Eater","ascension_level":20}}