{"host":"lnnm69al9x392px5","time":1612686200,"event":{"mods":["BaseMod","Downfall","Minty Spire (QoL Compilation)","Replay The Spire","StSLib"],"gold_per_floor":[0,16,34,54,66,66,90,100,134,50,150,150,150,50,60,76,89,190,190,190,204,204,304,323,337,337,337,237,249,262,282,282,292,305,406,406,406,420,438,454,471,471,471,471],"floor_reached":42,"language":"ENG","playtime":1779,"items_purged":[],"score":456,"play_id":"f28526ab-5263-4f34-8ab5-3f8764d1a4db","local_time":"20210207002320","is_ascension_mode":true,"campfire_choices":[{"data":"bronze:Replicate","floor":1,"key":"SMITH"},{"data":"bronze:Flail","floor":6,"key":"SMITH"},{"floor":14,"key":"REST"},{"floor":20,"key":"RECALL"},{"data":"bronze:Verify","floor":28,"key":"SMITH"},{"floor":32,"key":"REST"},{"floor":37,"key":"DIG"}],"circlet_count":0,"master_deck":["bronze:Defend","bronze:Defend","bronze:Defend","bronze:Defend","bronze:Replicate+1","bronze:Goto","bronze:Flail+1","bronze:Constructor","bronze:Separator","bronze:Fortify","bronze:InfiniteLoop","bronze:Verify+1","bronze:ChosenStrike","bronze:TinkerersToolbox","bronze:Library","Bite+1","Bite+1","Bite+1","Bite+1","Bite+1","bronze:DecaBeam","bronze:BronzeArmor+1","bronze:Optimize+1","bronze:FineTuning","bronze:Mutator","bronze:BronzeOrb+1","bronze:DelayedGuard+1"],"relics":["bronze:PlatinumCore","Incense Burner","Oddly Smooth Stone","downfall:HeartBlessingGreen","Painkiller Herb","Replay:Bottled Eggs","Mummified Hand","downfall:HeartBlessingRed","Art of War"],"acts_visited":["Exordium","TheCity","TheBeyond"],"potions_floor_usage":[9,18,18,31,35,35],"damage_taken":[{"damage":0,"enemies":"Small Slimes","floor":2,"turns":3},{"damage":0,"enemies":"2 Louse","floor":3,"turns":2},{"damage":0,"enemies":"Jaw Worm","floor":4,"turns":4},{"damage":11,"enemies":"2 Fungi Beasts","floor":5,"turns":3},{"damage":13,"enemies":"3 Louse","floor":8,"turns":3},{"damage":30,"enemies":"Lagavulin","floor":9,"turns":8},{"damage":2,"enemies":"downfall:FleeingMerchant","floor":10,"turns":4},{"damage":9,"enemies":"Exordium Thugs","floor":15,"turns":4},{"damage":0,"enemies":"Large Slime","floor":16,"turns":5},{"damage":6,"enemies":"Red Slaver","floor":17,"turns":2},{"damage":27,"enemies":"DF_ARCHETYPE_STREAMLINE","floor":18,"turns":8},{"damage":20,"enemies":"Spheric Guardian","floor":21,"turns":4},{"damage":14,"enemies":"Spheric Guardian","floor":23,"turns":7},{"damage":18,"enemies":"3 Byrds","floor":24,"turns":3},{"damage":8,"enemies":"Snecko","floor":25,"turns":4},{"damage":28,"enemies":"3 Cultists","floor":29,"turns":5},{"damage":10,"enemies":"Centurion and Healer","floor":30,"turns":5},{"damage":0,"enemies":"Snecko","floor":31,"turns":3},{"damage":3,"enemies":"Snake Plant","floor":33,"turns":2},{"damage":12,"enemies":"3 Cultists","floor":34,"turns":5},{"damage":48,"enemies":"WA_ARCHETYPE_CALM","floor":35,"turns":7},{"damage":39,"enemies":"Orb Walker","floor":38,"turns":5},{"damage":15,"enemies":"3 Darklings","floor":39,"turns":4},{"damage":38,"enemies":"Maw","floor":40,"turns":8},{"damage":15,"enemies":"4 Shapes","floor":41,"turns":7},{"damage":26,"enemies":"Spire Growth","floor":42,"turns":2}],"seed_played":"-1074010729449001143","potions_obtained":[{"floor":2,"key":"Weak Potion"},{"floor":4,"key":"SpeedPotion"},{"floor":9,"key":"PowerPotion"},{"floor":23,"key":"DistilledChaos"},{"floor":24,"key":"SteroidPotion"},{"floor":29,"key":"FearPotion"},{"floor":31,"key":"AttackPotion"},{"floor":34,"key":"LifebloodPotion"}],"is_trial":false,"path_per_floor":["R","M","M","M","M","R","T","M","E","$","?","PTL","PTL","R","M","M","M","B",null,"T","?","?","?","?","?","T","T","T","?","?","?","T","?","?","B",null,"T","?","?","?","?","?"],"character_chosen":"THE_AUTOMATON","items_purchased":["bronze:Verify"],"campfire_rested":2,"item_purchase_floors":[10],"current_hp_per_floor":[70,70,70,70,59,59,59,48,20,20,20,20,20,41,34,36,32,7,70,70,50,50,46,36,32,32,32,32,19,21,30,51,51,48,18,70,70,43,37,14,14,0,0,0],"gold":471,"neow_bonus":"ONE_RARE_RELIC","is_daily":false,"chose_seed":false,"campfire_upgraded":3,"win_rate":0.0,"timestamp":1612686200,"path_taken":["R","M","M","M","M","R","T","M","E","$","?","PTL","PTL","R","M","M","M","BOSS","T","?","?","?","?","?","T","?","T","?","?","?","T","?","?","BOSS","T","?","?","?","?","?"],"items_purchased_type":["Card"],"build_version":"2020-12-22","purchased_purges":0,"victory":false,"max_hp_per_floor":[70,70,70,70,70,70,70,70,70,70,70,70,70,70,70,70,70,70,70,70,70,70,70,70,70,70,70,70,70,70,70,70,70,70,70,70,70,70,70,70,70,70,70,70],"card_choices":[{"not_picked":["bronze:FineTuning","bronze:GetLatest"],"picked":"bronze:Flail","floor":2},{"not_picked":["bronze:Invalidate","bronze:WhirlingStrike"],"picked":"bronze:Constructor","floor":3},{"not_picked":["bronze:Branch","bronze:BronzeArmor"],"picked":"bronze:Separator","floor":4},{"not_picked":["bronze:OilSpill","bronze:Deprecate"],"picked":"bronze:Fortify","floor":5},{"not_picked":["bronze:Shield","bronze:Frontload","bronze:ForLoop"],"picked":"SKIP","floor":8},{"not_picked":["bronze:FollowUp","bronze:BitShift"],"picked":"bronze:InfiniteLoop","floor":9},{"not_picked":["bronze:Shield","bronze:Overheat","bronze:Separator"],"picked":"SKIP","floor":10},{"not_picked":["bronze:Branch","bronze:Shell"],"picked":"bronze:ChosenStrike","floor":15},{"not_picked":["bronze:DigitalCarnage","bronze:CloningBeam","bronze:Shield"],"picked":"SKIP","floor":16},{"not_picked":["bronze:Frontload","bronze:Deprecate"],"picked":"bronze:TinkerersToolbox","floor":17},{"not_picked":["bronze:RecursiveStrike","bronze:Hardcode"],"picked":"bronze:Library","floor":18},{"not_picked":["bronze:OilSpill","bronze:Allocate+1","bronze:Deprecate"],"picked":"SKIP","floor":21},{"not_picked":[],"picked":"bronze:DecaBeam","floor":23},{"not_picked":["bronze:MaxOutput","bronze:BurnOut","bronze:BugBarrage+1"],"picked":"SKIP","floor":24},{"not_picked":["bronze:DelayedGuard","bronze:BuggyMess+1","bronze:Repulsor"],"picked":"SKIP","floor":25},{"not_picked":["bronze:Deprecate","bronze:Turbo","bronze:BugBarrage"],"picked":"SKIP","floor":29},{"not_picked":["bronze:BugBarrage","bronze:Branch","bronze:Overload"],"picked":"SKIP","floor":30},{"not_picked":["bronze:GetLatest","bronze:OilSpill"],"picked":"bronze:BronzeArmor+1","floor":31},{"not_picked":["bronze:Allocate","bronze:WildBeam"],"picked":"bronze:Optimize+1","floor":33},{"not_picked":["bronze:BugBarrage","bronze:CutThrough"],"picked":"bronze:FineTuning","floor":34},{"not_picked":["bronze:SpaghettiCode","bronze:Library"],"picked":"bronze:Mutator","floor":35},{"not_picked":["bronze:WhirlingStrike+1","bronze:CutThrough"],"picked":"bronze:BronzeOrb+1","floor":38},{"not_picked":["bronze:Overheat+1","bronze:Boost","bronze:BuggyMess"],"picked":"SKIP","floor":39},{"not_picked":["bronze:WildBeam+1","bronze:Fortify"],"picked":"bronze:DelayedGuard+1","floor":40},{"not_picked":["bronze:GetLatest","bronze:CloningBeam+1","bronze:BuggyMess"],"picked":"SKIP","floor":41}],"player_experience":279299,"relics_obtained":[{"floor":7,"key":"Blood Vial"},{"floor":9,"key":"Oddly Smooth Stone"},{"floor":26,"key":"Replay:Bottled Eggs"},{"floor":27,"key":"Mummified Hand"},{"floor":37,"key":"Art of War"}],"event_choices":[{"damage_healed":0,"gold_gain":0,"player_choice":"Became a vampire (Vial)","damage_taken":0,"max_hp_gain":0,"max_hp_loss":0,"event_name":"Vampires","floor":22,"relics_lost":["Blood Vial"],"gold_loss":0,"cards_obtained":["Bite","Bite","Bite","Bite","Bite"]}],"is_beta":false,"boss_relics":[{"not_picked":["Abe\u0027s Treasure","Calling Bell"],"picked":"Painkiller Herb"},{"not_picked":["Philosopher\u0027s Stone","Empty Cage"],"picked":"bronze:PlatinumCore"}],"items_purged_floors":[],"is_endless":false,"potions_floor_spawned":[2,4,9,23,24,29,31,34],"killed_by":"Spire Growth","ascension_level":1}}