{"host":"jlk2k69f9c6o7b3e","time":1612681877,"event":{"mods":["AchievementEnabler","BaseMod","Minty Spire (QoL Compilation)","StSLib"],"gold_per_floor":[116,134,134,144,155,184,184,212,212,212,212,212],"floor_reached":11,"language":"ZHS","playtime":586,"items_purged":[],"score":87,"play_id":"f1d34ab0-c5d8-472b-a9c9-d8181533c56e","local_time":"20210207151117","is_ascension_mode":true,"campfire_choices":[{"data":"Armaments","floor":7,"key":"SMITH"},{"data":"Double Tap","floor":10,"key":"SMITH"}],"circlet_count":0,"master_deck":["Strike_R","Strike_R","Strike_R","Strike_R","Strike_R","Defend_R","Defend_R","Defend_R","Defend_R","Bash","Sword Boomerang","Headbutt","Finesse","Armaments+1","Fire Breathing","Double Tap+1"],"relics":["Burning Blood","Mango","MealTicket","Kunai","Frozen Egg 2"],"acts_visited":["Exordium"],"potions_floor_usage":[6,8,11],"damage_taken":[{"damage":6.0,"enemies":"Cultist","floor":1.0,"turns":3.0},{"damage":12.0,"enemies":"Small Slimes","floor":2.0,"turns":3.0},{"damage":1,"enemies":"2 Louse","floor":4,"turns":2},{"damage":14,"enemies":"Red Slaver","floor":5,"turns":4},{"damage":42,"enemies":"Lagavulin","floor":6,"turns":6},{"damage":27,"enemies":"Gremlin Nob","floor":8,"turns":5},{"damage":20,"enemies":"Lagavulin","floor":11,"turns":7}],"seed_played":"6389765810193170103","potions_obtained":[{"floor":2.0,"key":"Dexterity Potion"},{"floor":4,"key":"ElixirPotion"},{"floor":5,"key":"CultistPotion"},{"floor":6,"key":"Block Potion"}],"is_trial":false,"path_per_floor":["M","M","?","M","M","E","R","E","T","R","E"],"character_chosen":"IRONCLAD","items_purchased":[],"campfire_rested":0,"item_purchase_floors":[],"current_hp_per_floor":[86,80,80,85,77,41,41,20,20,20,0,0],"gold":212,"neow_bonus":"ONE_RARE_RELIC","is_daily":false,"chose_seed":false,"campfire_upgraded":2,"win_rate":0.0,"timestamp":1612681877,"path_taken":["M","?","?","M","?","E","R","E","T","R","E"],"items_purchased_type":[],"build_version":"2020-12-22","purchased_purges":0,"victory":false,"max_hp_per_floor":[86,86,86,86,86,86,86,86,86,86,86,86],"card_choices":[{"not_picked":["Clash","True Grit"],"picked":"Sword Boomerang","floor":1.0},{"not_picked":["Flame Barrier","Twin Strike"],"picked":"Headbutt","floor":2.0},{"not_picked":["Pommel Strike","Headbutt"],"picked":"Armaments","floor":4},{"not_picked":["Shrug It Off","Dropkick"],"picked":"Fire Breathing","floor":5},{"not_picked":["Dark Embrace","Twin Strike"],"picked":"Double Tap","floor":6},{"not_picked":["Perfected Strike","Havoc","Wild Strike"],"picked":"SKIP","floor":8}],"player_experience":385910,"relics_obtained":[{"floor":6,"key":"MealTicket"},{"floor":8,"key":"Kunai"},{"floor":9,"key":"Frozen Egg 2"}],"event_choices":[{"damage_healed":0,"gold_gain":0,"player_choice":"1 cards matched","damage_taken":0,"max_hp_gain":0,"max_hp_loss":0,"event_name":"Match and Keep!","floor":3,"gold_loss":0,"cards_obtained":["Finesse"]},{"damage_healed":0,"gold_gain":0,"player_choice":"1 cards matched","damage_taken":0,"max_hp_gain":0,"max_hp_loss":0,"event_name":"Match and Keep!","floor":3,"gold_loss":0,"cards_obtained":["Finesse"]}],"is_beta":false,"boss_relics":[],"items_purged_floors":[],"is_endless":false,"potions_floor_spawned":[2,4,5,6],"killed_by":"Lagavulin","ascension_level":1}}