{"host":"ty7uytdfitsmf36k","time":1612723508,"event":{"mods":["AchievementEnabler","BaseMod","Colored Map","Colored Powertips","DeckTracker","Downfall","Infinite Spire","Minty Spire (QoL Compilation)","Relic Stats","Replay The Spire","Spire Arcade","StSLib","SuperFastMode","The Jungle","Wandering Minibosses"],"gold_per_floor":[99,115,126,144,161,145,145,145,180,180,193,225,225,235,250,348,348,348,348,362,382,382,382,429,429,461,485,508,545,545,545,520,625,625,625,643,327,327,327,327,352,406,406,406,427,427,427,427,447,447,492,595,603],"floor_reached":54,"language":"ENG","playtime":2149,"items_purged":["hexamod:Defend","hexamod:Strike","hexamod:Strike"],"score":1118,"play_id":"686b231e-b0f8-4b0d-b7b8-ce0d7fba9949","local_time":"20210207134508","is_ascension_mode":true,"campfire_choices":[{"data":"hexamod:Float","floor":8.0,"key":"SMITH"},{"data":"hexamod:HexaLevel","floor":10.0,"key":"SMITH"},{"data":"hexamod:Hexaguard","floor":13.0,"key":"SMITH"},{"data":"hexamod:ForkedFlame","floor":18.0,"key":"SMITH"},{"data":"hexamod:Hexaguard","floor":25.0,"key":"SMITH"},{"data":"hexamod:ShieldOfDarkness","floor":30,"key":"SMITH"},{"data":"hexamod:UnlimitedPower","floor":35,"key":"SMITH"},{"data":"hexamod:Strike","floor":44,"key":"PURGE"},{"data":"hexamod:Defend","floor":50,"key":"PURGE"}],"circlet_count":0,"master_deck":["hexamod:Defend","hexamod:Sear","hexamod:Float+1","hexamod:SoulSteal","hexamod:PhantomFireball","hexamod:NightmareGuise","hexamod:Hexaguard+1","hexamod:HexaLevel+1","hexamod:Hexaguard+1","hexamod:ForkedFlame+1","hexamod:FirstSeal","hexamod:ShieldOfDarkness+1","hexamod:UnlimitedPower+1","hexamod:RadiantFlame","Impatience","Replay:SS_fish_1","hexamod:ThermalTransfer+1","hexamod:RetreatToShadows+1","hexamod:SuperheatedStrike+1","hexamod:ThermalTransfer"],"relics":["hexamod:SpiritBrand","infinitespire:FocusingShard","infinitespire:Magic Flask","ReplayTheSpireMod:Shallot","Busted Crown","Prayer Wheel","Nunchaku","Replay:Bandana","Bag of Preparation","Painkiller Herb","hexamod:BolsterEngine","Peace Pipe","Onion Ring","TheAbacus","StoneCalendar","wanderingMiniBosses:ThiefScarf","CaptainsWheel","Torii"],"acts_visited":["Exordium","theJungle:Jungle","TheBeyond"],"potions_floor_usage":[29,33,53],"damage_taken":[{"damage":0.0,"enemies":"2 Louse","floor":2.0,"turns":3.0},{"damage":0.0,"enemies":"Cultist","floor":3.0,"turns":2.0},{"damage":0.0,"enemies":"Jaw Worm","floor":4.0,"turns":3.0},{"damage":0.0,"enemies":"Blue Slaver","floor":5.0,"turns":4.0},{"damage":0.0,"enemies":"Gremlin Gang","floor":6.0,"turns":5.0},{"damage":0.0,"enemies":"Replay:BlueRogue","floor":9.0,"turns":6.0},{"damage":0.0,"enemies":"Exordium Wildlife","floor":11.0,"turns":3.0},{"damage":1.0,"enemies":"Lagavulin","floor":12.0,"turns":7.0},{"damage":0.0,"enemies":"Blue Slaver","floor":14.0,"turns":4.0},{"damage":0.0,"enemies":"Lots of Slimes","floor":15.0,"turns":2.0},{"damage":5.0,"enemies":"WA_ARCHETYPE_RETAIN","floor":16.0,"turns":7.0},{"damage":8.0,"enemies":"Shell Parasite","floor":20.0,"turns":6.0},{"damage":13.0,"enemies":"theJungle:Flameango_and_Byrd","floor":21.0,"turns":6.0},{"damage":0.0,"enemies":"theJungle:MamaSnecko","floor":26.0,"turns":5.0},{"damage":0.0,"enemies":"theJungle:Lyon","floor":27.0,"turns":4.0},{"damage":14.0,"enemies":"theJungle:2_Flameangoes","floor":28.0,"turns":6.0},{"damage":28,"enemies":"theJungle:2_Phrogs","floor":29,"turns":6},{"damage":5,"enemies":"theJungle:SlimyTreeVines","floor":32,"turns":6},{"damage":8,"enemies":"SI_MIRROR_ARCHETYPE","floor":33,"turns":9},{"damage":0,"enemies":"Orb Walker","floor":36,"turns":2},{"damage":0,"enemies":"downfall:FleeingMerchant","floor":37,"turns":4},{"damage":0,"enemies":"3 Shapes","floor":41,"turns":4},{"damage":24,"enemies":"2 Orb Walkers","floor":42,"turns":5},{"damage":0,"enemies":"Jaw Worm Horde","floor":45,"turns":3},{"damage":0,"enemies":"Sphere and 2 Shapes","floor":49,"turns":3},{"damage":3,"enemies":"Reptomancer","floor":51,"turns":4},{"damage":3,"enemies":"Writhing Mass","floor":52,"turns":5},{"damage":93,"enemies":"IC_BLOCK_ARCHETYPE","floor":53,"turns":8}],"seed_played":"6879611389728746016","potions_obtained":[{"floor":5.0,"key":"BlessingOfTheForge"},{"floor":6.0,"key":"Reflective Coating"},{"floor":14.0,"key":"AttackPotion"},{"floor":21.0,"key":"SkillPotion"},{"floor":28.0,"key":"Dexterity Potion"},{"floor":32,"key":"FairyPotion"},{"floor":33,"key":"Reflective Coating"},{"floor":42,"key":"FairyPotion"},{"floor":51,"key":"Elixir"}],"is_trial":false,"path_per_floor":["R_BF","M","M","M","M","M","T","R","E","R","M","E","R","M","M","B",null,"R","?","M","M","?","T","T","R","E","M","M","E","R","AVR","M","B",null,"T","?","T","?","PTL","PTL","?","?","T","T","?","?","AVR","?","?","T","E","?","B",null],"character_chosen":"THE_SPIRIT","items_purchased":["Impatience","hexamod:BolsterEngine"],"campfire_rested":0,"item_purchase_floors":[37,37],"current_hp_per_floor":[49,49,49,49,49,49,49,49,49,49,49,48,48,48,48,43,70,70,70,62,49,58,58,58,58,65,70,63,42,42,42,50,49,70,70,70,70,70,70,70,70,53,53,53,60,60,60,60,67,67,70,70,28],"gold":603,"neow_bonus":"ONE_RARE_RELIC","is_daily":false,"chose_seed":false,"campfire_upgraded":7,"win_rate":0.0,"timestamp":1612723508,"path_taken":["R_BF","M","M","M","M","M","T","R","E","R","M","E","R","M","M","BOSS","R","?","M","?","?","?","T","R","E","M","M","E","R","AVR","M","BOSS","T","?","T","?","PTL","PTL","?","?","T","T","?","?","AVR","?","?","T","E","?","BOSS"],"items_purchased_type":["Card","Relic"],"build_version":"2020-12-22","purchased_purges":3,"victory":true,"max_hp_per_floor":[70,70,70,70,70,70,70,70,70,70,70,70,70,70,70,70,70,70,70,70,70,70,70,70,70,70,70,70,70,70,70,70,70,70,70,70,70,70,70,70,70,70,70,70,70,70,70,70,70,70,70,70,70],"relic_stats":{"Peace Pipe":2,"Nunchaku":[11],"Busted Crown":56,"TheAbacus":[36],"Torii":0,"counters":[28,132],"Prayer Wheel":8,"StoneCalendar":[52],"Bag of Preparation":[22],"obtain_stats":[{"Torii":31,"wanderingMiniBosses:ThiefScarf":52,"Painkiller Herb":34,"StoneCalendar":51,"infinitespire:FocusingShard":7,"Bag of Preparation":29,"infinitespire:Magic Flask":9,"Peace Pipe":42,"CaptainsWheel":0,"Nunchaku":24,"Replay:Bandana":26,"Busted Crown":17,"TheAbacus":47,"ReplayTheSpireMod:Shallot":12,"Shuriken":53,"Slimebound:StickyStick":53,"Prayer Wheel":23,"Onion Ring":43,"hexamod:BolsterEngine":37,"hexamod:SpiritBrand":0},{"Torii":17,"wanderingMiniBosses:ThiefScarf":27,"Painkiller Herb":19,"StoneCalendar":26,"infinitespire:FocusingShard":5,"Bag of Preparation":17,"infinitespire:Magic Flask":6,"Peace Pipe":23,"CaptainsWheel":0,"Nunchaku":13,"Replay:Bandana":14,"Busted Crown":11,"TheAbacus":24,"ReplayTheSpireMod:Shallot":8,"Shuriken":27,"Slimebound:StickyStick":27,"Prayer Wheel":13,"Onion Ring":23,"hexamod:BolsterEngine":21,"hexamod:SpiritBrand":0},{"Torii":79,"wanderingMiniBosses:ThiefScarf":124,"Painkiller Herb":94,"StoneCalendar":119,"infinitespire:FocusingShard":17,"Bag of Preparation":79,"infinitespire:Magic Flask":23,"Peace Pipe":109,"CaptainsWheel":0,"Nunchaku":58,"Replay:Bandana":63,"Busted Crown":46,"TheAbacus":112,"ReplayTheSpireMod:Shallot":33,"Shuriken":124,"Slimebound:StickyStick":124,"Prayer Wheel":58,"Onion Ring":109,"hexamod:BolsterEngine":100,"hexamod:SpiritBrand":0}]},"card_choices":[{"not_picked":["hexamod:SuperheatedStrike","hexamod:SoulSteal"],"picked":"hexamod:PhantomFireball","floor":2.0},{"not_picked":["hexamod:Firestarter","hexamod:NecessarySacrifice"],"picked":"hexamod:NightmareGuise","floor":3.0},{"not_picked":["hexamod:GhostLash","hexamod:SecondSeal","hexamod:PhantomFireball"],"picked":"SKIP","floor":4.0},{"not_picked":["hexamod:HeatShield","hexamod:FlamesFromBeyond"],"picked":"hexamod:Hexaguard","floor":5.0},{"not_picked":["hexamod:FlamesFromBeyond","hexamod:InspiringFlames","hexamod:SecondSeal"],"picked":"SKIP","floor":6.0},{"not_picked":["hexamod:InspiringFlames","hexamod:ShieldOfDarkness"],"picked":"hexamod:HexaLevel","floor":9.0},{"not_picked":["hexamod:InspiringFlames","hexamod:Firestarter"],"picked":"hexamod:Hexaguard","floor":11.0},{"not_picked":["hexamod:ThermalTransfer","hexamod:PhantomFireball","hexamod:EmpoweredFlame"],"picked":"SKIP","floor":12.0},{"not_picked":["hexamod:AdvancingGuard","hexamod:Firestarter","hexamod:BacktrackSmack"],"picked":"SKIP","floor":14.0},{"not_picked":["hexamod:EtherealExpedition","hexamod:BacktrackSmack","hexamod:AdvancingGuard"],"picked":"SKIP","floor":15.0},{"not_picked":["hexamod:SearingWound","hexamod:GhostflameInferno"],"picked":"hexamod:ForkedFlame","floor":16.0},{"not_picked":[],"picked":"hexamod:FirstSeal","floor":20.0},{"not_picked":["hexamod:AdvancingGuard"],"picked":"SKIP","floor":21.0},{"not_picked":["hexamod:Again+1"],"picked":"SKIP","floor":26.0},{"not_picked":["hexamod:BacktrackSmack"],"picked":"SKIP","floor":27.0},{"not_picked":["hexamod:EmpoweredFlame"],"picked":"SKIP","floor":27.0},{"not_picked":[],"picked":"hexamod:ShieldOfDarkness","floor":28.0},{"not_picked":["hexamod:SpectralSpark"],"picked":"SKIP","floor":28.0},{"not_picked":["hexamod:SpectralSpark"],"picked":"SKIP","floor":28.0},{"not_picked":["hexamod:FlameSwitch"],"picked":"SKIP","floor":29},{"not_picked":["hexamod:InspiringFlames"],"picked":"SKIP","floor":32},{"not_picked":["hexamod:BurningTouch"],"picked":"SKIP","floor":32},{"not_picked":[],"picked":"hexamod:UnlimitedPower","floor":33},{"not_picked":[],"picked":"hexamod:RadiantFlame","floor":36},{"not_picked":["hexamod:PhantomFireball+1"],"picked":"SKIP","floor":36},{"not_picked":["hexamod:GhostOfSpireFuture"],"picked":"SKIP","floor":37},{"not_picked":["expansioncontent:InvincibleStrength","Replay:SS_hec_1"],"picked":"Replay:SS_fish_1","floor":38},{"not_picked":[],"picked":"hexamod:ThermalTransfer+1","floor":41},{"not_picked":["hexamod:AdvancingGuard+1"],"picked":"SKIP","floor":41},{"not_picked":["hexamod:AdvancingGuard+1"],"picked":"SKIP","floor":41},{"not_picked":[],"picked":"hexamod:RetreatToShadows+1","floor":42},{"not_picked":[],"picked":"hexamod:SuperheatedStrike+1","floor":45},{"not_picked":["hexamod:SpectersWail+1"],"picked":"SKIP","floor":45},{"not_picked":["hexamod:FastForward"],"picked":"SKIP","floor":49},{"not_picked":["hexamod:GhostOfSpireFuture"],"picked":"SKIP","floor":49},{"not_picked":["hexamod:InspiringFlames+1"],"picked":"SKIP","floor":51},{"not_picked":[],"picked":"hexamod:ThermalTransfer","floor":52},{"not_picked":["hexamod:GhostLash"],"picked":"SKIP","floor":52}],"player_experience":213461,"relics_obtained":[{"floor":7.0,"key":"infinitespire:FocusingShard"},{"floor":9.0,"key":"infinitespire:Magic Flask"},{"floor":12.0,"key":"ReplayTheSpireMod:Shallot"},{"floor":23.0,"key":"Prayer Wheel"},{"floor":24.0,"key":"Nunchaku"},{"floor":26.0,"key":"Replay:Bandana"},{"floor":29,"key":"Bag of Preparation"},{"floor":42,"key":"Peace Pipe"},{"floor":43,"key":"Onion Ring"},{"floor":51,"key":"StoneCalendar"},{"floor":52,"key":"wanderingMiniBosses:ThiefScarf"},{"floor":52,"key":"CaptainsWheel"},{"floor":52,"key":"Torii"}],"event_choices":[{"cards_removed":["hexamod:Defend"],"damage_healed":0.0,"max_hp_gain":0.0,"max_hp_loss":0.0,"gold_gain":0.0,"event_name":"Bonfire Elementals","player_choice":"Offered Basic","floor":19.0,"gold_loss":0.0,"damage_taken":0.0},{"damage_healed":0,"gold_gain":0,"player_choice":"Fight","damage_taken":0,"max_hp_gain":0,"max_hp_loss":0,"event_name":"Mysterious Sphere","floor":42,"gold_loss":0}],"is_beta":false,"boss_relics":[{"not_picked":["Calling Bell","Runic Pyramid"],"picked":"Busted Crown"},{"not_picked":["hexamod:UnbrokenSoul","ReplayTheSpireMod:DimensionalGlitch"],"picked":"Painkiller Herb"}],"items_purged_floors":[31,37,47],"is_endless":false,"potions_floor_spawned":[5,6,14,21,28,32,33,36,42,45,51,52],"ascension_level":2}}