{"host":"6nqy62k7v1jh46lb","time":1612720850,"event":{"mods":["AchievementEnabler","BaseMod","Bestiary","Colored Powertips","Highlight Path","Minty Spire (QoL Compilation)","Relic Stats"],"gold_per_floor":[117,127,141,53,66,66,85,85,85],"floor_reached":8,"language":"ENG","playtime":964,"items_purged":[],"score":50,"play_id":"e817b480-b0d3-43c5-86ca-6f3cd0b8d309","local_time":"20210207190050","is_ascension_mode":false,"campfire_choices":[{"floor":6,"key":"REST"}],"circlet_count":0,"master_deck":["Strike_P","Strike_P","Strike_P","Strike_P","Defend_P","Defend_P","Defend_P","Defend_P","Eruption","Vigilance","ClearTheMind","WreathOfFlame","EmptyBody","Enlightenment","JustLucky","LikeWater"],"relics":["PureWater","Strawberry"],"acts_visited":["Exordium"],"potions_floor_usage":[],"damage_taken":[{"damage":0,"enemies":"Small Slimes","floor":1,"turns":2},{"damage":9,"enemies":"Jaw Worm","floor":2,"turns":4},{"damage":0,"enemies":"Cultist","floor":3,"turns":3},{"damage":29,"enemies":"Large Slime","floor":5,"turns":5},{"damage":7,"enemies":"Blue Slaver","floor":7,"turns":5},{"damage":75,"enemies":"Gremlin Nob","floor":8,"turns":7}],"seed_played":"-6988728405641164051","potions_obtained":[{"floor":3,"key":"Regen Potion"},{"floor":5,"key":"Weak Potion"}],"is_trial":false,"path_per_floor":["M","M","M","$","M","R","M","E"],"character_chosen":"WATCHER","items_purchased":["Enlightenment"],"campfire_rested":1,"item_purchase_floors":[4],"current_hp_per_floor":[79,70,70,70,41,64,57,0,0],"gold":85,"neow_bonus":"RANDOM_COMMON_RELIC","is_daily":false,"chose_seed":false,"campfire_upgraded":0,"win_rate":0.0,"timestamp":1612720850,"path_taken":["M","M","M","$","M","R","M","E"],"items_purchased_type":["Card"],"build_version":"2020-12-22","purchased_purges":0,"victory":false,"max_hp_per_floor":[79,79,79,79,79,79,79,79,79],"relic_stats":{"counters":[6,26],"obtain_stats":[{"Strawberry":0,"PureWater":0},{"Strawberry":0,"PureWater":0},{"Strawberry":0,"PureWater":0}]},"card_choices":[{"not_picked":["CarveReality","TalkToTheHand"],"picked":"ClearTheMind","floor":1},{"not_picked":["CrushJoints","SashWhip"],"picked":"WreathOfFlame","floor":2},{"not_picked":["EmptyFist","CrushJoints"],"picked":"EmptyBody","floor":3},{"not_picked":["Sanctity","CarveReality"],"picked":"JustLucky","floor":5},{"not_picked":["Establishment","WreathOfFlame"],"picked":"LikeWater","floor":7}],"player_experience":172600,"relics_obtained":[],"event_choices":[],"is_beta":false,"boss_relics":[],"items_purged_floors":[],"is_endless":false,"potions_floor_spawned":[3,5],"killed_by":"Gremlin Nob","ascension_level":0}}