{"host":"k7udt7atmcuzf6l0","time":1612700269,"event":{"mods":["AchievementEnabler","BaseMod","BetterRewards","Colored Map","Colored Powertips","Highlight Path","Minty Spire (QoL Compilation)","Quick Restart","Rare Cards Sparkle","Relic Stats","StSLib","UnlockEverythingMod"],"gold_per_floor":[118,118,88,99,111,111,111,111,162,162,237,253,253,272,272,400,400,418,443,368,368,117,117,142,175,175,175,188,213,213,249,249,372,372,395,418,20,35,49,49,85,85,85,0,0,15,28,46,46,46],"floor_reached":51,"language":"ZHS","playtime":2118,"items_purged":[],"score":784,"play_id":"c09261e3-1d45-46e1-a2e8-f696835b8ec0","local_time":"20210207201749","is_ascension_mode":false,"campfire_choices":[{"data":"Blade Dance","floor":6.0,"key":"SMITH"},{"data":"Blade Dance","floor":8.0,"key":"SMITH"},{"data":"Footwork","floor":10.0,"key":"SMITH"},{"data":"Well Laid Plans","floor":15.0,"key":"SMITH"},{"data":"Apotheosis","floor":23.0,"key":"SMITH"},{"data":"Accuracy","floor":27.0,"key":"SMITH"},{"data":"Envenom","floor":30.0,"key":"SMITH"},{"data":"Phantasmal Killer","floor":32.0,"key":"SMITH"},{"data":"Phantasmal Killer","floor":40.0,"key":"SMITH"},{"data":"Thinking Ahead","floor":42,"key":"SMITH"},{"data":"Noxious Fumes","floor":49,"key":"SMITH"}],"circlet_count":0,"master_deck":["Strike_G","Strike_G","Strike_G","Strike_G","Strike_G","Defend_G","Defend_G","Defend_G","Defend_G+1","Survivor","Neutralize+1","Blade Dance+1","Footwork+1","Blade Dance+1","Dagger Spray","Well Laid Plans+1","PiercingWail","Envenom+1","Accuracy+1","Apotheosis+1","Dodge and Roll+1","Phantasmal Killer+1","PiercingWail+1","Blade Dance","Noxious Fumes+1","Phantasmal Killer+1","PiercingWail+1","Prepared+1","Thinking Ahead+1","Calculated Gamble","Acrobatics+1","Parasite","Deadly Poison+1","Escape Plan+1","Doubt","Expertise","Deflect+1","Blade Dance+1"],"relics":["Ring of the Snake","Bag of Preparation","Golden Idol","Coffee Dripper","Turnip","Pantograph","Incense Burner","WristBlade","Toy Ornithopter","Smiling Mask","Nunchaku","Red Mask"],"acts_visited":["Exordium","TheCity","TheBeyond"],"potions_floor_usage":[41,48],"damage_taken":[{"damage":0.0,"enemies":"Jaw Worm","floor":1.0,"turns":3.0},{"damage":0.0,"enemies":"Small Slimes","floor":4.0,"turns":4.0},{"damage":0.0,"enemies":"Cultist","floor":5.0,"turns":3.0},{"damage":0.0,"enemies":"Large Slime","floor":12.0,"turns":4.0},{"damage":1.0,"enemies":"Blue Slaver","floor":14.0,"turns":4.0},{"damage":46.0,"enemies":"The Guardian","floor":16.0,"turns":14.0},{"damage":9.0,"enemies":"2 Thieves","floor":18.0,"turns":4.0},{"damage":6.0,"enemies":"Shell Parasite","floor":19.0,"turns":5.0},{"damage":4.0,"enemies":"Sentry and Sphere","floor":24.0,"turns":4.0},{"damage":8.0,"enemies":"Book of Stabbing","floor":25.0,"turns":6.0},{"damage":0.0,"enemies":"Snake Plant","floor":28.0,"turns":4.0},{"damage":2.0,"enemies":"Cultist and Chosen","floor":29.0,"turns":5.0},{"damage":31.0,"enemies":"Slavers","floor":31.0,"turns":5.0},{"damage":14.0,"enemies":"Automaton","floor":33.0,"turns":6.0},{"damage":2.0,"enemies":"Orb Walker","floor":35.0,"turns":3.0},{"damage":0.0,"enemies":"3 Shapes","floor":36.0,"turns":3.0},{"damage":39.0,"enemies":"Spire Growth","floor":38.0,"turns":5.0},{"damage":11.0,"enemies":"Writhing Mass","floor":39.0,"turns":6.0},{"damage":2,"enemies":"Giant Head","floor":41,"turns":6},{"damage":5,"enemies":"Sphere and 2 Shapes","floor":46,"turns":7},{"damage":10,"enemies":"3 Darklings","floor":47,"turns":5},{"damage":12,"enemies":"Maw","floor":48,"turns":6},{"damage":70,"enemies":"Donu and Deca","floor":50,"turns":10}],"seed_played":"4778885613480567190","potions_obtained":[{"floor":3.0,"key":"CunningPotion"},{"floor":3.0,"key":"GhostInAJar"},{"floor":5.0,"key":"Fruit Juice"},{"floor":12.0,"key":"SpeedPotion"},{"floor":16.0,"key":"Strength Potion"},{"floor":24.0,"key":"BlessingOfTheForge"},{"floor":25.0,"key":"SneckoOil"},{"floor":28.0,"key":"Ancient Potion"},{"floor":29.0,"key":"Weak Potion"},{"floor":35.0,"key":"SkillPotion"},{"floor":36.0,"key":"Dexterity Potion"},{"floor":39.0,"key":"CunningPotion"}],"is_trial":false,"path_per_floor":["M","?","?","M","M","R","?","R","T","R","?","M","?","M","R","B",null,"M","M","?","?","$","R","M","E","T","R","M","M","R","E","R","B",null,"M","M","$","M","M","R","E","R","T","?","?","M","M","M","R","B",null],"character_chosen":"THE_SILENT","items_purchased":["Accuracy","Apotheosis","Thinking Ahead","Toy Ornithopter","Calculated Gamble"],"campfire_rested":0,"item_purchase_floors":[22,22,37,37,37],"current_hp_per_floor":[70,56,56,56,56,56,61,61,61,61,50,55,55,54,54,8,74,65,59,59,59,59,59,55,47,47,47,47,45,45,14,14,25,74,72,72,72,33,27,27,30,30,30,30,74,69,59,52,52,4],"gold":46,"neow_bonus":"THREE_CARDS","is_daily":false,"chose_seed":false,"campfire_upgraded":11,"win_rate":0.0,"timestamp":1612700269,"path_taken":["M","?","?","?","M","R","?","R","T","R","?","M","?","M","R","BOSS","M","M","?","?","$","R","M","E","T","R","M","M","R","E","R","BOSS","M","M","$","M","M","R","E","R","T","?","?","M","M","M","R","BOSS"],"items_purchased_type":["Card","Card","Card","Relic","Card"],"build_version":"2020-12-22","purchased_purges":0,"victory":true,"max_hp_per_floor":[70,70,70,70,70,70,75,75,75,75,75,80,74,74,74,74,74,74,74,74,74,74,74,74,74,74,74,74,74,74,74,74,74,74,74,74,74,74,74,74,74,74,74,74,74,74,74,74,74,74],"relic_stats":{"Nunchaku":[7],"counters":[23,122],"Golden Idol":148,"Pantograph":47,"Turnip":[10],"Bag of Preparation":[40],"Smiling Mask":0,"obtain_stats":[{"Nunchaku":43,"WristBlade":34,"Golden Idol":13,"Pantograph":26,"Turnip":25,"Bag of Preparation":9,"Coffee Dripper":17,"Incense Burner":31,"Red Mask":44,"Smiling Mask":41,"Toy Ornithopter":37,"Ring of the Snake":0},{"Nunchaku":19,"WristBlade":14,"Golden Idol":4,"Pantograph":10,"Turnip":10,"Bag of Preparation":3,"Coffee Dripper":6,"Incense Burner":13,"Red Mask":19,"Smiling Mask":19,"Toy Ornithopter":16,"Ring of the Snake":0},{"Nunchaku":94,"WristBlade":71,"Golden Idol":14,"Pantograph":51,"Turnip":51,"Bag of Preparation":10,"Coffee Dripper":32,"Incense Burner":65,"Red Mask":94,"Smiling Mask":94,"Toy Ornithopter":77,"Ring of the Snake":0}],"Toy Ornithopter":15,"Ring of the Snake":[46]},"card_choices":[{"not_picked":["Quick Slash","Dagger Throw"],"picked":"Blade Dance","floor":0.0},{"not_picked":["Deadly Poison","Slice"],"picked":"Footwork","floor":1.0},{"not_picked":["Slice","Underhanded Strike"],"picked":"Blade Dance","floor":4.0},{"not_picked":["Dagger Throw","Backstab"],"picked":"Dagger Spray","floor":5.0},{"not_picked":["Acrobatics","Dodge and Roll"],"picked":"Well Laid Plans","floor":12.0},{"not_picked":["Prepared","Backflip"],"picked":"PiercingWail","floor":14.0},{"not_picked":["Bullet Time","Die Die Die"],"picked":"Envenom","floor":16.0},{"not_picked":["Poisoned Stab","Acrobatics","Bouncing Flask+1"],"picked":"SKIP","floor":18.0},{"not_picked":["Setup","Dagger Spray","Footwork"],"picked":"SKIP","floor":19.0},{"not_picked":["Masterful Stab+1","Finisher"],"picked":"Dodge and Roll+1","floor":24.0},{"not_picked":["Dagger Throw","Tactician"],"picked":"Phantasmal Killer","floor":25.0},{"not_picked":["Predator+1","Riddle With Holes"],"picked":"PiercingWail+1","floor":28.0},{"not_picked":["Concentrate+1","Escape Plan"],"picked":"Blade Dance","floor":29.0},{"not_picked":["Expertise","Catalyst"],"picked":"Noxious Fumes","floor":31.0},{"not_picked":["Wraith Form v2","Grand Finale"],"picked":"Phantasmal Killer","floor":33.0},{"not_picked":["Poisoned Stab","All Out Attack+1"],"picked":"PiercingWail+1","floor":35.0},{"not_picked":["Dagger Spray+1","Predator+1"],"picked":"Prepared+1","floor":36.0},{"not_picked":["Calculated Gamble","Bane+1"],"picked":"Acrobatics+1","floor":38.0},{"not_picked":["Dagger Spray+1","Deflect+1"],"picked":"Deadly Poison+1","floor":39.0},{"not_picked":["Backflip","PiercingWail"],"picked":"Escape Plan+1","floor":41},{"not_picked":["Poisoned Stab+1","Skewer"],"picked":"Expertise","floor":46},{"not_picked":["Bane","Dodge and Roll+1"],"picked":"Deflect+1","floor":47},{"not_picked":["Underhanded Strike+1","Catalyst+1"],"picked":"Blade Dance+1","floor":48}],"player_experience":66901,"relics_obtained":[{"floor":9.0,"key":"Bag of Preparation"},{"floor":25.0,"key":"Turnip"},{"floor":26.0,"key":"Pantograph"},{"floor":31.0,"key":"Incense Burner"},{"floor":41,"key":"Smiling Mask"},{"floor":43,"key":"Nunchaku"}],"event_choices":[{"damage_healed":0.0,"max_hp_gain":0.0,"max_hp_loss":0.0,"gold_gain":0.0,"event_name":"Shining Light","player_choice":"Entered Light","floor":2.0,"gold_loss":0.0,"damage_taken":14.0,"cards_upgraded":["Defend_G","Neutralize"]},{"damage_healed":0.0,"max_hp_gain":0.0,"max_hp_loss":0.0,"gold_gain":0.0,"event_name":"The Woman in Blue","player_choice":"Bought 2 Potions","floor":3.0,"gold_loss":0.0,"damage_taken":0.0},{"damage_healed":0.0,"max_hp_gain":5.0,"max_hp_loss":0.0,"gold_gain":0.0,"event_name":"Big Fish","player_choice":"Donut","floor":7.0,"gold_loss":0.0,"damage_taken":0.0},{"damage_healed":0.0,"max_hp_gain":0.0,"max_hp_loss":0.0,"gold_gain":75.0,"event_name":"World of Goop","player_choice":"Gather Gold","floor":11.0,"gold_loss":0.0,"damage_taken":11.0},{"damage_healed":0.0,"max_hp_gain":0.0,"max_hp_loss":6.0,"gold_gain":0.0,"event_name":"Golden Idol","player_choice":"Lose Max HP","floor":13.0,"gold_loss":0.0,"damage_taken":0.0,"relics_obtained":["Golden Idol"]},{"cards_removed":["Defend_G"],"damage_healed":0.0,"max_hp_gain":0.0,"max_hp_loss":0.0,"gold_gain":0.0,"event_name":"Beggar","player_choice":"Gave Gold","floor":20.0,"gold_loss":75.0,"damage_taken":0.0},{"damage_healed":0.0,"max_hp_gain":0.0,"max_hp_loss":0.0,"gold_gain":0.0,"event_name":"Vampires","player_choice":"Ignored","floor":21.0,"gold_loss":0.0,"damage_taken":0.0},{"damage_healed":0,"gold_gain":0,"player_choice":"Paid","damage_taken":0,"relics_obtained":["Red Mask"],"max_hp_gain":0,"max_hp_loss":0,"event_name":"Tomb of Lord Red Mask","floor":44,"gold_loss":85},{"damage_healed":44,"gold_gain":0,"player_choice":"Heal","damage_taken":0,"max_hp_gain":0,"max_hp_loss":0,"event_name":"MindBloom","floor":45,"gold_loss":0,"cards_obtained":["Doubt"]}],"is_beta":false,"boss_relics":[{"not_picked":["SacredBark","Snecko Eye"],"picked":"Coffee Dripper"},{"not_picked":["Astrolabe","Tiny House"],"picked":"WristBlade"}],"items_purged_floors":[],"is_endless":false,"potions_floor_spawned":[5,12,16,24,25,28,29,35,36,39],"ascension_level":0}}