{"host":"ihsge0lre3slh6sc","time":1612722066,"event":{"mods":["BaseMod","Highlight Path","Lobotomy","LobotomyExtend","Marisa£®ÏF”Í°°ƒß¿Ì…≥£©","Minty Spire (QoL Compilation)","MostiFishMod","Quick Restart","Remilia£®¿Ÿ√◊¿Ú—«£©","Shop Mod","StSLib","TestMod","Waifu the Spire","WarShipGirlsR/’ΩΩ¢…Ÿ≈ÆR mod","Youmu£®ªÍ∆«—˝√Œ£©","[IsaacMod]“‘»ˆº‚À˛","ÛÙª÷∏ƒœ"],"gold_per_floor":[109,120,30,40,65,65,83,114,114,145,145,179,6,39,39,129,129,149,162,162,162],"floor_reached":20,"language":"ZHS","playtime":934,"items_purged":["Strike_MRS"],"score":380,"play_id":"650cd945-ec07-4cc9-9958-f32cfc9cc163","local_time":"20210208022106","is_ascension_mode":true,"campfire_choices":[{"data":"DarkMatter","floor":6,"key":"SMITH"},{"data":"MilkyWay","floor":15,"key":"SMITH"}],"circlet_count":0,"master_deck":["AscendersBane","Strike_MRS","Strike_MRS","Defend_MRS","Defend_MRS","Defend_MRS+1","MasterSpark","UpSweep","StarDustReverie","DarkMatter+1","MostiFishMod:ButterFly+1","Orbital","IllusionStar+1","Orbital","MilkyWay+1","testmod-ComboMaster","ShootingEcho","CasketOfStar+1","Orbital","DC+1"],"relics":["MiniHakkero","HushsDoor","testmod-TestBox","DaveBox","ImprovedEquipment","testmod-Justice","BFFS","SynthV:TestCard","War Paint","BookofShadows","Blue Candle","Golden Idol","MealTicket","testmod-BloodSacrificeSpiritualization"],"acts_visited":["Exordium","TheCity"],"potions_floor_usage":[],"damage_taken":[{"damage":0,"enemies":"Cultist","floor":1,"turns":3},{"damage":6,"enemies":"Small Slimes","floor":2,"turns":2},{"damage":7,"enemies":"Jaw Worm","floor":4,"turns":3},{"damage":4,"enemies":"Looter","floor":7,"turns":2},{"damage":36,"enemies":"Lagavulin","floor":8,"turns":6},{"damage":0,"enemies":"3 Sentries","floor":10,"turns":3},{"damage":3,"enemies":"The Mushroom Lair","floor":12,"turns":4},{"damage":10,"enemies":"Lagavulin","floor":14,"turns":5},{"damage":5,"enemies":"Hexaghost","floor":16,"turns":10},{"damage":19,"enemies":"2 Thieves","floor":18,"turns":3},{"damage":8,"enemies":"Chosen","floor":19,"turns":3},{"damage":6,"enemies":"Snecko","floor":20,"turns":3}],"seed_played":"-7378688022311855557","potions_obtained":[{"floor":1,"key":"BottledSpark"},{"floor":7,"key":"Dexterity Potion"}],"is_trial":false,"path_per_floor":["M","M","$","M","T","R","M","E","T","E","?","?","$","E","R","B",null,"M","M","M"],"character_chosen":"MARISA","items_purchased":["MostiFishMod:ButterFly","testmod-ComboMaster"],"campfire_rested":0,"item_purchase_floors":[3,13],"current_hp_per_floor":[45,39,39,36,36,36,44,12,12,32,32,33,33,35,35,38,57,42,38,36,36],"gold":162,"neow_bonus":"TRANSFORM_TWO_CARDS","is_daily":false,"chose_seed":false,"campfire_upgraded":2,"win_rate":0.0,"timestamp":1612722066,"path_taken":["M","M","$","M","?","R","M","E","T","E","?","?","?","E","R","BOSS","M","M","?"],"items_purchased_type":["Card","Card"],"build_version":"2020-12-22","purchased_purges":1,"victory":false,"max_hp_per_floor":[70,70,70,70,70,70,70,70,70,70,63,63,63,63,63,63,63,63,63,63,63],"card_choices":[{"not_picked":["ShootingEcho","Acceleration","BlazeAway"],"picked":"SKIP","floor":1},{"not_picked":["PulseMagic","UnstableBomb","EventHorizon","OrrerysSun","OneTimeOff"],"picked":"SKIP","floor":2},{"not_picked":["ChargingUp","MilkyWay","AlicesGift","DoubleSpark"],"picked":"Orbital","floor":4},{"not_picked":["PowerUp","WitchLeyline","MaximisePower","Occultation"],"picked":"IllusionStar","floor":7},{"not_picked":["UnstableBomb","LuminesStrike","EarthLightRay","UltimateShortwave"],"picked":"Orbital","floor":8},{"not_picked":["GravityBeat","SporeBomb","OortCloud","StarlightTyphoon","NonDirectionalLaser"],"picked":"SKIP","floor":10},{"not_picked":["GalacticHalo","ShootingEcho","UnstableBomb","WitchOfGreed"],"picked":"MilkyWay","floor":12},{"not_picked":["LuminesStrike","6A","IllusionStar","ShootTheMoon"],"picked":"ShootingEcho","floor":14},{"not_picked":["FinalSpark","MaximisePower","ManaRampage","AbsoluteMagnitude"],"picked":"CasketOfStar","floor":16},{"not_picked":["AsteroidBelt","WitchOfGreed","GalacticHalo","LuminesStrike"],"picked":"Orbital","floor":18},{"not_picked":["ShootingEcho","DarkMatter+1","IllusionStar","GrandCross+1"],"picked":"DC","floor":19}],"player_experience":814055,"relics_obtained":[{"floor":1,"key":"SynthV:TestCard"},{"floor":8,"key":"War Paint"},{"floor":9,"key":"BookofShadows"},{"floor":10,"key":"Blue Candle"},{"floor":14,"key":"MealTicket"}],"event_choices":[{"damage_healed":0,"gold_gain":0,"player_choice":"Lose Max HP","damage_taken":0,"relics_obtained":["Golden Idol"],"max_hp_gain":0,"max_hp_loss":7,"event_name":"Golden Idol","floor":11,"gold_loss":0},{"damage_healed":0,"gold_gain":0,"player_choice":"Fought Mushrooms","damage_taken":0,"max_hp_gain":0,"max_hp_loss":0,"event_name":"Mushrooms_MRS","floor":12,"gold_loss":0}],"is_beta":false,"boss_relics":[{"not_picked":["Ectoplasm","testmod-HarvestTotem"],"picked":"testmod-BloodSacrificeSpiritualization"},{"not_picked":[]}],"items_purged_floors":[13],"is_endless":false,"potions_floor_spawned":[1,7,10,12,14,18,19],"killed_by":"Snecko","ascension_level":15}}