{"host":"lxu17chzujqn8whl","time":1612734044,"event":{"mods":["BaseMod","Minty Spire (QoL Compilation)","Relic Stats","StSLib"],"gold_per_floor":[109,126,126,136,311,337,355,355,406,406,406,406,440,460,460,565,565,584,584,654,23,73,99,99,109,109,121,139,189,205,234,234,332,332,342,441,8,27,17,17,17,117,117,135,149,181,192,204,204,204],"floor_reached":51,"language":"ENG","playtime":1661,"items_purged":["Strike_B"],"score":803,"play_id":"e5884beb-654a-4d0c-a08e-1adb708d54e9","local_time":"20210207134044","is_ascension_mode":false,"campfire_choices":[{"floor":8,"key":"REST"},{"data":"Streamline","floor":10,"key":"SMITH"},{"data":"Cold Snap","floor":12,"key":"SMITH"},{"data":"Beam Cell","floor":15,"key":"SMITH"},{"data":"Electrodynamics","floor":24,"key":"SMITH"},{"floor":32,"key":"REST"},{"data":"Buffer","floor":40,"key":"SMITH"},{"data":"Defragment","floor":49,"key":"SMITH"}],"circlet_count":0,"master_deck":["Strike_B","Strike_B","Strike_B","Defend_B","Defend_B","Defend_B","Defend_B","Zap","Dualcast","Hologram","Aggregate+1","Streamline+1","Steam Power","Cold Snap+1","Coolheaded","Beam Cell+1","Electrodynamics+1","Doom and Gloom","Sweeping Beam","Self Repair","Swift Strike+1","Barrage+1","Self Repair","Turbo","Melter+1","FTL+1","BootSequence+1","Buffer+1","Streamline+1","Lockon+1","Defragment+1","Glacier","Echo Form","Coolheaded+1"],"relics":["Cracked Core","Pear","Lantern","Spirit Poop","MealTicket","Sozu","SsserpentHead","Molten Egg 2","HandDrill","HornCleat","Matryoshka","Bag of Marbles","Emotion Chip","MutagenicStrength","Juzu Bracelet","SlaversCollar","Dead Branch","FossilizedHelix","Prayer Wheel","Bottled Lightning","StoneCalendar","Bag of Preparation"],"acts_visited":["Exordium","TheCity","TheBeyond"],"potions_floor_usage":[16,50,50,50],"damage_taken":[{"damage":5,"enemies":"Small Slimes","floor":1,"turns":3},{"damage":1,"enemies":"Cultist","floor":2,"turns":3},{"damage":3,"enemies":"2 Louse","floor":4,"turns":3},{"damage":38,"enemies":"Gremlin Nob","floor":6,"turns":5},{"damage":14,"enemies":"Red Slaver","floor":7,"turns":5},{"damage":4,"enemies":"3 Sentries","floor":13,"turns":6},{"damage":4,"enemies":"Lots of Slimes","floor":14,"turns":4},{"damage":42,"enemies":"The Guardian","floor":16,"turns":14},{"damage":12,"enemies":"2 Thieves","floor":18,"turns":4},{"damage":26,"enemies":"3 Byrds","floor":20,"turns":4},{"damage":24,"enemies":"Gremlin Leader","floor":23,"turns":5},{"damage":6,"enemies":"Cultist and Chosen","floor":25,"turns":6},{"damage":12,"enemies":"Snecko","floor":27,"turns":4},{"damage":11,"enemies":"Snake Plant","floor":28,"turns":3},{"damage":3,"enemies":"Cultist and Chosen","floor":30,"turns":4},{"damage":31,"enemies":"Book of Stabbing","floor":31,"turns":4},{"damage":51,"enemies":"Automaton","floor":33,"turns":9},{"damage":7,"enemies":"3 Shapes","floor":35,"turns":3},{"damage":23,"enemies":"2 Orb Walkers","floor":36,"turns":4},{"damage":0,"enemies":"Orb Walker","floor":38,"turns":3},{"damage":32,"enemies":"Mind Bloom Boss Battle","floor":42,"turns":6},{"damage":0,"enemies":"Writhing Mass","floor":44,"turns":3},{"damage":19,"enemies":"Spire Growth","floor":45,"turns":4},{"damage":0,"enemies":"Giant Head","floor":46,"turns":8},{"damage":0,"enemies":"3 Darklings","floor":47,"turns":4},{"damage":0,"enemies":"4 Shapes","floor":48,"turns":2},{"damage":68,"enemies":"Time Eater","floor":50,"turns":8}],"seed_played":"-3384727327054721098","potions_obtained":[{"floor":2,"key":"PotionOfCapacity"},{"floor":4,"key":"PotionOfCapacity"},{"floor":13,"key":"Weak Potion"},{"floor":14,"key":"Energy Potion"},{"floor":16,"key":"LiquidMemories"}],"is_trial":false,"path_per_floor":["M","M","?","M","?","E","M","R","T","R","?","R","E","M","R","B",null,"M","?","M","$","?","E","R","M","T","M","M","?","M","E","R","B",null,"M","?","$","M","?","R","$","?","T","M","M","E","M","M","R","B",null],"character_chosen":"DEFECT","items_purchased":["Self Repair","Molten Egg 2","Swift Strike+1","HandDrill","FossilizedHelix","Defragment","Glacier"],"campfire_rested":2,"item_purchase_floors":[21,21,21,21,37,37,37],"current_hp_per_floor":[77,76,76,73,73,45,31,58,58,58,58,58,54,50,50,8,92,80,80,54,69,69,52,52,53,53,55,58,58,69,52,79,42,92,92,76,91,92,92,92,92,74,74,81,76,90,90,92,92,38],"gold":204,"neow_bonus":"TEN_PERCENT_HP_BONUS","is_daily":false,"chose_seed":false,"campfire_upgraded":6,"win_rate":0.0,"timestamp":1612734044,"path_taken":["M","M","?","?","?","E","M","R","T","R","?","R","E","M","R","BOSS","M","?","?","$","?","E","R","M","T","M","M","?","M","E","R","BOSS","M","?","$","M","?","R","$","?","T","M","M","E","M","M","R","BOSS"],"items_purchased_type":["Card","Relic","Card","Relic","Relic","Card","Card"],"build_version":"2020-12-22","purchased_purges":1,"victory":true,"max_hp_per_floor":[82,82,82,82,82,92,92,92,92,92,92,92,92,92,92,92,92,92,92,92,92,92,92,92,92,92,92,92,92,92,92,92,92,92,92,92,92,92,92,92,92,92,92,92,92,92,92,92,92,92],"relic_stats":{"Sozu":7,"SsserpentHead":300,"Emotion Chip":[41,31,7,3,0],"counters":[27,131],"Dead Branch":[8],"MealTicket":30,"Prayer Wheel":4,"StoneCalendar":[84],"HandDrill":[42],"Juzu Bracelet":1,"Bag of Preparation":[6],"obtain_stats":[{"Lantern":9,"Pear":6,"Dead Branch":36,"Spirit Poop":11,"StoneCalendar":43,"Juzu Bracelet":31,"Bag of Preparation":46,"Sozu":17,"SsserpentHead":19,"SlaversCollar":34,"Emotion Chip":26,"HornCleat":22,"Matryoshka":23,"MutagenicStrength":29,"MealTicket":13,"Molten Egg 2":21,"Prayer Wheel":42,"HandDrill":21,"Bag of Marbles":26,"Bottled Lightning":43,"Cracked Core":0,"FossilizedHelix":37},{"Lantern":5,"Pear":4,"Dead Branch":19,"Spirit Poop":5,"StoneCalendar":21,"Juzu Bracelet":16,"Bag of Preparation":24,"Sozu":8,"SsserpentHead":9,"SlaversCollar":17,"Emotion Chip":12,"HornCleat":10,"Matryoshka":11,"MutagenicStrength":14,"MealTicket":6,"Molten Egg 2":10,"Prayer Wheel":21,"HandDrill":10,"Bag of Marbles":12,"Bottled Lightning":21,"Cracked Core":0,"FossilizedHelix":19},{"Lantern":19,"Pear":14,"Dead Branch":93,"Spirit Poop":19,"StoneCalendar":102,"Juzu Bracelet":77,"Bag of Preparation":117,"Sozu":43,"SsserpentHead":47,"SlaversCollar":86,"Emotion Chip":62,"HornCleat":51,"Matryoshka":56,"MutagenicStrength":69,"MealTicket":25,"Molten Egg 2":51,"Prayer Wheel":102,"HandDrill":51,"Bag of Marbles":62,"Bottled Lightning":102,"Cracked Core":0,"FossilizedHelix":93}]},"card_choices":[{"not_picked":["Beam Cell","Cold Snap"],"picked":"Hologram","floor":1},{"not_picked":["Rip and Tear","Gash"],"picked":"Aggregate","floor":2},{"not_picked":["Auto Shields","Cold Snap"],"picked":"Streamline","floor":4},{"not_picked":["Compile Driver","Barrage"],"picked":"Steam Power","floor":6},{"not_picked":["Ball Lightning","Darkness"],"picked":"Cold Snap","floor":7},{"not_picked":["Go for the Eyes","Storm"],"picked":"Coolheaded","floor":13},{"not_picked":["Loop","Gash"],"picked":"Beam Cell","floor":14},{"not_picked":["Core Surge","Reboot"],"picked":"Electrodynamics","floor":16},{"not_picked":["Steam","Redo"],"picked":"Doom and Gloom","floor":18},{"not_picked":["Ball Lightning","Stack"],"picked":"Sweeping Beam","floor":20},{"not_picked":["Steam","Beam Cell+1"],"picked":"Barrage+1","floor":23},{"not_picked":["Blizzard+1","Cold Snap+1"],"picked":"Self Repair","floor":25},{"not_picked":["Blizzard+1","Capacitor+1"],"picked":"Turbo","floor":27},{"not_picked":["Beam Cell+1","Compile Driver+1"],"picked":"Melter+1","floor":28},{"not_picked":["Scrape+1","Loop"],"picked":"FTL+1","floor":30},{"not_picked":["Leap","Aggregate"],"picked":"BootSequence+1","floor":31},{"not_picked":["Core Surge+1","All For One+1"],"picked":"Buffer","floor":33},{"not_picked":["Leap+1","Doom and Gloom+1"],"picked":"Streamline+1","floor":35},{"not_picked":["Heatsinks+1","Loop"],"picked":"Lockon+1","floor":36},{"not_picked":["Sweeping Beam+1","Compile Driver+1","Glacier+1"],"picked":"SKIP","floor":38},{"not_picked":["Compile Driver+1","Redo","Ball Lightning+1"],"picked":"SKIP","floor":44},{"not_picked":["Hello World","Turbo","Lockon+1"],"picked":"SKIP","floor":44},{"not_picked":["Steam+1","Storm+1"],"picked":"Echo Form","floor":45},{"not_picked":["Genetic Algorithm+1","Compile Driver+1","Rebound+1"],"picked":"SKIP","floor":45},{"not_picked":["Storm","Conserve Battery+1","FTL+1"],"picked":"SKIP","floor":46},{"not_picked":["Ball Lightning+1","Darkness"],"picked":"Coolheaded+1","floor":47},{"not_picked":["Conserve Battery+1","Beam Cell+1","Rip and Tear+1"],"picked":"SKIP","floor":47},{"not_picked":["Storm+1","Steam+1","Beam Cell+1"],"picked":"SKIP","floor":48},{"not_picked":["Beam Cell+1","Rip and Tear+1","BootSequence+1"],"picked":"SKIP","floor":48}],"player_experience":650359,"relics_obtained":[{"floor":6,"key":"Pear"},{"floor":9,"key":"Lantern"},{"floor":13,"key":"MealTicket"},{"floor":23,"key":"Matryoshka"},{"floor":26,"key":"Bag of Marbles"},{"floor":26,"key":"Emotion Chip"},{"floor":31,"key":"Juzu Bracelet"},{"floor":36,"key":"Dead Branch"},{"floor":42,"key":"Prayer Wheel"},{"floor":43,"key":"Bottled Lightning"},{"floor":43,"key":"StoneCalendar"},{"floor":46,"key":"Bag of Preparation"}],"event_choices":[{"damage_healed":0,"gold_gain":0,"player_choice":"Upgraded","damage_taken":0,"max_hp_gain":0,"max_hp_loss":0,"event_name":"Upgrade Shrine","floor":3,"gold_loss":0,"cards_upgraded":["Aggregate"]},{"damage_healed":0,"gold_gain":175,"player_choice":"AGREE","damage_taken":0,"max_hp_gain":0,"max_hp_loss":0,"event_name":"Liars Game","floor":5,"gold_loss":0,"cards_obtained":["Doubt"]},{"cards_removed":["Doubt"],"damage_healed":0,"gold_gain":0,"player_choice":"Offered Curse","damage_taken":0,"relics_obtained":["Spirit Poop"],"max_hp_gain":0,"max_hp_loss":0,"event_name":"Bonfire Elementals","floor":11,"gold_loss":0},{"damage_healed":0,"gold_gain":0,"player_choice":"Trade","damage_taken":0,"relics_obtained":["SsserpentHead"],"max_hp_gain":0,"max_hp_loss":0,"event_name":"FaceTrader","floor":19,"gold_loss":0},{"damage_healed":0,"gold_gain":0,"player_choice":"Opened","damage_taken":0,"relics_obtained":["HornCleat"],"max_hp_gain":0,"max_hp_loss":0,"event_name":"The Mausoleum","floor":22,"gold_loss":0,"cards_obtained":["Writhe"]},{"damage_healed":0,"gold_gain":0,"player_choice":"Inject Mutagens","damage_taken":0,"relics_obtained":["MutagenicStrength"],"max_hp_gain":0,"max_hp_loss":0,"event_name":"Drug Dealer","floor":29,"gold_loss":0},{"damage_healed":0,"gold_gain":0,"player_choice":"Fight","damage_taken":0,"max_hp_gain":0,"max_hp_loss":0,"event_name":"Mysterious Sphere","floor":36,"gold_loss":0},{"cards_removed":["Writhe"],"damage_healed":0,"gold_gain":0,"player_choice":"Single Remove","damage_taken":0,"max_hp_gain":0,"max_hp_loss":0,"event_name":"Designer","floor":39,"gold_loss":60},{"damage_healed":0,"gold_gain":0,"player_choice":"Fight","damage_taken":0,"max_hp_gain":0,"max_hp_loss":0,"event_name":"MindBloom","floor":42,"gold_loss":0}],"is_beta":false,"boss_relics":[{"not_picked":["FrozenCore","Fusion Hammer"],"picked":"Sozu"},{"not_picked":["SacredBark","Snecko Eye"],"picked":"SlaversCollar"}],"items_purged_floors":[21],"is_endless":false,"potions_floor_spawned":[2,4,13,14,16,25,28,30,31,36,45,47,48],"ascension_level":0}}