{"host":"4rvakrj1idbgia3f","time":1612713263,"event":{"mods":["BaseMod","Colored Map","Colored Powertips","DeckTracker","Highlight Path","Minty Spire (QoL Compilation)","Random Character Button","StSLib"],"gold_per_floor":[110,121,121,133,76,76,108,108,153,188,210,222,254,281,293,379,391,420,444,471,483,144,144,69,69,69,69,19,37,37,37],"floor_reached":30,"language":"JPN","playtime":969,"items_purged":["Strike_B","Strike_B"],"score":480,"play_id":"6cf50d75-be70-4fbd-bdd5-6529d5d345fa","local_time":"20210208005423","is_ascension_mode":true,"campfire_choices":[{"data":"Seek","floor":6,"key":"SMITH"},{"data":"Zap","floor":8,"key":"SMITH"},{"data":"Defragment","floor":15,"key":"SMITH"},{"data":"Zap","floor":23,"key":"SMITH"},{"data":"Glacier","floor":25,"key":"SMITH"},{"data":"Metamorphosis","floor":27,"key":"SMITH"}],"circlet_count":0,"master_deck":["AscendersBane","Defend_B","Defend_B","Defend_B","Defend_B","Zap+1","Dualcast","Metamorphosis+1","Barrage","FTL","Seek+1","Zap+1","Static Discharge","Electrodynamics","Defragment+1","Cold Snap","Coolheaded","Echo Form","Gash","Glacier+1","Hologram+1"],"relics":["Cracked Core","Bag of Preparation","Tiny Chest","MawBank","Coffee Dripper","Dead Branch","Membership Card","HornCleat","Oddly Smooth Stone"],"acts_visited":["Exordium","TheCity"],"potions_floor_usage":[7,7,18,18,30],"damage_taken":[{"damage":1,"enemies":"Cultist","floor":1,"turns":3},{"damage":4,"enemies":"Jaw Worm","floor":2,"turns":3},{"damage":6,"enemies":"2 Louse","floor":4,"turns":3},{"damage":12,"enemies":"3 Sentries","floor":7,"turns":4},{"damage":11,"enemies":"Gremlin Nob","floor":10,"turns":3},{"damage":0,"enemies":"Exordium Wildlife","floor":11,"turns":2},{"damage":3,"enemies":"Looter","floor":13,"turns":3},{"damage":8,"enemies":"Large Slime","floor":14,"turns":3},{"damage":12,"enemies":"Hexaghost","floor":16,"turns":4},{"damage":16,"enemies":"2 Thieves","floor":18,"turns":2},{"damage":8,"enemies":"Spheric Guardian","floor":19,"turns":4},{"damage":11,"enemies":"Centurion and Healer","floor":20,"turns":5},{"damage":2,"enemies":"Cultist and Chosen","floor":29,"turns":4},{"damage":22,"enemies":"Slavers","floor":30,"turns":1}],"seed_played":"2736356817140686904","potions_obtained":[{"floor":2,"key":"BlessingOfTheForge"},{"floor":10,"key":"ColorlessPotion"},{"floor":13,"key":"SkillPotion"},{"floor":18,"key":"Fire Potion"},{"floor":19,"key":"PotionOfCapacity"}],"is_trial":false,"path_per_floor":["M","M","?","M","$","R","E","R","T","E","M","?","M","M","R","B",null,"M","M","M","T","$","R","?","R","T","R","$","M","E"],"character_chosen":"DEFECT","items_purchased":["Explosive Potion","Membership Card","HornCleat"],"campfire_rested":0,"item_purchase_floors":[5,22,22],"current_hp_per_floor":[63,59,59,53,53,53,41,41,41,30,30,30,27,19,19,7,50,34,26,15,15,15,15,15,15,15,15,15,13,0,0],"gold":37,"neow_bonus":"RANDOM_COLORLESS_2","is_daily":false,"chose_seed":false,"campfire_upgraded":6,"win_rate":0.0,"timestamp":1612713263,"path_taken":["M","?","?","M","?","R","E","R","T","E","?","?","M","M","R","BOSS","M","?","M","?","$","R","?","R","T","R","?","M","E"],"items_purchased_type":["Potion","Relic","Relic"],"build_version":"2020-12-22","purchased_purges":2,"victory":false,"max_hp_per_floor":[64,64,64,64,64,64,64,64,64,64,64,64,64,64,64,64,64,64,64,64,64,64,64,64,64,64,64,64,64,64,64],"card_choices":[{"not_picked":["Secret Weapon","Mayhem"],"picked":"Metamorphosis","floor":0},{"not_picked":["Consume","Turbo"],"picked":"Barrage","floor":1},{"not_picked":["Barrage","Recycle"],"picked":"FTL","floor":2},{"not_picked":["Double Energy","Force Field"],"picked":"Static Discharge","floor":4},{"not_picked":["Ball Lightning","Melter"],"picked":"Electrodynamics","floor":7},{"not_picked":["Creative AI","Rebound"],"picked":"Defragment","floor":10},{"not_picked":["Heatsinks","Chill"],"picked":"Cold Snap","floor":11},{"not_picked":["Darkness","Turbo","Rebound"],"picked":"SKIP","floor":13},{"not_picked":["Compile Driver","Stack"],"picked":"Coolheaded","floor":14},{"not_picked":["Amplify","Core Surge"],"picked":"Echo Form","floor":16},{"not_picked":["Leap","Rip and Tear"],"picked":"Gash","floor":18},{"not_picked":["Hello World","Static Discharge"],"picked":"Glacier","floor":19},{"not_picked":["Doom and Gloom","Barrage"],"picked":"Hologram+1","floor":20},{"not_picked":["Sweeping Beam","Compile Driver","Electrodynamics"],"picked":"SKIP","floor":29}],"player_experience":2230844,"relics_obtained":[{"floor":7,"key":"Bag of Preparation"},{"floor":9,"key":"Tiny Chest"},{"floor":10,"key":"MawBank"},{"floor":21,"key":"Dead Branch"},{"floor":26,"key":"Oddly Smooth Stone"}],"event_choices":[{"damage_healed":0,"gold_gain":0,"player_choice":"2 cards matched","damage_taken":0,"max_hp_gain":0,"max_hp_loss":0,"event_name":"Match and Keep!","floor":3,"gold_loss":0,"cards_obtained":["Seek","Zap"]},{"cards_removed":["Strike_B"],"damage_healed":0,"gold_gain":0,"player_choice":"Offered Basic","damage_taken":0,"max_hp_gain":0,"max_hp_loss":0,"event_name":"Bonfire Elementals","floor":12,"gold_loss":0},{"cards_removed":["Strike_B"],"damage_healed":0,"gold_gain":0,"player_choice":"Gave Gold","damage_taken":0,"max_hp_gain":0,"max_hp_loss":0,"event_name":"Beggar","floor":24,"gold_loss":75}],"is_beta":false,"boss_relics":[{"not_picked":["Velvet Choker","Ectoplasm"],"picked":"Coffee Dripper"}],"items_purged_floors":[22,28],"is_endless":false,"potions_floor_spawned":[2,10,13,16,18,19],"killed_by":"Slavers","ascension_level":20}}