{"host":"guecx47y159wwxnr","time":1612736254,"event":{"mods":["AchievementEnabler","BaseMod","Colored Map","Colored Powertips","Googly Eyes","Highlight Path","Minty Spire (QoL Compilation)","Permanent Neow","Rare Cards Sparkle","Relic Sorter","SuperFastMode","Unceasing Turn Reminder"],"gold_per_floor":[109,129,129,145,320,320,320,338,338,338,351,376,407,425,425,425,425],"floor_reached":16,"language":"ENG","playtime":445,"items_purged":[],"score":135,"play_id":"6ad4a1f3-9665-4338-b22d-cf6f22fd2175","local_time":"20210207221734","is_ascension_mode":true,"campfire_choices":[{"data":"Immolate","floor":6,"key":"SMITH"},{"floor":15,"key":"REST"}],"circlet_count":0,"master_deck":["Strike_R+1","Strike_R","Strike_R","Strike_R","Strike_R","Defend_R","Defend_R","Defend_R","Defend_R+1","Bash","Immolate+1","Metallicize","Sever Soul","Twin Strike","Doubt","Thunderclap","Second Wind","True Grit","Metallicize","Reaper"],"relics":["Burning Blood","Golden Idol","Vajra","Singing Bowl"],"acts_visited":["Exordium"],"potions_floor_usage":[13,13,16],"damage_taken":[{"damage":4,"enemies":"Small Slimes","floor":1,"turns":3},{"damage":12,"enemies":"Jaw Worm","floor":2,"turns":2},{"damage":0,"enemies":"2 Louse","floor":4,"turns":1},{"damage":17,"enemies":"Gremlin Gang","floor":8,"turns":2},{"damage":0,"enemies":"2 Fungi Beasts","floor":11,"turns":1},{"damage":9,"enemies":"Red Slaver","floor":12,"turns":2},{"damage":8,"enemies":"Gremlin Nob","floor":13,"turns":2},{"damage":16,"enemies":"Exordium Thugs","floor":14,"turns":4},{"damage":44,"enemies":"Slime Boss","floor":16,"turns":10}],"seed_played":"6577030569160235648","potions_obtained":[{"floor":1,"key":"CultistPotion"},{"floor":8,"key":"Energy Potion"},{"floor":10,"key":"LiquidBronze"}],"is_trial":false,"path_per_floor":["M","M","?","M","?","R","?","M","T","?","M","M","E","M","R","B"],"character_chosen":"IRONCLAD","items_purchased":[],"campfire_rested":1,"item_purchase_floors":[],"current_hp_per_floor":[74,68,48,54,54,54,38,27,27,27,33,30,28,18,42,0,0],"gold":425,"neow_bonus":"ONE_RANDOM_RARE_CARD","is_daily":false,"chose_seed":false,"campfire_upgraded":1,"win_rate":0.0,"timestamp":1612736254,"path_taken":["M","M","?","M","?","R","?","M","T","?","M","?","E","M","R","BOSS"],"items_purchased_type":[],"build_version":"2020-12-22","purchased_purges":0,"victory":false,"max_hp_per_floor":[80,80,80,80,80,80,80,80,80,80,80,80,80,80,80,80,80],"card_choices":[{"not_picked":["Dropkick","Wild Strike"],"picked":"Metallicize","floor":1},{"not_picked":["Combust","Twin Strike"],"picked":"Sever Soul","floor":2},{"not_picked":["Sword Boomerang","Reckless Charge"],"picked":"Twin Strike","floor":4},{"not_picked":["Body Slam","Feed"],"picked":"Thunderclap","floor":8},{"not_picked":["Body Slam","Bloodletting"],"picked":"Second Wind","floor":11},{"not_picked":["Heavy Blade","Clothesline"],"picked":"True Grit","floor":12},{"not_picked":["Twin Strike","Cleave"],"picked":"Metallicize","floor":13},{"not_picked":["Armaments","Dark Embrace"],"picked":"Reaper","floor":14}],"player_experience":215961,"relics_obtained":[{"floor":9,"key":"Vajra"},{"floor":13,"key":"Singing Bowl"}],"event_choices":[{"damage_healed":0,"gold_gain":0,"player_choice":"Take Damage","damage_taken":20,"relics_obtained":["Golden Idol"],"max_hp_gain":0,"max_hp_loss":0,"event_name":"Golden Idol","floor":3,"gold_loss":0},{"damage_healed":0,"gold_gain":175,"player_choice":"AGREE","damage_taken":0,"max_hp_gain":0,"max_hp_loss":0,"event_name":"Liars Game","floor":5,"gold_loss":0,"cards_obtained":["Doubt"]},{"damage_healed":0,"gold_gain":0,"player_choice":"Entered Light","damage_taken":16,"max_hp_gain":0,"max_hp_loss":0,"event_name":"Shining Light","floor":7,"gold_loss":0,"cards_upgraded":["Defend_R","Strike_R"]},{"damage_healed":0,"gold_gain":0,"player_choice":"Got Potions","damage_taken":0,"max_hp_gain":0,"max_hp_loss":0,"event_name":"Lab","floor":10,"gold_loss":0}],"is_beta":false,"boss_relics":[],"items_purged_floors":[],"is_endless":false,"potions_floor_spawned":[1,8,11],"killed_by":"Slime Boss","ascension_level":6}}