{"host":"xnrw1j8ho83czkv7","time":1612735227,"event":{"mods":["AchievementEnabler","BaseMod","Colored Map","Colored Powertips","Minty Spire (QoL Compilation)","Quick Restart","StSLib"],"gold_per_floor":[109,109,34,45,45,45,45,76,122,27,27,65,65,79,79,198,198,216,230,74,87,2,2,2],"floor_reached":23,"language":"ENG","playtime":1010,"items_purged":["Strike_B"],"score":233,"play_id":"7ef0cf9b-85e2-409e-86f6-09203581777e","local_time":"20210207220027","is_ascension_mode":true,"campfire_choices":[{"data":"Genetic Algorithm","floor":6,"key":"SMITH"},{"data":"Zap","floor":11,"key":"SMITH"},{"data":"Defragment","floor":15,"key":"SMITH"}],"circlet_count":0,"master_deck":["Strike_B","Strike_B","Strike_B","Defend_B","Defend_B","Defend_B","Defend_B","Zap+1","Dualcast","Genetic Algorithm+1","Sweeping Beam","Deep Breath+1","Lockon+1","Defragment+1","Deep Breath+1","Defragment","Auto Shields+1"],"relics":["Cracked Core","NeowsBlessing","Bottled Lightning","Golden Idol","Toxic Egg 2","Strawberry","Odd Mushroom","Black Star","Regal Pillow"],"acts_visited":["Exordium","TheCity"],"potions_floor_usage":[12,18,23],"damage_taken":[{"damage":0,"enemies":"Cultist","floor":1,"turns":1},{"damage":0,"enemies":"Jaw Worm","floor":4,"turns":1},{"damage":0,"enemies":"3 Sentries","floor":8,"turns":1},{"damage":1,"enemies":"The Mushroom Lair","floor":12,"turns":2},{"damage":0,"enemies":"2 Louse","floor":14,"turns":3},{"damage":17,"enemies":"The Guardian","floor":16,"turns":6},{"damage":7,"enemies":"Chosen","floor":18,"turns":3},{"damage":23,"enemies":"2 Thieves","floor":19,"turns":3},{"damage":32,"enemies":"Cultist and Chosen","floor":21,"turns":5},{"damage":25,"enemies":"Gremlin Leader","floor":23,"turns":5}],"seed_played":"-1369672059241396409","potions_obtained":[{"floor":1,"key":"FocusPotion"},{"floor":14,"key":"Fire Potion"},{"floor":19,"key":"LiquidBronze"}],"is_trial":false,"path_per_floor":["M","T","$","M","?","R","$","E","T","$","R","?","?","M","R","B",null,"M","M","$","M","?","E"],"character_chosen":"DEFECT","items_purchased":["Deep Breath+1","Deep Breath+1","Defragment"],"campfire_rested":0,"item_purchase_floors":[10,20,20],"current_hp_per_floor":[75,75,75,75,57,57,57,57,64,64,64,63,63,63,63,46,82,75,52,52,20,20,0,0],"gold":2,"neow_bonus":"THREE_ENEMY_KILL","is_daily":false,"chose_seed":false,"campfire_upgraded":3,"win_rate":0.0,"timestamp":1612735227,"path_taken":["M","?","$","M","?","R","$","E","T","$","R","?","?","M","R","BOSS","M","?","$","M","?","E"],"items_purchased_type":["Card","Card","Card"],"build_version":"2020-12-22","purchased_purges":1,"victory":false,"max_hp_per_floor":[75,75,75,75,75,75,75,75,82,82,82,82,82,82,82,82,82,82,82,82,82,82,82,82],"card_choices":[{"not_picked":["Streamline","Consume"],"picked":"Genetic Algorithm","floor":1},{"not_picked":["Undo","Stack"],"picked":"Sweeping Beam","floor":4},{"not_picked":["Recycle+1","Self Repair","Gash"],"picked":"SKIP","floor":8},{"not_picked":["Doom and Gloom","Coolheaded+1"],"picked":"Lockon","floor":12},{"not_picked":["Capacitor","White Noise+1"],"picked":"Defragment","floor":14},{"not_picked":["Blizzard","Storm","Sweeping Beam"],"picked":"SKIP","floor":18},{"not_picked":["Stack+1","Redo+1","Rebound"],"picked":"SKIP","floor":19},{"not_picked":["Go for the Eyes","Coolheaded+1"],"picked":"Auto Shields+1","floor":21}],"player_experience":51125,"relics_obtained":[{"floor":2,"key":"Bottled Lightning"},{"floor":8,"key":"Toxic Egg 2"},{"floor":9,"key":"Strawberry"},{"floor":12,"key":"Odd Mushroom"}],"event_choices":[{"damage_healed":0,"gold_gain":0,"player_choice":"Take Damage","damage_taken":18,"relics_obtained":["Golden Idol"],"max_hp_gain":0,"max_hp_loss":0,"event_name":"Golden Idol","floor":5,"gold_loss":0},{"damage_healed":0,"gold_gain":0,"player_choice":"Fought Mushrooms","damage_taken":0,"max_hp_gain":0,"max_hp_loss":0,"event_name":"Mushrooms","floor":12,"gold_loss":0},{"damage_healed":0,"gold_gain":0,"player_choice":"Forge","damage_taken":0,"max_hp_gain":0,"max_hp_loss":0,"event_name":"Accursed Blacksmith","floor":13,"gold_loss":0,"cards_upgraded":["Lockon"]},{"damage_healed":0,"gold_gain":0,"player_choice":"Obtained Relic","damage_taken":0,"relics_obtained":["Regal Pillow"],"max_hp_gain":0,"max_hp_loss":0,"event_name":"Addict","floor":22,"gold_loss":85}],"is_beta":false,"boss_relics":[{"not_picked":["Runic Dome","Velvet Choker"],"picked":"Black Star"}],"items_purged_floors":[3],"is_endless":false,"potions_floor_spawned":[1,14,19],"killed_by":"Gremlin Leader","ascension_level":2}}