{"host":"osk2oboccoevp2u5","time":1612719157,"event":{"mods":["AchievementEnabler","Alarm Clock","BaseMod","Colored Powertips","Disable Question Mark Monsters","Displayed Cursed Tome","Key Reminder","Minty Spire (QoL Compilation)","Potion Indicator Mod","Quick Restart","Rare Cards Sparkle","Reorder Act Four","StSLib","The Cursed","Useless Jewels Mod"],"gold_per_floor":[114,114,39,55,31,31,43,43,67,95,111,111,128,144,144,240,240,253,264,264,298,0,0,30,30,30,30,30],"floor_reached":27,"language":"ENG","playtime":2433,"items_purged":["TheCursedMod:Strike_TheCursed","TheCursedMod:Strike_TheCursed"],"score":347,"play_id":"8bcd6de0-b2a5-439f-ae33-d6bbdadc7d07","local_time":"20210207133237","is_ascension_mode":true,"campfire_choices":[{"floor":6.0,"key":"REST"},{"floor":12.0,"key":"REST"},{"floor":15.0,"key":"REST"},{"floor":25.0,"key":"REST"}],"circlet_count":0,"master_deck":["AscendersBane","TheCursedMod:Strike_TheCursed+1","TheCursedMod:Defend_TheCursed","TheCursedMod:Defend_TheCursed+1","TheCursedMod:Defend_TheCursed","TheCursedMod:Defend_TheCursed","TheCursedMod:CursedWand","TheCursedMod:CleanUpWorkshop","TheCursedMod:Dregs","TheCursedMod:TacticalStrike","TheCursedMod:TacticalStrike","TheCursedMod:ManaCirculation","TheCursedMod:CursedAmulet","TheCursedMod:Obscuration","Shame","TheCursedMod:CursedBlade","TheCursedMod:BloodBarrier","TheCursedMod:SpreadPlague+1"],"relics":["Busted Crown","Art of War","Singing Bowl","Snecko Eye","Nunchaku","Red Mask","Juzu Bracelet","Smiling Mask","Kunai"],"acts_visited":["Exordium","TheCity"],"potions_floor_usage":[],"damage_taken":[{"damage":0.0,"enemies":"2 Louse","floor":1.0,"turns":4.0},{"damage":2.0,"enemies":"Jaw Worm","floor":4.0,"turns":4.0},{"damage":4.0,"enemies":"Small Slimes","floor":7.0,"turns":3.0},{"damage":28.0,"enemies":"Lagavulin","floor":10.0,"turns":6.0},{"damage":10.0,"enemies":"3 Louse","floor":11.0,"turns":3.0},{"damage":10.0,"enemies":"Exordium Wildlife","floor":13.0,"turns":5.0},{"damage":0.0,"enemies":"Lots of Slimes","floor":14.0,"turns":3.0},{"damage":128.0,"enemies":"Slime Boss","floor":16.0,"turns":20.0},{"damage":29.0,"enemies":"Spheric Guardian","floor":18.0,"turns":6.0},{"damage":41.0,"enemies":"Shell Parasite","floor":19.0,"turns":11.0},{"damage":55.0,"enemies":"Masked Bandits","floor":21.0,"turns":8.0},{"damage":90.0,"enemies":"Slavers","floor":24.0,"turns":14.0},{"damage":0,"enemies":"Book of Stabbing","floor":27,"turns":1}],"seed_played":"7942557874625174869","potions_obtained":[{"floor":1.0,"key":"AttackPotion"},{"floor":13.0,"key":"DistilledChaos"},{"floor":18.0,"key":"Dexterity Potion"},{"floor":19.0,"key":"EssenceOfSteel"}],"is_trial":false,"path_per_floor":["M","?","$","M","$","R","M","?","T","E","M","R","M","M","R","B",null,"M","M","?","?","$","?","E","R","T","E"],"character_chosen":"THE_CURSED","items_purchased":["TheCursedMod:TacticalStrike","Juzu Bracelet","TheCursedMod:CursedBlade"],"campfire_rested":4,"item_purchase_floors":[5,22,22],"current_hp_per_floor":[68,53,53,51,51,73,69,69,69,43,35,58,50,52,76,25,69,40,81,81,28,28,28,17,42,42,42,42],"gold":30,"neow_bonus":"BOSS_RELIC","is_daily":false,"chose_seed":false,"campfire_upgraded":0,"win_rate":0.0,"timestamp":1612719157,"path_taken":["M","?","?","?","$","R","M","?","T","E","M","R","M","M","R","BOSS","M","M","?","?","$","?","E","R","T","E"],"items_purchased_type":["Card","Relic","Card"],"build_version":"2020-12-22","purchased_purges":2,"victory":false,"max_hp_per_floor":[75,75,75,75,75,75,75,75,75,77,79,79,81,83,83,83,83,83,83,83,85,85,85,85,85,85,85,85],"card_choices":[{"not_picked":[],"picked":"TheCursedMod:TacticalStrike","floor":1.0},{"not_picked":["TheCursedMod:Stretching"],"picked":"SKIP","floor":4.0},{"not_picked":["TheCursedMod:Wield"],"picked":"SKIP","floor":7.0},{"not_picked":["TheCursedMod:SpreadPlague"],"picked":"Singing Bowl","floor":10.0},{"not_picked":["TheCursedMod:PrepareRite"],"picked":"Singing Bowl","floor":11.0},{"not_picked":["TheCursedMod:FuryStrike"],"picked":"Singing Bowl","floor":13.0},{"not_picked":["TheCursedMod:DemonicPact"],"picked":"Singing Bowl","floor":14.0},{"not_picked":[],"picked":"TheCursedMod:ManaCirculation","floor":16.0},{"not_picked":[],"picked":"TheCursedMod:CursedAmulet","floor":18.0},{"not_picked":[],"picked":"TheCursedMod:Obscuration","floor":19.0},{"not_picked":["TheCursedMod:RapidMovement"],"picked":"Singing Bowl","floor":21.0},{"not_picked":[],"picked":"TheCursedMod:SpreadPlague+1","floor":24.0}],"player_experience":1019269,"relics_obtained":[{"floor":9.0,"key":"Art of War"},{"floor":10.0,"key":"Singing Bowl"},{"floor":21.0,"key":"Red Mask"},{"floor":24.0,"key":"Smiling Mask"},{"floor":26.0,"key":"Kunai"}],"event_choices":[{"damage_healed":0.0,"max_hp_gain":0.0,"max_hp_loss":0.0,"gold_gain":0.0,"event_name":"Shining Light","player_choice":"Entered Light","floor":2.0,"gold_loss":0.0,"damage_taken":15.0,"cards_upgraded":["TheCursedMod:Defend_TheCursed","TheCursedMod:Strike_TheCursed"]},{"damage_healed":0.0,"max_hp_gain":0.0,"max_hp_loss":0.0,"gold_gain":0.0,"event_name":"The Cleric","player_choice":"Leave","floor":8.0,"gold_loss":0.0,"damage_taken":0.0},{"damage_healed":0.0,"max_hp_gain":0.0,"max_hp_loss":0.0,"gold_gain":0.0,"event_name":"Addict","player_choice":"Stole Relic","floor":20.0,"gold_loss":0.0,"damage_taken":0.0,"relics_obtained":["Nunchaku"],"cards_obtained":["Shame"]},{"damage_healed":0.0,"max_hp_gain":0.0,"max_hp_loss":0.0,"gold_gain":0.0,"event_name":"Masked Bandits","player_choice":"Fought Bandits","floor":21.0,"gold_loss":0.0,"damage_taken":0.0},{"damage_healed":0.0,"max_hp_gain":0.0,"max_hp_loss":0.0,"gold_gain":0.0,"cards_transformed":["TheCursedMod:Strike_TheCursed"],"event_name":"Transmorgrifier","player_choice":"Transformed","floor":23.0,"gold_loss":0.0,"damage_taken":0.0,"cards_obtained":["TheCursedMod:BloodBarrier"]}],"is_beta":false,"boss_relics":[{"not_picked":["SlaversCollar","Philosopher\u0027s Stone"],"picked":"Snecko Eye"}],"items_purged_floors":[3,22],"is_endless":false,"potions_floor_spawned":[1,13,18,19],"killed_by":"Book of Stabbing","ascension_level":10}}