{"host":"aas8f8jvicx6tcxp","time":1612663327,"event":{"mods":["BaseMod","Better Third Choice","BetterRewards","Clockwork Mod","Minty Spire (QoL Compilation)","Shop Mod","StSLib","The Bladedancer","The Cursed"],"gold_per_floor":[114,114,133,152,29,29,48,86,161,161,199,199,218,237,237,362,362,381,400,25,25,25,25,40,40,40,55,70,100,100,115,115,215,215,230,245,260,10,10,10,40,40,40,40,40,40,55,70,70,70,70],"floor_reached":50,"language":"ENG","playtime":4164,"items_purged":["Injury"],"score":506,"play_id":"57774cce-648d-46a8-af07-61e6aac4ff91","local_time":"20210206200207","daily_mods":["Heirloom","ControlledChaos","Lethality"],"is_ascension_mode":false,"campfire_choices":[{"data":"White Noise","floor":6,"key":"SMITH"},{"floor":10,"key":"REST"},{"floor":15,"key":"REST"},{"floor":23,"key":"REST"},{"floor":25,"key":"REST"},{"floor":30,"key":"REST"},{"floor":32,"key":"REST"},{"floor":40,"key":"REST"},{"floor":42,"key":"REST"},{"floor":44,"key":"REST"},{"data":"Buffer","floor":49,"key":"SMITH"}],"circlet_count":0,"master_deck":["Strike_B","Strike_B","Strike_B","Strike_B","Defend_B","Defend_B","Defend_B","Defend_B","Zap","Dualcast","Cold Snap","White Noise+1","Barrage","Stack","Redo","Conserve Battery","Conserve Battery","Reboot","Sunder","Buffer+1","Consume+1","Creative AI","Stack+1","White Noise+1","Thunder Strike","Lockon+1","White Noise+1","Tempest+1","Defragment"],"relics":["Cracked Core","Frozen Eye","Incense Burner","Bloody Idol","Bird Faced Urn","Matryoshka","Boot","Black Star","Potion Belt","Cauldron","Vajra","Toxic Egg 2","InkBottle","Dream Catcher","Busted Crown","Mummified Hand","Nunchaku","The Courier","Happy Flower","Dead Branch"],"acts_visited":["Exordium","TheCity","TheBeyond"],"potions_floor_usage":[4,8,16,24,24,27,29,29,31,33,36,39],"damage_taken":[{"damage":9,"enemies":"2 Louse","floor":1,"turns":3},{"damage":2,"enemies":"Jaw Worm","floor":3,"turns":3},{"damage":0,"enemies":"Cultist","floor":4,"turns":2},{"damage":7,"enemies":"Looter","floor":7,"turns":3},{"damage":18,"enemies":"Lagavulin","floor":8,"turns":5},{"damage":19,"enemies":"Gremlin Nob","floor":11,"turns":4},{"damage":10,"enemies":"Gremlin Gang","floor":13,"turns":4},{"damage":17,"enemies":"Red Slaver","floor":14,"turns":3},{"damage":51,"enemies":"The Guardian","floor":16,"turns":9},{"damage":25,"enemies":"Spheric Guardian","floor":18,"turns":4},{"damage":36,"enemies":"Chosen","floor":19,"turns":5},{"damage":4,"enemies":"Snake Plant","floor":24,"turns":2},{"damage":8,"enemies":"Cultist and Chosen","floor":27,"turns":5},{"damage":42,"enemies":"Snecko","floor":28,"turns":7},{"damage":38,"enemies":"Book of Stabbing","floor":29,"turns":7},{"damage":25,"enemies":"Sentry and Sphere","floor":31,"turns":6},{"damage":48,"enemies":"Champ","floor":33,"turns":11},{"damage":11,"enemies":"Orb Walker","floor":35,"turns":5},{"damage":37,"enemies":"3 Darklings","floor":36,"turns":4},{"damage":18,"enemies":"Sphere and 2 Shapes","floor":37,"turns":6},{"damage":17,"enemies":"Jaw Worm Horde","floor":39,"turns":2},{"damage":33,"enemies":"Giant Head","floor":41,"turns":9},{"damage":16,"enemies":"3 Darklings","floor":47,"turns":2},{"damage":3,"enemies":"Sphere and 2 Shapes","floor":48,"turns":3},{"damage":83,"enemies":"Time Eater","floor":50,"turns":3}],"seed_played":"8884597751285247366","potions_obtained":[{"floor":3,"key":"SneckoOil"},{"floor":7,"key":"DuplicationPotion"},{"floor":14,"key":"CultistPotion"},{"floor":16,"key":"SpeedPotion"},{"floor":20,"key":"DuplicationPotion"},{"floor":20,"key":"GamblersBrew"},{"floor":20,"key":"DistilledChaos"},{"floor":20,"key":"Fire Potion"},{"floor":20,"key":"Regen Potion"},{"floor":24,"key":"DuplicationPotion"},{"floor":29,"key":"Fire Potion"},{"floor":31,"key":"Energy Potion"},{"floor":36,"key":"SmokeBomb"},{"floor":48,"key":"DistilledChaos"}],"is_trial":false,"path_per_floor":["M","?","M","M","$","R","M","E","T","R","E","?","M","M","R","B",null,"M","M","$","?","?","R","M","R","T","M","M","E","R","M","R","B",null,"M","M","M","$","M","R","E","R","T","R","?","$","M","M","R","B"],"character_chosen":"DEFECT","items_purchased":["Stack","Potion Belt","Cauldron","DistilledChaos","Mummified Hand"],"campfire_rested":9,"item_purchase_floors":[5,20,20,20,38],"current_hp_per_floor":[66,66,64,64,64,64,57,39,39,61,44,44,36,23,45,4,75,52,22,22,22,22,44,45,67,67,70,42,31,53,41,63,42,75,71,45,40,40,27,49,35,57,57,75,75,75,68,75,75,0,0],"gold":70,"neow_bonus":"","is_daily":true,"chose_seed":false,"campfire_upgraded":2,"win_rate":0.0,"timestamp":1612663327,"path_taken":["M","?","M","M","$","R","M","E","T","R","E","?","M","?","R","BOSS","M","M","$","?","?","R","M","R","T","?","M","E","R","M","R","BOSS","M","M","M","$","M","R","E","R","T","R","?","$","M","?","R","BOSS"],"items_purchased_type":["Card","Relic","Relic","Potion","Relic"],"build_version":"2020-12-22","purchased_purges":1,"victory":false,"max_hp_per_floor":[75,75,75,75,75,75,75,75,75,75,75,75,75,75,75,75,75,75,75,75,75,75,75,75,75,75,75,75,75,75,75,75,75,75,75,75,75,75,75,75,75,75,75,75,75,75,75,75,75,75,75],"card_choices":[{"not_picked":["Ball Lightning","Turbo"],"picked":"Cold Snap","floor":1},{"not_picked":["Coolheaded","Go for the Eyes"],"picked":"White Noise","floor":3},{"not_picked":["Steam","Gash"],"picked":"Barrage","floor":4},{"not_picked":["Compile Driver","Sweeping Beam"],"picked":"Redo","floor":7},{"not_picked":["Steam","Hologram"],"picked":"Conserve Battery","floor":8},{"not_picked":["Turbo","All For One","Doom and Gloom"],"picked":"SKIP","floor":11},{"not_picked":["Beam Cell","Fusion","Chill"],"picked":"SKIP","floor":13},{"not_picked":["Turbo","Rebound"],"picked":"Conserve Battery","floor":14},{"not_picked":["Core Surge","Hyperbeam"],"picked":"Reboot","floor":16},{"not_picked":["Sweeping Beam","Gash"],"picked":"Sunder","floor":18},{"not_picked":["Gash","Streamline","Beam Cell"],"picked":"SKIP","floor":19},{"not_picked":["Steam","Go for the Eyes+1"],"picked":"Buffer","floor":24},{"not_picked":["Beam Cell+1","Compile Driver","Turbo+1"],"picked":"SKIP","floor":27},{"not_picked":["Rip and Tear+1","Conserve Battery+1"],"picked":"Consume+1","floor":28},{"not_picked":["Ball Lightning","Compile Driver+1"],"picked":"Creative AI","floor":29},{"not_picked":["Barrage","Auto Shields+1"],"picked":"Stack+1","floor":30},{"not_picked":["Go for the Eyes+1","Gash","BootSequence+1"],"picked":"SKIP","floor":31},{"not_picked":["Redo+1","Hologram+1"],"picked":"White Noise+1","floor":32},{"not_picked":["Creative AI","Machine Learning"],"picked":"Thunder Strike","floor":33},{"not_picked":["Sweeping Beam"],"picked":"SKIP","floor":35},{"not_picked":[],"picked":"Lockon+1","floor":36},{"not_picked":["Rip and Tear"],"picked":"SKIP","floor":37},{"not_picked":["Doom and Gloom"],"picked":"SKIP","floor":41},{"not_picked":[],"picked":"Tempest+1","floor":47},{"not_picked":[],"picked":"Defragment","floor":48}],"player_experience":278272,"relics_obtained":[{"floor":8,"key":"Bird Faced Urn"},{"floor":9,"key":"Matryoshka"},{"floor":11,"key":"Boot"},{"floor":26,"key":"Vajra"},{"floor":26,"key":"Toxic Egg 2"},{"floor":29,"key":"InkBottle"},{"floor":29,"key":"Dream Catcher"},{"floor":41,"key":"Nunchaku"},{"floor":41,"key":"The Courier"},{"floor":43,"key":"Happy Flower"},{"floor":43,"key":"Dead Branch"}],"event_choices":[{"damage_healed":0,"gold_gain":0,"player_choice":"Take Wound","damage_taken":0,"relics_obtained":["Golden Idol"],"max_hp_gain":0,"max_hp_loss":0,"event_name":"Golden Idol","floor":2,"gold_loss":0,"cards_obtained":["Injury"]},{"damage_healed":0,"gold_gain":0,"player_choice":"Ignored","damage_taken":199,"max_hp_gain":0,"max_hp_loss":0,"event_name":"betterThird:BetterSerpent","floor":12,"gold_loss":0},{"damage_healed":0,"gold_gain":0,"player_choice":"Gave Idol","damage_taken":0,"relics_obtained":["Bloody Idol"],"max_hp_gain":0,"max_hp_loss":0,"event_name":"Forgotten Altar","floor":21,"relics_lost":["Golden Idol"],"gold_loss":0},{"damage_healed":0,"gold_gain":0,"player_choice":"Ignored","damage_taken":0,"max_hp_gain":0,"max_hp_loss":0,"event_name":"Purifier","floor":22,"gold_loss":0},{"damage_healed":0,"gold_gain":0,"player_choice":"Copied","damage_taken":0,"max_hp_gain":0,"max_hp_loss":0,"event_name":"Duplicator","floor":45,"gold_loss":0,"cards_obtained":["White Noise"]}],"is_beta":false,"boss_relics":[{"not_picked":["Nuclear Battery","Philosopher\u0027s Stone"],"picked":"Black Star"},{"not_picked":["Astrolabe","Calling Bell"],"picked":"Busted Crown"}],"items_purged_floors":[5],"is_endless":false,"potions_floor_spawned":[3,7,14,16,24,29,31,36,48],"killed_by":"Time Eater","ascension_level":0}}