{"host":"6h0diz2ap0m56grs","time":1612680988,"event":{"mods":["2.2 Compatiblity","BaseMod","Colored Map","Marisa????????","Minty Spire (QoL Compilation)","Quick Restart","Replay The Spire","Shop Mod","StSLib","The Servant 0.9.4"],"gold_per_floor":[110,124,141,241,85,120,145,180,204,239,239,270,270,300,300,402,402,413,413,391,409,419,445,476,508,535,566,335,369,369,403,403,505,505,523,543,557,568,244,277,311,373,373,435,435,502,502,550,550,576],"floor_reached":51,"language":"ENG","playtime":1572,"items_purged":[],"score":1604,"play_id":"69b17d00-b5f1-4239-af49-a449c1e53738","local_time":"20210207005628","daily_mods":["SealedDeck","Heirloom","Time Dilation","Flight"],"is_ascension_mode":true,"campfire_choices":[{"data":"SilverBlades","floor":11,"key":"SMITH"},{"data":"SilverBlades","floor":13,"key":"SMITH"},{"data":"SurpressingFire","floor":15,"key":"SMITH"},{"data":"SilverBlades","floor":30,"key":"SMITH"},{"data":"Orbit","floor":32,"key":"SMITH"},{"data":"SurpressingFire","floor":45,"key":"SMITH"},{"data":"SoulSculpture","floor":47,"key":"SMITH"},{"data":"Misdirection","floor":49,"key":"SMITH"}],"circlet_count":0,"master_deck":["Sabotage+1","Moonlight+1","Ricochet","DancingSilver","SurpressingFire+1","Ricochet","SilverBlades+1","DancingSilver","Barrier","SilverBlades+1","TimeTheft","GearUp","Misdirection+1","Orbit+1","SilverBlades+1","InstantArmor+1","SilverBlades+1","Dilation+1","SurpressingFire+1","SoulSculpture+1","BestPractice+1"],"relics":["Uniform","replay:Trail_Library","Durian","Medical Kit","Snack Pack","Orichalcum","Bag of Marbles","Happy Flower","Painkiller Herb","MerchantsRug","Replay:Mystery Machine","Replay:Wax Seal","Toxic Egg 2","Vajra","Centennial Puzzle","Omamori","SlaversCollar","Shuriken","Replay:Bandana","Potion Belt","Bottled Lightning","ReplayTheSpireMod:Lightbulb","PocketWatch","Quantum Egg"],"acts_visited":["Exordium","TheCity","TheBeyond"],"potions_floor_usage":[24,27,33,50,50],"damage_taken":[{"damage":0,"enemies":"Cultist","floor":1,"turns":3},{"damage":0,"enemies":"2 Louse","floor":2,"turns":2},{"damage":0,"enemies":"Jaw Worm","floor":3,"turns":4},{"damage":8,"enemies":"3 Sentries","floor":6,"turns":5},{"damage":0,"enemies":"Lagavulin","floor":7,"turns":4},{"damage":0,"enemies":"Replay:BlueRogue","floor":8,"turns":5},{"damage":5,"enemies":"3 Sentries","floor":10,"turns":4},{"damage":0,"enemies":"Lagavulin","floor":12,"turns":4},{"damage":0,"enemies":"Gremlin Nob","floor":14,"turns":2},{"damage":0,"enemies":"Fading Forest","floor":16,"turns":8},{"damage":0,"enemies":"Shell Parasite","floor":18,"turns":2},{"damage":0,"enemies":"2 Thieves","floor":21,"turns":2},{"damage":0,"enemies":"3 Cultists","floor":22,"turns":3},{"damage":0,"enemies":"Gremlin Leader","floor":23,"turns":3},{"damage":0,"enemies":"Book of Stabbing","floor":24,"turns":2},{"damage":1,"enemies":"Slavers","floor":25,"turns":3},{"damage":1,"enemies":"Replay:Snechameleon","floor":27,"turns":2},{"damage":0,"enemies":"Book of Stabbing","floor":29,"turns":3},{"damage":0,"enemies":"Replay:Snechameleon","floor":31,"turns":2},{"damage":0,"enemies":"Champ","floor":33,"turns":8},{"damage":1,"enemies":"3 Darklings","floor":35,"turns":3},{"damage":0,"enemies":"3 Shapes","floor":36,"turns":2},{"damage":0,"enemies":"3 Darklings","floor":37,"turns":1},{"damage":0,"enemies":"Jaw Worm Horde","floor":38,"turns":1},{"damage":0,"enemies":"Giant Head","floor":40,"turns":5},{"damage":0,"enemies":"Spire Growth","floor":41,"turns":2},{"damage":0,"enemies":"R_Hoarder","floor":42,"turns":4},{"damage":0,"enemies":"Nemesis","floor":44,"turns":3},{"damage":0,"enemies":"R_Hoarder","floor":46,"turns":4},{"damage":0,"enemies":"Giant Head","floor":48,"turns":5},{"damage":0,"enemies":"Time Eater","floor":50,"turns":5}],"seed_played":"-9149811237490678306","potions_obtained":[{"floor":1,"key":"Adrenaline Potion"},{"floor":3,"key":"Elixir"},{"floor":8,"key":"Energy Potion"},{"floor":10,"key":"AttackPotion"},{"floor":14,"key":"PowerPotion"},{"floor":19,"key":"PowerPotion"},{"floor":24,"key":"Fruit Juice"},{"floor":27,"key":"Dexterity Potion"},{"floor":36,"key":"Explosive Potion"},{"floor":44,"key":"Swift Potion"},{"floor":46,"key":"SmokeBomb"}],"is_trial":true,"path_per_floor":["M","M","M","?","$","E","E","E","T","E","R","E","R","E","R","B",null,"?","?","T","?","?","E","E","E","T","E","T","E","T","E","T","B",null,"?","?","?","?","T","E","?","E","T","E","T","E","T","E","T","B",null],"character_chosen":"THE_SERVANT","items_purchased":["Medical Kit","MerchantsRug","Vajra","InstantArmor+1","SilverBlades","Shuriken","SurpressingFire"],"campfire_rested":0,"item_purchase_floors":[5,20,28,28,28,39,39],"current_hp_per_floor":[70,70,70,70,70,62,64,64,64,59,59,59,59,59,59,69,70,70,70,70,70,70,70,70,69,69,73,73,73,73,73,73,73,75,74,74,74,74,74,74,74,74,74,74,74,75,75,75,75,75],"gold":576,"neow_bonus":"","is_daily":false,"chose_seed":false,"campfire_upgraded":8,"win_rate":0.0,"timestamp":1612680988,"path_taken":["M","M","?","?","?","E","E","E","T","E","R","E","R","E","R","BOSS","?","?","T","?","?","E","E","E","T","E","T","E","T","E","T","BOSS","?","?","?","?","T","E","?","E","T","E","T","E","T","E","T","BOSS"],"items_purchased_type":["Relic","Relic","Relic","Card","Card","Relic","Card"],"build_version":"2020-12-22","purchased_purges":0,"victory":true,"max_hp_per_floor":[70,70,70,70,70,70,70,70,70,70,70,70,70,70,70,70,70,70,70,70,70,70,70,70,70,70,75,75,75,75,75,75,75,75,75,75,75,75,75,75,75,75,75,75,75,75,75,75,75,75],"card_choices":[{"not_picked":["Ricochet","Snipe"],"picked":"TimeTheft","floor":1},{"not_picked":["Alleviate","Rearm"],"picked":"GearUp","floor":2},{"not_picked":["Potential","Defy","Hightail"],"picked":"SKIP","floor":3},{"not_picked":["Rewind","Advance","BottledTime"],"picked":"SKIP","floor":6},{"not_picked":["Reset","Gouge","ShatteredReality"],"picked":"SKIP","floor":7},{"not_picked":["ShatteredReality","Luminosity","Potential"],"picked":"SKIP","floor":8},{"not_picked":["Rewind","LightFlow","ShatteredReality"],"picked":"SKIP","floor":10},{"not_picked":["Sunlight","ShatteredReality"],"picked":"Orbit","floor":12},{"not_picked":["Manipulate","BestPractice","Defy"],"picked":"SKIP","floor":14},{"not_picked":["Shuttle","Moonlight","TimeWarp"],"picked":"SKIP","floor":18},{"not_picked":["ShatteredReality","BottledTime","Ricochet"],"picked":"SKIP","floor":21},{"not_picked":["Unruled","Starlight","Advance"],"picked":"SKIP","floor":22},{"not_picked":["Gouge","StarChef","Rewind"],"picked":"SKIP","floor":23},{"not_picked":["Sabotage+1","Foresight"],"picked":"SilverBlades+1","floor":24},{"not_picked":["TimeWarp+1","Alleviate","Starlight"],"picked":"SKIP","floor":25},{"not_picked":["TrueSight","DoubleEdge","Potential"],"picked":"SKIP","floor":27},{"not_picked":["Rewind+1","Deadline+1","BottledTime+1"],"picked":"SKIP","floor":29},{"not_picked":["TimeWarp","Defy+1","StarChef"],"picked":"SKIP","floor":31},{"not_picked":["Duplication+1","SilverMatrix"],"picked":"Dilation+1","floor":33},{"not_picked":["BottledTime+1","Defy+1","Revamp+1"],"picked":"SKIP","floor":35},{"not_picked":["Replace+1","Alleviate+1","BottledTime+1"],"picked":"SKIP","floor":36},{"not_picked":["Defy+1","FastForward+1","Unruled+1"],"picked":"SKIP","floor":37},{"not_picked":["ShiftingGears+1","FanOfKnives","SpecialFormula+1"],"picked":"SKIP","floor":38},{"not_picked":["Reset+1","SpecialFormula+1","Spin"],"picked":"SKIP","floor":40},{"not_picked":["ShatteredReality","BottledTime+1"],"picked":"SoulSculpture","floor":41},{"not_picked":["Advance+1","Deadline+1","KillingDoll"],"picked":"SKIP","floor":42},{"not_picked":["BestPractice+1","Defy+1","BottledTime+1"],"picked":"SKIP","floor":44},{"not_picked":["Defy+1","BottledTime+1"],"picked":"BestPractice+1","floor":44},{"not_picked":["Rearm+1","FastForward+1","Rewind+1"],"picked":"SKIP","floor":46},{"not_picked":["Spin+1","Rewind+1","Replace+1"],"picked":"SKIP","floor":48}],"player_experience":234522,"relics_obtained":[{"floor":6,"key":"Snack Pack"},{"floor":7,"key":"MealTicket"},{"floor":8,"key":"Whetstone"},{"floor":9,"key":"Orichalcum"},{"floor":10,"key":"Bag of Marbles"},{"floor":12,"key":"Happy Flower"},{"floor":14,"key":"Replay:PocketPolymizer"},{"floor":23,"key":"Broom"},{"floor":24,"key":"Gremlin Food"},{"floor":25,"key":"Replay:Mystery Machine"},{"floor":26,"key":"Replay:Wax Seal"},{"floor":27,"key":"Toxic Egg 2"},{"floor":29,"key":"Centennial Puzzle"},{"floor":31,"key":"Omamori"},{"floor":40,"key":"Replay:Bandana"},{"floor":42,"key":"Potion Belt"},{"floor":43,"key":"Bottled Lightning"},{"floor":44,"key":"ReplayTheSpireMod:Lightbulb"},{"floor":46,"key":"PocketWatch"},{"floor":48,"key":"Quantum Egg"}],"event_choices":[{"damage_healed":0,"gold_gain":100,"player_choice":"Pray","damage_taken":0,"max_hp_gain":0,"max_hp_loss":0,"event_name":"Golden Shrine","floor":4,"gold_loss":0},{"damage_healed":0,"gold_gain":0,"player_choice":"Got Potions","damage_taken":0,"max_hp_gain":0,"max_hp_loss":0,"event_name":"Lab","floor":19,"gold_loss":0}],"is_beta":false,"boss_relics":[{"not_picked":["Kintsugi","Empty Cage"],"picked":"Painkiller Herb"},{"not_picked":["Replay:Drink Me","Snecko Heart"],"picked":"SlaversCollar"}],"items_purged_floors":[],"is_endless":false,"potions_floor_spawned":[1,3,8,10,14,23,24,25,27,36,37,44,46],"ascension_level":1}}