{"host":"Ryley","time":1612673833,"event":{"mods":["BaseMod","Downfall","Minty Spire (QoL Compilation)","StSLib"],"gold_per_floor":[118,118,129,54,69,103,103,164,234,252,280,280,280,290,290,388,388,405,417,131,131,131],"floor_reached":21,"language":"ENG","playtime":606,"items_purged":["Strike_B","Strike_B"],"score":189,"play_id":"dc892f5c-6d6d-45fb-9f73-6150a3fb4f1d","local_time":"20210206225712","is_ascension_mode":false,"campfire_choices":[{"floor":7,"key":"REST"},{"floor":15,"key":"REST"}],"circlet_count":0,"master_deck":["Strike_B","Strike_B","Defend_B","Defend_B","Defend_B","Defend_B","Zap","Dualcast","Lockon","Sweeping Beam","Ball Lightning","Hologram","Loop","Rebound","Leap","Capacitor+1","Seek","Defragment+1"],"relics":["Cracked Core","PreservedInsect","Regal Pillow","Potion Belt","StrikeDummy","Frozen Egg 2","Blue Candle","Black Star","Strawberry"],"acts_visited":["Exordium","TheCity"],"potions_floor_usage":[16],"damage_taken":[{"damage":9,"enemies":"Small Slimes","floor":1,"turns":4},{"damage":9,"enemies":"2 Louse","floor":3,"turns":2},{"damage":1,"enemies":"Cultist","floor":5,"turns":3},{"damage":23,"enemies":"Lagavulin","floor":6,"turns":5},{"damage":14,"enemies":"3 Sentries","floor":8,"turns":5},{"damage":11,"enemies":"Red Slaver","floor":10,"turns":3},{"damage":11,"enemies":"Gremlin Nob","floor":11,"turns":3},{"damage":5,"enemies":"3 Louse","floor":14,"turns":2},{"damage":32,"enemies":"Slime Boss","floor":16,"turns":10},{"damage":20,"enemies":"3 Byrds","floor":18,"turns":5},{"damage":40,"enemies":"Spheric Guardian","floor":19,"turns":6},{"damage":33,"enemies":"Shelled Parasite and Fungi","floor":21,"turns":2}],"seed_played":"677936471589123957","potions_obtained":[{"floor":5,"key":"Weak Potion"},{"floor":10,"key":"SteroidPotion"},{"floor":16,"key":"Strength Potion"}],"is_trial":false,"path_per_floor":["M","?","M","$","M","E","R","?","T","M","E","?","T","M","R","B",null,"M","M","$","M"],"character_chosen":"DEFECT","items_purchased":["Defragment+1","Strawberry"],"campfire_rested":2,"item_purchase_floors":[20,20],"current_hp_per_floor":[66,63,54,54,53,30,67,53,53,42,31,56,56,51,75,43,75,55,15,22,0,0],"gold":131,"neow_bonus":"THREE_CARDS","is_daily":false,"chose_seed":false,"campfire_upgraded":0,"win_rate":0.0,"timestamp":1612673832,"path_taken":["M","?","M","$","M","E","R","?","T","M","E","?","?","M","R","BOSS","M","M","$","M"],"items_purchased_type":["Card","Relic"],"build_version":"2020-12-18","purchased_purges":2,"victory":false,"max_hp_per_floor":[75,75,75,75,75,75,75,75,75,75,75,75,75,75,75,75,75,75,75,82,82,82],"card_choices":[{"not_picked":["Barrage","Cold Snap"],"picked":"Lockon","floor":0},{"not_picked":["Steam","Steam Power"],"picked":"Sweeping Beam","floor":1},{"not_picked":["Cold Snap","Steam Power"],"picked":"Ball Lightning","floor":3},{"not_picked":["Ball Lightning","Tempest"],"picked":"Hologram","floor":5},{"not_picked":["Go for the Eyes","Machine Learning"],"picked":"Loop","floor":6},{"not_picked":["BootSequence","Go for the Eyes"],"picked":"Rebound","floor":8},{"not_picked":["Coolheaded","Streamline"],"picked":"Leap","floor":10},{"not_picked":["Loop+1","Reprogram"],"picked":"Capacitor+1","floor":11},{"not_picked":["Cold Snap","Capacitor+1","Streamline"],"picked":"SKIP","floor":14},{"not_picked":["Amplify","All For One"],"picked":"Seek","floor":16},{"not_picked":["Hologram","Streamline","Ball Lightning"],"picked":"SKIP","floor":18},{"not_picked":["Leap","Compile Driver+1","Undo+1"],"picked":"SKIP","floor":19}],"player_experience":388962,"relics_obtained":[{"floor":6,"key":"Regal Pillow"},{"floor":8,"key":"Potion Belt"},{"floor":9,"key":"StrikeDummy"},{"floor":11,"key":"Frozen Egg 2"},{"floor":13,"key":"Blue Candle"}],"event_choices":[{"damage_healed":0,"gold_gain":0,"player_choice":"Success","damage_taken":3,"relics_obtained":["PreservedInsect"],"max_hp_gain":0,"max_hp_loss":0,"event_name":"Scrap Ooze","floor":2,"gold_loss":0},{"damage_healed":0,"gold_gain":0,"player_choice":"Searched \u00271\u0027 times","damage_taken":0,"max_hp_gain":0,"max_hp_loss":0,"event_name":"Dead Adventurer","floor":8,"gold_loss":0},{"damage_healed":25,"gold_gain":0,"player_choice":"Banana","damage_taken":0,"max_hp_gain":0,"max_hp_loss":0,"event_name":"Big Fish","floor":12,"gold_loss":0}],"is_beta":true,"boss_relics":[{"not_picked":["Coffee Dripper","FrozenCore"],"picked":"Black Star"}],"items_purged_floors":[4,20],"is_endless":false,"potions_floor_spawned":[5,10,16],"killed_by":"Shelled Parasite and Fungi","ascension_level":0}}