{"host":"7108daw7adv7mxyd","time":1612662267,"event":{"mods":["BaseMod","Minty Spire (QoL Compilation)","StSLib"],"gold_per_floor":[117,117,117,17,34,66,77,91,91,111,111,124,424,437,437,535,535,535,535,460,460,460,460,332,5,5,5,5,5,5,5,5,5,5],"floor_reached":33,"language":"ENG","playtime":1478,"items_purged":["Strike_G"],"score":303,"play_id":"15ea9b9d-fcdd-41f4-8749-1bd0c5804767","local_time":"20210206204427","is_ascension_mode":true,"campfire_choices":[{"floor":15,"key":"REST"},{"floor":23,"key":"REST"},{"floor":28,"key":"REST"},{"floor":32,"key":"REST"}],"circlet_count":0,"master_deck":["Strike_G","Strike_G","Defend_G","Defend_G","Defend_G","Defend_G","Survivor","Neutralize","Noxious Fumes","Slice","Deflect","Cloak And Dagger","Deadly Poison","Adrenaline","Slice","Infinite Blades","Poisoned Stab","Phantasmal Killer","Accuracy","Poisoned Stab","Infinite Blades","Cloak And Dagger","Swift Strike","Dodge and Roll+1"],"relics":["Ring of the Snake","Shovel","Pocketwatch","Mercury Hourglass","Old Coin","Ectoplasm","Girya","Anchor","PreservedInsect","HornCleat"],"acts_visited":["Exordium","TheCity"],"potions_floor_usage":[14,14,16,19,22,33],"damage_taken":[{"damage":0,"enemies":"2 Louse","floor":1,"turns":3},{"damage":0,"enemies":"Small Slimes","floor":5,"turns":4},{"damage":25,"enemies":"3 Sentries","floor":6,"turns":9},{"damage":1,"enemies":"Cultist","floor":7,"turns":4},{"damage":5,"enemies":"Gremlin Gang","floor":8,"turns":4},{"damage":0,"enemies":"2 Fungi Beasts","floor":10,"turns":3},{"damage":0,"enemies":"Blue Slaver","floor":12,"turns":3},{"damage":0,"enemies":"Large Slime","floor":14,"turns":4},{"damage":16,"enemies":"Hexaghost","floor":16,"turns":8},{"damage":5,"enemies":"3 Byrds","floor":18,"turns":4},{"damage":14,"enemies":"Spheric Guardian","floor":19,"turns":4},{"damage":14,"enemies":"Snake Plant","floor":22,"turns":4},{"damage":39,"enemies":"Slavers","floor":27,"turns":5},{"damage":16,"enemies":"Snecko","floor":29,"turns":5},{"damage":8,"enemies":"Book of Stabbing","floor":30,"turns":4},{"damage":7,"enemies":"Shelled Parasite and Fungi","floor":31,"turns":5},{"damage":60,"enemies":"Automaton","floor":33,"turns":6}],"seed_played":"-1209182171795083711","potions_obtained":[{"floor":5,"key":"DuplicationPotion"},{"floor":7,"key":"Strength Potion"},{"floor":12,"key":"AttackPotion"},{"floor":16,"key":"Block Potion"},{"floor":18,"key":"FearPotion"},{"floor":30,"key":"BlessingOfTheForge"}],"is_trial":false,"path_per_floor":["M","?","?","$","M","E","M","M","T","M","?","M","T","M","R","B",null,"M","M","?","?","M","R","?","$","T","E","R","M","E","M","R","B"],"character_chosen":"THE_SILENT","items_purchased":["Slice","Infinite Blades","Anchor","Cloak And Dagger","Swift Strike"],"campfire_rested":4,"item_purchase_floors":[4,25,25,25,25],"current_hp_per_floor":[70,63,63,63,63,38,37,32,32,32,20,20,20,20,41,25,70,65,51,51,51,37,58,58,58,58,19,40,24,16,9,30,0,0],"gold":5,"neow_bonus":"REMOVE_CARD","is_daily":false,"chose_seed":false,"campfire_upgraded":0,"win_rate":0.0,"timestamp":1612662267,"path_taken":["M","?","?","$","?","E","?","M","T","M","?","M","?","M","R","BOSS","M","M","?","?","?","R","?","$","T","E","R","?","E","M","R","BOSS"],"items_purchased_type":["Card","Card","Relic","Card","Card"],"build_version":"2020-12-22","purchased_purges":1,"victory":false,"max_hp_per_floor":[70,70,70,70,70,70,70,70,70,70,70,70,70,70,70,70,70,70,70,70,70,70,70,70,70,70,70,70,70,70,70,70,70,70],"card_choices":[{"not_picked":["Dagger Spray","Underhanded Strike"],"picked":"Noxious Fumes","floor":1},{"not_picked":["Distraction","Expertise"],"picked":"Deflect","floor":5},{"not_picked":["Riddle With Holes","Heel Hook"],"picked":"Cloak And Dagger","floor":6},{"not_picked":["Underhanded Strike","Well Laid Plans"],"picked":"Deadly Poison","floor":7},{"not_picked":["Outmaneuver","PiercingWail"],"picked":"Adrenaline","floor":8},{"not_picked":["Sucker Punch","Accuracy"],"picked":"Slice","floor":10},{"not_picked":["Dodge and Roll","Underhanded Strike"],"picked":"Infinite Blades","floor":12},{"not_picked":["Concentrate","Caltrops"],"picked":"Poisoned Stab","floor":14},{"not_picked":["Die Die Die","Bullet Time"],"picked":"Phantasmal Killer","floor":16},{"not_picked":["Dagger Throw","Eviscerate","Slice"],"picked":"SKIP","floor":18},{"not_picked":["Heel Hook","Distraction"],"picked":"Accuracy","floor":19},{"not_picked":["Backflip","Dodge and Roll"],"picked":"Poisoned Stab","floor":22},{"not_picked":["Dagger Spray","Acrobatics"],"picked":"Dodge and Roll+1","floor":27},{"not_picked":["Skewer","Bouncing Flask","Endless Agony"],"picked":"SKIP","floor":29},{"not_picked":["Caltrops","Eviscerate+1","Doppelganger"],"picked":"SKIP","floor":30},{"not_picked":["Quick Slash+1","Crippling Poison","Backflip"],"picked":"SKIP","floor":31}],"player_experience":306995,"relics_obtained":[{"floor":6,"key":"Shovel"},{"floor":9,"key":"Pocketwatch"},{"floor":13,"key":"Old Coin"},{"floor":27,"key":"PreservedInsect"},{"floor":30,"key":"HornCleat"}],"event_choices":[{"cards_removed":["Defend_G"],"damage_healed":0,"gold_gain":0,"player_choice":"Card Removal","damage_taken":7,"max_hp_gain":0,"max_hp_loss":0,"event_name":"Golden Wing","floor":2,"gold_loss":0},{"damage_healed":0,"gold_gain":0,"player_choice":"Bought 0 Potions","damage_taken":0,"max_hp_gain":0,"max_hp_loss":0,"event_name":"The Woman in Blue","floor":3,"gold_loss":0},{"damage_healed":0,"gold_gain":0,"player_choice":"Success","damage_taken":12,"relics_obtained":["Mercury Hourglass"],"max_hp_gain":0,"max_hp_loss":0,"event_name":"Scrap Ooze","floor":11,"gold_loss":0},{"cards_removed":["Strike_G"],"damage_healed":0,"gold_gain":0,"player_choice":"Gave Gold","damage_taken":0,"max_hp_gain":0,"max_hp_loss":0,"event_name":"Beggar","floor":20,"gold_loss":75},{"cards_removed":["Writhe"],"damage_healed":0,"gold_gain":0,"player_choice":"Took Card","damage_taken":0,"max_hp_gain":0,"max_hp_loss":0,"event_name":"NoteForYourself","floor":21,"gold_loss":0,"cards_obtained":["Writhe"]},{"damage_healed":0,"gold_gain":0,"player_choice":"Paid Gold","damage_taken":0,"relics_obtained":["Girya"],"max_hp_gain":0,"max_hp_loss":0,"event_name":"WeMeetAgain","floor":24,"gold_loss":128}],"is_beta":false,"boss_relics":[{"not_picked":["Runic Dome","Coffee Dripper"],"picked":"Ectoplasm"}],"items_purged_floors":[4],"is_endless":false,"potions_floor_spawned":[5,7,12,16,18,22,30],"killed_by":"Automaton","ascension_level":1}}