{"host":"nwd160me4iqdtr8u","time":1612721407,"event":{"mods":["AchievementEnabler","Act Like it!","BaseMod","Colored Map","DeckTracker","Hallownest","Keyboard Shortcuts","Minty Spire (QoL Compilation)","Quick Restart","Rare Cards Sparkle","Smile Girya","StSLib","SuperFastMode","The Bug Knight","everything is the same but u backflip on backflip"],"gold_per_floor":[110,110,128,146,0,25,25,60,87,87,87,104,104,116,116,116,116],"floor_reached":16,"language":"KOR","playtime":699,"items_purged":[],"score":128,"play_id":"a4192376-9303-4c28-bda3-4f968c6b0262","local_time":"20210208031007","is_ascension_mode":true,"campfire_choices":[{"data":"HollowMod:AbyssShriek","floor":7.0,"key":"SMITH"},{"floor":10.0,"key":"REST"},{"data":"Deep Breath","floor":13,"key":"SMITH"},{"data":"HollowMod:HeavyBlow","floor":15,"key":"SMITH"}],"circlet_count":0,"master_deck":["HollowMod:NailStrikeStart+1","HollowMod:NailStrikeStart+1","HollowMod:QuickDashStart","HollowMod:QuickDashStart","HollowMod:QuickDashStart","HollowMod:FocusHealStart","HollowMod:PogoStrike","Deep Breath+1","HollowMod:HeavyBlow+1","HollowMod:CycloneSlash","HollowMod:AbyssShriek+1","HollowMod:FastStrike"],"relics":["HollowMod:VesselMask","Blood Vial","Smiling Mask","Whetstone","Toy Ornithopter"],"acts_visited":["Hallownest:Greenpath"],"potions_floor_usage":[16],"damage_taken":[{"damage":4.0,"enemies":"Hallownest:monsterHuskGuard","floor":1.0,"turns":4.0},{"damage":4.0,"enemies":"Hallownest:2_Baldur","floor":3.0,"turns":2.0},{"damage":4.0,"enemies":"2_ Uuma","floor":4.0,"turns":5.0},{"damage":33.0,"enemies":"Hallownest:eliteMossKnight","floor":6.0,"turns":9.0},{"damage":15.0,"enemies":"Hallownest:eliteVengeflyKing","floor":8.0,"turns":5.0},{"damage":13.0,"enemies":"Hallownest:1_Baldur_1_Crawlid_1_Warrior","floor":12.0,"turns":6.0},{"damage":0,"enemies":"Hallownest:monsterMossCharger","floor":14,"turns":3},{"damage":54,"enemies":"Hallownest:BossHornet","floor":16,"turns":12}],"seed_played":"-4031676986822839535","potions_obtained":[{"floor":1.0,"key":"Energy Potion"},{"floor":6.0,"key":"PowerPotion"},{"floor":8.0,"key":"FearPotion"}],"is_trial":false,"path_per_floor":["M","?","M","M","?","E","R","E","T","R","?","M","R","M","R","B"],"character_chosen":"THE_BUGKNIGHT","items_purchased":[],"campfire_rested":1,"item_purchase_floors":[],"current_hp_per_floor":[75,68,64,66,66,35,35,22,22,42,42,36,36,38,38,1,1],"gold":116,"neow_bonus":"RANDOM_COLORLESS","is_daily":false,"chose_seed":false,"campfire_upgraded":3,"win_rate":0.0,"timestamp":1612721407,"path_taken":["M","?","M","M","?","E","R","E","T","R","?","?","R","M","R","BOSS"],"items_purchased_type":[],"build_version":"2020-12-22","purchased_purges":0,"victory":false,"max_hp_per_floor":[75,68,68,68,68,68,68,68,68,68,68,68,68,68,68,68,68],"card_choices":[{"not_picked":["Dark Shackles","Jack Of All Trades"],"picked":"Deep Breath","floor":0.0},{"not_picked":["HollowMod:SharpenedNail","HollowMod:SoulVessel"],"picked":"HollowMod:HeavyBlow","floor":1.0},{"not_picked":["HollowMod:DashSlash","HollowMod:FallenFury","HollowMod:GoodIntentions"],"picked":"SKIP","floor":3.0},{"not_picked":["HollowMod:ChannelNail","HollowMod:LifebloodCocoon"],"picked":"HollowMod:CycloneSlash","floor":4.0},{"not_picked":["HollowMod:CycloneSlash","HollowMod:ElderbugsWisdom"],"picked":"HollowMod:AbyssShriek","floor":6.0},{"not_picked":["HollowMod:SiblingsSouls","HollowMod:HowlingWraiths","HollowMod:CycloneSlash"],"picked":"SKIP","floor":8.0},{"not_picked":["HollowMod:TaintedHusks","HollowMod:CornifersMapStart","HollowMod:ShadowDash"],"picked":"SKIP","floor":12},{"not_picked":["HollowMod:TaintedHusks","HollowMod:CornifersMapStart","HollowMod:ShadowDash"],"picked":"SKIP","floor":12},{"not_picked":["HollowMod:InfectedCysts","HollowMod:CycloneSlash"],"picked":"HollowMod:FastStrike","floor":14}],"player_experience":453964,"relics_obtained":[{"floor":6.0,"key":"Smiling Mask"},{"floor":8.0,"key":"Whetstone"},{"floor":9.0,"key":"Toy Ornithopter"}],"event_choices":[],"is_beta":false,"boss_relics":[],"items_purged_floors":[],"is_endless":false,"potions_floor_spawned":[1,6,8],"killed_by":"Hallownest:BossHornet","ascension_level":4}}