{"host":"bf5upntvbdompq33","time":1612668851,"event":{"mods":["BaseMod","Colored Map","Colored Powertips","Curses Come First","Minty Spire (QoL Compilation)","StSLib","The Dragon Tamer","The Hierophant","The Marked","The Mystic","The Servant 0.9.4"],"gold_per_floor":[118,118,43,59,12,45,63,75,121,121,121,121,121,135,135,230,230,219,219,23,298,309,309,324,356,356,356,281,380,182,201,201,298,298,312,328,33,33,46,46,46,46],"floor_reached":41,"language":"ENG","playtime":2153,"items_purged":["Strike_G","Strike_G","Regret","Defend_G","Defend_G"],"score":691,"play_id":"75a1be2c-5019-46c4-a5f9-b6eed00eaef8","local_time":"20210206203411","is_ascension_mode":true,"campfire_choices":[{"data":"Catalyst","floor":10,"key":"SMITH"},{"floor":13,"key":"REST"},{"data":"Blade Dance","floor":15,"key":"SMITH"},{"floor":23,"key":"REST"},{"floor":27,"key":"REST"},{"floor":32,"key":"REST"},{"data":"Envenom","floor":40,"key":"SMITH"}],"circlet_count":0,"master_deck":["Strike_G+1","Defend_G+1","Defend_G","Defend_G","Survivor","Neutralize+1","Blade Dance+1","Poisoned Stab+1","Poisoned Stab+1","Catalyst+1","Slice+1","Burst","Leg Sweep","Acrobatics+1","Deadly Poison+1","Crippling Poison+1","Backflip","Poisoned Stab+1","Envenom+1","Dagger Spray+1","Poisoned Stab+1"],"relics":["Ring of the Snake","NeowsBlessing","Molten Egg 2","Regal Pillow","Smiling Mask","Empty Cage","Snake Skull","Bottled Flame","Bottled Lightning","Anchor","Cursed Key","Membership Card","Blood Vial"],"acts_visited":["Exordium","TheCity","TheBeyond"],"potions_floor_usage":[14,14,25,25],"damage_taken":[{"damage":0,"enemies":"Jaw Worm","floor":1,"turns":1},{"damage":0,"enemies":"Cultist","floor":4,"turns":1},{"damage":0,"enemies":"3 Sentries","floor":6,"turns":1},{"damage":1,"enemies":"Small Slimes","floor":7,"turns":3},{"damage":9,"enemies":"2 Fungi Beasts","floor":8,"turns":3},{"damage":2,"enemies":"Exordium Thugs","floor":14,"turns":4},{"damage":36,"enemies":"Hexaghost","floor":16,"turns":10},{"damage":20,"enemies":"2 Thieves","floor":18,"turns":4},{"damage":9,"enemies":"Spheric Guardian","floor":22,"turns":4},{"damage":24,"enemies":"Cultist and Chosen","floor":24,"turns":7},{"damage":25,"enemies":"Gremlin Leader","floor":25,"turns":4},{"damage":9,"enemies":"Snake Plant","floor":31,"turns":3},{"damage":18,"enemies":"Champ","floor":33,"turns":7},{"damage":5,"enemies":"Orb Walker","floor":35,"turns":3},{"damage":34,"enemies":"3 Shapes","floor":36,"turns":3},{"damage":14,"enemies":"Jaw Worm Horde","floor":39,"turns":4},{"damage":17,"enemies":"4 Shapes","floor":41,"turns":1}],"seed_played":"-4965057867921420652","potions_obtained":[{"floor":6,"key":"LiquidMemories"},{"floor":7,"key":"ColorlessPotion"},{"floor":16,"key":"Strength Potion"},{"floor":18,"key":"Explosive Potion"},{"floor":24,"key":"LiquidMemories"},{"floor":35,"key":"Dexterity Potion"},{"floor":39,"key":"Fire Potion"}],"is_trial":false,"path_per_floor":["M","?","$","M","$","E","M","M","T","R","?","?","R","M","R","B",null,"M","?","$","?","M","R","M","E","T","R","$","?","$","M","R","B",null,"M","M","$","?","M","R","M"],"character_chosen":"THE_SILENT","items_purchased":["Poisoned Stab+1","Snake Skull","Backflip","Anchor","Poisoned Stab+1","Membership Card","Blood Vial"],"campfire_rested":4,"item_purchase_floors":[5,20,28,30,37,37,37],"current_hp_per_floor":[63,63,63,63,63,63,62,53,53,53,39,39,70,68,68,32,61,41,41,41,41,32,68,44,19,19,55,55,55,55,46,70,52,66,61,27,27,27,15,15,0,0],"gold":46,"neow_bonus":"THREE_ENEMY_KILL","is_daily":false,"chose_seed":false,"campfire_upgraded":3,"win_rate":0.0,"timestamp":1612668851,"path_taken":["M","?","?","M","$","E","M","?","T","R","?","?","R","M","R","BOSS","M","?","$","?","M","R","?","E","T","R","?","?","$","?","R","BOSS","M","M","$","?","M","R","M"],"items_purchased_type":["Card","Relic","Card","Relic","Card","Relic","Relic"],"build_version":"2020-12-22","purchased_purges":5,"victory":false,"max_hp_per_floor":[70,70,70,70,70,70,70,70,70,70,70,70,70,70,70,70,70,70,70,70,70,70,70,70,70,70,70,70,70,70,70,70,70,70,70,70,70,70,70,70,70,70],"card_choices":[{"not_picked":["Acrobatics","Caltrops"],"picked":"Blade Dance","floor":1},{"not_picked":["Deflect","Riddle With Holes+1"],"picked":"Poisoned Stab+1","floor":4},{"not_picked":["Infinite Blades","Bane+1","Outmaneuver"],"picked":"SKIP","floor":6},{"not_picked":["PiercingWail","Doppelganger","Flechettes+1"],"picked":"SKIP","floor":7},{"not_picked":["Blur","Calculated Gamble"],"picked":"Catalyst","floor":8},{"not_picked":["Flying Knee+1","PiercingWail"],"picked":"Slice+1","floor":14},{"not_picked":["Malaise","Phantasmal Killer"],"picked":"Burst","floor":16},{"not_picked":["Well Laid Plans","Terror"],"picked":"Leg Sweep","floor":18},{"not_picked":["Endless Agony+1","Noxious Fumes"],"picked":"Acrobatics+1","floor":22},{"not_picked":["Cloak And Dagger+1","Bane+1"],"picked":"Deadly Poison+1","floor":24},{"not_picked":["Prepared","Underhanded Strike+1","Crippling Poison+1"],"picked":"SKIP","floor":25},{"not_picked":["Prepared","Underhanded Strike+1"],"picked":"Crippling Poison+1","floor":25},{"not_picked":["Infinite Blades+1","Underhanded Strike+1"],"picked":"Poisoned Stab+1","floor":31},{"not_picked":["Malaise","After Image"],"picked":"Envenom","floor":33},{"not_picked":["Dodge and Roll","Sucker Punch+1"],"picked":"Dagger Spray+1","floor":35},{"not_picked":["All Out Attack+1","Underhanded Strike+1","Flying Knee+1"],"picked":"SKIP","floor":36},{"not_picked":["Distraction+1","Leg Sweep+1","Slice+1"],"picked":"SKIP","floor":39}],"player_experience":1486997,"relics_obtained":[{"floor":2,"key":"Molten Egg 2"},{"floor":6,"key":"Regal Pillow"},{"floor":9,"key":"Smiling Mask"},{"floor":25,"key":"Bottled Flame"},{"floor":26,"key":"Bottled Lightning"}],"event_choices":[{"damage_healed":0,"gold_gain":0,"player_choice":"Relic","damage_taken":0,"max_hp_gain":0,"max_hp_loss":0,"event_name":"Wheel of Change","floor":2,"gold_loss":0},{"damage_healed":0,"gold_gain":0,"player_choice":"Entered Light","damage_taken":14,"max_hp_gain":0,"max_hp_loss":0,"event_name":"Shining Light","floor":11,"gold_loss":0,"cards_upgraded":["Defend_G","Strike_G"]},{"damage_healed":0,"gold_gain":0,"player_choice":"Upgraded","damage_taken":0,"max_hp_gain":0,"max_hp_loss":0,"event_name":"Upgrade Shrine","floor":12,"gold_loss":0,"cards_upgraded":["Neutralize"]},{"damage_healed":0,"gold_gain":0,"player_choice":"Ignored","damage_taken":0,"max_hp_gain":0,"max_hp_loss":0,"event_name":"Ghosts","floor":19,"gold_loss":0},{"damage_healed":0,"gold_gain":275,"player_choice":"Desecrate","damage_taken":0,"max_hp_gain":0,"max_hp_loss":0,"event_name":"Golden Shrine","floor":21,"gold_loss":0,"cards_obtained":["Regret"]},{"damage_healed":0,"gold_gain":99,"player_choice":"Stole From Cult","damage_taken":0,"max_hp_gain":0,"max_hp_loss":0,"event_name":"Nest","floor":29,"gold_loss":0},{"damage_healed":0,"gold_gain":0,"player_choice":"Ignored","damage_taken":0,"max_hp_gain":0,"max_hp_loss":0,"event_name":"SecretPortal","floor":38,"gold_loss":0}],"is_beta":false,"boss_relics":[{"not_picked":["Black Star","HoveringKite"],"picked":"Empty Cage"},{"not_picked":["Tiny House","Snecko Eye"],"picked":"Cursed Key"}],"items_purged_floors":[3,20,28,30,37],"is_endless":false,"potions_floor_spawned":[6,7,16,18,24,35,39],"killed_by":"4 Shapes","ascension_level":9}}