{"host":"x5w9zppki4gdwvc7","time":1612688408,"event":{"mods":["AchievementEnabler","BaseMod","Colored Powertips","DeckTracker","Minty Spire (QoL Compilation)"],"gold_per_floor":[110,125,137,155,165,165,200,215,215,231,257,257,274,288,288,384,384,394,394,394,406,406,406,441,109,109,109,123,23,58,87,87,192,192,203,203,203,220,220,270,270,270,270,284,284,319,48,48,48],"floor_reached":48,"language":"ENG","playtime":3786,"items_purged":["Steam Power","Dualcast","Biased Cognition"],"score":635,"play_id":"94b8884f-602f-48dc-93ea-7bd0ef46ef50","local_time":"20210207100008","is_ascension_mode":false,"campfire_choices":[{"data":"Consume","floor":6,"key":"SMITH"},{"data":"Redo","floor":15,"key":"SMITH"},{"data":"Barrage","floor":23,"key":"SMITH"},{"data":"Glacier","floor":27,"key":"SMITH"},{"data":"Blizzard","floor":32,"key":"SMITH"},{"data":"Multi-Cast","floor":41,"key":"SMITH"},{"data":"Zap","floor":45,"key":"PURGE"}],"circlet_count":0,"master_deck":["Barrage+1","BootSequence+1","Consume+1","Genetic Algorithm","Glacier+1","Glacier+1","Steam","Multi-Cast+1","Redo+1","Seek","Reinforced Body","Steam","Sweeping Beam","Auto Shields","Coolheaded+1","Bite","Bite","Bite","Bite","Bite","Barrage+1","Ball Lightning+1","White Noise+1","Blizzard+1","Madness","Madness","Cold Snap"],"relics":["Velvet Choker","DataDisk","Art of War","Peace Pipe","Pandora\u0027s Box","Pen Nib","Kunai","Singing Bowl","Meat on the Bone","Red Mask","SacredBark","CaptainsWheel","Omamori","Toxic Egg 2","War Paint"],"acts_visited":["Exordium","TheCity","TheBeyond"],"potions_floor_usage":[13,16,31,33,33],"damage_taken":[{"damage":1,"enemies":"Cultist","floor":1,"turns":3},{"damage":8,"enemies":"Jaw Worm","floor":2,"turns":5},{"damage":8,"enemies":"Small Slimes","floor":3,"turns":4},{"damage":5,"enemies":"Looter","floor":4,"turns":4},{"damage":9,"enemies":"Blue Slaver","floor":5,"turns":4},{"damage":37,"enemies":"Gremlin Nob","floor":7,"turns":5},{"damage":0,"enemies":"Red Slaver","floor":8,"turns":4},{"damage":0,"enemies":"2 Fungi Beasts","floor":10,"turns":5},{"damage":3,"enemies":"Lagavulin","floor":11,"turns":7},{"damage":0,"enemies":"Large Slime","floor":13,"turns":11},{"damage":0,"enemies":"Blue Slaver","floor":14,"turns":4},{"damage":0,"enemies":"The Guardian","floor":16,"turns":18},{"damage":9,"enemies":"Spheric Guardian","floor":18,"turns":16},{"damage":2,"enemies":"Shell Parasite","floor":21,"turns":11},{"damage":12,"enemies":"Slavers","floor":24,"turns":8},{"damage":0,"enemies":"Centurion and Healer","floor":28,"turns":7},{"damage":0,"enemies":"Gremlin Leader","floor":30,"turns":8},{"damage":0,"enemies":"Masked Bandits","floor":31,"turns":4},{"damage":26,"enemies":"Collector","floor":33,"turns":10},{"damage":2,"enemies":"Orb Walker","floor":35,"turns":4},{"damage":34,"enemies":"3 Darklings","floor":38,"turns":6},{"damage":0,"enemies":"Mind Bloom Boss Battle","floor":40,"turns":7},{"damage":19,"enemies":"Maw","floor":44,"turns":13},{"damage":52,"enemies":"Nemesis","floor":46,"turns":11},{"damage":53,"enemies":"Writhing Mass","floor":48,"turns":12}],"seed_played":"2037474512554346981","potions_obtained":[{"floor":1,"key":"Strength Potion"},{"floor":5,"key":"SpeedPotion"},{"floor":8,"key":"EssenceOfDarkness"},{"floor":10,"key":"DistilledChaos"},{"floor":14,"key":"Fruit Juice"},{"floor":16,"key":"Fire Potion"},{"floor":21,"key":"PotionOfCapacity"},{"floor":33,"key":"LiquidBronze"},{"floor":35,"key":"PotionOfCapacity"},{"floor":46,"key":"Ancient Potion"}],"is_trial":false,"path_per_floor":["M","M","M","M","M","R","E","M","T","M","E","?","M","M","R","B",null,"M","?","?","M","?","R","E","$","T","R","M","$","E","?","R","B",null,"M","?","?","M","?","?","R","?","T","M","R","E","$","M"],"character_chosen":"DEFECT","items_purchased":["Kunai","War Paint"],"campfire_rested":0,"item_purchase_floors":[25,47],"current_hp_per_floor":[74,66,58,53,44,44,7,7,7,7,4,75,75,75,75,80,80,71,71,56,56,56,56,56,56,56,56,56,56,56,58,58,48,60,62,62,54,42,42,56,56,56,56,53,53,31,31,0,0],"gold":48,"neow_bonus":"BOSS_RELIC","is_daily":false,"chose_seed":false,"campfire_upgraded":6,"win_rate":0.0,"timestamp":1612688408,"path_taken":["M","M","M","M","M","R","E","M","T","M","E","?","M","?","R","BOSS","M","?","?","M","?","R","E","?","T","R","?","$","E","?","R","BOSS","M","?","?","M","?","?","R","?","T","?","R","E","?","M"],"items_purchased_type":["Relic","Relic"],"build_version":"2020-12-22","purchased_purges":3,"victory":false,"max_hp_per_floor":[75,75,75,75,75,75,75,75,75,75,75,75,75,75,75,80,80,80,80,56,56,56,56,56,56,56,56,56,56,56,58,58,60,60,62,62,62,62,62,64,64,64,64,66,66,68,68,68,68],"card_choices":[{"not_picked":["Beam Cell","Scrape"],"picked":"Barrage","floor":1},{"not_picked":["Conserve Battery","Coolheaded"],"picked":"BootSequence","floor":2},{"not_picked":["Redo","Hello World","Go for the Eyes"],"picked":"SKIP","floor":3},{"not_picked":["Barrage","Ball Lightning"],"picked":"Consume","floor":4},{"not_picked":["Tempest","Buffer"],"picked":"Genetic Algorithm","floor":5},{"not_picked":["Go for the Eyes","Ball Lightning"],"picked":"Glacier","floor":7},{"not_picked":["Conserve Battery","Barrage"],"picked":"Glacier","floor":8},{"not_picked":["Redo","Leap"],"picked":"Steam","floor":10},{"not_picked":["Streamline","Coolheaded","Double Energy"],"picked":"SKIP","floor":11},{"not_picked":["Coolheaded","Leap"],"picked":"Multi-Cast","floor":13},{"not_picked":["Rebound","Beam Cell"],"picked":"Redo","floor":14},{"not_picked":["Fission","Buffer"],"picked":"Seek","floor":16},{"not_picked":["Rip and Tear","Gash"],"picked":"Coolheaded+1","floor":18},{"not_picked":["Static Discharge","Leap"],"picked":"Barrage+1","floor":21},{"not_picked":["Auto Shields","Compile Driver"],"picked":"Ball Lightning+1","floor":24},{"not_picked":["Hologram","Compile Driver"],"picked":"White Noise+1","floor":28},{"not_picked":["Reboot","Recycle"],"picked":"Blizzard","floor":30},{"not_picked":["Double Energy+1","Reinforced Body","Hologram"],"picked":"Singing Bowl","floor":31},{"not_picked":["Hyperbeam","Multi-Cast","Rainbow"],"picked":"Singing Bowl","floor":33},{"not_picked":["Leap","Go for the Eyes","Rip and Tear"],"picked":"Singing Bowl","floor":35},{"not_picked":["Leap","Beam Cell"],"picked":"Cold Snap","floor":38},{"not_picked":["Leap+1","Static Discharge+1","Redo+1"],"picked":"Singing Bowl","floor":40},{"not_picked":["Redo+1","Turbo","Gash"],"picked":"Singing Bowl","floor":44},{"not_picked":["Force Field+1","Stack+1","Conserve Battery+1"],"picked":"Singing Bowl","floor":46}],"player_experience":540587,"relics_obtained":[{"floor":7,"key":"DataDisk"},{"floor":9,"key":"Art of War"},{"floor":11,"key":"Peace Pipe"},{"floor":24,"key":"Pen Nib"},{"floor":26,"key":"Singing Bowl"},{"floor":30,"key":"Meat on the Bone"},{"floor":31,"key":"Red Mask"},{"floor":40,"key":"CaptainsWheel"},{"floor":43,"key":"Omamori"},{"floor":46,"key":"Toxic Egg 2"}],"event_choices":[{"damage_healed":71,"gold_gain":0,"player_choice":"Full Heal","damage_taken":0,"max_hp_gain":0,"max_hp_loss":0,"event_name":"Wheel of Change","floor":12,"gold_loss":0},{"cards_removed":["Reprogram"],"damage_healed":0,"gold_gain":0,"player_choice":"Elegance","damage_taken":0,"max_hp_gain":0,"max_hp_loss":0,"event_name":"Back to Basics","floor":19,"gold_loss":0},{"damage_healed":0,"gold_gain":0,"player_choice":"Became a vampire","damage_taken":0,"max_hp_gain":0,"max_hp_loss":24,"event_name":"Vampires","floor":20,"gold_loss":0,"cards_obtained":["Bite","Bite","Bite","Bite","Bite"]},{"damage_healed":0,"gold_gain":0,"player_choice":"Ignored","damage_taken":0,"max_hp_gain":0,"max_hp_loss":0,"event_name":"Ghosts","floor":22,"gold_loss":0},{"damage_healed":0,"gold_gain":0,"player_choice":"Fought Bandits","damage_taken":0,"max_hp_gain":0,"max_hp_loss":0,"event_name":"Masked Bandits","floor":31,"gold_loss":0},{"damage_healed":0,"gold_gain":0,"player_choice":"Ignored","damage_taken":0,"max_hp_gain":0,"max_hp_loss":0,"event_name":"Tomb of Lord Red Mask","floor":36,"gold_loss":0},{"damage_healed":0,"gold_gain":0,"player_choice":"Embrace Madness","damage_taken":8,"max_hp_gain":0,"max_hp_loss":0,"event_name":"Winding Halls","floor":37,"gold_loss":0,"cards_obtained":["Madness","Madness"]},{"cards_removed":["Static Discharge"],"damage_healed":0,"gold_gain":0,"player_choice":"Removed Power","damage_taken":0,"max_hp_gain":0,"max_hp_loss":0,"event_name":"Falling","floor":39,"gold_loss":0},{"damage_healed":0,"gold_gain":0,"player_choice":"Fight","damage_taken":0,"max_hp_gain":0,"max_hp_loss":0,"event_name":"MindBloom","floor":40,"gold_loss":0},{"damage_healed":0,"gold_gain":0,"player_choice":"Ignored","damage_taken":0,"max_hp_gain":0,"max_hp_loss":0,"event_name":"Mysterious Sphere","floor":42,"gold_loss":0}],"is_beta":false,"boss_relics":[{"not_picked":["Runic Pyramid","Snecko Eye"],"picked":"Pandora\u0027s Box"},{"not_picked":["Tiny House","Coffee Dripper"],"picked":"SacredBark"}],"items_purged_floors":[25,29,47],"is_endless":false,"potions_floor_spawned":[1,5,8,10,14,16,21,28,33,35,46],"killed_by":"Writhing Mass","ascension_level":0}}