{"host":"vhvubw4jk4f204qs","time":1612672765,"event":{"mods":["AchievementEnabler","BaseMod","DeckTracker","GifTheSpireLib","Googly Eyes","Minty Spire (QoL Compilation)","Permanent Neow","Quick Restart","StSLib","SuperFastMode","The IronCluck","slay the spire mod where everything is the same but ironclad has a cowboy hat"],"gold_per_floor":[116,136,61,80,80,80,80,118,154,163,163,163],"floor_reached":11,"language":"ENG","playtime":423,"items_purged":[],"score":192,"play_id":"8119455d-4d62-48f1-abf4-a269170ce4f8","local_time":"20210206233925","is_ascension_mode":true,"campfire_choices":[{"data":"Study","floor":7,"key":"SMITH"}],"circlet_count":0,"master_deck":["AscendersBane","Strike_P","Strike_P","Defend_P","Defend_P","Defend_P","Eruption","Vigilance","SandsOfTime","Study+1","EmptyMind","Pray","Parasite","ClearTheMind"],"relics":["Cursed Key","CeramicFish","Regal Pillow"],"acts_visited":["Exordium"],"potions_floor_usage":[8],"damage_taken":[{"damage":0,"enemies":"2 Louse","floor":1,"turns":4},{"damage":6,"enemies":"Cultist","floor":2,"turns":3},{"damage":14,"enemies":"Small Slimes","floor":4,"turns":3},{"damage":0,"enemies":"Lagavulin","floor":8,"turns":5},{"damage":14,"enemies":"Gremlin Nob","floor":11,"turns":3}],"seed_played":"8267584880810109393","potions_obtained":[{"floor":1,"key":"Dexterity Potion"},{"floor":4,"key":"DistilledChaos"}],"is_trial":false,"path_per_floor":["M","M","?","M","?","?","R","E","T","?","E"],"character_chosen":"WATCHER","items_purchased":[],"campfire_rested":0,"item_purchase_floors":[],"current_hp_per_floor":[61,55,55,41,63,56,56,56,56,56,42,42],"gold":163,"neow_bonus":"BOSS_RELIC","is_daily":false,"chose_seed":false,"campfire_upgraded":1,"win_rate":0.0,"timestamp":1612672765,"path_taken":["M","M","?","M","?","?","R","E","T","?","E"],"items_purchased_type":[],"build_version":"2020-12-22","purchased_purges":0,"victory":false,"max_hp_per_floor":[68,68,68,68,68,68,68,68,68,68,68,68],"card_choices":[{"not_picked":["CutThroughFate","Protect"],"picked":"SandsOfTime","floor":1},{"not_picked":["Halt","EmptyFist"],"picked":"Study","floor":2},{"not_picked":["JustLucky","Evaluate"],"picked":"EmptyMind","floor":4},{"not_picked":["Weave","CutThroughFate"],"picked":"Pray","floor":8}],"player_experience":780739,"relics_obtained":[{"floor":8,"key":"CeramicFish"},{"floor":9,"key":"Regal Pillow"}],"event_choices":[{"cards_removed":["Strike_P"],"damage_healed":0,"gold_gain":0,"player_choice":"Card Removal","damage_taken":0,"max_hp_gain":0,"max_hp_loss":0,"event_name":"The Cleric","floor":3,"gold_loss":75},{"damage_healed":22,"gold_gain":0,"player_choice":"Banana","damage_taken":0,"max_hp_gain":0,"max_hp_loss":0,"event_name":"Big Fish","floor":5,"gold_loss":0},{"cards_removed":["Strike_P"],"damage_healed":0,"gold_gain":0,"player_choice":"Card Removal","damage_taken":7,"max_hp_gain":0,"max_hp_loss":0,"event_name":"Golden Wing","floor":6,"gold_loss":0},{"damage_healed":0,"gold_gain":0,"cards_transformed":["Defend_P"],"player_choice":"Transformed","damage_taken":0,"max_hp_gain":0,"max_hp_loss":0,"event_name":"Transmorgrifier","floor":10,"gold_loss":0,"cards_obtained":["ClearTheMind"]}],"is_beta":false,"boss_relics":[],"items_purged_floors":[],"is_endless":false,"potions_floor_spawned":[1,4],"killed_by":"Gremlin Nob","ascension_level":20}}