{"host":"syozzdlzcqop4jia","time":1612738772,"event":{"mods":["BaseMod","Colored Map","Colored Powertips","Minty Spire (QoL Compilation)","Quick Restart"],"gold_per_floor":[119,135,135,149,126,153,153,188,188,48,68,68,68,68,68,165,165,185,29,41,41,41,76,76,76,100,25,37,37,37,37,37,37,37],"floor_reached":33,"language":"ENG","playtime":1446,"items_purged":["Strike_B"],"score":282,"play_id":"6d43ac4f-8cc6-4633-bc2e-99165ea80663","local_time":"20210207235932","is_ascension_mode":true,"campfire_choices":[{"data":"Biased Cognition","floor":7,"key":"SMITH"},{"floor":13,"key":"REST"},{"floor":15,"key":"REST"},{"floor":24,"key":"REST"},{"floor":25,"key":"REST"},{"floor":29,"key":"REST"},{"data":"Electrodynamics","floor":30,"key":"SMITH"},{"data":"Capacitor","floor":32,"key":"SMITH"}],"circlet_count":0,"master_deck":["Strike_B","Strike_B","Strike_B","Defend_B","Defend_B","Defend_B","Zap+1","Dualcast","Darkness","Biased Cognition+1","Storm","Conserve Battery","Stack","Loop","Electrodynamics","Steam","Electrodynamics+1","Capacitor+1","Reboot"],"relics":["Cracked Core","Shuriken","WingedGreaves","Sundial","Gambling Chip","Nuclear Battery","MutagenicStrength","Centennial Puzzle","Happy Flower"],"acts_visited":["Exordium","TheCity"],"potions_floor_usage":[16,16,33],"damage_taken":[{"damage":1,"enemies":"2 Louse","floor":1,"turns":3},{"damage":1,"enemies":"Cultist","floor":2,"turns":4},{"damage":11,"enemies":"Jaw Worm","floor":4,"turns":3},{"damage":18,"enemies":"Gremlin Nob","floor":6,"turns":3},{"damage":24,"enemies":"Lagavulin","floor":8,"turns":5},{"damage":0,"enemies":"3 Louse","floor":11,"turns":1},{"damage":20,"enemies":"The Guardian","floor":16,"turns":8},{"damage":0,"enemies":"3 Byrds","floor":18,"turns":1},{"damage":10,"enemies":"Chosen","floor":20,"turns":2},{"damage":28,"enemies":"Gremlin Leader","floor":23,"turns":4},{"damage":23,"enemies":"Centurion and Healer","floor":28,"turns":3},{"damage":81,"enemies":"Champ","floor":33,"turns":11}],"seed_played":"-7207394211248334078","potions_obtained":[{"floor":4,"key":"Weak Potion"},{"floor":6,"key":"Fire Potion"},{"floor":8,"key":"ColorlessPotion"},{"floor":16,"key":"SpeedPotion"},{"floor":18,"key":"SteroidPotion"},{"floor":23,"key":"Fire Potion"},{"floor":28,"key":"Block Potion"}],"is_trial":false,"path_per_floor":["M","M","?","M","$","E","R","E","T","$","M","?","R","?","R","B",null,"M","$","M","?","?","E","R","R","T","?","M","R","R","$","R","B"],"character_chosen":"DEFECT","items_purchased":["Conserve Battery","Electrodynamics","Capacitor"],"campfire_rested":5,"item_purchase_floors":[5,10,19],"current_hp_per_floor":[74,73,73,62,62,44,44,20,20,20,20,13,35,35,57,37,75,75,75,65,65,65,37,59,75,75,75,52,74,74,74,74,0,0],"gold":37,"neow_bonus":"UPGRADE_CARD","is_daily":false,"chose_seed":false,"campfire_upgraded":3,"win_rate":0.0,"timestamp":1612738772,"path_taken":["M","M","?","M","?","E","R","E","T","$","?","?","R","?","R","BOSS","M","$","M","?","?","E","R","R","T","?","M","R","R","$","R","BOSS"],"items_purchased_type":["Card","Card","Card"],"build_version":"2020-12-22","purchased_purges":1,"victory":false,"max_hp_per_floor":[75,75,75,75,75,75,75,75,75,75,75,75,75,75,75,75,75,75,75,75,75,75,75,75,75,75,75,75,75,75,75,75,75,75],"card_choices":[{"not_picked":["Streamline","Barrage"],"picked":"Darkness","floor":1},{"not_picked":["Steam","Recycle"],"picked":"Cold Snap","floor":2},{"not_picked":["Conserve Battery","FTL"],"picked":"Storm","floor":4},{"not_picked":["Turbo","Double Energy"],"picked":"Stack","floor":6},{"not_picked":["Auto Shields","Barrage"],"picked":"Loop","floor":8},{"not_picked":["Consume","Steam Power"],"picked":"Steam","floor":11},{"not_picked":["Core Surge","Echo Form"],"picked":"Electrodynamics","floor":16},{"not_picked":["Leap","Turbo","Auto Shields"],"picked":"SKIP","floor":18},{"not_picked":["Cold Snap","Reprogram","Barrage"],"picked":"SKIP","floor":20},{"not_picked":["Rip and Tear","Beam Cell"],"picked":"Reboot","floor":23},{"not_picked":["Reinforced Body","Sweeping Beam+1","Static Discharge"],"picked":"SKIP","floor":28}],"player_experience":599959,"relics_obtained":[{"floor":6,"key":"Shuriken"},{"floor":8,"key":"WingedGreaves"},{"floor":9,"key":"Sundial"},{"floor":23,"key":"Centennial Puzzle"},{"floor":26,"key":"Happy Flower"}],"event_choices":[{"damage_healed":0,"gold_gain":0,"cards_transformed":["Cold Snap"],"player_choice":"Transformed","damage_taken":0,"max_hp_gain":0,"max_hp_loss":0,"event_name":"Transmorgrifier","floor":3,"gold_loss":0,"cards_obtained":["Biased Cognition"]},{"damage_healed":0,"gold_gain":0,"player_choice":"Success","damage_taken":7,"relics_obtained":["Gambling Chip"],"max_hp_gain":0,"max_hp_loss":0,"event_name":"Scrap Ooze","floor":12,"gold_loss":0},{"damage_healed":0,"gold_gain":0,"player_choice":"Ignored","damage_taken":0,"max_hp_gain":0,"max_hp_loss":0,"event_name":"Golden Idol","floor":14,"gold_loss":0},{"damage_healed":0,"gold_gain":0,"player_choice":"Ignored","damage_taken":0,"max_hp_gain":0,"max_hp_loss":0,"event_name":"Vampires","floor":21,"gold_loss":0},{"damage_healed":0,"gold_gain":0,"player_choice":"Inject Mutagens","damage_taken":0,"relics_obtained":["MutagenicStrength"],"max_hp_gain":0,"max_hp_loss":0,"event_name":"Drug Dealer","floor":22,"gold_loss":0},{"cards_removed":["Defend_B"],"damage_healed":0,"gold_gain":0,"player_choice":"Gave Gold","damage_taken":0,"max_hp_gain":0,"max_hp_loss":0,"event_name":"Beggar","floor":27,"gold_loss":75}],"is_beta":false,"boss_relics":[{"not_picked":["Calling Bell","Runic Dome"],"picked":"Nuclear Battery"}],"items_purged_floors":[19],"is_endless":false,"potions_floor_spawned":[4,6,8,16,18,23,28],"killed_by":"Champ","ascension_level":1}}