{"host":"v4tuy5ykrbdcm9o9","time":1612659147,"event":{"mods":["BaseMod","Duelist Mod","Minty Spire (QoL Compilation)","Replay The Spire","StSLib"],"gold_per_floor":[109,109,128,128,138,173,173,204,204,19,49,63,63,89,89,187,187,204,223,242,261,315,346,346,377,377,406,406,406,418,435,435,530,530,546,562,581,594,609,642,642,224,296,195,195,224,194,228,228,228,228,228,20,51,51,51],"floor_reached":55,"language":"ENG","playtime":4593,"items_purged":[],"score":1093,"play_id":"dbfa5778-8e58-4822-89eb-ff5645f7b79f","local_time":"20210206195227","is_ascension_mode":true,"campfire_choices":[{"data":"Armaments","floor":7,"key":"SMITH"},{"floor":15,"key":"RECALL"},{"data":"ReplayTheSpireMod:LeadingStrike","floor":24,"key":"SMITH"},{"data":"Perfected Strike","floor":28,"key":"SMITH"},{"floor":32,"key":"REST"},{"floor":41,"key":"REST"},{"data":"Rupture","floor":49,"key":"SMITH"},{"data":"Perfected Strike","floor":52,"key":"SMITH"}],"circlet_count":0,"master_deck":["Strike_R","Strike_R","Strike_R","Strike_R","Strike_R","Defend_R","Defend_R","Defend_R","Defend_R+1","Bash","Perfected Strike+1","Rampage","Armaments+1","Perfected Strike+1","Bandage Up+1","ReplayTheSpireMod:LeadingStrike+1","Cleave","Anger","Brutality+1","Headbutt","Pommel Strike+1","Perfected Strike+1","Infernal Blade","ReplayTheSpireMod:LeadingStrike+1","Headbutt","Spot Weakness+1","Headbutt","Shockwave+1","Hemogenesis+1","Thunderclap","Spot Weakness+1","Rupture+1","Iron Wave+1","Infernal Blade+1","Blood for Blood+1","ReplayTheSpireMod:Brewmster+1","Combust+1","Dropkick+1","Flex+1"],"relics":["Burning Blood","PreservedInsect","Golden Egg","Singing Bowl","Champion Belt","Bag of Marbles","ChewingGum","Omamori","Quantum Egg","Divine Protection","Bottled Lightning","Nloth\u0027s Gift","Electric Blood","Strawberry","HandDrill","Paper Frog","King of Hearts","Replay:WaspNest","Art of War"],"acts_visited":["Exordium","TheCity","TheBeyond","TheEnding"],"potions_floor_usage":[6,11,16,20,25,27,35,38,39,46,48,54,55,55,55],"damage_taken":[{"damage":8,"enemies":"2 Louse","floor":1,"turns":3},{"damage":15,"enemies":"Small Slimes","floor":3,"turns":3},{"damage":4,"enemies":"Jaw Worm","floor":5,"turns":3},{"damage":10,"enemies":"3 Sentries","floor":6,"turns":6},{"damage":24,"enemies":"Lagavulin","floor":8,"turns":6},{"damage":0,"enemies":"Gremlin Nob","floor":11,"turns":2},{"damage":0,"enemies":"2 Fungi Beasts","floor":12,"turns":3},{"damage":6,"enemies":"Replay:BlueRogue","floor":14,"turns":3},{"damage":52,"enemies":"Fading Forest","floor":16,"turns":11},{"damage":10,"enemies":"Chosen","floor":18,"turns":3},{"damage":11,"enemies":"2 Thieves","floor":19,"turns":3},{"damage":4,"enemies":"Chosen and Byrds","floor":20,"turns":4},{"damage":10,"enemies":"3 Cultists","floor":21,"turns":4},{"damage":1,"enemies":"theDuelist:KaibaA2","floor":23,"turns":2},{"damage":16,"enemies":"Replay:Snechameleon","floor":25,"turns":4},{"damage":48,"enemies":"Slavers","floor":27,"turns":5},{"damage":0,"enemies":"Cultist and Chosen","floor":30,"turns":4},{"damage":0,"enemies":"Snecko","floor":31,"turns":2},{"damage":80,"enemies":"Champ","floor":33,"turns":6},{"damage":19,"enemies":"3 Darklings","floor":35,"turns":5},{"damage":22,"enemies":"3 Shapes","floor":36,"turns":3},{"damage":3,"enemies":"Spire Growth","floor":37,"turns":3},{"damage":0,"enemies":"3 Darklings","floor":38,"turns":2},{"damage":52,"enemies":"Writhing Mass","floor":39,"turns":4},{"damage":11,"enemies":"R_Hoarder","floor":40,"turns":5},{"damage":50,"enemies":"Reptomancer","floor":46,"turns":4},{"damage":5,"enemies":"Giant Head","floor":48,"turns":2},{"damage":61,"enemies":"Replay:Hell Engine","floor":50,"turns":6},{"damage":26,"enemies":"Shield and Spear","floor":54,"turns":3},{"damage":72,"enemies":"The Heart","floor":55,"turns":3}],"seed_played":"-9137649722068164079","potions_obtained":[{"floor":3,"key":"SteroidPotion"},{"floor":12,"key":"Explosive Potion"},{"floor":16,"key":"Energy Potion"},{"floor":19,"key":"Doom Potion"},{"floor":21,"key":"Block Potion"},{"floor":25,"key":"SpeedPotion"},{"floor":31,"key":"Dexterity Potion"},{"floor":35,"key":"Explosive Potion"},{"floor":37,"key":"PowerPotion"},{"floor":46,"key":"EssenceOfSteel"},{"floor":47,"key":"CultistPotion"},{"floor":47,"key":"SneckoOil"}],"is_trial":false,"path_per_floor":["M","?","M","?","M","E","R","E","T","$","E","M","?","E","R","B",null,"M","M","M","M","T","E","R","E","T","E","R","?","M","M","R","B",null,"M","M","M","M","M","E","R","$","T","$","?","E","?","E","R","B",null,"R","$","E","B"],"character_chosen":"IRONCLAD","items_purchased":["Perfected Strike","Bandage Up","AttackPotion","HandDrill","Blood for Blood","SkillPotion","ReplayTheSpireMod:Brewmster","Blood for Blood","Elixir","Combust","Dropkick","SteroidPotion","Flex"],"campfire_rested":2,"item_purchase_floors":[10,10,10,42,42,42,42,44,44,53,53,53,53],"current_hp_per_floor":[70,70,61,61,63,59,59,43,43,43,55,67,67,73,73,41,72,74,75,82,78,78,82,82,74,74,38,38,38,50,56,80,12,65,81,75,82,84,49,57,84,84,84,84,84,62,62,85,85,50,84,84,84,72,0,0],"gold":51,"neow_bonus":"RANDOM_COMMON_RELIC","is_daily":false,"chose_seed":false,"campfire_upgraded":5,"win_rate":0.0,"timestamp":1612659147,"path_taken":["M","?","M","?","M","E","R","E","T","?","E","M","?","E","R","BOSS","M","M","?","M","?","E","R","E","T","E","R","?","M","?","R","BOSS","M","M","M","M","M","E","R","$","T","$","?","E","?","E","R","BOSS","R","$","E","BOSS"],"items_purchased_type":["Card","Card","Potion","Relic","Card","Potion","Card","Card","Potion","Card","Card","Potion","Card"],"build_version":"2020-12-22","purchased_purges":0,"victory":false,"max_hp_per_floor":[80,80,80,80,80,80,80,82,82,82,82,82,82,82,82,82,82,82,82,82,82,82,82,82,82,82,82,82,82,82,82,82,82,82,82,82,82,84,84,91,91,91,91,91,91,93,93,95,95,95,95,95,95,97,97,97],"card_choices":[{"not_picked":["Headbutt","Intimidate"],"picked":"Perfected Strike","floor":1},{"not_picked":["ReplayTheSpireMod:Corrosion Curse","Heavy Blade"],"picked":"Rampage","floor":3},{"not_picked":["Rage","Body Slam"],"picked":"Armaments","floor":5},{"not_picked":["ReplayTheSpireMod:Corrosion Curse","Defy Death","Sentinel"],"picked":"SKIP","floor":6},{"not_picked":["True Grit","Clothesline","Shockwave"],"picked":"Singing Bowl","floor":8},{"not_picked":["Eclipse","Replay:Undeath\u0027s Touch"],"picked":"ReplayTheSpireMod:LeadingStrike","floor":11},{"not_picked":["Wild Strike","True Grit"],"picked":"Cleave","floor":12},{"not_picked":["Headbutt","Run Through"],"picked":"Anger","floor":14},{"not_picked":["Limit Break","Fiend Fire"],"picked":"Brutality","floor":16},{"not_picked":["Shockwave","Replay:Undeath\u0027s Touch"],"picked":"Headbutt","floor":18},{"not_picked":["Armaments","Twin Strike"],"picked":"Pommel Strike+1","floor":19},{"not_picked":["True Grit","Brutality"],"picked":"Perfected Strike","floor":20},{"not_picked":["True Grit","Clash"],"picked":"Infernal Blade","floor":21},{"not_picked":["Defy Death","Shrug It Off"],"picked":"ReplayTheSpireMod:LeadingStrike","floor":23},{"not_picked":["ReplayReversal","Body Slam"],"picked":"Headbutt","floor":25},{"not_picked":["Headbutt+1","Limit Break"],"picked":"Spot Weakness+1","floor":27},{"not_picked":["Battle Trance","Pummel"],"picked":"Headbutt","floor":30},{"not_picked":["Body Slam","Armaments"],"picked":"Shockwave+1","floor":31},{"not_picked":["Impervious","Eclipse"],"picked":"Hemogenesis","floor":33},{"not_picked":["Dual Wield","Pommel Strike+1"],"picked":"Thunderclap","floor":35},{"not_picked":["True Grit","Iron Wave+1"],"picked":"Spot Weakness+1","floor":36},{"not_picked":["Twin Strike","Thunderclap+1"],"picked":"Rupture","floor":37},{"not_picked":["Berserk","Warcry","Anger"],"picked":"Singing Bowl","floor":38},{"not_picked":["Replay:Undeath\u0027s Touch+1","Barricade"],"picked":"Iron Wave+1","floor":39},{"not_picked":["Evolve","Metallicize+1"],"picked":"Infernal Blade+1","floor":40},{"not_picked":["Impervious","Sword Boomerang","Searing Blow"],"picked":"Singing Bowl","floor":46},{"not_picked":["Sword Boomerang+1","Havoc","Wild Strike"],"picked":"Singing Bowl","floor":48},{"not_picked":["Run Through","Reckless Charge","Body Slam+1"],"picked":"Singing Bowl","floor":54}],"player_experience":790405,"relics_obtained":[{"floor":6,"key":"Golden Egg"},{"floor":8,"key":"Singing Bowl"},{"floor":11,"key":"Champion Belt"},{"floor":14,"key":"Bag of Marbles"},{"floor":22,"key":"Omamori"},{"floor":23,"key":"MealTicket"},{"floor":25,"key":"Quantum Egg"},{"floor":26,"key":"Divine Protection"},{"floor":27,"key":"Bottled Lightning"},{"floor":40,"key":"Strawberry"},{"floor":43,"key":"Paper Frog"},{"floor":46,"key":"King of Hearts"},{"floor":48,"key":"Replay:WaspNest"},{"floor":54,"key":"Art of War"}],"event_choices":[{"damage_healed":0,"gold_gain":0,"player_choice":"Ignored","damage_taken":0,"max_hp_gain":0,"max_hp_loss":0,"event_name":"Shining Light","floor":2,"gold_loss":0},{"damage_healed":0,"gold_gain":0,"player_choice":"Upgraded","damage_taken":0,"max_hp_gain":0,"max_hp_loss":0,"event_name":"Upgrade Shrine","floor":13,"gold_loss":0,"cards_upgraded":["ReplayTheSpireMod:LeadingStrike"]},{"damage_healed":0,"gold_gain":0,"player_choice":"Traded Relic","damage_taken":0,"relics_obtained":["Nloth\u0027s Gift"],"max_hp_gain":0,"max_hp_loss":0,"event_name":"N\u0027loth","floor":29,"relics_lost":["MealTicket"],"gold_loss":0},{"cards_removed":["Blood for Blood"],"damage_healed":0,"gold_gain":0,"player_choice":"Removed Attack","damage_taken":0,"max_hp_gain":0,"max_hp_loss":0,"event_name":"Falling","floor":45,"gold_loss":0},{"damage_healed":0,"gold_gain":0,"player_choice":"Bought 2 Potions","damage_taken":0,"max_hp_gain":0,"max_hp_loss":0,"event_name":"The Woman in Blue","floor":47,"gold_loss":0}],"is_beta":false,"boss_relics":[{"not_picked":["Replay:Drink Me","Painkiller Herb"],"picked":"ChewingGum"},{"not_picked":["Ooze Armor","Runic Dome"],"picked":"Electric Blood"}],"items_purged_floors":[],"is_endless":false,"potions_floor_spawned":[3,12,16,19,21,25,31,35,37,46],"killed_by":"The Heart","ascension_level":8}}