{"host":"6p0attdrtjqaih7v","time":1612676451,"event":{"mods":["2.2 Compatiblity","AchievementEnabler","Bard","BaseMod","Better Skull","Better Third Choice","Colored Powertips","Hermit","Highlight Path","Key Reminder","Minty Spire (QoL Compilation)","Permanent Neow","Quick Restart","Random Character Button","Relic Stats","Reliquary","Replay The Spire","Robot Space Explorer","StSLib","The Hayseed","The Witch"],"gold_per_floor":[116,116,116,5,15,48,48,48,72,97,97,129,148,180,180,257,257,274,293,106,106,106,106],"floor_reached":22,"language":"ENG","playtime":969,"items_purged":["Strike_R"],"score":420,"play_id":"ed26421f-5a3c-4944-87d1-5beaa0ff9b13","local_time":"20210207004051","is_ascension_mode":true,"campfire_choices":[{"floor":7,"key":"REST"},{"data":"Immolate","floor":11,"key":"SMITH"},{"data":"Flame Barrier","floor":15,"key":"SMITH"}],"circlet_count":0,"master_deck":["AscendersBane","Strike_R","Strike_R","Strike_R","Strike_R","Defend_R","Defend_R","Defend_R","Bash","Pommel Strike","Immolate+1","Flame Barrier+1","Twin Strike","Shrug It Off","Combust","Iron Wave","Battle Trance","Rampage","Feed","Intimidate","Flex"],"relics":["Burning Blood","WingedGreaves","reliquary:Firecrackers","Oddly Smooth Stone","Bag of Preparation","Kunai","TheSimpletonMod:GardenGlove","Runic Pyramid"],"acts_visited":["Exordium","TheCity"],"potions_floor_usage":[5,6,10,16,19,22],"damage_taken":[{"damage":11,"enemies":"Jaw Worm","floor":1,"turns":6},{"damage":14,"enemies":"2 Louse","floor":5,"turns":2},{"damage":26,"enemies":"Gremlin Nob","floor":6,"turns":4},{"damage":10,"enemies":"3 Sentries","floor":10,"turns":4},{"damage":10,"enemies":"Gremlin Nob","floor":12,"turns":3},{"damage":0,"enemies":"Cultist","floor":13,"turns":3},{"damage":16,"enemies":"Lagavulin","floor":14,"turns":7},{"damage":7,"enemies":"Slime Boss","floor":16,"turns":7},{"damage":49,"enemies":"Shell Parasite","floor":18,"turns":10},{"damage":11,"enemies":"Chosen","floor":19,"turns":5},{"damage":25,"enemies":"Sentry and Sphere","floor":22,"turns":7}],"seed_played":"-7530139690727186097","potions_obtained":[{"floor":5,"key":"PowerPotion"},{"floor":14,"key":"ColorlessPotion"},{"floor":16,"key":"Ancient Potion"}],"is_trial":false,"path_per_floor":["M","?","?","$","M","E","R","?","T","E","R","E","M","E","R","B",null,"M","M","$","?","M"],"character_chosen":"IRONCLAD","items_purchased":["BloodPotion","Adrenaline Potion","Adrenaline Potion","SkillPotion"],"campfire_rested":1,"item_purchase_floors":[4,4,20,20],"current_hp_per_floor":[45,30,30,30,37,17,39,39,39,35,35,31,37,27,27,26,63,23,21,21,12,0,0],"gold":106,"neow_bonus":"ONE_RARE_RELIC","is_daily":false,"chose_seed":false,"campfire_upgraded":2,"win_rate":0.0,"timestamp":1612676451,"path_taken":["M","?","?","$","M","E","R","?","T","E","R","E","M","E","R","BOSS","M","M","$","?","M"],"items_purchased_type":["Potion","Potion","Potion","Potion"],"build_version":"2020-12-22","purchased_purges":1,"victory":false,"max_hp_per_floor":[75,75,75,75,75,75,75,75,75,75,75,75,75,75,75,75,75,78,81,81,81,84,84],"relic_stats":{"counters":[11,58],"Bag of Preparation":[14],"Kunai":[8],"obtain_stats":[{"reliquary:Firecrackers":6,"Oddly Smooth Stone":9,"WingedGreaves":0,"Bag of Preparation":10,"Kunai":12,"Burning Blood":0,"TheSimpletonMod:GardenGlove":14,"Runic Pyramid":17},{"reliquary:Firecrackers":3,"Oddly Smooth Stone":3,"WingedGreaves":0,"Bag of Preparation":4,"Kunai":5,"Burning Blood":0,"TheSimpletonMod:GardenGlove":7,"Runic Pyramid":8},{"reliquary:Firecrackers":12,"Oddly Smooth Stone":12,"WingedGreaves":0,"Bag of Preparation":16,"Kunai":19,"Burning Blood":0,"TheSimpletonMod:GardenGlove":29,"Runic Pyramid":36}],"Burning Blood":60},"card_choices":[{"not_picked":["Clothesline","Bloodletting"],"picked":"Pommel Strike","floor":1},{"not_picked":["Flex","Wild Strike"],"picked":"Flame Barrier","floor":5},{"not_picked":["Life Link","Armaments"],"picked":"Twin Strike","floor":6},{"not_picked":["Dark Embrace","Replay:Undeath\u0027s Touch"],"picked":"Combust","floor":10},{"not_picked":["ReplayTheSpireMod:Strike From Hell","Carnage"],"picked":"Iron Wave","floor":12},{"not_picked":["Flex","Clothesline"],"picked":"Battle Trance","floor":13},{"not_picked":["Clash","Barricade"],"picked":"Rampage","floor":14},{"not_picked":["Offering","Reaper"],"picked":"Feed","floor":16},{"not_picked":["Pommel Strike","Uppercut"],"picked":"Intimidate","floor":18},{"not_picked":["True Grit","Thunderclap"],"picked":"Flex","floor":19}],"player_experience":1060293,"relics_obtained":[{"floor":6,"key":"reliquary:Firecrackers"},{"floor":9,"key":"Oddly Smooth Stone"},{"floor":10,"key":"Bag of Preparation"},{"floor":12,"key":"Kunai"},{"floor":14,"key":"TheSimpletonMod:GardenGlove"}],"event_choices":[{"damage_healed":0,"gold_gain":0,"player_choice":"1 cards matched","damage_taken":0,"max_hp_gain":0,"max_hp_loss":0,"event_name":"Match and Keep!","floor":8,"gold_loss":0,"cards_obtained":["Shrug It Off"]},{"damage_healed":0,"gold_gain":0,"player_choice":"Stopped","damage_taken":9,"max_hp_gain":0,"max_hp_loss":0,"event_name":"Cursed Tome","floor":21,"gold_loss":0}],"is_beta":false,"boss_relics":[{"not_picked":["Snecko Heart","Tiny House"],"picked":"Runic Pyramid"}],"items_purged_floors":[20],"is_endless":false,"potions_floor_spawned":[5,14,16],"killed_by":"Sentry and Sphere","ascension_level":20}}