{"host":"n9fx05aq4lr38byd","time":1612714643,"event":{"mods":["BaseMod","Bestiary","Minty Spire (QoL Compilation)","Permanent Neow","Relic Stats"],"gold_per_floor":[117,137,137,157,169,202,202,202,202],"floor_reached":8,"language":"ENG","playtime":355,"items_purged":[],"score":113,"play_id":"e160f5b4-3469-48b4-8235-7fa2d7da5d51","local_time":"20210207161723","is_ascension_mode":true,"campfire_choices":[{"floor":7,"key":"REST"}],"circlet_count":0,"master_deck":["AscendersBane","Strike_G","Strike_G","Strike_G","Strike_G","Strike_G","Defend_G","Defend_G","Defend_G","Defend_G","Defend_G","Survivor","Neutralize+1","Sucker Punch","Dagger Spray","Pain","Footwork","Predator","Flying Knee"],"relics":["Ring of the Snake","WarpedTongs","Anchor"],"acts_visited":["Exordium"],"potions_floor_usage":[5,5,6],"damage_taken":[{"damage":0,"enemies":"Jaw Worm","floor":1,"turns":6},{"damage":0,"enemies":"Cultist","floor":2,"turns":4},{"damage":5,"enemies":"Small Slimes","floor":4,"turns":4},{"damage":26,"enemies":"Gremlin Gang","floor":5,"turns":5},{"damage":25,"enemies":"Gremlin Nob","floor":6,"turns":4},{"damage":30,"enemies":"3 Sentries","floor":8,"turns":6}],"seed_played":"-5474301987573322566","potions_obtained":[{"floor":1,"key":"SkillPotion"},{"floor":4,"key":"PowerPotion"},{"floor":5,"key":"LiquidMemories"}],"is_trial":false,"path_per_floor":["M","M","?","M","M","E","R","E"],"character_chosen":"THE_SILENT","items_purchased":[],"campfire_rested":1,"item_purchase_floors":[],"current_hp_per_floor":[59,59,59,54,28,3,22,0,0],"gold":202,"neow_bonus":"UPGRADE_CARD","is_daily":false,"chose_seed":false,"campfire_upgraded":0,"win_rate":0.0,"timestamp":1612714643,"path_taken":["M","M","?","M","?","E","R","E"],"items_purchased_type":[],"build_version":"2020-12-22","purchased_purges":0,"victory":false,"max_hp_per_floor":[66,66,66,66,66,66,66,66,66],"relic_stats":{"counters":[6,29],"obtain_stats":[{"Anchor":6,"Ring of the Snake":0,"WarpedTongs":3},{"Anchor":5,"Ring of the Snake":0,"WarpedTongs":2},{"Anchor":23,"Ring of the Snake":0,"WarpedTongs":10}],"Ring of the Snake":[12],"WarpedTongs":[19]},"card_choices":[{"not_picked":["Riddle With Holes","Underhanded Strike"],"picked":"Sucker Punch","floor":1},{"not_picked":["Catalyst","Prepared"],"picked":"Dagger Spray","floor":2},{"not_picked":["Cloak And Dagger","Catalyst"],"picked":"Footwork","floor":4},{"not_picked":["Backflip","Blur"],"picked":"Predator","floor":5},{"not_picked":["Endless Agony","Choke"],"picked":"Flying Knee","floor":6}],"player_experience":842214,"relics_obtained":[{"floor":6,"key":"Anchor"}],"event_choices":[{"damage_healed":0,"gold_gain":0,"player_choice":"Rummage","damage_taken":0,"relics_obtained":["WarpedTongs"],"max_hp_gain":0,"max_hp_loss":0,"event_name":"Accursed Blacksmith","floor":3,"gold_loss":0,"cards_obtained":["Pain"]}],"is_beta":false,"boss_relics":[],"items_purged_floors":[],"is_endless":false,"potions_floor_spawned":[1,4,5],"killed_by":"3 Sentries","ascension_level":19}}