{"host":"mydft8i2zzydgggw","time":1612670295,"event":{"mods":["AchievementEnabler","BaseMod","Colored Map","Colored Powertips","DeckTracker","Keyboard Shortcuts","Minty Spire (QoL Compilation)","Rare Cards Sparkle","StSLib","SuperFastMode","everything is the same but u backflip on backflip"],"gold_per_floor":[116,133,60,77,77,105,55,55,55,82,7,7,7,26,26,26,26],"floor_reached":16,"language":"KOR","playtime":296,"items_purged":[],"score":157,"play_id":"6ec85ee6-5039-4945-b89c-84c763a80689","local_time":"20210207125815","is_ascension_mode":true,"campfire_choices":[{"data":"True Grit","floor":8,"key":"SMITH"},{"floor":13,"key":"REST"},{"data":"Bludgeon","floor":15,"key":"SMITH"}],"circlet_count":0,"master_deck":["Strike_R","Strike_R","Strike_R","Strike_R","Defend_R","Defend_R","Defend_R","Defend_R","Bash+1","Impervious+1","Pommel Strike","True Grit+1","Feel No Pain","Bludgeon+1","Evolve","Dropkick","Exhume"],"relics":["Burning Blood","Shuriken","Self Forming Clay","Kunai","Golden Idol"],"acts_visited":["Exordium"],"potions_floor_usage":[10,16,16],"damage_taken":[{"damage":7,"enemies":"Small Slimes","floor":1,"turns":5},{"damage":3,"enemies":"2 Louse","floor":2,"turns":3},{"damage":8,"enemies":"Jaw Worm","floor":4,"turns":5},{"damage":40,"enemies":"Lagavulin","floor":6,"turns":4},{"damage":11,"enemies":"3 Sentries","floor":10,"turns":10},{"damage":15,"enemies":"Exordium Wildlife","floor":14,"turns":5},{"damage":31,"enemies":"Hexaghost","floor":16,"turns":14}],"seed_played":"-3528439441915731390","potions_obtained":[{"floor":6,"key":"BlessingOfTheForge"},{"floor":10,"key":"Dexterity Potion"},{"floor":14,"key":"Dexterity Potion"}],"is_trial":false,"path_per_floor":["M","M","$","M","?","E","?","R","T","E","$","?","R","M","R","B"],"character_chosen":"IRONCLAD","items_purchased":["Feel No Pain","Exhume"],"campfire_rested":1,"item_purchase_floors":[3,11],"current_hp_per_floor":[71,72,72,70,56,22,22,22,22,17,17,17,37,28,28,0,0],"gold":26,"neow_bonus":"THREE_RARE_CARDS","is_daily":false,"chose_seed":false,"campfire_upgraded":2,"win_rate":0.0,"timestamp":1612670295,"path_taken":["M","M","$","M","?","E","?","R","T","E","$","?","R","M","R","BOSS"],"items_purchased_type":["Card","Card"],"build_version":"2020-12-22","purchased_purges":0,"victory":false,"max_hp_per_floor":[72,72,72,72,72,72,72,72,72,72,72,67,67,67,67,67,67],"card_choices":[{"not_picked":["Double Tap","Limit Break"],"picked":"Impervious","floor":0},{"not_picked":["Havoc","Cleave"],"picked":"Pommel Strike","floor":1},{"not_picked":["Headbutt","Iron Wave"],"picked":"True Grit","floor":2},{"not_picked":["Battle Trance","Armaments"],"picked":"Bludgeon","floor":4},{"not_picked":["Blood for Blood","Combust"],"picked":"Evolve","floor":6},{"not_picked":["Pommel Strike","Cleave"],"picked":"Dropkick","floor":10},{"not_picked":["Rupture","Flex","Wild Strike"],"picked":"SKIP","floor":14}],"player_experience":243947,"relics_obtained":[{"floor":6,"key":"Shuriken"},{"floor":9,"key":"Self Forming Clay"},{"floor":10,"key":"Kunai"}],"event_choices":[{"damage_healed":0,"gold_gain":0,"player_choice":"Entered Light","damage_taken":14,"max_hp_gain":0,"max_hp_loss":0,"event_name":"Shining Light","floor":5,"gold_loss":0,"cards_upgraded":["Impervious","Bash"]},{"cards_removed":["Strike_R"],"damage_healed":0,"gold_gain":0,"player_choice":"Card Removal","damage_taken":0,"max_hp_gain":0,"max_hp_loss":0,"event_name":"The Cleric","floor":7,"gold_loss":50},{"damage_healed":0,"gold_gain":0,"player_choice":"Lose Max HP","damage_taken":0,"relics_obtained":["Golden Idol"],"max_hp_gain":0,"max_hp_loss":5,"event_name":"Golden Idol","floor":12,"gold_loss":0}],"is_beta":false,"boss_relics":[],"items_purged_floors":[],"is_endless":false,"potions_floor_spawned":[6,10,14],"killed_by":"Hexaghost","ascension_level":9}}