{"host":"6q94iy5iz6612v89","time":1612698300,"event":{"mods":["2.2 Compatiblity","AchievementEnabler","BaseMod","Colored Map","DeckTracker","Keyboard Shortcuts","Minty Spire (QoL Compilation)","Permanent Neow","StSLib","SuperFastMode"],"gold_per_floor":[117,117,131,56,56,82,82,114,165,179,179,191,202,230,230,305,305,315,331,348,248,267,299,316,316,316,334,213,229,245,262,262,262,262],"floor_reached":33,"language":"KOR","playtime":682,"items_purged":["Strike_R","Strike_R","Strike_R"],"score":636,"play_id":"1977bc0a-4808-44e3-b4b5-4f47a4d43d5b","local_time":"20210207204500","is_ascension_mode":true,"campfire_choices":[{"data":"Body Slam","floor":7.0,"key":"SMITH"},{"data":"Uppercut","floor":11.0,"key":"SMITH"},{"data":"Whirlwind","floor":15.0,"key":"SMITH"},{"data":"True Grit","floor":32,"key":"SMITH"}],"circlet_count":0,"master_deck":["AscendersBane","Strike_R","Defend_R","Defend_R+1","Defend_R","Defend_R","Bash","Shrug It Off+1","Dropkick+1","Body Slam+1","Uppercut+1","Whirlwind+1","Double Tap","Shrug It Off+1","True Grit+1","Burning Pact"],"relics":["Burning Blood","NeowsBlessing","Vajra","TungstenRod","Pen Nib","Busted Crown","Darkstone Periapt","The Courier"],"acts_visited":["Exordium","TheCity"],"potions_floor_usage":[33],"damage_taken":[{"damage":0.0,"enemies":"Jaw Worm","floor":1.0,"turns":1.0},{"damage":0.0,"enemies":"Cultist","floor":3.0,"turns":1.0},{"damage":0.0,"enemies":"3 Sentries","floor":6.0,"turns":2.0},{"damage":25.0,"enemies":"Gremlin Nob","floor":8.0,"turns":4.0},{"damage":1.0,"enemies":"2 Louse","floor":10.0,"turns":3.0},{"damage":12.0,"enemies":"Exordium Thugs","floor":12.0,"turns":4.0},{"damage":0.0,"enemies":"Red Slaver","floor":13.0,"turns":3.0},{"damage":22.0,"enemies":"3 Sentries","floor":14.0,"turns":8.0},{"damage":21.0,"enemies":"The Guardian","floor":16.0,"turns":10.0},{"damage":0.0,"enemies":"2 Thieves","floor":18.0,"turns":1.0},{"damage":13.0,"enemies":"Shell Parasite","floor":19.0,"turns":4.0},{"damage":4.0,"enemies":"Snecko","floor":20.0,"turns":3.0},{"damage":10.0,"enemies":"Snake Plant","floor":22.0,"turns":2.0},{"damage":54.0,"enemies":"Slavers","floor":23.0,"turns":5.0},{"damage":3.0,"enemies":"3 Cultists","floor":24.0,"turns":4.0},{"damage":2.0,"enemies":"Snecko","floor":27.0,"turns":3.0},{"damage":2,"enemies":"Snake Plant","floor":29,"turns":3},{"damage":12,"enemies":"Shelled Parasite and Fungi","floor":30,"turns":2},{"damage":15,"enemies":"Chosen and Byrds","floor":31,"turns":4},{"damage":33,"enemies":"Collector","floor":33,"turns":5}],"seed_played":"-5021191013146495103","potions_obtained":[{"floor":3.0,"key":"BlessingOfTheForge"},{"floor":6.0,"key":"SneckoOil"},{"floor":8.0,"key":"DuplicationPotion"},{"floor":13.0,"key":"LiquidBronze"},{"floor":16.0,"key":"Swift Potion"},{"floor":19.0,"key":"EntropicBrew"},{"floor":29,"key":"Explosive Potion"},{"floor":30,"key":"Weak Potion"},{"floor":31,"key":"Swift Potion"}],"is_trial":false,"path_per_floor":["M","?","M","$","?","E","R","E","T","M","R","M","M","E","R","B",null,"M","M","M","$","M","E","M","?","T","M","$","M","M","M","R","B"],"character_chosen":"IRONCLAD","items_purchased":["True Grit"],"campfire_rested":0,"item_purchase_floors":[28],"current_hp_per_floor":[74,74,75,75,52,58,58,39,39,44,44,38,44,28,28,13,60,66,59,61,61,57,24,27,27,27,31,31,35,29,20,20,0,0],"gold":262,"neow_bonus":"THREE_ENEMY_KILL","is_daily":false,"chose_seed":false,"campfire_upgraded":4,"win_rate":0.0,"timestamp":1612698300,"path_taken":["M","?","M","$","?","E","R","E","T","?","R","M","?","E","R","BOSS","M","M","M","$","M","E","M","?","T","M","$","M","?","M","R","BOSS"],"items_purchased_type":["Card"],"build_version":"2020-12-22","purchased_purges":3,"victory":false,"max_hp_per_floor":[75,75,75,75,75,75,75,75,75,75,75,75,75,75,75,75,75,75,75,75,75,75,75,75,75,75,75,75,75,75,75,75,75,75],"card_choices":[{"not_picked":["Flex","True Grit"],"picked":"Shrug It Off","floor":1.0},{"not_picked":["Clash","Clothesline"],"picked":"Dropkick","floor":3.0},{"not_picked":["Perfected Strike","Wild Strike"],"picked":"Body Slam","floor":6.0},{"not_picked":["Clothesline","Shrug It Off"],"picked":"Uppercut","floor":8.0},{"not_picked":["Uppercut","Clothesline","Warcry"],"picked":"SKIP","floor":10.0},{"not_picked":["Clothesline","Corruption"],"picked":"Whirlwind","floor":12.0},{"not_picked":["Clash","Armaments","Thunderclap"],"picked":"SKIP","floor":13.0},{"not_picked":["Clash","Armaments","Thunderclap"],"picked":"SKIP","floor":13.0},{"not_picked":["Pommel Strike","Wild Strike","Iron Wave"],"picked":"SKIP","floor":14.0},{"not_picked":["Brutality","Feed"],"picked":"Double Tap","floor":16.0},{"not_picked":["Cleave"],"picked":"SKIP","floor":18.0},{"not_picked":["Shockwave"],"picked":"SKIP","floor":19.0},{"not_picked":[],"picked":"Shrug It Off+1","floor":20.0},{"not_picked":["Armaments"],"picked":"SKIP","floor":22.0},{"not_picked":["Wild Strike"],"picked":"SKIP","floor":23.0},{"not_picked":["Heavy Blade"],"picked":"SKIP","floor":24.0},{"not_picked":["Infernal Blade"],"picked":"SKIP","floor":27.0},{"not_picked":["Ghostly Armor+1"],"picked":"SKIP","floor":29},{"not_picked":["Flex+1"],"picked":"SKIP","floor":30},{"not_picked":[],"picked":"Burning Pact","floor":31}],"player_experience":1472628,"relics_obtained":[{"floor":6.0,"key":"Vajra"},{"floor":8.0,"key":"TungstenRod"},{"floor":14.0,"key":"Pen Nib"},{"floor":23.0,"key":"Darkstone Periapt"},{"floor":26.0,"key":"The Courier"}],"event_choices":[{"cards_removed":["Strike_R"],"damage_healed":0.0,"max_hp_gain":0.0,"max_hp_loss":0.0,"gold_gain":0.0,"event_name":"Living Wall","player_choice":"Forget","floor":2.0,"gold_loss":0.0,"damage_taken":0.0},{"damage_healed":0.0,"max_hp_gain":0.0,"max_hp_loss":0.0,"gold_gain":0.0,"event_name":"Shining Light","player_choice":"Entered Light","floor":5.0,"gold_loss":0.0,"damage_taken":23.0,"cards_upgraded":["Shrug It Off","Defend_R"]},{"damage_healed":0.0,"max_hp_gain":0.0,"max_hp_loss":0.0,"gold_gain":0.0,"event_name":"Accursed Blacksmith","player_choice":"Forge","floor":25.0,"gold_loss":0.0,"damage_taken":0.0,"cards_upgraded":["Dropkick"]}],"is_beta":false,"boss_relics":[{"not_picked":["SacredBark","Black Blood"],"picked":"Busted Crown"}],"items_purged_floors":[4,21,28],"is_endless":false,"potions_floor_spawned":[3,6,8,13,16,19,29,30,31],"killed_by":"Collector","ascension_level":20}}