{"host":"eaiphzh066bwqdh7","time":1612675131,"event":{"mods":["BaseMod","Better Note","Halation","Hubris","Minty Spire (QoL Compilation)","Reliquary","Replay The Spire","StSLib"],"gold_per_floor":[111,41,52,2,21,21,121,121,121,121,137,62,12,29,29,29,29],"floor_reached":16,"language":"ENG","playtime":227,"items_purged":["Defend_P"],"score":108,"play_id":"1c6bc4b2-b709-4154-bcab-b5346e7bfdc1","local_time":"20210207001851","is_ascension_mode":true,"campfire_choices":[{"data":"Worship","floor":6,"key":"SMITH"},{"data":"Eruption","floor":8,"key":"SMITH"},{"data":"Vigilance","floor":10,"key":"SMITH"},{"data":"Strike_P","floor":15,"key":"SMITH"}],"circlet_count":0,"master_deck":["Strike_P","Strike_P","Strike_P","Strike_P+1","Defend_P","Defend_P","Eruption+1","Vigilance+1","Worship+1"],"relics":["PureWater","NeowsBlessing","Pear","Replay:Kaleidoscope"],"acts_visited":["Exordium"],"potions_floor_usage":[],"damage_taken":[{"damage":0,"enemies":"Small Slimes","floor":1,"turns":1},{"damage":0,"enemies":"Cultist","floor":3,"turns":1},{"damage":0,"enemies":"2 Louse","floor":5,"turns":1},{"damage":7,"enemies":"Exordium Thugs","floor":11,"turns":3},{"damage":0,"enemies":"Exordium Wildlife","floor":14,"turns":2},{"damage":78,"enemies":"Hexaghost","floor":16,"turns":7}],"seed_played":"8139238445635831547","potions_obtained":[{"floor":11,"key":"FearPotion"}],"is_trial":false,"path_per_floor":["M","$","M","?","M","R","?","R","T","R","M","$","?","M","R","B"],"character_chosen":"WATCHER","items_purchased":["Worship"],"campfire_rested":0,"item_purchase_floors":[2],"current_hp_per_floor":[72,72,72,82,82,82,82,82,82,82,75,75,75,75,75,0,0],"gold":29,"neow_bonus":"THREE_ENEMY_KILL","is_daily":false,"chose_seed":false,"campfire_upgraded":4,"win_rate":0.0,"timestamp":1612675131,"path_taken":["M","$","M","?","?","R","?","R","T","R","M","?","?","M","R","BOSS"],"items_purchased_type":["Card"],"build_version":"2020-12-22","purchased_purges":1,"victory":false,"max_hp_per_floor":[72,72,72,82,82,82,82,82,82,82,82,82,82,82,82,82,82],"card_choices":[{"not_picked":["Protect","EmptyFist","FollowUp"],"picked":"SKIP","floor":1},{"not_picked":["Swivel","Replay:Cycle","CrushJoints"],"picked":"SKIP","floor":3},{"not_picked":["ThirdEye","CarveReality","BowlingBash"],"picked":"SKIP","floor":5},{"not_picked":["Weave","EmptyFist","Consecrate"],"picked":"SKIP","floor":11},{"not_picked":["Conclude","SandsOfTime","FearNoEvil"],"picked":"SKIP","floor":14}],"player_experience":273159,"relics_obtained":[{"floor":9,"key":"Replay:Kaleidoscope"}],"event_choices":[{"damage_healed":0,"gold_gain":0,"player_choice":"Paid Gold","damage_taken":0,"relics_obtained":["Pear"],"max_hp_gain":0,"max_hp_loss":0,"event_name":"WeMeetAgain","floor":4,"gold_loss":50},{"damage_healed":0,"gold_gain":100,"player_choice":"Pray","damage_taken":0,"max_hp_gain":0,"max_hp_loss":0,"event_name":"Golden Shrine","floor":7,"gold_loss":0},{"cards_removed":["Defend_P"],"damage_healed":0,"gold_gain":0,"player_choice":"Card Removal","damage_taken":0,"max_hp_gain":0,"max_hp_loss":0,"event_name":"The Cleric","floor":13,"gold_loss":50}],"is_beta":false,"boss_relics":[],"items_purged_floors":[12],"is_endless":false,"potions_floor_spawned":[11],"killed_by":"Hexaghost","ascension_level":4}}