{"host":"a3wpq7kyokchzawk","time":1612729811,"event":{"mods":["BaseMod","Colored Map","Highlight Path","Minty Spire (QoL Compilation)","Permanent Neow","Potion Indicator Mod","Relic Stats","Weighted Paths"],"gold_per_floor":[119,131,131,142,142,142,153,179,204,45,45,59,77,105,105,181,181,191,18,18,30,30,30,4,4,4],"floor_reached":25,"language":"ENG","playtime":7749,"items_purged":["Strike_B"],"score":436,"play_id":"4822297f-5eb4-4f9d-86a0-42b2d8c13ede","local_time":"20210207183011","is_ascension_mode":true,"campfire_choices":[{"data":"Darkness","floor":6.0,"key":"SMITH"},{"floor":15,"key":"REST"},{"data":"Loop","floor":23,"key":"SMITH"}],"circlet_count":0,"master_deck":["AscendersBane","Defend_B","Defend_B","Defend_B","Defend_B","Zap","Dualcast","Darkness+1","Cold Snap","Sweeping Beam","Lockon","Genetic Algorithm","Loop+1","FTL","Stack","Machine Learning","Bite","Bite","Bite","Bite","Bite","Compile Driver","Conserve Battery"],"relics":["Cracked Core","Dead Branch","Bag of Preparation","Lantern","Smiling Mask","Centennial Puzzle","Nuclear Battery","Strange Spoon"],"acts_visited":["Exordium","TheCity"],"potions_floor_usage":[14,16,21],"damage_taken":[{"damage":1.0,"enemies":"Cultist","floor":1.0,"turns":3.0},{"damage":10.0,"enemies":"2 Louse","floor":2.0,"turns":4.0},{"damage":6.0,"enemies":"Small Slimes","floor":4.0,"turns":3.0},{"damage":5.0,"enemies":"2 Fungi Beasts","floor":7.0,"turns":3.0},{"damage":6.0,"enemies":"Gremlin Nob","floor":8.0,"turns":3.0},{"damage":6.0,"enemies":"Looter","floor":12.0,"turns":3.0},{"damage":4.0,"enemies":"Gremlin Gang","floor":13.0,"turns":4.0},{"damage":15,"enemies":"3 Sentries","floor":14,"turns":5},{"damage":24,"enemies":"Slime Boss","floor":16,"turns":7},{"damage":8,"enemies":"2 Thieves","floor":18,"turns":3},{"damage":7,"enemies":"3 Byrds","floor":21,"turns":4},{"damage":72,"enemies":"Book of Stabbing","floor":25,"turns":6}],"seed_played":"-8047046212318601401","potions_obtained":[{"floor":4.0,"key":"AttackPotion"},{"floor":7.0,"key":"PowerPotion"},{"floor":12.0,"key":"PowerPotion"},{"floor":14,"key":"Weak Potion"},{"floor":18,"key":"DistilledChaos"}],"is_trial":false,"path_per_floor":["M","M","?","M","?","R","M","E","T","$","?","M","M","E","R","B",null,"M","$","?","M","?","R","$","E"],"character_chosen":"DEFECT","items_purchased":["Loop","Strange Spoon","Conserve Battery"],"campfire_rested":1,"item_purchase_floors":[10,19,24],"current_hp_per_floor":[45,35,58,52,52,52,47,41,41,41,30,24,20,5,26,2,54,46,46,46,49,49,49,49,0,0],"gold":4,"neow_bonus":"ONE_RARE_RELIC","is_daily":false,"chose_seed":false,"campfire_upgraded":2,"win_rate":0.0,"timestamp":1612729811,"path_taken":["M","M","?","M","?","R","M","E","T","$","?","M","M","E","R","BOSS","M","$","?","M","?","R","$","E"],"items_purchased_type":["Card","Relic","Card"],"build_version":"2020-12-22","purchased_purges":1,"victory":false,"max_hp_per_floor":[71,71,71,71,71,71,71,71,71,71,71,71,71,71,71,71,71,71,71,49,49,49,49,49,49,49],"relic_stats":{"Strange Spoon":[0],"Centennial Puzzle":[12],"counters":[12,48],"Dead Branch":[24],"Bag of Preparation":[14],"Smiling Mask":0,"obtain_stats":[{"Strange Spoon":19,"Lantern":9,"Centennial Puzzle":14,"Dead Branch":0,"Bag of Preparation":8,"Cracked Core":0,"Smiling Mask":11,"Nuclear Battery":17},{"Strange Spoon":10,"Lantern":5,"Centennial Puzzle":8,"Dead Branch":0,"Bag of Preparation":5,"Cracked Core":0,"Smiling Mask":5,"Nuclear Battery":9},{"Strange Spoon":38,"Lantern":16,"Centennial Puzzle":28,"Dead Branch":0,"Bag of Preparation":16,"Cracked Core":0,"Smiling Mask":16,"Nuclear Battery":35}]},"card_choices":[{"not_picked":["Barrage","Leap"],"picked":"Darkness","floor":1.0},{"not_picked":["Sweeping Beam","Scrape"],"picked":"Cold Snap","floor":2.0},{"not_picked":["Streamline","Sunder"],"picked":"Sweeping Beam","floor":4.0},{"not_picked":["Coolheaded","Ball Lightning"],"picked":"Lockon","floor":7.0},{"not_picked":["Capacitor","Rebound"],"picked":"Genetic Algorithm","floor":8.0},{"not_picked":["Steam","Tempest"],"picked":"FTL","floor":12.0},{"not_picked":["Rebound","Amplify","Redo"],"picked":"SKIP","floor":13.0},{"not_picked":["Coolheaded","Ball Lightning"],"picked":"Stack","floor":14},{"not_picked":["Meteor Strike","Fission"],"picked":"Machine Learning","floor":16},{"not_picked":["Gash","Sweeping Beam","Scrape"],"picked":"SKIP","floor":18},{"not_picked":["Beam Cell","Sunder"],"picked":"Compile Driver","floor":21}],"player_experience":2661413,"relics_obtained":[{"floor":8.0,"key":"Bag of Preparation"},{"floor":9.0,"key":"Lantern"},{"floor":14,"key":"Centennial Puzzle"}],"event_choices":[{"damage_healed":23.0,"max_hp_gain":0.0,"max_hp_loss":0.0,"gold_gain":0.0,"event_name":"Big Fish","player_choice":"Banana","floor":3.0,"gold_loss":0.0,"damage_taken":0.0},{"damage_healed":0.0,"max_hp_gain":0.0,"max_hp_loss":0.0,"gold_gain":0.0,"event_name":"Shining Light","player_choice":"Ignored","floor":5.0,"gold_loss":0.0,"damage_taken":0.0},{"damage_healed":0.0,"max_hp_gain":0.0,"max_hp_loss":0.0,"gold_gain":0.0,"event_name":"Scrap Ooze","player_choice":"Success","floor":11.0,"gold_loss":0.0,"damage_taken":11.0,"relics_obtained":["Smiling Mask"]},{"damage_healed":0,"gold_gain":0,"player_choice":"Became a vampire","damage_taken":0,"max_hp_gain":0,"max_hp_loss":22,"event_name":"Vampires","floor":20,"gold_loss":0,"cards_obtained":["Bite","Bite","Bite","Bite","Bite"]},{"damage_healed":0,"gold_gain":0,"player_choice":"0 cards matched","damage_taken":0,"max_hp_gain":0,"max_hp_loss":0,"event_name":"Match and Keep!","floor":22,"gold_loss":0,"cards_obtained":[]}],"is_beta":false,"boss_relics":[{"not_picked":["FrozenCore","Fusion Hammer"],"picked":"Nuclear Battery"}],"items_purged_floors":[10],"is_endless":false,"potions_floor_spawned":[4,7,12,14,18],"killed_by":"Book of Stabbing","ascension_level":19}}