{"host":"avybiddlniqinkgc","time":1612659512,"event":{"mods":["AchievementEnabler","BaseMod","Colored Map","DeckTracker","Highlight Path","KOR Keyword Fix","Keyboard Shortcuts","Minty Spire (QoL Compilation)","Permanent Neow","Quick Restart","Random Character Button","Rare Cards Sparkle","StSLib","SuperFastMode"],"gold_per_floor":[119,119,132,145,145,145,179,195,242,253,253,34,51,51,51,150,150,168,180,180,180],"floor_reached":20,"language":"KOR","playtime":369,"items_purged":["Strike_R"],"score":226,"play_id":"2b9a52c5-59f1-4bd3-9ff8-b8695a96616d","local_time":"20210207095832","is_ascension_mode":false,"campfire_choices":[{"data":"Flex","floor":6.0,"key":"SMITH"},{"data":"Offering","floor":15,"key":"SMITH"}],"circlet_count":0,"master_deck":["Strike_R","Strike_R","Defend_R","Defend_R","Defend_R","Defend_R","Bash","Flex+1","Shrug It Off","Cleave","Wild Strike","Shockwave","Second Wind","Fire Breathing","Offering+1","Entrench","Barricade","True Grit","Sever Soul","Fire Breathing+1"],"relics":["Burning Blood","Gremlin Horn","Prayer Wheel","Happy Flower","FaceOfCleric","PreservedInsect","Black Star"],"acts_visited":["Exordium","TheCity"],"potions_floor_usage":[7,7,10],"damage_taken":[{"damage":4.0,"enemies":"2 Louse","floor":1.0,"turns":4.0},{"damage":1.0,"enemies":"Jaw Worm","floor":3.0,"turns":5.0},{"damage":1.0,"enemies":"Cultist","floor":4.0,"turns":3.0},{"damage":33,"enemies":"Lagavulin","floor":7,"turns":8},{"damage":7,"enemies":"Blue Slaver","floor":8,"turns":3},{"damage":10,"enemies":"Gremlin Gang","floor":10,"turns":2},{"damage":0,"enemies":"3 Louse","floor":13,"turns":1},{"damage":6,"enemies":"Slime Boss","floor":16,"turns":7},{"damage":64,"enemies":"Spheric Guardian","floor":18,"turns":8},{"damage":21,"enemies":"3 Byrds","floor":19,"turns":6},{"damage":11,"enemies":"Centurion and Healer","floor":20,"turns":2}],"seed_played":"-8841278769348914378","potions_obtained":[{"floor":1.0,"key":"Block Potion"},{"floor":3.0,"key":"LiquidBronze"},{"floor":4.0,"key":"SneckoOil"}],"is_trial":false,"path_per_floor":["M","?","M","M","T","R","E","M","T","M","?","$","M","?","R","B",null,"M","M","M"],"character_chosen":"IRONCLAD","items_purchased":["PreservedInsect"],"campfire_rested":0,"item_purchase_floors":[12],"current_hp_per_floor":[80,80,80,80,80,80,53,52,52,48,48,48,55,55,55,56,82,25,11,0,0],"gold":180,"neow_bonus":"TRANSFORM_CARD","is_daily":false,"chose_seed":false,"campfire_upgraded":2,"win_rate":0.0,"timestamp":1612659512,"path_taken":["M","?","M","M","?","R","E","M","T","M","?","$","?","?","R","BOSS","M","M","M"],"items_purchased_type":["Relic"],"build_version":"2020-12-22","purchased_purges":1,"victory":false,"max_hp_per_floor":[80,80,80,80,80,80,80,80,80,80,80,80,81,81,81,82,82,83,84,84,84],"card_choices":[{"not_picked":["Metallicize","Perfected Strike"],"picked":"Flex","floor":1.0},{"not_picked":["Armaments","Perfected Strike"],"picked":"Cleave","floor":3.0},{"not_picked":["Carnage","Cleave"],"picked":"Wild Strike","floor":4.0},{"not_picked":["Carnage","Clothesline"],"picked":"Shockwave","floor":7},{"not_picked":["Warcry","Perfected Strike"],"picked":"Second Wind","floor":8},{"not_picked":["Second Wind","Whirlwind","Body Slam"],"picked":"SKIP","floor":8},{"not_picked":["Sword Boomerang","Searing Blow"],"picked":"Fire Breathing","floor":10},{"not_picked":["Flex","Clothesline","Uppercut"],"picked":"SKIP","floor":10},{"not_picked":["Clothesline","Dark Embrace"],"picked":"Offering","floor":13},{"not_picked":["Anger","Second Wind","Rampage"],"picked":"SKIP","floor":13},{"not_picked":["Brutality","Berserk"],"picked":"Barricade","floor":16},{"not_picked":["Intimidate","Headbutt"],"picked":"True Grit","floor":18},{"not_picked":["Anger+1","Whirlwind","Rupture"],"picked":"SKIP","floor":18},{"not_picked":["Clash","Seeing Red"],"picked":"Sever Soul","floor":19},{"not_picked":["Sever Soul","Pommel Strike"],"picked":"Fire Breathing+1","floor":19}],"player_experience":3647,"relics_obtained":[{"floor":5.0,"key":"Gremlin Horn"},{"floor":7,"key":"Prayer Wheel"},{"floor":9,"key":"Happy Flower"}],"event_choices":[{"damage_healed":0.0,"max_hp_gain":0.0,"max_hp_loss":0.0,"gold_gain":0.0,"cards_transformed":["Infernal Blade"],"event_name":"Living Wall","player_choice":"Change","floor":2.0,"gold_loss":0.0,"damage_taken":0.0,"cards_obtained":["Shrug It Off"]},{"damage_healed":0,"gold_gain":0,"player_choice":"Trade","damage_taken":0,"relics_obtained":["FaceOfCleric"],"max_hp_gain":0,"max_hp_loss":0,"event_name":"FaceTrader","floor":11,"gold_loss":0},{"damage_healed":0,"gold_gain":0,"cards_transformed":["Strike_R"],"player_choice":"Transformed","damage_taken":0,"max_hp_gain":0,"max_hp_loss":0,"event_name":"Transmorgrifier","floor":14,"gold_loss":0,"cards_obtained":["Entrench"]}],"is_beta":false,"boss_relics":[{"not_picked":["Calling Bell","Runic Pyramid"],"picked":"Black Star"}],"items_purged_floors":[12],"is_endless":false,"potions_floor_spawned":[1,3,4],"killed_by":"Centurion and Healer","ascension_level":0}}