{"host":"xp27heuvanyklt0b","time":1612697119,"event":{"mods":["100% Spire Juice","BaseMod","CapriCore","Koishi","Lobotomy","Minty Spire (QoL Compilation)","Prisma Mod","StSLib","The Cursed","The Immortal"],"gold_per_floor":[115,192,367,379,389,418,418,30,30,50,50,67,67,67,67,168,168,180,62,73,73,73,73,105,105,105,131,145,145,165,184,184,284,284,294,96,147,147,157,157,189,189,189,201,215,215,229,243,243,243,243],"floor_reached":50,"language":"KOR","playtime":2784,"items_purged":[],"score":537,"play_id":"9c0363b3-0436-4a04-857b-8635460d6554","local_time":"20210207202519","is_ascension_mode":false,"campfire_choices":[{"data":"TheCursedMod:AbyssShockwave","floor":7,"key":"SMITH"},{"floor":11,"key":"RECALL"},{"data":"TheCursedMod:HellfireBreathing","floor":13,"key":"SMITH"},{"floor":15,"key":"REST"},{"data":"TheCursedMod:SpitefulPlan","floor":23,"key":"SMITH"},{"floor":29,"key":"REST"},{"floor":32,"key":"REST"},{"data":"TheCursedMod:CursedRelics","floor":40,"key":"SMITH"},{"data":"TheCursedMod:AbyssShockwave","floor":42,"key":"SMITH"},{"floor":46,"key":"REST"},{"floor":49,"key":"REST"}],"circlet_count":0,"master_deck":["TheCursedMod:Strike_TheCursed","TheCursedMod:Strike_TheCursed","TheCursedMod:Defend_TheCursed","TheCursedMod:Defend_TheCursed","TheCursedMod:Defend_TheCursed","TheCursedMod:Defend_TheCursed","TheCursedMod:CursedWand","TheCursedMod:CleanUpWorkshop","TheCursedMod:Dregs","Writhe","TheCursedMod:BlessingInDisguise","TheCursedMod:AbyssShockwave+1","TheCursedMod:CursedBoomerang","Doubt","TheCursedMod:SpitefulStrike","TheCursedMod:SurpriseAttack","TheCursedMod:Wield","TheCursedMod:HellfireBreathing+1","TheCursedMod:RapidMovement","TheCursedMod:CursedRelics+1","TheCursedMod:SoulReap","TheCursedMod:CircleOfFlame","TheCursedMod:SpitefulPlan+1","TheCursedMod:Mangle","Writhe","TheCursedMod:AbyssShockwave+1","TheCursedMod:CursedSpellbook","TheCursedMod:Mangle","TheCursedMod:Hemoplague+1","TheCursedMod:CircleOfAbyss","TheCursedMod:BlessingInDisguise+1","TheCursedMod:CursedAmulet+1","TheCursedMod:Obscuration+1","TheCursedMod:Evocation"],"relics":["TheCursedMod:BlackMagic101","Ancient Tea Set","Mercury Hourglass","Happy Flower","The Courier","Question Card","TheCursedMod:OminousMark","Dream Catcher","TheCursedMod:Tack","Smiling Mask","Lizard Tail","TungstenRod","Black Star","Pantograph","StoneCalendar","Pear","StrikeDummy"],"acts_visited":["Exordium","TheCity","TheBeyond"],"potions_floor_usage":[6,16,16,24,33,33,47,50],"damage_taken":[{"damage":1,"enemies":"2 Louse","floor":1,"turns":3},{"damage":0,"enemies":"Small Slimes","floor":4,"turns":2},{"damage":0,"enemies":"Cultist","floor":5,"turns":3},{"damage":25,"enemies":"Gremlin Nob","floor":6,"turns":5},{"damage":0,"enemies":"Blue Slaver","floor":10,"turns":3},{"damage":0,"enemies":"Large Slime","floor":12,"turns":2},{"damage":49,"enemies":"The Guardian","floor":16,"turns":15},{"damage":10,"enemies":"Spheric Guardian","floor":18,"turns":3},{"damage":0,"enemies":"3 Byrds","floor":20,"turns":2},{"damage":29,"enemies":"Gremlin Leader","floor":24,"turns":7},{"damage":20,"enemies":"Slavers","floor":27,"turns":4},{"damage":9,"enemies":"Snake Plant","floor":28,"turns":3},{"damage":23,"enemies":"Shelled Parasite and Fungi","floor":30,"turns":4},{"damage":8,"enemies":"Cultist and Chosen","floor":31,"turns":3},{"damage":82,"enemies":"Champ","floor":33,"turns":10},{"damage":22,"enemies":"Orb Walker","floor":35,"turns":4},{"damage":22,"enemies":"2 Orb Walkers","floor":37,"turns":4},{"damage":9,"enemies":"3 Darklings","floor":39,"turns":3},{"damage":29,"enemies":"Giant Head","floor":41,"turns":7},{"damage":18,"enemies":"Transient","floor":44,"turns":5},{"damage":14,"enemies":"Writhing Mass","floor":45,"turns":4},{"damage":20,"enemies":"Jaw Worm Horde","floor":47,"turns":4},{"damage":39,"enemies":"Maw","floor":48,"turns":7},{"damage":113,"enemies":"Time Eater","floor":50,"turns":12}],"seed_played":"-420124860897242543","potions_obtained":[{"floor":1,"key":"ColorlessPotion"},{"floor":6,"key":"DistilledChaos"},{"floor":16,"key":"Fruit Juice"},{"floor":18,"key":"SkillPotion"},{"floor":27,"key":"SteroidPotion"},{"floor":30,"key":"EssenceOfSteel"},{"floor":31,"key":"PowerPotion"},{"floor":39,"key":"Regen Potion"},{"floor":44,"key":"SkillPotion"},{"floor":47,"key":"LiquidMemories"}],"is_trial":false,"path_per_floor":["M","?","?","M","M","E","R","$","T","M","R","M","R","?","R","B",null,"M","$","M","?","?","R","E","?","T","E","M","R","M","M","R","B",null,"M","$","?","?","M","R","E","R","T","M","M","R","M","M","R","B"],"character_chosen":"THE_CURSED","items_purchased":["Mercury Hourglass","Happy Flower","Dream Catcher","Pantograph"],"campfire_rested":5,"item_purchase_floors":[8,8,19,36],"current_hp_per_floor":[74,74,74,74,74,49,49,49,49,49,49,49,49,49,71,27,80,70,70,75,75,75,75,48,48,48,30,21,45,22,19,43,14,80,63,63,45,90,81,81,72,72,72,59,50,80,65,28,58,0,0],"gold":243,"neow_bonus":"TRANSFORM_TWO_CARDS","is_daily":false,"chose_seed":false,"campfire_upgraded":5,"win_rate":0.0,"timestamp":1612697119,"path_taken":["M","?","?","M","M","E","R","$","T","M","R","M","R","?","R","BOSS","M","$","M","?","?","R","E","?","T","E","M","R","M","M","R","BOSS","M","$","?","?","M","R","E","R","T","M","M","R","M","?","R","BOSS"],"items_purchased_type":["Relic","Relic","Relic","Relic"],"build_version":"2020-12-22","purchased_purges":0,"victory":false,"max_hp_per_floor":[75,75,75,75,75,75,75,75,75,75,75,75,75,75,75,80,80,80,80,80,80,80,80,80,80,80,80,80,80,80,80,80,80,80,80,80,80,90,90,90,100,100,100,100,100,100,100,100,100,100,100],"card_choices":[{"not_picked":["TheCursedMod:FleshFromBone","TheCursedMod:Obscuration"],"picked":"TheCursedMod:CursedBoomerang","floor":1},{"not_picked":["TheCursedMod:Stigma","TheCursedMod:SmokeScreen"],"picked":"TheCursedMod:SpitefulStrike","floor":4},{"not_picked":["TheCursedMod:SpreadPlague","TheCursedMod:TacticalStrike"],"picked":"TheCursedMod:SurpriseAttack","floor":5},{"not_picked":["TheCursedMod:SpitefulStrike","TheCursedMod:TacticalStrike"],"picked":"TheCursedMod:Wield","floor":6},{"not_picked":["TheCursedMod:SaltUponWound","TheCursedMod:FuryStrike"],"picked":"TheCursedMod:HellfireBreathing","floor":10},{"not_picked":["TheCursedMod:SoulCrush","TheCursedMod:StingEye"],"picked":"TheCursedMod:RapidMovement","floor":12},{"not_picked":["TheCursedMod:ShockAndAwe","TheCursedMod:Neurasthenia","TheCursedMod:UltimatePain"],"picked":"TheCursedMod:CursedRelics","floor":16},{"not_picked":["TheCursedMod:PrepareRite+1","TheCursedMod:SurpriseAttack+1","TheCursedMod:WearCloak"],"picked":"TheCursedMod:SoulReap","floor":18},{"not_picked":["TheCursedMod:ReleasedKnowledge","TheCursedMod:VitalStrike+1","TheCursedMod:Wield+1"],"picked":"TheCursedMod:CircleOfFlame","floor":20},{"not_picked":["TheCursedMod:CursedShiv","TheCursedMod:Evocation+1","TheCursedMod:SpitefulPlan"],"picked":"TheCursedMod:Mangle","floor":24},{"not_picked":["TheCursedMod:CircleOfFocus","TheCursedMod:CursedMace+1","TheCursedMod:SoulReap"],"picked":"TheCursedMod:ManaCirculation","floor":27},{"not_picked":["TheCursedMod:SurpriseAttack","TheCursedMod:FuryStrike","TheCursedMod:PrepareRite","TheCursedMod:CircleOfAmplification"],"picked":"SKIP","floor":28},{"not_picked":["TheCursedMod:FuryStrike","TheCursedMod:SoulReap","TheCursedMod:Stigma"],"picked":"TheCursedMod:AbyssShockwave","floor":29},{"not_picked":["TheCursedMod:RapidMovement","TheCursedMod:SpitefulStrike","TheCursedMod:Wield"],"picked":"TheCursedMod:CursedSpellbook","floor":30},{"not_picked":["TheCursedMod:CircleOfAmplification","TheCursedMod:CircleOfFlame","TheCursedMod:Stigma"],"picked":"TheCursedMod:Mangle","floor":31},{"not_picked":["TheCursedMod:CursedArmor","TheCursedMod:CursedShiv","TheCursedMod:SurpriseAttack"],"picked":"TheCursedMod:Hemoplague+1","floor":32},{"not_picked":["TheCursedMod:OutForBlood","TheCursedMod:ParallelWorld","TheCursedMod:UltimatePain"],"picked":"TheCursedMod:CircleOfAbyss","floor":33},{"not_picked":["TheCursedMod:Stigma","TheCursedMod:CircleOfAmplification","TheCursedMod:RapidMovement+1","TheCursedMod:SpitefulStrike"],"picked":"SKIP","floor":35},{"not_picked":["TheCursedMod:RavingStaff+1","TheCursedMod:Torture+1","TheCursedMod:Stigma"],"picked":"TheCursedMod:BlessingInDisguise+1","floor":37},{"not_picked":["TheCursedMod:Wield","TheCursedMod:CursedBlade","TheCursedMod:VitalStrike+1","TheCursedMod:AshesToAshes+1"],"picked":"SKIP","floor":39},{"not_picked":["TheCursedMod:AbyssShockwave","TheCursedMod:ForbiddenAlchemy","TheCursedMod:HellsGateOpen"],"picked":"TheCursedMod:CursedAmulet+1","floor":41},{"not_picked":["TheCursedMod:Torture","TheCursedMod:CursedBoomerang+1","TheCursedMod:CursedBlade","TheCursedMod:SpreadPlague"],"picked":"SKIP","floor":44},{"not_picked":["TheCursedMod:HellsGateOpen","TheCursedMod:RapidMovement+1","TheCursedMod:SurpriseAttack+1","TheCursedMod:Stigma+1"],"picked":"SKIP","floor":45},{"not_picked":["TheCursedMod:StingEye","TheCursedMod:FleshFromBone","TheCursedMod:VitalStrike"],"picked":"TheCursedMod:Obscuration+1","floor":47},{"not_picked":["TheCursedMod:AbyssShockwave","TheCursedMod:SoulCrush+1","TheCursedMod:TacticalStrike","TheCursedMod:VitalStrike+1"],"picked":"SKIP","floor":48},{"not_picked":["TheCursedMod:Wield+1","TheCursedMod:WearCloak+1","TheCursedMod:PrepareRite+1"],"picked":"TheCursedMod:Evocation","floor":49}],"player_experience":155428,"relics_obtained":[{"floor":6,"key":"Ancient Tea Set"},{"floor":9,"key":"The Courier"},{"floor":24,"key":"TheCursedMod:Tack"},{"floor":26,"key":"Lizard Tail"},{"floor":27,"key":"TungstenRod"},{"floor":37,"key":"StoneCalendar"},{"floor":41,"key":"Pear"},{"floor":41,"key":"StrikeDummy"}],"event_choices":[{"damage_healed":0,"gold_gain":77,"player_choice":"Gained Gold","damage_taken":0,"max_hp_gain":0,"max_hp_loss":0,"event_name":"Golden Wing","floor":2,"gold_loss":0},{"damage_healed":0,"gold_gain":175,"player_choice":"AGREE","damage_taken":0,"max_hp_gain":0,"max_hp_loss":0,"event_name":"Liars Game","floor":3,"gold_loss":0,"cards_obtained":["Doubt"]},{"damage_healed":0,"gold_gain":0,"player_choice":"Searched \u00272\u0027 times","damage_taken":0,"relics_obtained":["Question Card"],"max_hp_gain":0,"max_hp_loss":0,"event_name":"Dead Adventurer","floor":14,"gold_loss":0},{"damage_healed":0,"gold_gain":0,"player_choice":"Read","damage_taken":0,"max_hp_gain":0,"max_hp_loss":0,"event_name":"The Library","floor":21,"gold_loss":0,"cards_obtained":["TheCursedMod:SpitefulPlan"]},{"damage_healed":0,"gold_gain":0,"player_choice":"Ignored","damage_taken":0,"max_hp_gain":0,"max_hp_loss":0,"event_name":"Ghosts","floor":22,"gold_loss":0},{"damage_healed":0,"gold_gain":0,"player_choice":"Opened","damage_taken":0,"relics_obtained":["Smiling Mask"],"max_hp_gain":0,"max_hp_loss":0,"event_name":"The Mausoleum","floor":25,"gold_loss":0,"cards_obtained":["Writhe"]},{"damage_healed":0,"gold_gain":0,"player_choice":"Fight","damage_taken":0,"max_hp_gain":0,"max_hp_loss":0,"event_name":"Mysterious Sphere","floor":37,"gold_loss":0},{"cards_removed":["TheCursedMod:ManaCirculation"],"damage_healed":35,"gold_gain":0,"player_choice":"Offered Rare","damage_taken":0,"max_hp_gain":10,"max_hp_loss":0,"event_name":"Bonfire Elementals","floor":38,"gold_loss":0}],"is_beta":false,"boss_relics":[{"not_picked":["Velvet Choker","Calling Bell"],"picked":"TheCursedMod:OminousMark"},{"not_picked":["Busted Crown","SlaversCollar"],"picked":"Black Star"}],"items_purged_floors":[],"is_endless":false,"potions_floor_spawned":[1,6,16,18,27,30,31,39,44,47,48],"killed_by":"Time Eater","ascension_level":0}}