{"host":"4eao2pkwlmv012cz","time":1612679579,"event":{"mods":["BaseMod","Colored Powertips","Minty Spire (QoL Compilation)","Permanent Neow","Quick Restart","Random Character Button","StSLib"],"gold_per_floor":[12,25,38,55,73,100,100,100,100,135,49,49,49,83,83,177,177,155,155,179,16,16,16,66,66,66,82,116,116,116,116],"floor_reached":30,"language":"ENG","playtime":757,"items_purged":[],"score":532,"play_id":"94f61f00-f4b6-4c28-8869-213d31ba58f3","local_time":"20210207013259","is_ascension_mode":true,"campfire_choices":[{"data":"Apotheosis","floor":7.0,"key":"SMITH"},{"floor":12.0,"key":"REST"},{"floor":15.0,"key":"REST"},{"floor":23,"key":"REST"},{"floor":25,"key":"REST"}],"circlet_count":0,"master_deck":["AscendersBane","Strike_B","Strike_B","Strike_B","Strike_B","Defend_B","Defend_B","Defend_B","Defend_B","Zap","Dualcast","Apotheosis+1","Streamline","Conserve Battery","Sunder","Lockon","Loop","Core Surge","Compile Driver","Capacitor","Consume","Biased Cognition","Streamline","BootSequence","Writhe","Coolheaded","Defragment"],"relics":["FrozenCore","StoneCalendar","Golden Idol","Darkstone Periapt","Du-Vu Doll","Symbiotic Virus","ClockworkSouvenir","Calipers","Strawberry","Lantern"],"acts_visited":["Exordium","TheCity"],"potions_floor_usage":[18,28,30,30],"damage_taken":[{"damage":4.0,"enemies":"Jaw Worm","floor":1.0,"turns":3.0},{"damage":0.0,"enemies":"Small Slimes","floor":2.0,"turns":3.0},{"damage":6.0,"enemies":"2 Louse","floor":3.0,"turns":3.0},{"damage":7.0,"enemies":"Gremlin Gang","floor":4.0,"turns":4.0},{"damage":0.0,"enemies":"Exordium Thugs","floor":5.0,"turns":3.0},{"damage":24.0,"enemies":"Gremlin Nob","floor":6.0,"turns":4.0},{"damage":16.0,"enemies":"Lagavulin","floor":10.0,"turns":6.0},{"damage":34.0,"enemies":"Gremlin Nob","floor":14.0,"turns":4.0},{"damage":18,"enemies":"Slime Boss","floor":16,"turns":6},{"damage":27,"enemies":"2 Thieves","floor":18,"turns":4},{"damage":23,"enemies":"Shell Parasite","floor":20,"turns":5},{"damage":24,"enemies":"Snake Plant","floor":27,"turns":3},{"damage":40,"enemies":"Gremlin Leader","floor":28,"turns":7},{"damage":20,"enemies":"Book of Stabbing","floor":30,"turns":2}],"seed_played":"5410296888894059253","potions_obtained":[{"floor":3.0,"key":"Swift Potion"},{"floor":5.0,"key":"Weak Potion"},{"floor":6.0,"key":"Regen Potion"},{"floor":16,"key":"LiquidMemories"},{"floor":27,"key":"DistilledChaos"},{"floor":28,"key":"SteroidPotion"},{"floor":29,"key":"Regen Potion"},{"floor":29,"key":"Swift Potion"}],"is_trial":false,"path_per_floor":["M","M","M","M","M","E","R","?","T","E","$","R","?","E","R","B",null,"M","?","M","$","?","R","?","R","T","M","E","?","E"],"character_chosen":"DEFECT","items_purchased":["Capacitor","ClockworkSouvenir"],"campfire_rested":4,"item_purchase_floors":[11,21],"current_hp_per_floor":[60,60,54,47,47,23,23,23,23,22,22,43,48,14,36,18,62,35,35,12,12,18,42,42,66,73,49,9,9,0,0],"gold":116,"neow_bonus":"RANDOM_COLORLESS_2","is_daily":false,"chose_seed":false,"campfire_upgraded":1,"win_rate":0.0,"timestamp":1612679579,"path_taken":["M","M","M","M","M","E","R","?","T","E","$","R","?","E","R","BOSS","M","?","M","$","?","R","?","R","T","M","E","?","E"],"items_purchased_type":["Card","Relic"],"build_version":"2020-12-22","purchased_purges":0,"victory":false,"max_hp_per_floor":[71,71,71,71,71,71,71,71,71,71,71,71,76,76,76,76,76,76,76,76,76,82,82,82,82,89,89,89,89,89,89],"card_choices":[{"not_picked":["Chrysalis","Violence"],"picked":"Apotheosis","floor":0.0},{"not_picked":["Stack","Coolheaded"],"picked":"Streamline","floor":1.0},{"not_picked":["Barrage","Hologram"],"picked":"Conserve Battery","floor":2.0},{"not_picked":["Recycle","Rebound"],"picked":"Sunder","floor":3.0},{"not_picked":["Gash","Streamline"],"picked":"Lockon","floor":4.0},{"not_picked":["Streamline","Scrape"],"picked":"Loop","floor":5.0},{"not_picked":["Reinforced Body","Consume"],"picked":"Core Surge","floor":6.0},{"not_picked":["Melter","Loop"],"picked":"Compile Driver","floor":10.0},{"not_picked":["Leap","Thunder Strike"],"picked":"Consume","floor":14.0},{"not_picked":["Hyperbeam","Core Surge"],"picked":"Biased Cognition","floor":16},{"not_picked":["Beam Cell","Loop"],"picked":"Streamline","floor":18},{"not_picked":["Sweeping Beam","Beam Cell"],"picked":"BootSequence","floor":20},{"not_picked":["Compile Driver","Hologram"],"picked":"Coolheaded","floor":27},{"not_picked":["Go for the Eyes","Chaos"],"picked":"Defragment","floor":28}],"player_experience":2901671,"relics_obtained":[{"floor":6.0,"key":"StoneCalendar"},{"floor":9.0,"key":"Darkstone Periapt"},{"floor":10.0,"key":"Du-Vu Doll"},{"floor":14.0,"key":"Symbiotic Virus"},{"floor":26,"key":"Strawberry"},{"floor":28,"key":"Lantern"}],"event_choices":[{"damage_healed":0.0,"max_hp_gain":0.0,"max_hp_loss":0.0,"gold_gain":0.0,"event_name":"Golden Idol","player_choice":"Take Wound","floor":8.0,"gold_loss":0.0,"damage_taken":0.0,"relics_obtained":["Golden Idol"],"cards_obtained":["Injury"]},{"damage_healed":0.0,"max_hp_gain":5.0,"max_hp_loss":0.0,"gold_gain":0.0,"event_name":"Big Fish","player_choice":"Donut","floor":13.0,"gold_loss":0.0,"damage_taken":0.0},{"cards_removed":["Injury"],"damage_healed":0,"gold_gain":0,"player_choice":"Elegance","damage_taken":0,"max_hp_gain":0,"max_hp_loss":0,"event_name":"Back to Basics","floor":19,"gold_loss":0},{"damage_healed":0,"gold_gain":0,"player_choice":"Opened","damage_taken":0,"relics_obtained":["Calipers"],"max_hp_gain":0,"max_hp_loss":0,"event_name":"The Mausoleum","floor":22,"gold_loss":0,"cards_obtained":["Writhe"]},{"damage_healed":0,"gold_gain":50,"player_choice":"Stole From Cult","damage_taken":0,"max_hp_gain":0,"max_hp_loss":0,"event_name":"Nest","floor":24,"gold_loss":0},{"damage_healed":0,"gold_gain":0,"player_choice":"Got Potions","damage_taken":0,"max_hp_gain":0,"max_hp_loss":0,"event_name":"Lab","floor":29,"gold_loss":0}],"is_beta":false,"boss_relics":[{"not_picked":["Runic Pyramid","Snecko Eye"],"picked":"FrozenCore"}],"items_purged_floors":[],"is_endless":false,"potions_floor_spawned":[3,5,6,16,27,28],"killed_by":"Book of Stabbing","ascension_level":20}}