{"host":"5dk97cf2ubw2v967","time":1612696452,"event":{"mods":["AlwaysNeverKeys","BaseMod","Better Altar","Better Vampires","Block Reminder","Card Filter","Colored Powertips","Downfall","Googly Eyes","Highlight Path","Minty Spire (QoL Compilation)","Permanent Neow","Potion Indicator Mod","Quick Restart","Relic Filter","Relic Stats","Say the Spire","Spicy Shops","StSLib","Waifu the Spire","everything is the same but u backflip on backflip"],"gold_per_floor":[110,127,127,142,27,27,55,55,136,169,44,59,59,71,71,150,150,164,175,225,125,125,125,125,125],"floor_reached":24,"language":"ENG","playtime":682,"items_purged":["Defend_B","Strike_B"],"score":508,"play_id":"d2ce9ebb-4cf6-4af0-b2e2-728b2988e3cd","local_time":"20210207111412","is_ascension_mode":true,"campfire_choices":[{"data":"Defragment","floor":6,"key":"SMITH"},{"floor":8,"key":"REST"},{"floor":15,"key":"REST"},{"data":"Storm","floor":23,"key":"SMITH"}],"circlet_count":0,"master_deck":["AscendersBane","Strike_B","Strike_B","Defend_B","Defend_B","Defend_B","Zap","Dualcast","Machine Learning","Storm+1","Reinforced Body","Sweeping Beam","Defragment+1","Electrodynamics","Self Repair","Force Field","Loop","Leap","Leap","Creative AI","Reinforced Body","Force Field"],"relics":["Cracked Core","Centennial Puzzle","Ornamental Fan","White Beast Statue","Peace Pipe","Cursed Key","Bloody Idol"],"acts_visited":["Exordium","TheCity"],"potions_floor_usage":[7,16,16,19,24,24],"damage_taken":[{"damage":8,"enemies":"Small Slimes","floor":1,"turns":6},{"damage":7,"enemies":"Cultist","floor":2,"turns":4},{"damage":2,"enemies":"Jaw Worm","floor":4,"turns":4},{"damage":23,"enemies":"Gremlin Nob","floor":7,"turns":4},{"damage":23,"enemies":"3 Sentries","floor":10,"turns":3},{"damage":6,"enemies":"Exordium Wildlife","floor":12,"turns":2},{"damage":12,"enemies":"Large Slime","floor":14,"turns":5},{"damage":0,"enemies":"Hexaghost","floor":16,"turns":7},{"damage":2,"enemies":"Spheric Guardian","floor":18,"turns":5},{"damage":0,"enemies":"Chosen","floor":19,"turns":3},{"damage":39,"enemies":"Book of Stabbing","floor":24,"turns":4}],"seed_played":"8582774404847247352","potions_obtained":[{"floor":1,"key":"DistilledChaos"},{"floor":2,"key":"bronze:BurnAndBuffPotion"},{"floor":10,"key":"SteroidPotion"},{"floor":12,"key":"Fire Potion"},{"floor":14,"key":"EssenceOfDarkness"},{"floor":16,"key":"PowerPotion"},{"floor":18,"key":"PotionOfCapacity"},{"floor":19,"key":"SkillPotion"}],"is_trial":false,"path_per_floor":["M","M","?","M","$","R","E","R","T","E","$","M","?","M","R","B",null,"M","M","?","$","?","R","E"],"character_chosen":"DEFECT","items_purchased":["Defragment","Force Field","Loop"],"campfire_rested":2,"item_purchase_floors":[5,11,11],"current_hp_per_floor":[56,49,49,47,47,47,24,45,45,22,22,16,16,11,32,39,63,68,71,71,71,32,32,0,0],"gold":125,"neow_bonus":"ONE_RANDOM_RARE_CARD","is_daily":false,"chose_seed":false,"campfire_upgraded":2,"win_rate":0.0,"timestamp":1612696452,"path_taken":["M","M","?","M","?","R","E","R","T","E","$","?","?","M","R","BOSS","M","M","?","$","?","R","E"],"items_purchased_type":["Card","Card","Card"],"build_version":"2020-12-22","purchased_purges":2,"victory":false,"max_hp_per_floor":[71,71,71,71,71,71,71,71,71,71,71,71,71,71,71,71,71,71,71,71,71,71,71,71,71],"relic_stats":{"Peace Pipe":0,"Centennial Puzzle":[21],"counters":[11,47],"Ornamental Fan":[4],"Bloody Idol":0,"Cursed Key":0,"obtain_stats":[{"Peace Pipe":10,"Centennial Puzzle":3,"Ornamental Fan":7,"Bloody Idol":22,"Cracked Core":0,"Cursed Key":17,"White Beast Statue":9},{"Peace Pipe":5,"Centennial Puzzle":2,"Ornamental Fan":4,"Bloody Idol":10,"Cracked Core":0,"Cursed Key":8,"White Beast Statue":4},{"Peace Pipe":21,"Centennial Puzzle":10,"Ornamental Fan":18,"Bloody Idol":43,"Cracked Core":0,"Cursed Key":35,"White Beast Statue":18}]},"card_choices":[{"not_picked":["Steam Power","Steam"],"picked":"Storm","floor":1},{"not_picked":["Barrage","Sweeping Beam"],"picked":"Reinforced Body","floor":2},{"not_picked":["Stack","Go for the Eyes"],"picked":"Sweeping Beam","floor":4},{"not_picked":["Hologram","Sweeping Beam"],"picked":"Electrodynamics","floor":7},{"not_picked":["Auto Shields","Stack"],"picked":"Self Repair","floor":10},{"not_picked":["Darkness","Stack"],"picked":"Leap","floor":12},{"not_picked":["Ball Lightning","Rebound"],"picked":"Leap","floor":14},{"not_picked":["Seek","All For One"],"picked":"Creative AI","floor":16},{"not_picked":["Ball Lightning","Cold Snap"],"picked":"Reinforced Body","floor":18},{"not_picked":["Conserve Battery","Fusion"],"picked":"Force Field","floor":19}],"player_experience":1297108,"relics_obtained":[{"floor":3,"key":"Centennial Puzzle"},{"floor":7,"key":"Ornamental Fan"},{"floor":9,"key":"White Beast Statue"},{"floor":10,"key":"Peace Pipe"}],"event_choices":[{"damage_healed":0,"gold_gain":0,"player_choice":"Relic","damage_taken":0,"max_hp_gain":0,"max_hp_loss":0,"event_name":"Wheel of Change","floor":3,"gold_loss":0},{"cards_removed":["Strike_B"],"damage_healed":0,"gold_gain":0,"player_choice":"Forget","damage_taken":0,"max_hp_gain":0,"max_hp_loss":0,"event_name":"Living Wall","floor":13,"gold_loss":0},{"damage_healed":0,"gold_gain":50,"player_choice":"Stole From Cult","damage_taken":0,"max_hp_gain":0,"max_hp_loss":0,"event_name":"Nest","floor":20,"gold_loss":0},{"damage_healed":0,"gold_gain":0,"player_choice":" Idol ","damage_taken":39,"relics_obtained":["Bloody Idol"],"max_hp_gain":71,"max_hp_loss":32,"event_name":"betterAltar:BetterAltar","floor":22,"potions_obtained":[],"relics_lost":[],"gold_loss":0}],"is_beta":false,"boss_relics":[{"not_picked":["Runic Dome","Calling Bell"],"picked":"Cursed Key"}],"items_purged_floors":[5,21],"is_endless":false,"potions_floor_spawned":[1,2,10,12,14,16,18,19],"killed_by":"Book of Stabbing","ascension_level":20}}