{"host":"9l1knhxfturzliqa","time":1612667195,"event":{"mods":["BaseMod","Colored Map","Colored Powertips","DeckTracker","Highlight Path","Keyboard Shortcuts","Minty Spire (QoL Compilation)","Random Character Button"],"gold_per_floor":[111,128,53,107,107,107,132,132,132,148,148,160,176,189,189,293,293,306,325,424,440,455,489,489,404,404,404,437,448,465,484,484,579,579,597,380,380,397,442,471,471,501,582,600,83,112,130,148,148,148],"floor_reached":51,"language":"KOR","playtime":3518,"items_purged":["Writhe","Fusion"],"score":1352,"play_id":"209c63cf-9211-44fe-ab03-c46c7d19ea64","local_time":"20210207120635","is_ascension_mode":true,"campfire_choices":[{"data":"Dualcast","floor":6.0,"key":"SMITH"},{"data":"Master of Strategy","floor":8.0,"key":"SMITH"},{"data":"Capacitor","floor":11.0,"key":"SMITH"},{"data":"White Noise","floor":15.0,"key":"SMITH"},{"floor":24.0,"key":"REST"},{"data":"Buffer","floor":27.0,"key":"SMITH"},{"data":"Double Energy","floor":32.0,"key":"SMITH"},{"data":"Electrodynamics","floor":41.0,"key":"SMITH"},{"data":"Lockon","floor":49,"key":"SMITH"}],"circlet_count":0,"master_deck":["Zap+1","Dualcast+1","Master of Strategy+1","Cold Snap","Steam","Capacitor+1","White Noise+1","Biased Cognition","Echo Form","Barrage+1","Conserve Battery","BootSequence","Buffer+1","Glacier","Heatsinks+1","Stack+1","Self Repair+1","Double Energy+1","Electrodynamics+1","Biased Cognition","Ball Lightning","Storm","Blizzard","Static Discharge","BootSequence","Ball Lightning+1","Coolheaded+1","Chill","Defragment","Amplify","Tempest+1","Blizzard+1","Consume+1","Lockon+1","Loop","Turbo+1"],"relics":["Cracked Core","Centennial Puzzle","StoneCalendar","Ancient Tea Set","Black Star","Bag of Preparation","Bottled Lightning","Prayer Wheel","Peace Pipe","Matryoshka","Pear","Pandora\u0027s Box","Unceasing Top","Toxic Egg 2","White Beast Statue","Kunai","InkBottle","Bronze Scales","Blue Candle","Happy Flower","FossilizedHelix","Boot","Meat on the Bone"],"acts_visited":["Exordium","TheCity","TheBeyond"],"potions_floor_usage":[50,50,50],"damage_taken":[{"damage":1.0,"enemies":"Cultist","floor":1.0,"turns":3.0},{"damage":0.0,"enemies":"2 Louse","floor":2.0,"turns":1.0},{"damage":9.0,"enemies":"Gremlin Nob","floor":7.0,"turns":3.0},{"damage":1.0,"enemies":"Jaw Worm","floor":10.0,"turns":2.0},{"damage":0.0,"enemies":"3 Louse","floor":12.0,"turns":2.0},{"damage":8.0,"enemies":"Blue Slaver","floor":13.0,"turns":3.0},{"damage":4.0,"enemies":"Looter","floor":14.0,"turns":3.0},{"damage":5.0,"enemies":"Slime Boss","floor":16.0,"turns":7.0},{"damage":7.0,"enemies":"Shell Parasite","floor":18.0,"turns":7.0},{"damage":27.0,"enemies":"2 Thieves","floor":19.0,"turns":5.0},{"damage":19.0,"enemies":"Centurion and Healer","floor":21.0,"turns":7.0},{"damage":7.0,"enemies":"3 Cultists","floor":22.0,"turns":6.0},{"damage":4.0,"enemies":"Book of Stabbing","floor":23.0,"turns":6.0},{"damage":34.0,"enemies":"Slavers","floor":28.0,"turns":6.0},{"damage":0.0,"enemies":"Snecko","floor":29.0,"turns":7.0},{"damage":0.0,"enemies":"Centurion and Healer","floor":30.0,"turns":7.0},{"damage":7.0,"enemies":"Snake Plant","floor":31.0,"turns":5.0},{"damage":0.0,"enemies":"Champ","floor":33.0,"turns":7.0},{"damage":10.0,"enemies":"3 Darklings","floor":35.0,"turns":4.0},{"damage":12.0,"enemies":"Orb Walker","floor":38.0,"turns":5.0},{"damage":2.0,"enemies":"2 Orb Walkers","floor":39.0,"turns":3.0},{"damage":34.0,"enemies":"Reptomancer","floor":40.0,"turns":3.0},{"damage":0.0,"enemies":"Nemesis","floor":42.0,"turns":5.0},{"damage":0.0,"enemies":"Spire Growth","floor":44.0,"turns":4.0},{"damage":0.0,"enemies":"Reptomancer","floor":46.0,"turns":4.0},{"damage":0.0,"enemies":"Jaw Worm Horde","floor":47.0,"turns":3.0},{"damage":0.0,"enemies":"Maw","floor":48.0,"turns":5.0},{"damage":0,"enemies":"Awakened One","floor":50,"turns":6}],"seed_played":"-1910316002605912206","potions_obtained":[{"floor":7.0,"key":"DistilledChaos"},{"floor":12.0,"key":"Fire Potion"},{"floor":14.0,"key":"FairyPotion"},{"floor":16.0,"key":"SpeedPotion"},{"floor":18.0,"key":"Explosive Potion"},{"floor":19.0,"key":"LiquidMemories"},{"floor":29.0,"key":"LiquidBronze"},{"floor":30.0,"key":"AttackPotion"},{"floor":31.0,"key":"Strength Potion"},{"floor":40.0,"key":"FocusPotion"},{"floor":42.0,"key":"Explosive Potion"},{"floor":44.0,"key":"PowerPotion"},{"floor":46.0,"key":"Weak Potion"},{"floor":47.0,"key":"LiquidMemories"}],"is_trial":false,"path_per_floor":["M","M","$","T","?","R","E","R","T","M","R","M","M","M","R","B",null,"M","M","?","M","M","E","R","?","T","R","E","M","M","M","R","B",null,"M","$","?","M","?","E","R","E","T","M","$","E","M","M","R","B",null],"character_chosen":"DEFECT","items_purchased":["Chill","Defragment","Lockon","Happy Flower","FossilizedHelix"],"campfire_rested":1,"item_purchase_floors":[36,36,45,45,45],"current_hp_per_floor":[67,67,67,67,67,67,58,58,58,57,57,57,49,45,45,40,66,59,32,32,13,6,2,24,24,24,24,32,32,32,35,35,45,75,75,75,75,73,81,57,57,67,67,77,77,77,77,77,77,77],"gold":148,"neow_bonus":"RANDOM_COLORLESS_2","is_daily":false,"chose_seed":false,"campfire_upgraded":8,"win_rate":0.0,"timestamp":1612667195,"path_taken":["M","M","$","?","?","R","E","R","T","M","R","M","M","M","R","BOSS","M","M","?","M","M","E","R","?","T","R","E","M","M","M","R","BOSS","M","$","?","M","?","E","R","E","T","M","$","E","M","M","R","BOSS"],"items_purchased_type":["Card","Card","Card","Relic","Relic"],"build_version":"2020-12-22","purchased_purges":2,"victory":true,"max_hp_per_floor":[75,75,75,75,75,75,75,75,75,75,75,75,75,75,75,75,75,75,75,75,75,75,75,75,75,75,75,85,85,85,85,85,85,85,85,85,85,85,85,85,85,85,85,85,85,85,85,85,85,85],"card_choices":[{"not_picked":["Sadistic Nature","Magnetism"],"picked":"Master of Strategy","floor":0.0},{"not_picked":["Barrage","Sweeping Beam"],"picked":"Cold Snap","floor":1.0},{"not_picked":["Rip and Tear","Stack"],"picked":"Steam","floor":2.0},{"not_picked":["Scrape","Hologram"],"picked":"Capacitor","floor":7.0},{"not_picked":["Gash","Barrage","Beam Cell"],"picked":"SKIP","floor":10.0},{"not_picked":["Rip and Tear","Beam Cell","Cold Snap"],"picked":"SKIP","floor":12.0},{"not_picked":["Turbo","Compile Driver"],"picked":"White Noise","floor":13.0},{"not_picked":["Gash","Capacitor"],"picked":"Biased Cognition","floor":14.0},{"not_picked":["Fission","Hyperbeam"],"picked":"Echo Form","floor":16.0},{"not_picked":["Aggregate","Turbo+1"],"picked":"Barrage+1","floor":18.0},{"not_picked":["Turbo","Compile Driver","Hello World"],"picked":"SKIP","floor":19.0},{"not_picked":["Steam","Stack"],"picked":"Conserve Battery","floor":21.0},{"not_picked":["Hologram","Redo"],"picked":"BootSequence","floor":22.0},{"not_picked":["Coolheaded+1","Defragment"],"picked":"Buffer","floor":23.0},{"not_picked":["Rip and Tear","Leap+1"],"picked":"Glacier","floor":28.0},{"not_picked":["Turbo","Hello World+1"],"picked":"Heatsinks+1","floor":29.0},{"not_picked":["Ball Lightning+1","Aggregate"],"picked":"Stack+1","floor":29.0},{"not_picked":["Stack","Go for the Eyes"],"picked":"Self Repair+1","floor":30.0},{"not_picked":["Stack+1","Auto Shields","Redo"],"picked":"SKIP","floor":30.0},{"not_picked":["Reinforced Body","Genetic Algorithm"],"picked":"Double Energy","floor":31.0},{"not_picked":["Scrape","Rebound","Compile Driver+1"],"picked":"SKIP","floor":31.0},{"not_picked":["Machine Learning","Thunder Strike"],"picked":"Electrodynamics","floor":33.0},{"not_picked":["Steam+1","Gash"],"picked":"Ball Lightning+1","floor":35.0},{"not_picked":["Darkness","Sweeping Beam+1"],"picked":"Coolheaded+1","floor":35.0},{"not_picked":["Force Field","Sweeping Beam+1","Glacier"],"picked":"SKIP","floor":38.0},{"not_picked":["Compile Driver","Self Repair","Ball Lightning+1"],"picked":"SKIP","floor":38.0},{"not_picked":["Force Field","Sweeping Beam+1","Glacier"],"picked":"SKIP","floor":38.0},{"not_picked":["Compile Driver","Self Repair","Ball Lightning+1"],"picked":"SKIP","floor":38.0},{"not_picked":["Coolheaded","Beam Cell+1"],"picked":"Amplify","floor":39.0},{"not_picked":["Sweeping Beam+1","Steam Power+1"],"picked":"Tempest+1","floor":40.0},{"not_picked":["Rainbow+1","Go for the Eyes+1"],"picked":"Blizzard+1","floor":42.0},{"not_picked":["Genetic Algorithm+1","Coolheaded+1"],"picked":"Consume+1","floor":44.0},{"not_picked":["Compile Driver+1","Undo+1","Rebound"],"picked":"SKIP","floor":44.0},{"not_picked":["Conserve Battery+1","Barrage+1"],"picked":"Loop","floor":46.0},{"not_picked":["Stack+1","Rebound","Biased Cognition"],"picked":"SKIP","floor":47.0},{"not_picked":["Coolheaded+1","Double Energy+1","Ball Lightning"],"picked":"SKIP","floor":47.0},{"not_picked":["Barrage","Gash"],"picked":"Turbo+1","floor":48},{"not_picked":["Cold Snap+1","Compile Driver+1","Reinforced Body+1"],"picked":"SKIP","floor":48}],"player_experience":625218,"relics_obtained":[{"floor":4.0,"key":"Centennial Puzzle"},{"floor":7.0,"key":"StoneCalendar"},{"floor":9.0,"key":"Ancient Tea Set"},{"floor":23.0,"key":"Bag of Preparation"},{"floor":23.0,"key":"Bottled Lightning"},{"floor":26.0,"key":"Peace Pipe"},{"floor":28.0,"key":"Matryoshka"},{"floor":28.0,"key":"Pear"},{"floor":39.0,"key":"Unceasing Top"},{"floor":40.0,"key":"Toxic Egg 2"},{"floor":40.0,"key":"White Beast Statue"},{"floor":42.0,"key":"Kunai"},{"floor":42.0,"key":"InkBottle"},{"floor":43.0,"key":"Bronze Scales"},{"floor":43.0,"key":"Blue Candle"},{"floor":46.0,"key":"Boot"},{"floor":46.0,"key":"Meat on the Bone"}],"event_choices":[{"damage_healed":0.0,"max_hp_gain":0.0,"max_hp_loss":0.0,"gold_gain":0.0,"event_name":"Living Wall","player_choice":"Grow","floor":5.0,"gold_loss":0.0,"damage_taken":0.0,"cards_upgraded":["Zap"]},{"damage_healed":0.0,"max_hp_gain":0.0,"max_hp_loss":0.0,"gold_gain":99.0,"event_name":"Nest","player_choice":"Stole From Cult","floor":20.0,"gold_loss":0.0,"damage_taken":0.0},{"damage_healed":0.0,"max_hp_gain":0.0,"max_hp_loss":0.0,"gold_gain":0.0,"event_name":"Addict","player_choice":"Obtained Relic","floor":25.0,"gold_loss":85.0,"damage_taken":0.0,"relics_obtained":["Prayer Wheel"]},{"cards_removed":["Gash"],"damage_healed":0.0,"max_hp_gain":0.0,"max_hp_loss":0.0,"gold_gain":0.0,"event_name":"Falling","player_choice":"Removed Attack","floor":37.0,"gold_loss":0.0,"damage_taken":0.0},{"damage_healed":0.0,"max_hp_gain":0.0,"max_hp_loss":0.0,"gold_gain":0.0,"event_name":"Mysterious Sphere","player_choice":"Fight","floor":39.0,"gold_loss":0.0,"damage_taken":0.0}],"is_beta":false,"boss_relics":[{"not_picked":["Cursed Key","Snecko Eye"],"picked":"Black Star"},{"not_picked":["Sozu","Busted Crown"],"picked":"Pandora\u0027s Box"}],"items_purged_floors":[3,36],"is_endless":false,"potions_floor_spawned":[7,12,14,16,18,19,29,30,31,40,42,44,46,47,48],"ascension_level":9}}