{"host":"usru02jcpe2a942d","time":1612661287,"event":{"mods":["ATMod(°¢èªMod)","Act Like it!","BaseMod","Better Altar","Better Match","Better Note","Better Sensory Stone","Better Skull","Better Third Choice","Better Vampires","Challenge The Spire","Colored Powertips","Friendly Minions","GifTheSpireLib","Highlight Path","HololiveMod","Hubris","Infinite Spire","Lobotomy","LobotomyExtend","Minty Spire (QoL Compilation)","MostiFishMod","Quick Restart","Relic Stats","RumiaBox-Â¶Ã×æ«µÄÉñÃØºÐ×Ó","StSLib","noobMod","¡¾ÒÅÎï¿¨ÅÆ¡¿REMEMod","óô»ðÖ¸ÄÏ"],"gold_per_floor":[83,83,93,93,104,104,167,181,232,263,263,31,54,74,74,177,177,187,187,97,112,126,126,126,140,195,195,48,48,59,93,93,190,190,204,204,221,235,235,262,174,221,233,120,149,159,178,28,28,30,30],"floor_reached":50,"language":"ZHS","playtime":2434,"items_purged":["Funeral","Funeral","Woodsman","BigBird"],"score":900,"play_id":"a4b5bb64-9018-47f6-805a-6fff06ab65be","local_time":"20210207092806","is_ascension_mode":false,"campfire_choices":[{"data":"Hololive_CallYozoraMel","floor":6.0,"key":"SMITH"},{"data":"AT_FamilyPortrait","floor":15.0,"key":"SMITH"},{"data":"AT_EmpoweredMortalDraw","floor":23.0,"key":"SMITH"},{"data":"Hololive_CallShiranuiFlare","floor":29,"key":"SMITH"},{"data":"Hololive_CallHimemoriLuna","floor":32,"key":"SMITH"},{"data":"Hololive_CallAkaiHaato","floor":49,"key":"SMITH"}],"circlet_count":0,"master_deck":["DespairKnight","QueenOfHatred","ApocalypseBird","PunishingBird","LongBird","Hololive_Strike","Hololive_Defend","Hololive_Defend","Hololive_CallAiraniIofifteen","Hololive_CallHoushouMarine+1","Hololive_CallInugamiKorone+1","Hololive_CallHimemoriLuna+1","GoldRush","SpiderBud","Hololive_OvertimeWork+1","Wellcheers","Hololive_CallAkaiHaato+1","Hololive_CallYozoraMel+1","Scorched","Hololive_Nanodesu+1","Hololive_CallMurasakiShion+1","CherryBlossoms","Hololive_Trident","OldLady","AT_EmpoweredMortalDraw+1","Hololive_CallYozoraMel+1","OSAHOGD","Hololive_Psychosis","Hololive_CallShiranuiFlare+1","Hololive_RevenueBasedLive","infinitespire:SevenWalls+1","Hololive_CocoNews","Hololive_CocoNews+1","Hololive_Spy+1","Hololive_SummonFox+1","Hololive_CallMomosuzuNene+1","Hololive_CallNakiriAyame+1","Hololive_OvertimeWork+1"],"relics":["Hololive_TheStar","DaveBox","ice","REME_ComplimentaryCards","AT_ATBox","Technique","CogitoBucket","SynthV:TestCard","LetterFromLob","SolemnVow_r","hubris:ToyBattleship","Ccalipers","Lamp_r","hubris:SlimyHat","AT_ChloranthyRing","Anchor","Justitia_r","SkinProphecy","AT_MortalBlade","hubris:Towel","FleshIdol","Whetstone","Twilight","hubris:EmptyBottle","infinitespire:WardingShard","REME_LowDesire","AT_BellDemon","Boot","InTheNameOfLoveAndHate_r","SwordSharpenedByTears_r","MagicDraw2","LuminousBracelet","Lantern","Omamori","MawBank","AT_BellowingDragoncrestRing","WantedRequest","Logging_r","Hololive_LightStick","infinitespire:Satchel","DaCapo","Bottled Flame","hubris:AstralHammer","GodSword1","Pen Nib"],"acts_visited":["Exordium","TheCity","TheBeyond"],"potions_floor_usage":[27,27],"damage_taken":[{"damage":0.0,"enemies":"2 Louse","floor":1.0,"turns":2.0},{"damage":0.0,"enemies":"Small Slimes","floor":3.0,"turns":3.0},{"damage":0.0,"enemies":"Jaw Worm","floor":5.0,"turns":2.0},{"damage":0.0,"enemies":"Lagavulin Event","floor":7.0,"turns":4.0},{"damage":0.0,"enemies":"Blue Slaver","floor":8.0,"turns":2.0},{"damage":0.0,"enemies":"Gremlin Nob","floor":10.0,"turns":7.0},{"damage":0.0,"enemies":"2 Fungi Beasts","floor":14.0,"turns":3.0},{"damage":0.0,"enemies":"Hexaghost","floor":16.0,"turns":3.0},{"damage":0.0,"enemies":"3 Byrds","floor":18.0,"turns":1.0},{"damage":0.0,"enemies":"Chosen","floor":21.0,"turns":2.0},{"damage":0.0,"enemies":"Centurion and Healer","floor":22.0,"turns":2.0},{"damage":18,"enemies":"3 Cultists","floor":25,"turns":3},{"damage":0,"enemies":"REME_1_Revenger","floor":27,"turns":6},{"damage":0,"enemies":"Shelled Parasite and Fungi","floor":30,"turns":2},{"damage":0,"enemies":"Nightmare","floor":31,"turns":3},{"damage":0,"enemies":"hubris:MusketHawk","floor":33,"turns":3},{"damage":73,"enemies":"3 Darklings","floor":35,"turns":4},{"damage":0,"enemies":"3 Shapes","floor":37,"turns":1},{"damage":0,"enemies":"Transient","floor":38,"turns":3},{"damage":0,"enemies":"Nemesis","floor":40,"turns":1},{"damage":96,"enemies":"Nightmare","floor":42,"turns":3},{"damage":0,"enemies":"Giant Head","floor":45,"turns":1},{"damage":0,"enemies":"Sphere and 2 Shapes","floor":46,"turns":1},{"damage":0,"enemies":"Jaw Worm Horde","floor":47,"turns":1},{"damage":154,"enemies":"FixerMidnight","floor":50,"turns":2}],"seed_played":"7197377522719405030","potions_obtained":[{"floor":8.0,"key":"Explosive Potion"},{"floor":10.0,"key":"SteroidPotion"},{"floor":18.0,"key":"SkillPotion"},{"floor":22.0,"key":"FairyPotion"},{"floor":25,"key":"Regen Potion"},{"floor":31,"key":"Strength Potion"},{"floor":33,"key":"DuplicationPotion"},{"floor":39,"key":"CultistPotion"},{"floor":47,"key":"Energy Potion"}],"is_trial":false,"path_per_floor":["M","?","M","?","M","R","?","M","T","E","?","$","T","M","R","B",null,"M","?","?","M","M","R","?","M","T","E","$","R","M","NM","R","B",null,"M","?","M","M","?","E","R","NM","T","$","E","M","M","$","R","B"],"character_chosen":"Hololive_HololiveCharacter","items_purchased":["AT_ChloranthyRing","hubris:EmptyBottle"],"campfire_rested":0,"item_purchase_floors":[12,28],"current_hp_per_floor":[35,35,35,40,40,40,40,40,40,40,40,40,40,40,40,42,42,38,38,38,39,43,43,43,26,26,54,54,54,55,58,58,60,60,82,82,84,84,84,80,80,83,83,83,99,101,103,103,103,0,0],"gold":30,"neow_bonus":"","is_daily":false,"chose_seed":false,"campfire_upgraded":6,"win_rate":0.0,"timestamp":1612661286,"path_taken":["M","?","M","?","M","R","?","M","T","E","?","?","?","M","R","BOSS","M","?","?","?","M","R","?","M","T","E","$","R","M","NM","R","BOSS","M","?","?","M","?","E","R","NM","T","$","E","M","M","?","R","BOSS"],"items_purchased_type":["Relic","Relic"],"build_version":"2020-12-22","purchased_purges":4,"victory":false,"max_hp_per_floor":[35,35,35,40,40,40,40,40,40,40,40,40,40,40,40,42,42,44,44,44,46,48,48,48,52,52,54,54,54,56,58,58,60,60,82,82,84,88,88,90,90,97,97,97,99,101,103,103,103,120,120],"relic_stats":{"counters":[28,68],"Pen Nib":[0],"Whetstone":["Hololive_OvertimeWork","Hololive_Nanodesu"],"Boot":[40],"MawBank":48,"obtain_stats":[{"AT_BellDemon":34,"Lantern":37,"AT_ATBox":0,"DaveBox":0,"SolemnVow_r":7,"InTheNameOfLoveAndHate_r":35,"LuminousBracelet":35,"FleshIdol":25,"Twilight":27,"ice":0,"hubris:SlimyHat":10,"Whetstone":26,"SkinProphecy":14,"hubris:EmptyBottle":28,"Boot":34,"MagicDraw2":35,"Lamp_r":10,"CogitoBucket":0,"Ccalipers":9,"hubris:AstralHammer":45,"DaCapo":43,"REME_LowDesire":34,"WantedRequest":42,"AT_ChloranthyRing":12,"Logging_r":42,"AT_MortalBlade":17,"Pen Nib":47,"Omamori":38,"hubris:Towel":24,"MawBank":40,"SwordSharpenedByTears_r":35,"Anchor":13,"Hololive_LightStick":42,"Bottled Flame":45,"SynthV:TestCard":1,"AT_BellowingDragoncrestRing":40,"infinitespire:WardingShard":31,"Hololive_TheStar":0,"infinitespire:Satchel":42,"LetterFromLob":1,"hubris:ToyBattleship":7,"Technique":0,"Justitia_r":14,"REME_ComplimentaryCards":0,"GodSword1":46},{"AT_BellDemon":18,"Lantern":21,"AT_ATBox":0,"DaveBox":0,"SolemnVow_r":4,"InTheNameOfLoveAndHate_r":20,"LuminousBracelet":20,"FleshIdol":14,"Twilight":15,"ice":0,"hubris:SlimyHat":6,"Whetstone":14,"SkinProphecy":8,"hubris:EmptyBottle":15,"Boot":18,"MagicDraw2":20,"Lamp_r":6,"CogitoBucket":0,"Ccalipers":5,"hubris:AstralHammer":25,"DaCapo":24,"REME_LowDesire":18,"WantedRequest":24,"AT_ChloranthyRing":6,"Logging_r":24,"AT_MortalBlade":9,"Pen Nib":27,"Omamori":22,"hubris:Towel":12,"MawBank":23,"SwordSharpenedByTears_r":20,"Anchor":6,"Hololive_LightStick":24,"Bottled Flame":25,"SynthV:TestCard":1,"AT_BellowingDragoncrestRing":23,"infinitespire:WardingShard":17,"Hololive_TheStar":0,"infinitespire:Satchel":24,"LetterFromLob":1,"hubris:ToyBattleship":4,"Technique":0,"Justitia_r":8,"REME_ComplimentaryCards":0,"GodSword1":26},{"AT_BellDemon":50,"Lantern":56,"AT_ATBox":0,"DaveBox":0,"SolemnVow_r":9,"InTheNameOfLoveAndHate_r":52,"LuminousBracelet":55,"FleshIdol":36,"Twilight":42,"ice":0,"hubris:SlimyHat":20,"Whetstone":36,"SkinProphecy":24,"hubris:EmptyBottle":42,"Boot":50,"MagicDraw2":55,"Lamp_r":20,"CogitoBucket":0,"Ccalipers":13,"hubris:AstralHammer":64,"DaCapo":63,"REME_LowDesire":50,"WantedRequest":61,"AT_ChloranthyRing":20,"Logging_r":62,"AT_MortalBlade":27,"Pen Nib":66,"Omamori":59,"hubris:Towel":32,"MawBank":60,"SwordSharpenedByTears_r":54,"Anchor":20,"Hololive_LightStick":63,"Bottled Flame":64,"SynthV:TestCard":2,"AT_BellowingDragoncrestRing":60,"infinitespire:WardingShard":47,"Hololive_TheStar":0,"infinitespire:Satchel":63,"LetterFromLob":2,"hubris:ToyBattleship":11,"Technique":0,"Justitia_r":23,"REME_ComplimentaryCards":0,"GodSword1":65}]},"card_choices":[{"not_picked":["ShyLook","FieryBird"],"picked":"SpiderBud","floor":1.0},{"not_picked":["Hololive_Rebound","Hololive_Psychosis","Hololive_SoulCatcher"],"picked":"Hololive_OvertimeWork","floor":1.0},{"not_picked":["Variant","BeautyBeast"],"picked":"Wellcheers","floor":3.0},{"not_picked":["Hololive_HuntDinosaur","Hololive_StrengthChampion","Hololive_Psychosis","Hololive_BringToTrial","Hololive_HighAtkLowDef"],"picked":"Hololive_CallAkaiHaato","floor":3.0},{"not_picked":["FairyFestival","UniverseFragment"],"picked":"Funeral","floor":5.0},{"not_picked":["Hololive_StrengthChampion","Hololive_HuntDinosaur","Hololive_CallHoushouMarine","Hololive_Trident","Hololive_FlyingPonyTail"],"picked":"Hololive_CallYozoraMel","floor":5.0},{"not_picked":["SnowQueen","DespairKnight"],"picked":"Scorched","floor":7.0},{"not_picked":["Hololive_AWSL","Hololive_RevenueBasedLive","Hololive_Teleport","Hololive_ILoveYou","Hololive_Sequa"],"picked":"Hololive_FlyingPonyTail","floor":7.0},{"not_picked":["VoidDream","FairyFestival"],"picked":"BigBird","floor":8.0},{"not_picked":["Hololive_Sequa","Hololive_CallYogiri","Hololive_StrengthChampion","Hololive_ILoveYou","Hololive_CallAyundaRisu"],"picked":"Hololive_FlyingPonyTail","floor":8.0},{"not_picked":["VoidDream","PunishingBird"],"picked":"LongBird","floor":10.0},{"not_picked":["Hololive_HuntDinosaur","Hololive_CallNakiriAyame","Hololive_Drill","Hololive_CallShiroganeNoel","Hololive_CallAZKi"],"picked":"Hololive_Nanodesu","floor":10.0},{"not_picked":["RedShoes","Porccubus","Woodsman"],"picked":"Singing Bowl","floor":14.0},{"not_picked":["DreamingCurrent","HappyTeddy"],"picked":"CherryBlossoms","floor":14.0},{"not_picked":["Hololive_CallMinatoAqua","Hololive_CallAyundaRisu","Hololive_CallTsunomakiWatame","Hololive_CallYogiri","Hololive_FlyingPonyTail"],"picked":"Hololive_Trident","floor":14.0},{"not_picked":["WhitesApple","WallGazer","Bloodbath"],"picked":"Singing Bowl","floor":16.0},{"not_picked":["VoidDream","BeautyBeast"],"picked":"OldLady","floor":16.0},{"not_picked":["Hololive_MaximGun","Hololive_DurableLive","Hololive_StarCraft","Hololive_IdolExercise","Hololive_HighAtkLowDef"],"picked":"Hololive_Thief","floor":16.0},{"not_picked":["MHz","WhitesApple"],"picked":"QueenOfHatred","floor":18.0},{"not_picked":["Hololive_CallMurasakiShion","Hololive_Sequa+1","Hololive_Trident","Hololive_ILoveYou","Hololive_Drill"],"picked":"Hololive_CallYozoraMel+1","floor":18.0},{"not_picked":["GreedKing","FairyFestival"],"picked":"OSAHOGD","floor":21.0},{"not_picked":["Hololive_CallNakiriAyame","Hololive_CallAiraniIofifteen","Hololive_Rebound","Hololive_Trident+1","Hololive_CallInugamiKorone"],"picked":"Hololive_FlyingPonyTail+1","floor":21.0},{"not_picked":["Murderer","GalaxyChild"],"picked":"DespairKnight","floor":22.0},{"not_picked":["Hololive_Trident","Hololive_FlyingPonyTail","Hololive_CallMoonaHoshinova+1","Hololive_CocoNews+1","Hololive_RevenueBasedLive"],"picked":"Hololive_Psychosis","floor":22.0},{"not_picked":["HeroicMonk","Rudolta","FairyFestival"],"picked":"Singing Bowl","floor":25},{"not_picked":["Yin","CrumblingArmor"],"picked":"PunishingBird","floor":25},{"not_picked":["Hololive_CallSakuraMiko","Hololive_CallRosalyn","Hololive_Breathe","Hololive_Recruit","Hololive_StrengthChampion+1"],"picked":"Hololive_FlyingPonyTail","floor":25},{"not_picked":["Yin","HappyTeddy","MHz"],"picked":"Singing Bowl","floor":27},{"not_picked":["BeautyBeast","BlackArmy"],"picked":"BlueStar","floor":27},{"not_picked":["Hololive_CallAyundaRisu","Hololive_Rebound","Hololive_DurableLive","Hololive_CallAkaiHaato","Hololive_Psychosis"],"picked":"Hololive_CallShiranuiFlare","floor":27},{"not_picked":["BlackSwan","LittlePrince"],"picked":"Funeral","floor":30},{"not_picked":["Hololive_Drill","Hololive_ScarfAndHalo","Hololive_CallHimemoriLuna","Hololive_CallShishiroBotan","Hololive_Rebound"],"picked":"Hololive_RevenueBasedLive","floor":30},{"not_picked":["GreedKing","VoidDream","Porccubus"],"picked":"Singing Bowl","floor":31},{"not_picked":["infinitespire:Menacing","hubris:InfiniteBlow"],"picked":"infinitespire:SevenWalls","floor":31},{"not_picked":["Hololive_LuckPotion","Hololive_CallAiraniIofifteen","Hololive_CandyCastle","Hololive_CallAyundaRisu+1","Hololive_CallArtia+1"],"picked":"Hololive_CocoNews","floor":31},{"not_picked":["LittlePrince","Murderer","WallGazer"],"picked":"Singing Bowl","floor":33},{"not_picked":["Alriune","BigBadWolf","FieryBird"],"picked":"Singing Bowl","floor":35},{"not_picked":["Hololive_Breathe+1","Hololive_HuntDinosaur+1","Hololive_Sequa+1","Hololive_Rebound+1","Hololive_CallNakiriAyame+1","REME_ProfessionalPlagiarism"],"picked":"Hololive_CocoNews+1","floor":35},{"not_picked":["BeautyBeast","Porccubus"],"picked":"Woodsman","floor":37},{"not_picked":["Hololive_Breathe","Hololive_CallTsunomakiWatame","Hololive_CocoNews","Hololive_CallRosalyn+1","Hololive_LuckPotion","Master of Strategy"],"picked":"Hololive_FlyingPonyTail+1","floor":37},{"not_picked":["WallGazer","Rudolta","FairyFestival"],"picked":"Singing Bowl","floor":38},{"not_picked":["Hololive_CallCivia+1","Hololive_OvertimeWork","Hololive_CallHoshimachiSuisei","Hololive_RevenueBasedLive","Hololive_CallManoAloe+1","MostiFishMod:ForestofLight"],"picked":"Hololive_Spy+1","floor":38},{"not_picked":["CrumblingArmor","GreedKing"],"picked":"Mercenary","floor":40},{"not_picked":["Hololive_CallShiroganeNoel+1","Hololive_OvertimeWork","Hololive_CallSpadeEcho","Hololive_Breathe+1","Hololive_Sequa","Bandage Up"],"picked":"Hololive_SummonFox+1","floor":40},{"not_picked":["Yin","ShyLook","Laetitia"],"picked":"Singing Bowl","floor":42},{"not_picked":["Hololive_CallInugamiKorone","Hololive_CallArtia","Hololive_Breathe","Hololive_CallYukihanaLamy","Hololive_Trident","Hololive_DiamondStrike","Mayhem"],"picked":"SKIP","floor":42},{"not_picked":["BigBadWolf","Yin","Funeral"],"picked":"Singing Bowl","floor":45},{"not_picked":["Variant","Laetitia"],"picked":"CENSORED","floor":45},{"not_picked":["Hololive_Breathe+1","Hololive_Spy+1","Hololive_Nanodesu","Hololive_Psychosis+1","Hololive_Rebound+1","REME_Flogging"],"picked":"Hololive_CallMomosuzuNene+1","floor":45},{"not_picked":["SilentOrchestra","LittlePrince"],"picked":"BodiesMountain","floor":46},{"not_picked":["Hololive_HuntDinosaur+1","Hololive_ManjiGathering","Hololive_Trident","Hololive_OvertimeWork","Hololive_CallManoAloe","MostiFishMod:OneDayCity"],"picked":"Hololive_CallNakiriAyame+1","floor":46},{"not_picked":["Porccubus","MeatLantern","HappyTeddy"],"picked":"Singing Bowl","floor":47},{"not_picked":["Hololive_HuntDinosaur+1","Hololive_Sequa+1","Hololive_RevenueBasedLive","Hololive_Rebound","Hololive_Drill","REME_BodyOfCthun"],"picked":"Hololive_OvertimeWork+1","floor":47}],"player_experience":326373,"relics_obtained":[{"floor":1.0,"key":"SynthV:TestCard"},{"floor":1.0,"key":"LetterFromLob"},{"floor":7.0,"key":"hubris:ToyBattleship"},{"floor":9.0,"key":"Ccalipers"},{"floor":10.0,"key":"hubris:SlimyHat"},{"floor":13.0,"key":"Anchor"},{"floor":26,"key":"Whetstone"},{"floor":27,"key":"Twilight"},{"floor":31,"key":"infinitespire:WardingShard"},{"floor":34,"key":"AT_BellDemon"},{"floor":34,"key":"Boot"},{"floor":35,"key":"MagicDraw2"},{"floor":37,"key":"Lantern"},{"floor":38,"key":"Omamori"},{"floor":40,"key":"MawBank"},{"floor":40,"key":"AT_BellowingDragoncrestRing"},{"floor":42,"key":"Hololive_LightStick"},{"floor":42,"key":"infinitespire:Satchel"},{"floor":43,"key":"DaCapo"},{"floor":45,"key":"Bottled Flame"},{"floor":45,"key":"hubris:AstralHammer"},{"floor":46,"key":"GodSword1"},{"floor":47,"key":"Pen Nib"}],"event_choices":[{"damage_healed":0.0,"max_hp_gain":5.0,"max_hp_loss":0.0,"gold_gain":0.0,"event_name":"Big Fish","player_choice":"Donut","floor":4.0,"gold_loss":0.0,"damage_taken":0.0},{"damage_healed":0.0,"max_hp_gain":0.0,"max_hp_loss":0.0,"gold_gain":0.0,"event_name":"Dead Adventurer","player_choice":"Searched \u00271\u0027 times","floor":7.0,"gold_loss":0.0,"damage_taken":0.0},{"cards_removed":["AT_EmpoweredMortalDraw"],"damage_healed":0.0,"max_hp_gain":0.0,"max_hp_loss":0.0,"gold_gain":0.0,"event_name":"betterNote:BetterNote","player_choice":"Give","floor":19.0,"gold_loss":0.0,"damage_taken":0.0,"cards_obtained":["None"]},{"cards_removed":["Hololive_CallKiryuuCoco"],"damage_healed":0.0,"max_hp_gain":0.0,"max_hp_loss":0.0,"gold_gain":0.0,"event_name":"Designer","player_choice":"Upgrade and Remove","floor":20.0,"gold_loss":90.0,"damage_taken":0.0,"cards_upgraded":["Hololive_CallMurasakiShion"]},{"damage_healed":0,"gold_gain":0,"player_choice":"Upgraded","damage_taken":0,"max_hp_gain":0,"max_hp_loss":0,"event_name":"Upgrade Shrine","floor":36,"gold_loss":0,"cards_upgraded":["infinitespire:SevenWalls"]},{"damage_healed":0,"gold_gain":0,"player_choice":"Got Potions","damage_taken":0,"max_hp_gain":0,"max_hp_loss":0,"event_name":"Lab","floor":39,"gold_loss":0}],"is_beta":false,"boss_relics":[{"not_picked":["hubris:TerracottaHorce","hubris:ScarierMask"],"picked":"AT_MortalBlade"},{"not_picked":["EasyGame_NEW","Hololive_ChaosS"],"picked":"REME_LowDesire"}],"items_purged_floors":[12,41,44,48],"is_endless":false,"potions_floor_spawned":[8,10,18,22,25,31,33,37,40,45,47],"killed_by":"FixerMidnight","ascension_level":0}}