{"host":"tgnam0g96qraiyqx","time":1612739605,"event":{"mods":["Always Whale","Aspiration","Bartender","BaseMod","BetterRewards","CapriCore","CatGirl Mod","Chen","Colored Map","Colored Powertips","Decade(???)","Dio Mod","Downfall","Ekko","Energized Spire","Glutton Mod","Hermit","HexUI Lib","Highlight Path","HornydragonMod","Hubris","Jorbs\u0027s Wanderer Trilogy","Kalas","KinomotoSakuraMod(????)","Koishi","Kratos Character Expansion","Minty Spire (QoL Compilation)","Permanent Neow","Pikachu Mod","Potionbrewer","Prisma Mod","QueenMod","Railgun Mod","Random Character Button","Reimu??????","Replay The Spire","SCP261 Mod","Shade Mod","Shedinja","Shop Mod","Somnambulant","StSLib","The Alterego","The Bladedancer","The Cursed","The Death Knight","The Druid","The Hayseed","The Immortal","The Judge","The Juggle","The Jungle","The Kombatant","The Showman","The Warrior","The Wild Card","TheFirefly","TheVacant","Warlord Emblem","[IsaacMod]????"],"gold_per_floor":[100,110,130,148,166,166,192,205,355,4,4,18,36,67,79,184,184,184,120,140,45,65,65,65,65,90,90,105,124,58,74,74,74],"floor_reached":32,"language":"FRA","playtime":2505,"items_purged":["downfall:Icky"],"score":291,"play_id":"c053c36e-c2e8-42ba-9bcc-67de4bd11420","local_time":"20210208001325","is_ascension_mode":false,"campfire_choices":[{"data":"TheRailgun:Strike","floor":1,"key":"PURGE"},{"data":"TheRailgun:Charge","floor":6,"key":"SMITH"},{"data":"TheRailgun:Zip","floor":11,"key":"SMITH"},{"data":"EpicFetus","floor":18,"key":"SMITH"},{"data":"TheRailgun:Sister_Network","floor":23,"key":"SMITH"},{"data":"TheRailgun:Iron_Dust_Sword","floor":27,"key":"SMITH"}],"circlet_count":0,"master_deck":["TheRailgun:Strike","TheRailgun:Strike","TheRailgun:Defend","TheRailgun:Defend","TheRailgun:Defend","TheRailgun:Defend","TheRailgun:Discharge","TheRailgun:Static","TheRailgun:Zip+1","EpicFetus+1","TheRailgun:Iron_Dust_Sword+1","TheRailgun:Thundershock","TheRailgun:Charge+1","TheRailgun:Battery_Pack","TheRailgun:Teleporter","TheRailgun:Electric_Fence","TheRailgun:Lightning_Speed","TheRailgun:Thunderjolt+1","TheRailgun:Sister_Network+1","TheRailgun:Lightning_Speed","TheRailgun:Thunderbolt","TheRailgun:Lightning_Speed+1","TheRailgun:Electric_Fence","TheRailgun:Battery_Pack","TheRailgun:Electrical_Fire"],"relics":["TheRailgun:CoinRelic","HushsDoor","BookofShadows","Eternal Feather","MealTicket","energizedSpire:MagnifyingGlass","hubris:CrystalStatue","Juzu Bracelet"],"acts_visited":["Exordium","TheCity"],"potions_floor_usage":[10,12,14,16,16,22,30],"damage_taken":[{"damage":0,"enemies":"2 Louse","floor":2,"turns":2},{"damage":0,"enemies":"Cultist","floor":3,"turns":3},{"damage":1,"enemies":"Small Slimes","floor":4,"turns":3},{"damage":8,"enemies":"Gremlin Gang","floor":5,"turns":4},{"damage":15,"enemies":"2 Fungi Beasts","floor":8,"turns":3},{"damage":4,"enemies":"downfall:FleeingMerchant","floor":10,"turns":4},{"damage":9,"enemies":"Exordium Thugs","floor":12,"turns":4},{"damage":7,"enemies":"Red Slaver","floor":13,"turns":2},{"damage":0,"enemies":"Lagavulin","floor":14,"turns":4},{"damage":0,"enemies":"Blue Slaver","floor":15,"turns":3},{"damage":19,"enemies":"DF_ARCHETYPE_STREAMLINE","floor":16,"turns":6},{"damage":9,"enemies":"downfall:FleeingMerchant","floor":19,"turns":4},{"damage":16,"enemies":"Shell Parasite","floor":20,"turns":4},{"damage":0,"enemies":"downfall:FleeingMerchant","floor":21,"turns":4},{"damage":10,"enemies":"3 Byrds","floor":22,"turns":3},{"damage":29,"enemies":"Replay:Snechameleon","floor":26,"turns":5},{"damage":8,"enemies":"Cultist and Chosen","floor":28,"turns":4},{"damage":0,"enemies":"Snake Plant","floor":29,"turns":3},{"damage":5,"enemies":"downfall:FleeingMerchant","floor":30,"turns":4},{"damage":15,"enemies":"Centurion and Healer","floor":31,"turns":7},{"damage":37,"enemies":"Cultist and Chosen","floor":32,"turns":4}],"seed_played":"-7595553151898877661","potions_obtained":[{"floor":5,"key":"hexamod:SoulburnPotion"},{"floor":8,"key":"potionbrewer:DiscountPotion"},{"floor":12,"key":"SCP261:SweetSwarmPotion"},{"floor":13,"key":"SCP261:BarrettColaPotion"},{"floor":14,"key":"Weak Potion"},{"floor":20,"key":"AttackPotion"},{"floor":26,"key":"Guardian:BlockOnCardUsePotion"},{"floor":31,"key":"potionbrewer:ToxicPotion"}],"is_trial":false,"path_per_floor":["R_BF","M","M","M","M","R","T","M","?","$","R","M","M","E","M","B",null,"R","$","M","$","M","R","T","?","E","R","M","M","$","M","M"],"character_chosen":"THE_DEFAULT","items_purchased":["Eternal Feather","TheRailgun:Sister_Network","TheRailgun:Lightning_Speed","TheRailgun:Battery_Pack"],"campfire_rested":0,"item_purchase_floors":[10,19,21,30],"current_hp_per_floor":[70,70,70,69,61,61,61,46,46,42,51,42,35,35,35,16,70,70,61,45,60,50,62,62,62,33,45,37,37,47,32,0,0],"gold":74,"neow_bonus":"TRANSFORM_CARD","is_daily":false,"chose_seed":false,"campfire_upgraded":5,"win_rate":0.0,"timestamp":1612739605,"path_taken":["R_BF","M","M","M","M","R","T","M","?","?","R","?","M","E","M","BOSS","R","?","M","$","M","R","T","?","E","R","M","M","$","M","M"],"items_purchased_type":["Relic","Card","Card","Card"],"build_version":"2020-12-22","purchased_purges":1,"victory":false,"max_hp_per_floor":[70,70,70,70,70,70,70,70,70,70,70,70,70,70,70,70,70,70,70,70,70,70,70,70,70,70,70,70,70,70,70,70,70],"card_choices":[{"not_picked":[],"picked":"EpicFetus","floor":0},{"not_picked":["TheRailgun:Iron_Dust_Shield","TheRailgun:Gekotamania"],"picked":"TheRailgun:Thundershock","floor":2},{"not_picked":["TheRailgun:Gekotamania","TheRailgun:Crack"],"picked":"TheRailgun:Charge","floor":3},{"not_picked":["TheRailgun:Circuit_Breaker","TheRailgun:Electrical_Storm"],"picked":"TheRailgun:Battery_Pack","floor":4},{"not_picked":["TheRailgun:Battery_Pack","TheRailgun:Circuitous","TheRailgun:Negative_Field"],"picked":"SKIP","floor":5},{"not_picked":["TheRailgun:Biribiri","TheRailgun:Iron_Dust_Vial"],"picked":"TheRailgun:Teleporter","floor":8},{"not_picked":["TheRailgun:Static","TheRailgun:Charge"],"picked":"TheRailgun:Electric_Fence","floor":10},{"not_picked":["TheRailgun:Electrical_Storm","TheRailgun:Discharge"],"picked":"TheRailgun:Lightning_Speed","floor":12},{"not_picked":["TheRailgun:Gekota_Phone","TheRailgun:Discharge","TheRailgun:Zip"],"picked":"SKIP","floor":13},{"not_picked":["TheRailgun:Push","TheRailgun:Positive_Field","TheRailgun:Discharge"],"picked":"SKIP","floor":14},{"not_picked":["TheRailgun:Iron_Dust_Sword","TheRailgun:Iron_Dust_Vial","TheRailgun:Gekota_Phone"],"picked":"SKIP","floor":15},{"not_picked":["TheRailgun:Iron_Dust_Vial","TheRailgun:Mental_Out"],"picked":"TheRailgun:Thunderjolt+1","floor":19},{"not_picked":["TheRailgun:Recharge","TheRailgun:Zip+1","TheRailgun:Token_Collection"],"picked":"SKIP","floor":20},{"not_picked":["TheRailgun:Lightningbolt","TheRailgun:Spark","TheRailgun:Discharge"],"picked":"SKIP","floor":21},{"not_picked":["TheRailgun:Lightningbolt","TheRailgun:Iron_Dust_Vial"],"picked":"TheRailgun:Thunderbolt","floor":22},{"not_picked":["TheRailgun:Biribiri","TheRailgun:Thunderjolt+1"],"picked":"TheRailgun:Lightning_Speed+1","floor":26},{"not_picked":["TheRailgun:Biribiri","TheRailgun:Zip"],"picked":"TheRailgun:Electric_Fence","floor":28},{"not_picked":["TheRailgun:Crackle","TheRailgun:Gekota_Phone","TheRailgun:Circuit_Breaker"],"picked":"SKIP","floor":29},{"not_picked":["TheRailgun:Overload","TheRailgun:Taser","TheRailgun:Oneesama"],"picked":"SKIP","floor":30},{"not_picked":["TheRailgun:Battery_Pack","TheRailgun:Zap+1"],"picked":"TheRailgun:Electrical_Fire","floor":31}],"player_experience":2696823,"relics_obtained":[{"floor":14,"key":"MealTicket"},{"floor":24,"key":"hubris:CrystalStatue"},{"floor":26,"key":"Juzu Bracelet"}],"event_choices":[],"is_beta":false,"boss_relics":[{"not_picked":["hubris:VirtuousBlindfold","Fusion Hammer"],"picked":"energizedSpire:MagnifyingGlass"},{"not_picked":[]}],"items_purged_floors":[10],"is_endless":false,"potions_floor_spawned":[5,8,12,13,14,20,26,31],"killed_by":"Cultist and Chosen","ascension_level":0}}