{"host":"okvf2hy7r209l3k2","time":1612697198,"event":{"mods":["BaseMod","Block Reminder","Colored Map","Colored Powertips","Hermit","Highlight Path","Minty Spire (QoL Compilation)","Permanent Neow","StSLib","The Animator"],"gold_per_floor":[11,23,38,51,11,11,38,61,61,61,81,156,81,95,95,100,100],"floor_reached":16,"language":"ENG","playtime":1315,"items_purged":["hermit:Strike_Hermit"],"score":104,"play_id":"c9f318c4-6937-44f3-86b3-9c6ec675b962","local_time":"20210207022638","is_ascension_mode":false,"campfire_choices":[{"data":"hermit:Combo","floor":6,"key":"SMITH"},{"data":"hermit:GoldenBullet","floor":10,"key":"SMITH"},{"data":"hermit:Midnight","floor":15,"key":"SMITH"}],"circlet_count":0,"master_deck":["hermit:Strike_Hermit","hermit:Strike_Hermit","hermit:Defend_Hermit","hermit:Defend_Hermit","hermit:Defend_Hermit","hermit:Snapshot","hermit:Covet","hermit:GoldenBullet+1","hermit:Ricochet","hermit:TrackingShot","hermit:Snipe","hermit:Combo+1","hermit:Scavenge","hermit:Quickdraw","hermit:Midnight+1"],"relics":["hermit:Momento","Ginger","Darkstone Periapt"],"acts_visited":["Exordium"],"potions_floor_usage":[16,16],"damage_taken":[{"damage":1,"enemies":"Cultist","floor":1,"turns":3},{"damage":5,"enemies":"2 Louse","floor":2,"turns":2},{"damage":6,"enemies":"Jaw Worm","floor":3,"turns":2},{"damage":7,"enemies":"Gremlin Gang","floor":4,"turns":4},{"damage":7,"enemies":"Gremlin Nob","floor":7,"turns":3},{"damage":3,"enemies":"2 Fungi Beasts","floor":8,"turns":3},{"damage":14,"enemies":"Lots of Slimes","floor":11,"turns":4},{"damage":0,"enemies":"Blue Slaver","floor":14,"turns":2},{"damage":46,"enemies":"Hexaghost","floor":16,"turns":10}],"seed_played":"2272041281536178142","potions_obtained":[{"floor":4,"key":"Block Potion"},{"floor":8,"key":"FairyPotion"},{"floor":11,"key":"Energy Potion"}],"is_trial":false,"path_per_floor":["M","M","M","M","$","R","E","M","T","R","M","?","$","M","R","B"],"character_chosen":"HERMIT","items_purchased":["hermit:Combo"],"campfire_rested":0,"item_purchase_floors":[5],"current_hp_per_floor":[74,69,63,56,56,56,49,46,46,46,32,21,21,21,21,0,0],"gold":100,"neow_bonus":"REMOVE_TWO","is_daily":false,"chose_seed":false,"campfire_upgraded":3,"win_rate":0.0,"timestamp":1612697198,"path_taken":["M","M","M","M","$","R","E","M","T","R","M","?","$","M","R","BOSS"],"items_purchased_type":["Card"],"build_version":"2020-12-22","purchased_purges":1,"victory":false,"max_hp_per_floor":[75,75,75,75,75,75,75,75,75,75,75,75,75,75,75,75,75],"card_choices":[{"not_picked":["hermit:HighCaliber","hermit:Coalescence"],"picked":"hermit:GoldenBullet","floor":1},{"not_picked":["hermit:Misfire","hermit:ItchyTrigger"],"picked":"hermit:Ricochet","floor":2},{"not_picked":["hermit:SprayPray","hermit:LowProfile"],"picked":"hermit:TrackingShot","floor":3},{"not_picked":["hermit:TrackingShot","hermit:Grudge"],"picked":"hermit:Snipe","floor":4},{"not_picked":["hermit:CalledShot","hermit:FullyLoaded"],"picked":"hermit:Scavenge","floor":7},{"not_picked":["hermit:Misfire","hermit:Maintenance","hermit:PistolWhip"],"picked":"SKIP","floor":8},{"not_picked":["hermit:HoleUp","hermit:Feint"],"picked":"hermit:Quickdraw","floor":11},{"not_picked":["hermit:LoneWolf","hermit:Enervate"],"picked":"hermit:Midnight","floor":14}],"player_experience":157842,"relics_obtained":[{"floor":7,"key":"Ginger"},{"floor":9,"key":"Darkstone Periapt"}],"event_choices":[{"damage_healed":0,"gold_gain":75,"player_choice":"Gather Gold","damage_taken":11,"max_hp_gain":0,"max_hp_loss":0,"event_name":"World of Goop","floor":12,"gold_loss":0}],"is_beta":false,"boss_relics":[],"items_purged_floors":[13],"is_endless":false,"potions_floor_spawned":[4,8,11],"killed_by":"Hexaghost","ascension_level":0}}