{"host":"rxpu8tqu58sn7qk5","time":1612660528,"event":{"mods":["BaseMod","Colored Map","Colored Powertips","Downfall","Hubris","Minty Spire (QoL Compilation)","Replay The Spire","StSLib"],"gold_per_floor":[99,99,99,99,199,99,99,99,124,109,109,9,22,38,50,146,146,46,65,50,67,80,80,80,80,100,100,114,129,129,141,159,254,254,254,274,288,188,206,206,206,206,281,281,6,39,39,83,113,117,117,190,69,69,89,109],"floor_reached":57,"language":"ENG","playtime":5105,"items_purged":["Pain"],"score":1282,"play_id":"0f98f4a5-04b6-46c8-848e-1605cb8192f9","local_time":"20210206201528","is_ascension_mode":false,"campfire_choices":[{"floor":1,"key":"RECALL"},{"data":"Guardian:WalkerClaw","floor":6,"key":"SMITH"},{"data":"Guardian:CrystalBeam","floor":8,"key":"SMITH"},{"data":"Guardian:Harden","floor":12,"key":"SMITH"},{"data":"Guardian:GemFire","floor":18,"key":"SMITH"},{"data":"Guardian:RefractedBeam","floor":25,"key":"SMITH"},{"data":"Guardian:RefractedBeam+1","floor":27,"key":"SMITH"},{"floor":30,"key":"REST"},{"floor":35,"key":"DIG"},{"data":"Guardian:RefractedBeam+2","floor":40,"key":"SMITH"},{"data":"Guardian:RefractedBeam+4","floor":54,"key":"SMITH"}],"circlet_count":0,"master_deck":["Guardian:Strike_Guardian","Guardian:Strike_Guardian","Guardian:Strike_Guardian","Guardian:Defend_Guardian","Guardian:Defend_Guardian","Guardian:Defend_Guardian","Guardian:CurlUp","Guardian:TwinSlam+1","Guardian:CrystalBeam+1","Guardian:WalkerClaw+1","Guardian:Harden+1","Guardian:RollAttack","Guardian:RefractedBeam+5","Guardian:GemFire+1","Guardian:VentSteam","Guardian:CrystalBeam","Guardian:PrismaticBeam","Writhe","Looming Evil","Guardian:Gem_Red","Guardian:Gem_Purple","Guardian:Gem_Red","Guardian:PrimingBeam+1","Guardian:PiercingHide","Guardian:Gem_White","Guardian:Gem_Blue","Guardian:PrismaticBeam+1","Guardian:MultiBeam+1","Guardian:Gem_White","Guardian:Gem_Lightblue","PanicButton","Looming Evil"],"relics":["Guardian:ModeShifter","downfall:HeartsMalice","downfall:HeartBlessingRed","hubris:OldNail","Thread and Needle","downfall:HeartBlessingGreen","Honey Jar","downfall:HeartBlessingBlue","Sundial","Replay:Ancient Bell","Bronze Scales","Darkstone Periapt","Counterbalance","Bag of Preparation","ReplayFunnel","Orrery","Replay:Bandana","Replay:WaspNest","Lee\u0027s Waffle","Anchor","ReplayTheSpireMod:CursedCoin"],"acts_visited":["Exordium","TheCity","TheBeyond","TheEnding"],"potions_floor_usage":[16,16,21,33,33,33,37,46,56],"damage_taken":[{"damage":0,"enemies":"Cultist","floor":2,"turns":1},{"damage":0,"enemies":"Small Slimes","floor":3,"turns":1},{"damage":0,"enemies":"Lagavulin","floor":9,"turns":1},{"damage":2,"enemies":"downfall:FleeingMerchant","floor":10,"turns":4},{"damage":0,"enemies":"Jaw Worm","floor":13,"turns":4},{"damage":3,"enemies":"Gremlin Gang","floor":14,"turns":5},{"damage":2,"enemies":"Blue Slaver","floor":15,"turns":3},{"damage":31,"enemies":"WA_ARCHETYPE_RETAIN","floor":16,"turns":8},{"damage":11,"enemies":"Shell Parasite","floor":19,"turns":5},{"damage":0,"enemies":"downfall:FleeingMerchant","floor":20,"turns":4},{"damage":0,"enemies":"Snecko","floor":21,"turns":5},{"damage":4,"enemies":"3 Cultists","floor":22,"turns":5},{"damage":12,"enemies":"Sentry and Sphere","floor":26,"turns":4},{"damage":0,"enemies":"Cultist and Chosen","floor":28,"turns":3},{"damage":12,"enemies":"Snake Plant","floor":29,"turns":2},{"damage":0,"enemies":"Snecko","floor":31,"turns":2},{"damage":1,"enemies":"Chosen and Byrds","floor":32,"turns":4},{"damage":51,"enemies":"DF_ARCHETYPE_CLAW","floor":33,"turns":11},{"damage":4,"enemies":"Orb Walker","floor":36,"turns":3},{"damage":2,"enemies":"3 Darklings","floor":37,"turns":3},{"damage":5,"enemies":"downfall:FleeingMerchant","floor":39,"turns":2},{"damage":8,"enemies":"Giant Head","floor":43,"turns":2},{"damage":0,"enemies":"Writhing Mass","floor":46,"turns":2},{"damage":0,"enemies":"Maw","floor":48,"turns":1},{"damage":0,"enemies":"3 Darklings","floor":49,"turns":1},{"damage":15,"enemies":"IC_BLOCK_ARCHETYPE","floor":50,"turns":5},{"damage":0,"enemies":"downfall:CharBossMerchant","floor":52,"turns":2},{"damage":26,"enemies":"downfall:NeowBoss","floor":55,"turns":10},{"damage":31,"enemies":"downfall:NeowBossFinal","floor":56,"turns":7}],"seed_played":"8246086573239956079","potions_obtained":[{"floor":9,"key":"Regen Potion"},{"floor":15,"key":"Cursed Concoction"},{"floor":16,"key":"LiquidMemories"},{"floor":21,"key":"Block Potion"},{"floor":26,"key":"Guardian:DefensiveModePotion"},{"floor":29,"key":"DuplicationPotion"},{"floor":32,"key":"Fire Potion"},{"floor":33,"key":"Weak Potion"},{"floor":43,"key":"AttackPotion"},{"floor":48,"key":"BlessingOfTheForge"}],"is_trial":false,"path_per_floor":["R","M","M","?","?","R","T","R","E","$","T","R","M","M","M","B",null,"R","M","$","M","M","?","T","R","M","R","M","M","R","M","M","B",null,"R_BF","M","M","NS","$","R","T","?","E","?","$","M","?","M","M","B",null,"E","$","R","B","B",null],"character_chosen":"GUARDIAN","items_purchased":["ReplayFunnel","Orrery","Guardian:Gem_Cyan","Lee\u0027s Waffle","Guardian:Gem_White","Guardian:Gem_Lightblue","Fire Potion","ReplayTheSpireMod:CursedCoin","PanicButton"],"campfire_rested":1,"item_purchase_floors":[39,39,45,45,53,53,53,53,53],"current_hp_per_floor":[80,80,80,80,80,80,80,80,80,78,78,78,78,75,73,55,80,90,79,79,79,75,67,67,67,55,55,55,43,70,70,69,18,108,108,104,102,102,97,97,97,97,89,89,115,115,115,115,115,100,115,115,121,121,95,64],"gold":109,"neow_bonus":"THREE_ENEMY_KILL","is_daily":false,"chose_seed":false,"campfire_upgraded":8,"win_rate":0.0,"timestamp":1612660528,"path_taken":["R","M","?","?","?","R","T","R","E","$","?","R","M","M","M","BOSS","R","M","$","M","?","?","T","R","M","R","?","M","R","M","M","BOSS","R_BF","M","M","NS","$","R","T","?","E","?","$","M","?","M","M","BOSS","E","$","R","BOSS","BOSS"],"items_purchased_type":["Relic","Relic","Card","Relic","Card","Card","Potion","Relic","Card"],"build_version":"2020-12-22","purchased_purges":1,"victory":true,"max_hp_per_floor":[80,80,80,80,80,80,80,80,80,80,80,80,80,80,80,80,80,90,90,90,90,90,90,90,90,90,90,90,90,90,90,90,90,108,108,108,108,108,108,108,108,108,108,108,115,115,115,115,115,115,115,115,121,121,121,121],"card_choices":[{"not_picked":["Guardian:PrimingBeam","Guardian:Gem_Blue"],"picked":"Guardian:CrystalBeam","floor":2},{"not_picked":["Guardian:BronzeArmor","Guardian:ShieldSpikes"],"picked":"Guardian:WalkerClaw","floor":3},{"not_picked":["Guardian:WalkerClaw","Guardian:Planning"],"picked":"Guardian:Harden","floor":9},{"not_picked":["Guardian:TemporalStrike","Guardian:PiercingHide"],"picked":"Guardian:RollAttack","floor":10},{"not_picked":["Guardian:Planning","Guardian:ChargeCore","Guardian:Repulse"],"picked":"SKIP","floor":13},{"not_picked":["Guardian:DonusPower","Guardian:Reroute"],"picked":"Guardian:RefractedBeam","floor":14},{"not_picked":["Guardian:ShieldCharger","Guardian:RollAttack"],"picked":"Guardian:Gem_Cyan","floor":15},{"not_picked":["Guardian:CompilePackage","Guardian:RevengeProtocol"],"picked":"Guardian:GemFire","floor":16},{"not_picked":["Guardian:FloatingOrbs","Guardian:Incinerate+1","Guardian:TemporalShield"],"picked":"Guardian:VentSteam","floor":19},{"not_picked":["Guardian:Reroute","Guardian:GuardianWhirl","Guardian:Preprogram"],"picked":"Guardian:Gem_Cyan","floor":20},{"not_picked":["Guardian:Gem_Cyan","Guardian:VentSteam+1","Guardian:Recover+1"],"picked":"Guardian:Gem_Green","floor":21},{"not_picked":["Guardian:ChargeCore","Guardian:ShieldCharger","Guardian:CrystalBeam"],"picked":"Guardian:Gem_Red","floor":22},{"not_picked":["Guardian:SpikerProtocol","Guardian:Recover+1","Guardian:BodySlam"],"picked":"Guardian:Gem_Synthetic","floor":26},{"not_picked":["Guardian:SpikerProtocol+1","Guardian:TemporalStrike","Guardian:Gem_Green"],"picked":"Guardian:Gem_Fragmented","floor":28},{"not_picked":["Guardian:Suspension","Guardian:PolyBeam","Guardian:TemporalStrike+1"],"picked":"Guardian:CrystalBeam","floor":29},{"not_picked":["Guardian:TemporalStrike+1","Guardian:TimeSifter","Guardian:DecasProtection"],"picked":"Guardian:WalkerClaw+1","floor":31},{"not_picked":["Guardian:SentryBeam","Guardian:FloatingOrbs+1","Guardian:Reroute"],"picked":"Guardian:PrismaticBeam","floor":32},{"not_picked":["Guardian:TimeSifter","Guardian:AncientConstruct","Guardian:CompilePackage"],"picked":"Guardian:Gem_Orange","floor":33},{"not_picked":["hubris:Compulsion","ReplayTheSpireMod:Splinters","Spreading Infection"],"picked":"Writhe","floor":34},{"not_picked":["ReplayTheSpireMod:Restless Dread","Normality","ReplayTheSpireMod:Doomed"],"picked":"Looming Evil","floor":34},{"not_picked":["hubris:Disease","downfall:Aged","Sickly"],"picked":"Pain","floor":34},{"not_picked":["Guardian:Incinerate+1","Guardian:Reroute+1","Guardian:TemporalShield"],"picked":"Guardian:Gem_Cyan","floor":36},{"not_picked":["Guardian:DonusPower+1","Guardian:SentryBeam+1","Guardian:Preprogram"],"picked":"Guardian:Gem_Red","floor":37},{"not_picked":["Guardian:StasisField","Guardian:TemporalStrike","Guardian:Gem_Red"],"picked":"Guardian:Gem_Purple","floor":39},{"not_picked":["Guardian:RollAttack+1","Guardian:Recover","Guardian:PrimingBeam"],"picked":"Guardian:Gem_Cyan","floor":39},{"not_picked":["Guardian:Emergency+1","Guardian:GuardianWhirl+1","Guardian:BaubleBeam"],"picked":"Guardian:Gem_Red","floor":39},{"not_picked":["Guardian:TemporalStrike+1","Guardian:PolyBeam+1","Guardian:Incinerate+1"],"picked":"Guardian:PrimingBeam+1","floor":39},{"not_picked":["Guardian:Reroute+1","Guardian:Recover","Guardian:PrismaticBeam"],"picked":"Guardian:Gem_Cyan","floor":39},{"not_picked":["Guardian:RollAttack","Guardian:DonusPower","Guardian:TemporalShield"],"picked":"Guardian:PiercingHide","floor":39},{"not_picked":["Guardian:PiercingHide","Guardian:Planning+1","Guardian:PrismaticBeam+1"],"picked":"Guardian:Gem_Blue","floor":43},{"not_picked":["Guardian:Recover+1","Guardian:TimeCapacitor+1","Guardian:Suspension+1"],"picked":"Guardian:Gem_Cyan","floor":46},{"not_picked":["Guardian:GuardianWhirl","Guardian:Clone+1","Guardian:WalkerClaw"],"picked":"Guardian:PrismaticBeam+1","floor":48},{"not_picked":["Guardian:ShieldCharger","Guardian:CrystalBeam","Guardian:ChargeCore"],"picked":"Guardian:Gem_Cyan","floor":49},{"not_picked":["Guardian:ExploitGems","Guardian:CrystalBeam","Guardian:PiercingHide+1"],"picked":"Guardian:MultiBeam+1","floor":52}],"player_experience":123686,"relics_obtained":[{"floor":9,"key":"hubris:OldNail"},{"floor":11,"key":"Thread and Needle"},{"floor":24,"key":"Sundial"},{"floor":35,"key":"Bag of Preparation"},{"floor":41,"key":"Replay:Bandana"},{"floor":43,"key":"Replay:WaspNest"},{"floor":52,"key":"Anchor"}],"event_choices":[{"damage_healed":0,"gold_gain":0,"player_choice":"Ignored","damage_taken":0,"max_hp_gain":0,"max_hp_loss":0,"event_name":"Mysterious Sphere","floor":44,"gold_loss":0}],"is_beta":false,"boss_relics":[{"not_picked":["hubris:Stopwatch","SlaversCollar"],"picked":"Honey Jar"},{"not_picked":["ReplayTheSpireMod:DimensionalGlitch","Fusion Hammer"],"picked":"Replay:Ancient Bell"},{"not_picked":["Blood Vial","Strawberry"],"picked":"Bronze Scales"},{"not_picked":["Iron Hammer","Letter Opener"],"picked":"Darkstone Periapt"},{"not_picked":["Replay:Multitool","hubris:Zylophone"],"picked":"Counterbalance"}],"items_purged_floors":[45],"is_endless":false,"potions_floor_spawned":[9,15,16,21,26,29,32,33,43,48],"ascension_level":0}}