{"host":"2ty4h143nj8vwezc","time":1612737540,"event":{"mods":["BaseMod","Colored Map","Googly Eyes","Highlight Path","Minty Spire (QoL Compilation)","Quick Restart","StSLib"],"gold_per_floor":[113,113,29,29,44,74,86,15,15,31,57,57,68,38,38,38,38],"floor_reached":16,"language":"ENG","playtime":460,"items_purged":[],"score":266,"play_id":"e8855a44-abda-47f2-bb0f-7a617dee49da","local_time":"20210207173900","is_ascension_mode":true,"campfire_choices":[{"floor":7.0,"key":"RECALL"},{"floor":12,"key":"REST"},{"data":"Footwork","floor":15,"key":"SMITH"}],"circlet_count":0,"master_deck":["AscendersBane","Strike_G","Strike_G","Strike_G","Strike_G","Defend_G","Defend_G","Defend_G","Defend_G","Defend_G","Survivor","Neutralize","Heel Hook","Regret","Footwork+1","Masterful Stab","Bane","Footwork","Unload","PiercingWail","Deadly Poison","Flying Knee"],"relics":["Ring of the Snake","NeowsBlessing","Snake Skull","MawBank","Matryoshka","Strawberry"],"acts_visited":["Exordium"],"potions_floor_usage":[11,16],"damage_taken":[{"damage":0.0,"enemies":"Small Slimes","floor":1.0,"turns":1.0},{"damage":0.0,"enemies":"Jaw Worm","floor":5.0,"turns":1.0},{"damage":0.0,"enemies":"Gremlin Nob","floor":6.0,"turns":1.0},{"damage":2.0,"enemies":"Cultist","floor":10.0,"turns":4.0},{"damage":31,"enemies":"Lagavulin","floor":11,"turns":8},{"damage":0,"enemies":"Red Slaver","floor":13,"turns":3},{"damage":54,"enemies":"Hexaghost","floor":16,"turns":14}],"seed_played":"-6306907910699873257","potions_obtained":[{"floor":5.0,"key":"Poison Potion"},{"floor":6.0,"key":"GhostInAJar"}],"is_trial":false,"path_per_floor":["M","?","$","?","M","E","R","$","T","M","E","R","M","$","R","B"],"character_chosen":"THE_SILENT","items_purchased":["Footwork","Footwork","Flying Knee"],"campfire_rested":1,"item_purchase_floors":[3,8,14],"current_hp_per_floor":[59,59,59,59,59,59,59,59,59,57,33,54,54,54,54,0,0],"gold":38,"neow_bonus":"THREE_ENEMY_KILL","is_daily":false,"chose_seed":false,"campfire_upgraded":1,"win_rate":0.0,"timestamp":1612737540,"path_taken":["M","?","$","?","M","E","R","$","T","M","E","R","?","$","R","BOSS"],"items_purchased_type":["Card","Card","Card"],"build_version":"2020-12-22","purchased_purges":0,"victory":false,"max_hp_per_floor":[66,66,66,66,66,66,66,66,66,66,73,73,73,73,73,73,73],"card_choices":[{"not_picked":["Dagger Throw","Bane"],"picked":"Heel Hook","floor":1.0},{"not_picked":["Outmaneuver","Dagger Throw"],"picked":"Bane","floor":5.0},{"not_picked":["Choke","Calculated Gamble","Expertise"],"picked":"SKIP","floor":6.0},{"not_picked":["Dagger Spray","Dodge and Roll"],"picked":"Unload","floor":10.0},{"not_picked":["Dagger Spray","Acrobatics"],"picked":"PiercingWail","floor":11},{"not_picked":["Dagger Spray","Masterful Stab"],"picked":"Deadly Poison","floor":13}],"player_experience":363270,"relics_obtained":[{"floor":6.0,"key":"MawBank"},{"floor":9.0,"key":"Matryoshka"},{"floor":11,"key":"Strawberry"}],"event_choices":[{"damage_healed":0.0,"max_hp_gain":0.0,"max_hp_loss":0.0,"gold_gain":0.0,"event_name":"Big Fish","player_choice":"Box","floor":2.0,"gold_loss":0.0,"damage_taken":0.0,"relics_obtained":["Snake Skull"],"cards_obtained":["Regret"]},{"damage_healed":0.0,"max_hp_gain":0.0,"max_hp_loss":0.0,"gold_gain":0.0,"cards_transformed":["Strike_G"],"event_name":"Transmorgrifier","player_choice":"Transformed","floor":4.0,"gold_loss":0.0,"damage_taken":0.0,"cards_obtained":["Masterful Stab"]}],"is_beta":false,"boss_relics":[],"items_purged_floors":[],"is_endless":false,"potions_floor_spawned":[5,6],"killed_by":"Hexaghost","ascension_level":20}}