{"host":"630px4nyj50z5id8","time":1612694159,"event":{"mods":["BaseMod","Better Note","Colored Powertips","Good Game Mod","Minty Spire (QoL Compilation)","Quick Restart","Rare Cards Sparkle","Relic Filter Mod","Replay The Spire","StSLib","Waifu the Spire"],"gold_per_floor":[113,188,113,113,38,63,63,82,82,94,121,121,137,169,169,243,243,243],"floor_reached":17,"language":"ZHS","playtime":686,"items_purged":["Pain"],"score":376,"play_id":"96d978cc-e6f3-468c-a1a7-2711df26f0eb","local_time":"20210207183559","is_ascension_mode":true,"campfire_choices":[{"data":"Establishment","floor":7,"key":"SMITH"},{"floor":12,"key":"REST"},{"floor":15,"key":"REST"}],"circlet_count":0,"master_deck":["AscendersBane","Strike_G","Strike_G","Defend_G","Defend_G","Defend_G","Defend_G","Defend_G","Survivor","Neutralize","Establishment+1","Deadly Poison","Prepared","Wraith Form v2","Atom Bomb","Reflex","Prepared","Dash","After Image"],"relics":["Ring of the Snake","REME:ComplimentaryCards","NeowsBlessing","WarpedTongs","Ice Cream","Prayer Wheel","Art of War","Quantum Egg","Empty Cage"],"acts_visited":["Exordium","TheCity"],"potions_floor_usage":[13,14],"damage_taken":[{"damage":0,"enemies":"Cultist","floor":1,"turns":1},{"damage":0,"enemies":"Gremlin Nob","floor":6,"turns":1},{"damage":0,"enemies":"2 Louse","floor":8,"turns":1},{"damage":0,"enemies":"Small Slimes","floor":10,"turns":3},{"damage":42,"enemies":"3 Sentries","floor":11,"turns":15},{"damage":3,"enemies":"Exordium Thugs","floor":13,"turns":6},{"damage":2,"enemies":"Lagavulin","floor":14,"turns":4},{"damage":31,"enemies":"Hexaghost","floor":16,"turns":15}],"seed_played":"-1843069910683325722","potions_obtained":[{"floor":8,"key":"SteroidPotion"},{"floor":11,"key":"Adrenaline Potion"},{"floor":14,"key":"FairyPotion"},{"floor":16,"key":"AttackPotion"}],"is_trial":false,"path_per_floor":["M","?","?","?","$","E","R","M","T","M","E","R","M","E","R","B",null],"character_chosen":"THE_SILENT","items_purchased":[],"campfire_rested":2,"item_purchase_floors":[],"current_hp_per_floor":[59,48,48,48,48,48,48,48,48,48,6,25,22,20,39,8,52,52],"gold":243,"neow_bonus":"THREE_ENEMY_KILL","is_daily":false,"chose_seed":false,"campfire_upgraded":1,"win_rate":0.0,"timestamp":1612694159,"path_taken":["M","?","?","?","$","E","R","M","T","M","E","R","M","E","R","BOSS"],"items_purchased_type":[],"build_version":"2020-12-22","purchased_purges":1,"victory":false,"max_hp_per_floor":[66,66,66,66,66,66,66,66,66,66,66,66,66,66,66,66,66,66],"card_choices":[{"not_picked":["Bane","Prepared"],"picked":"Deadly Poison","floor":1},{"not_picked":["Poisoned Stab","Setup","Quick Slash"],"picked":"SKIP","floor":6},{"not_picked":["Skewer","Outmaneuver"],"picked":"Prepared","floor":8},{"not_picked":["Bane","Eviscerate"],"picked":"Wraith Form v2","floor":10},{"not_picked":["Flying Knee","Outmaneuver","Deflect"],"picked":"SKIP","floor":10},{"not_picked":["Flying Knee","Hidden Blade"],"picked":"Atom Bomb","floor":11},{"not_picked":["Infinite Blades","Slice"],"picked":"Reflex","floor":13},{"not_picked":["Deadly Poison","Poisoned Stab"],"picked":"Prepared","floor":13},{"not_picked":["Outmaneuver","Eviscerate"],"picked":"Dash","floor":14},{"not_picked":["Envenom","Die Die Die"],"picked":"After Image","floor":16}],"player_experience":418058,"relics_obtained":[{"floor":6,"key":"Ice Cream"},{"floor":9,"key":"Prayer Wheel"},{"floor":11,"key":"Art of War"},{"floor":14,"key":"Quantum Egg"}],"event_choices":[{"damage_healed":0,"gold_gain":75,"player_choice":"Gather Gold","damage_taken":11,"max_hp_gain":0,"max_hp_loss":0,"event_name":"World of Goop","floor":2,"gold_loss":0},{"cards_removed":["Strike_G"],"damage_healed":0,"gold_gain":0,"player_choice":"Card Removal","damage_taken":0,"max_hp_gain":0,"max_hp_loss":0,"event_name":"The Cleric","floor":3,"gold_loss":75},{"damage_healed":0,"gold_gain":0,"player_choice":"Rummage","damage_taken":0,"relics_obtained":["WarpedTongs"],"max_hp_gain":0,"max_hp_loss":0,"event_name":"Accursed Blacksmith","floor":4,"gold_loss":0,"cards_obtained":["Pain"]}],"is_beta":false,"boss_relics":[{"not_picked":["ReplayTheSpireMod:DimensionalGlitch","Runic Dome"],"picked":"Empty Cage"}],"items_purged_floors":[5],"is_endless":false,"potions_floor_spawned":[8,11,14,16],"ascension_level":18}}