{"host":"6azrrw3tf7wb0f4b","time":1612690454,"event":{"mods":["BaseMod","DeckTracker","Minty Spire (QoL Compilation)","SuperFastMode"],"gold_per_floor":[112,162,176,13,25,56,56,66,66,77,96,124,124,141,141,216,216,228,228,243,260,260,260,270,69,69,69,69],"floor_reached":27,"language":"KOR","playtime":529,"items_purged":[],"score":454,"play_id":"d28074c6-f341-4d65-a523-856f7eacfda8","local_time":"20210207183414","is_ascension_mode":true,"campfire_choices":[{"data":"Doom and Gloom","floor":7.0,"key":"SMITH"},{"data":"Darkness","floor":13.0,"key":"SMITH"},{"floor":15,"key":"REST"},{"floor":23,"key":"REST"}],"circlet_count":0,"master_deck":["AscendersBane","Strike_B","Strike_B","Strike_B","Defend_B","Defend_B","Defend_B","Defend_B","Zap","Dualcast","Decay","Ball Lightning","Glacier","Echo Form","Compile Driver","Undo","Doom and Gloom+1","Streamline","Darkness+1","Amplify","Buffer","Self Repair","Apotheosis"],"relics":["Cracked Core","CaptainsWheel","Orrery","Darkstone Periapt","InkBottle","Singing Bowl","SlaversCollar","MealTicket","Ancient Tea Set"],"acts_visited":["Exordium","TheCity"],"potions_floor_usage":[16,21,24],"damage_taken":[{"damage":10.0,"enemies":"Small Slimes","floor":1.0,"turns":3.0},{"damage":1.0,"enemies":"Cultist","floor":3.0,"turns":3.0},{"damage":6.0,"enemies":"2 Louse","floor":5.0,"turns":2.0},{"damage":16.0,"enemies":"Gremlin Nob","floor":6.0,"turns":4.0},{"damage":7.0,"enemies":"Gremlin Gang","floor":8.0,"turns":3.0},{"damage":0.0,"enemies":"Looter","floor":10.0,"turns":4.0},{"damage":3.0,"enemies":"Red Slaver","floor":11.0,"turns":4.0},{"damage":0.0,"enemies":"Lagavulin","floor":12.0,"turns":5.0},{"damage":18,"enemies":"Exordium Thugs","floor":14,"turns":4},{"damage":18,"enemies":"The Guardian","floor":16,"turns":8},{"damage":12,"enemies":"Chosen","floor":18,"turns":6},{"damage":6,"enemies":"Spheric Guardian","floor":20,"turns":4},{"damage":30,"enemies":"Snake Plant","floor":21,"turns":5},{"damage":21,"enemies":"Shelled Parasite and Fungi","floor":24,"turns":6},{"damage":52,"enemies":"Cultist and Chosen","floor":27,"turns":4}],"seed_played":"8170617502278680196","potions_obtained":[{"floor":1.0,"key":"SkillPotion"},{"floor":3.0,"key":"Fire Potion"},{"floor":5.0,"key":"FocusPotion"},{"floor":6.0,"key":"ColorlessPotion"},{"floor":11.0,"key":"PowerPotion"},{"floor":14,"key":"Regen Potion"},{"floor":18,"key":"AttackPotion"}],"is_trial":false,"path_per_floor":["M","?","M","$","M","E","R","M","T","M","M","E","R","M","R","B",null,"M","?","M","M","?","R","M","$","T","M"],"character_chosen":"DEFECT","items_purchased":["Orrery","Apotheosis"],"campfire_rested":2,"item_purchase_floors":[4,25],"current_hp_per_floor":[54,54,53,53,47,31,31,24,24,24,21,21,21,5,26,23,61,51,51,47,19,19,42,21,36,36,0,0],"gold":69,"neow_bonus":"ONE_RARE_RELIC","is_daily":false,"chose_seed":false,"campfire_upgraded":2,"win_rate":0.0,"timestamp":1612690454,"path_taken":["M","?","M","$","M","E","R","M","T","M","?","E","R","M","R","BOSS","M","?","M","?","?","R","M","$","T","?"],"items_purchased_type":["Relic","Card"],"build_version":"2020-12-22","purchased_purges":0,"victory":false,"max_hp_per_floor":[71,71,71,71,71,71,71,71,71,71,71,71,71,73,73,73,73,75,75,77,79,79,79,79,79,79,79,79],"card_choices":[{"not_picked":["Chaos","Rip and Tear"],"picked":"Ball Lightning","floor":1.0},{"not_picked":["Beam Cell","Cold Snap"],"picked":"Steam","floor":3.0},{"not_picked":["Hello World","Redo"],"picked":"Glacier","floor":4.0},{"not_picked":["Beam Cell","Steam"],"picked":"Echo Form","floor":4.0},{"not_picked":["Redo","Sweeping Beam"],"picked":"Compile Driver","floor":4.0},{"not_picked":["Genetic Algorithm","Steam"],"picked":"Undo","floor":5.0},{"not_picked":["Scrape","Rebound"],"picked":"Doom and Gloom","floor":6.0},{"not_picked":["Blizzard","Go for the Eyes","Leap"],"picked":"SKIP","floor":8.0},{"not_picked":["Heatsinks","Go for the Eyes"],"picked":"Streamline","floor":10.0},{"not_picked":["Coolheaded","Compile Driver"],"picked":"Darkness","floor":11.0},{"not_picked":["Beam Cell","Conserve Battery"],"picked":"Amplify","floor":12.0},{"not_picked":["Conserve Battery","Steam","Rip and Tear"],"picked":"Singing Bowl","floor":14},{"not_picked":["Biased Cognition","Meteor Strike"],"picked":"Buffer","floor":16},{"not_picked":["Cold Snap","Darkness","Ball Lightning"],"picked":"Singing Bowl","floor":18},{"not_picked":["Redo","Rebound","Sweeping Beam"],"picked":"Singing Bowl","floor":20},{"not_picked":["Blizzard+1","FTL+1","Go for the Eyes"],"picked":"Singing Bowl","floor":21},{"not_picked":["White Noise","Fusion"],"picked":"Self Repair","floor":24}],"player_experience":762523,"relics_obtained":[{"floor":6.0,"key":"Darkstone Periapt"},{"floor":9.0,"key":"InkBottle"},{"floor":12.0,"key":"Singing Bowl"},{"floor":26,"key":"Ancient Tea Set"}],"event_choices":[{"damage_healed":0.0,"max_hp_gain":0.0,"max_hp_loss":0.0,"gold_gain":50.0,"event_name":"Golden Shrine","player_choice":"Pray","floor":2.0,"gold_loss":0.0,"damage_taken":0.0},{"cards_removed":["Strike_B"],"damage_healed":0,"gold_gain":0,"player_choice":"Purged","damage_taken":0,"max_hp_gain":0,"max_hp_loss":0,"event_name":"Purifier","floor":19,"gold_loss":0},{"cards_removed":["Steam"],"damage_healed":0,"gold_gain":0,"player_choice":"Gave Card","damage_taken":0,"relics_obtained":["MealTicket"],"max_hp_gain":0,"max_hp_loss":0,"event_name":"WeMeetAgain","floor":22,"gold_loss":0}],"is_beta":false,"boss_relics":[{"not_picked":["Black Star","Snecko Eye"],"picked":"SlaversCollar"}],"items_purged_floors":[],"is_endless":false,"potions_floor_spawned":[1,3,5,6,11,14,18,20],"killed_by":"Cultist and Chosen","ascension_level":16}}