{"host":"9hmnsypyq1c5u7i3","time":1612737503,"event":{"mods":["BaseMod","Bestiary","Hermit","Marisa????????","Minty Spire (QoL Compilation)","Permanent Neow","Quick Restart","Relic Stats","StSLib","The Cursed","The Hierophant"],"gold_per_floor":[116,134,55,73,123,154,154,5,5,25,39,39,39,65,65,141,141,159,159,175,175,185,216,131,46,92,92,103,103,138,157,157,229,229,242,255,265,20,20,20,47,47,47,47,78,95,120,150,150,150,150,150,150,19,54,54],"floor_reached":57,"language":"ENG","playtime":14365,"items_purged":["Pain","Poisoned Stab"],"score":2901,"play_id":"a34a016c-7564-439d-8288-af2efc42b26b","local_time":"20210207173823","is_ascension_mode":true,"campfire_choices":[{"floor":7.0,"key":"REST"},{"floor":13.0,"key":"REST"},{"data":"Crippling Poison","floor":15.0,"key":"SMITH"},{"data":"Adrenaline","floor":27.0,"key":"SMITH"},{"floor":32.0,"key":"REST"},{"floor":40.0,"key":"REST"},{"data":"Well Laid Plans","floor":42.0,"key":"SMITH"},{"data":"Burst","floor":44.0,"key":"SMITH"},{"floor":49.0,"key":"RECALL"},{"data":"Footwork","floor":53.0,"key":"SMITH"}],"circlet_count":0,"master_deck":["AscendersBane","Defend_G","Defend_G","Defend_G","Defend_G","Defend_G","Survivor","Neutralize","Adrenaline+1","Dash","Footwork","Dagger Throw","Night Terror+1","Crippling Poison+1","Footwork","Glass Knife","Tools of the Trade","Deflect","Deflect","Bite","Bite","Bite","Bite","Infinite Blades","Footwork","Corpse Explosion","Backflip","Footwork+1","Burst+1","CurseOfTheBell","Prepared+1","Catalyst+1","Leg Sweep+1","Well Laid Plans+1","PiercingWail+1","Venomology+1","Backflip+1","Burst+1","Crippling Poison+1","Backflip+1","Dodge and Roll+1","Blade Dance+1","Adrenaline+1"],"relics":["Ring of the Snake","Question Card","Kunai","Pantograph","SlaversCollar","Ancient Tea Set","Pear","Lantern","Happy Flower","Calling Bell","Dream Catcher","Toxic Egg 2","Mango","Membership Card","Art of War","Shuriken","Unceasing Top","Mummified Hand","DollysMirror","Bottled Lightning"],"acts_visited":["Exordium","TheCity","TheBeyond","TheEnding"],"potions_floor_usage":[56,56],"damage_taken":[{"damage":6.0,"enemies":"2 Louse","floor":1.0,"turns":5.0},{"damage":3.0,"enemies":"Cultist","floor":2.0,"turns":3.0},{"damage":0.0,"enemies":"Small Slimes","floor":4.0,"turns":4.0},{"damage":41.0,"enemies":"Lagavulin","floor":6.0,"turns":13.0},{"damage":9.0,"enemies":"Exordium Wildlife","floor":10.0,"turns":4.0},{"damage":0.0,"enemies":"2 Fungi Beasts","floor":11.0,"turns":4.0},{"damage":35.0,"enemies":"Gremlin Nob","floor":14.0,"turns":6.0},{"damage":25.0,"enemies":"Slime Boss","floor":16.0,"turns":12.0},{"damage":30.0,"enemies":"Chosen","floor":18.0,"turns":6.0},{"damage":21.0,"enemies":"2 Thieves","floor":20.0,"turns":5.0},{"damage":21.0,"enemies":"Centurion and Healer","floor":22.0,"turns":19.0},{"damage":37.0,"enemies":"Gremlin Leader","floor":23.0,"turns":8.0},{"damage":7.0,"enemies":"Snecko","floor":28.0,"turns":9.0},{"damage":26.0,"enemies":"Book of Stabbing","floor":30.0,"turns":8.0},{"damage":17.0,"enemies":"Snake Plant","floor":31.0,"turns":7.0},{"damage":22.0,"enemies":"Champ","floor":33.0,"turns":20.0},{"damage":42.0,"enemies":"3 Darklings","floor":35.0,"turns":10.0},{"damage":20.0,"enemies":"3 Shapes","floor":36.0,"turns":17.0},{"damage":23.0,"enemies":"Transient","floor":37.0,"turns":6.0},{"damage":8.0,"enemies":"Giant Head","floor":41.0,"turns":17.0},{"damage":0.0,"enemies":"Nemesis","floor":45.0,"turns":13.0},{"damage":0.0,"enemies":"Sphere and 2 Shapes","floor":46.0,"turns":7.0},{"damage":0.0,"enemies":"Mind Bloom Boss Battle","floor":47.0,"turns":12.0},{"damage":30.0,"enemies":"Reptomancer","floor":48.0,"turns":11.0},{"damage":34.0,"enemies":"Awakened One","floor":50.0,"turns":19.0},{"damage":15.0,"enemies":"Donu and Deca","floor":51.0,"turns":8.0},{"damage":11.0,"enemies":"Shield and Spear","floor":55.0,"turns":8.0},{"damage":69,"enemies":"The Heart","floor":56,"turns":10}],"seed_played":"2662740788793368438","potions_obtained":[{"floor":4.0,"key":"SpeedPotion"},{"floor":14.0,"key":"EntropicBrew"},{"floor":18.0,"key":"LiquidBronze"},{"floor":20.0,"key":"Swift Potion"},{"floor":22.0,"key":"ColorlessPotion"},{"floor":23.0,"key":"Poison Potion"},{"floor":31.0,"key":"PowerPotion"},{"floor":35.0,"key":"DuplicationPotion"},{"floor":36.0,"key":"BlessingOfTheForge"}],"is_trial":false,"path_per_floor":["M","M","$","M","?","E","R","$","T","M","M","?","R","E","R","B",null,"M","?","M","?","M","E","$","?","T","R","M","?","E","M","R","B",null,"M","M","M","$","?","R","E","R","T","R","E","M","?","E","R","B","B",null,"R","$","E","B",null],"character_chosen":"THE_SILENT","items_purchased":["Footwork","Crippling Poison","Footwork","Membership Card","Well Laid Plans","PiercingWail+1","FearPotion","DollysMirror"],"campfire_rested":4,"item_purchase_floors":[3,8,24,38,38,38,38,54],"current_hp_per_floor":[53,50,50,50,50,9,28,28,28,19,19,19,38,3,3,3,50,20,33,12,12,45,20,20,30,30,30,35,35,21,18,34,46,68,40,36,15,15,15,36,44,44,44,44,62,68,70,46,46,70,63,68,68,68,65,15],"gold":54,"neow_bonus":"THREE_RARE_CARDS","is_daily":false,"chose_seed":false,"campfire_upgraded":5,"win_rate":0.0,"timestamp":1612737503,"path_taken":["M","M","$","M","?","E","R","$","T","M","?","?","R","E","R","BOSS","M","?","M","?","M","E","$","?","T","R","M","?","E","M","R","BOSS","M","?","M","$","?","R","E","R","T","R","E","?","?","E","R","BOSS","BOSS","R","$","E","BOSS"],"items_purchased_type":["Card","Card","Card","Relic","Card","Card","Potion","Relic"],"build_version":"2020-12-22","purchased_purges":2,"victory":true,"max_hp_per_floor":[66,66,66,66,66,66,66,66,66,66,66,66,66,66,66,66,66,66,66,66,46,46,46,46,56,56,56,56,56,56,56,56,56,70,70,70,70,70,70,70,70,70,70,70,70,70,70,70,70,70,70,70,70,70,70,70],"relic_stats":{"Dream Catcher":1,"Happy Flower":[55],"counters":[28,271],"Shuriken":[24],"Mummified Hand":[35],"Pantograph":78,"Art of War":[13],"Kunai":[75],"Question Card":23,"obtain_stats":[{"Lantern":26,"Pear":25,"Happy Flower":30,"Mango":34,"Question Card":6,"Ancient Tea Set":23,"Calling Bell":34,"SlaversCollar":17,"Dream Catcher":34,"Shuriken":45,"Mummified Hand":48,"DollysMirror":54,"Pantograph":14,"Art of War":41,"Kunai":9,"Membership Card":38,"Bottled Lightning":55,"Toxic Egg 2":34,"Unceasing Top":47,"Ring of the Snake":0},{"Lantern":12,"Pear":12,"Happy Flower":14,"Mango":16,"Question Card":4,"Ancient Tea Set":12,"Calling Bell":16,"SlaversCollar":8,"Dream Catcher":16,"Shuriken":21,"Mummified Hand":24,"DollysMirror":26,"Pantograph":7,"Art of War":20,"Kunai":4,"Membership Card":19,"Bottled Lightning":27,"Toxic Egg 2":16,"Unceasing Top":23,"Ring of the Snake":0},{"Lantern":89,"Pear":89,"Happy Flower":106,"Mango":133,"Question Card":25,"Ancient Tea Set":89,"Calling Bell":133,"SlaversCollar":51,"Dream Catcher":133,"Shuriken":196,"Mummified Hand":226,"DollysMirror":253,"Pantograph":39,"Art of War":183,"Kunai":25,"Membership Card":166,"Bottled Lightning":261,"Toxic Egg 2":133,"Unceasing Top":215,"Ring of the Snake":0}],"Unceasing Top":[11],"Ring of the Snake":[56]},"card_choices":[{"not_picked":["Grand Finale","Night Terror"],"picked":"Adrenaline","floor":0.0},{"not_picked":["Sucker Punch","Outmaneuver"],"picked":"Poisoned Stab","floor":1.0},{"not_picked":["Accuracy","PiercingWail"],"picked":"Dash","floor":2.0},{"not_picked":["Accuracy","Flying Knee"],"picked":"Dagger Throw","floor":4.0},{"not_picked":["Prepared","Accuracy"],"picked":"Night Terror","floor":6.0},{"not_picked":["Backstab","Riddle With Holes","Outmaneuver"],"picked":"Footwork","floor":10.0},{"not_picked":["Sucker Punch","Prepared","Eviscerate","Bane"],"picked":"SKIP","floor":11.0},{"not_picked":["Masterful Stab","Deadly Poison","Bane"],"picked":"Glass Knife","floor":14.0},{"not_picked":["Venomology","Malaise","Doppelganger"],"picked":"Tools of the Trade","floor":16.0},{"not_picked":["Sucker Punch","Dagger Throw","Dagger Spray+1"],"picked":"Deflect","floor":18.0},{"not_picked":["Quick Slash","Masterful Stab","Dodge and Roll"],"picked":"Deflect","floor":20.0},{"not_picked":["Concentrate","Dagger Spray","Slice","Underhanded Strike"],"picked":"SKIP","floor":22.0},{"not_picked":["Glass Knife","Outmaneuver","Flying Knee"],"picked":"Infinite Blades","floor":23.0},{"not_picked":["Cloak And Dagger","Backflip","Dodge and Roll"],"picked":"Corpse Explosion","floor":28.0},{"not_picked":["Deadly Poison","Underhanded Strike","Flying Knee"],"picked":"Backflip","floor":30.0},{"not_picked":["Dagger Spray","PiercingWail","Caltrops"],"picked":"Footwork","floor":31.0},{"not_picked":["Adrenaline","After Image","Die Die Die"],"picked":"Burst","floor":33.0},{"not_picked":["Sucker Punch","Quick Slash","Blade Dance+1"],"picked":"Prepared+1","floor":35.0},{"not_picked":["Accuracy","Sucker Punch","Quick Slash"],"picked":"Catalyst+1","floor":36.0},{"not_picked":["PiercingWail+1","Poisoned Stab","Dagger Spray"],"picked":"Leg Sweep+1","floor":37.0},{"not_picked":["Poisoned Stab+1","Quick Slash","Masterful Stab"],"picked":"Burst+1","floor":41.0},{"not_picked":["Flechettes","Slice+1","Riddle With Holes"],"picked":"Crippling Poison+1","floor":45.0},{"not_picked":["Dagger Spray","Cloak And Dagger+1","Setup+1"],"picked":"Backflip+1","floor":46.0},{"not_picked":["Masterful Stab+1","Predator","Deadly Poison+1"],"picked":"Dodge and Roll+1","floor":47.0},{"not_picked":["Glass Knife","Poisoned Stab","Backstab"],"picked":"Blade Dance+1","floor":48.0},{"not_picked":["Infinite Blades","Poisoned Stab","Dodge and Roll+1","Deadly Poison+1"],"picked":"SKIP","floor":55.0}],"player_experience":941503,"relics_obtained":[{"floor":6.0,"key":"Question Card"},{"floor":9.0,"key":"Kunai"},{"floor":14.0,"key":"Pantograph"},{"floor":23.0,"key":"Ancient Tea Set"},{"floor":26.0,"key":"Lantern"},{"floor":30.0,"key":"Happy Flower"},{"floor":34.0,"key":"Dream Catcher"},{"floor":34.0,"key":"Toxic Egg 2"},{"floor":34.0,"key":"Mango"},{"floor":41.0,"key":"Art of War"},{"floor":45.0,"key":"Shuriken"},{"floor":47.0,"key":"Unceasing Top"},{"floor":48.0,"key":"Mummified Hand"},{"floor":55.0,"key":"Bottled Lightning"}],"event_choices":[{"damage_healed":0.0,"max_hp_gain":0.0,"max_hp_loss":0.0,"gold_gain":50.0,"event_name":"Golden Shrine","player_choice":"Pray","floor":5.0,"gold_loss":0.0,"damage_taken":0.0},{"damage_healed":0.0,"max_hp_gain":0.0,"max_hp_loss":0.0,"gold_gain":0.0,"event_name":"Living Wall","player_choice":"Grow","floor":12.0,"gold_loss":0.0,"damage_taken":0.0,"cards_upgraded":["Night Terror"]},{"damage_healed":13.0,"max_hp_gain":0.0,"max_hp_loss":0.0,"gold_gain":0.0,"event_name":"The Library","player_choice":"Heal","floor":19.0,"gold_loss":0.0,"damage_taken":0.0},{"damage_healed":0.0,"max_hp_gain":0.0,"max_hp_loss":20.0,"gold_gain":0.0,"event_name":"Vampires","player_choice":"Became a vampire","floor":21.0,"gold_loss":0.0,"damage_taken":0.0,"cards_obtained":["Bite","Bite","Bite","Bite","Bite"]},{"damage_healed":0.0,"max_hp_gain":0.0,"max_hp_loss":0.0,"gold_gain":0.0,"event_name":"Addict","player_choice":"Obtained Relic","floor":25.0,"gold_loss":85.0,"damage_taken":0.0,"relics_obtained":["Pear"]},{"cards_removed":["Bite"],"damage_healed":0.0,"max_hp_gain":0.0,"max_hp_loss":0.0,"gold_gain":0.0,"event_name":"Purifier","player_choice":"Purged","floor":29.0,"gold_loss":0.0,"damage_taken":0.0},{"damage_healed":0.0,"max_hp_gain":0.0,"max_hp_loss":0.0,"gold_gain":0.0,"event_name":"Match and Keep!","player_choice":"2 cards matched","floor":39.0,"gold_loss":0.0,"damage_taken":0.0,"cards_obtained":["Venomology","Backflip"]},{"damage_healed":0.0,"max_hp_gain":0.0,"max_hp_loss":0.0,"gold_gain":0.0,"event_name":"MindBloom","player_choice":"Fight","floor":47.0,"gold_loss":0.0,"damage_taken":0.0}],"is_beta":false,"boss_relics":[{"not_picked":["Black Star","WristBlade"],"picked":"SlaversCollar"},{"not_picked":["Snecko Eye","Tiny House"],"picked":"Calling Bell"}],"items_purged_floors":[8,54],"is_endless":false,"potions_floor_spawned":[4,14,18,20,22,23,31,35,36,41],"ascension_level":20}}