{"host":"s0ikvqhe10eopvjn","time":1612720439,"event":{"mods":["Act Like it!","Bard","BaseMod","Better Third Choice","Block Reminder","Colored Map","Colored Powertips","DeckTracker","Downfall","GifTheSpireLib","Halation","Hallownest","Hermit","Highlight Path","Hubris","Infinite Spire","Mad Scientist","Minty Spire (QoL Compilation)","Permanent Neow","Random Character Button","StSLib","The Blue Laboratory","The Bug Knight","The Construct","The Cursed","The Disciple","The Marked","The Necromancer","The Poker Player","The Runesmith","The Servant 0.9.4"],"gold_per_floor":[19,30,30,30,41,69,69,84,133,58,92,104,114,149,149,253,253,269,269,351,365,379,379,119,152,176,122,135,135,24,40,40,40,40],"floor_reached":33,"language":"ENG","playtime":1697,"items_purged":["Strike_B"],"score":301,"play_id":"cef19890-713e-4ac1-8af6-f7466fe9b8ab","local_time":"20210207175359","is_ascension_mode":true,"campfire_choices":[{"floor":7.0,"key":"REST"},{"floor":15.0,"key":"REST"},{"floor":23,"key":"REST"},{"floor":29,"key":"RECALL"},{"floor":32,"key":"REST"}],"circlet_count":0,"master_deck":["Strike_B","Strike_B","Strike_B","Defend_B","Defend_B","Defend_B","Zap","Dualcast","Darkness","Genetic Algorithm","Apotheosis+1","Loop","Double Energy","Redo","Core Surge","Cold Snap","Static Discharge","Conserve Battery","Echo Form","Sweeping Beam+1","Redo","Barrage","Rebound","Capacitor","Consume","Loop"],"relics":["Cracked Core","Gambling Chip","PreservedInsect","Tiny Chest","infinitespire:Satchel","hubris:Backtick","Bottled Lightning","betterThird:NestCultRelic","Question Card","hubris:MysteriousPyramids","hubris:FunFungus","halation:Pancakes"],"acts_visited":["Exordium","TheCity"],"potions_floor_usage":[22,25,31],"damage_taken":[{"damage":1.0,"enemies":"Cultist","floor":1.0,"turns":3.0},{"damage":3.0,"enemies":"Jaw Worm","floor":2.0,"turns":4.0},{"damage":13.0,"enemies":"infinitespire:Voidling","floor":5.0,"turns":3.0},{"damage":30.0,"enemies":"Gremlin Nob","floor":6.0,"turns":4.0},{"damage":9.0,"enemies":"Gremlin Gang","floor":8.0,"turns":4.0},{"damage":12.0,"enemies":"3 Sentries","floor":11.0,"turns":4.0},{"damage":8.0,"enemies":"Exordium Wildlife","floor":12.0,"turns":4.0},{"damage":0.0,"enemies":"3 Louse","floor":13.0,"turns":2.0},{"damage":10.0,"enemies":"Lagavulin","floor":14.0,"turns":4.0},{"damage":8.0,"enemies":"Hexaghost","floor":16.0,"turns":7.0},{"damage":38.0,"enemies":"2 Thieves","floor":18.0,"turns":5.0},{"damage":12.0,"enemies":"Chosen","floor":21.0,"turns":4.0},{"damage":11,"enemies":"Shelled Parasite and Fungi","floor":22,"turns":4},{"damage":17,"enemies":"Book of Stabbing","floor":25,"turns":3},{"damage":8,"enemies":"Centurion and Healer","floor":28,"turns":4},{"damage":21,"enemies":"Snake Plant","floor":31,"turns":3},{"damage":84,"enemies":"hubris:MusketHawk","floor":33,"turns":6}],"seed_played":"-1298122513872400095","potions_obtained":[{"floor":1.0,"key":"blueLaboratory:PhilterOfMotion"},{"floor":8.0,"key":"Weak Potion"},{"floor":11.0,"key":"GamblersBrew"},{"floor":12.0,"key":"DistilledChaos"},{"floor":13.0,"key":"BlessingOfTheForge"},{"floor":14.0,"key":"Swift Potion"},{"floor":25,"key":"BlessingOfTheForge"},{"floor":28,"key":"Fire Potion"},{"floor":31,"key":"blueLaboratory:PlasmaFuel"}],"is_trial":false,"path_per_floor":["M","M","?","?","M","E","R","M","T","$","E","M","M","E","R","B",null,"M","?","T","M","M","R","$","E","T","?","M","R","$","M","R","B"],"character_chosen":"DEFECT","items_purchased":["hubris:MysteriousPyramids","Capacitor","Consume"],"campfire_rested":4,"item_purchase_floors":[24,30,30],"current_hp_per_floor":[74,71,71,71,58,28,50,41,41,41,29,21,21,11,33,25,75,37,37,37,25,14,36,36,19,61,75,71,71,71,59,75,0,0],"gold":40,"neow_bonus":"ONE_RARE_RELIC","is_daily":false,"chose_seed":false,"campfire_upgraded":0,"win_rate":0.0,"timestamp":1612720439,"path_taken":["M","M","?","?","M","E","R","M","T","$","E","?","?","E","R","BOSS","M","?","?","M","M","R","$","E","T","?","M","R","$","M","R","BOSS"],"items_purchased_type":["Relic","Card","Card"],"build_version":"2020-12-22","purchased_purges":1,"victory":false,"max_hp_per_floor":[75,75,75,75,75,75,75,75,75,75,75,75,75,75,75,75,75,75,75,75,75,75,75,75,75,75,75,75,75,75,75,75,75,75],"card_choices":[{"not_picked":["Undo","Cold Snap"],"picked":"Darkness","floor":1.0},{"not_picked":["Hello World","Streamline"],"picked":"Genetic Algorithm","floor":2.0},{"not_picked":["Conserve Battery","Sweeping Beam"],"picked":"Double Energy","floor":5.0},{"not_picked":["Fusion","Barrage"],"picked":"Redo","floor":6.0},{"not_picked":["Gash","Force Field","Steam"],"picked":"SKIP","floor":8.0},{"not_picked":["Sweeping Beam","Streamline"],"picked":"Core Surge","floor":11.0},{"not_picked":["Barrage","FTL"],"picked":"Cold Snap","floor":12.0},{"not_picked":["Barrage","Coolheaded"],"picked":"Static Discharge","floor":13.0},{"not_picked":["Streamline","Darkness"],"picked":"Conserve Battery","floor":14.0},{"not_picked":["Amplify","Creative AI"],"picked":"Echo Form","floor":16.0},{"not_picked":["Compile Driver+1","Coolheaded"],"picked":"Sweeping Beam+1","floor":18.0},{"not_picked":["Compile Driver","Gash","Glacier+1","FTL"],"picked":"SKIP","floor":21.0},{"not_picked":["Chaos","Steam Power+1","Recycle"],"picked":"Redo","floor":22},{"not_picked":["Glacier+1","Compile Driver+1","Beam Cell"],"picked":"Barrage","floor":25},{"not_picked":["Gash","Leap","Conserve Battery"],"picked":"Rebound","floor":28},{"not_picked":["Static Discharge","Cold Snap","Recycle"],"picked":"Loop","floor":31}],"player_experience":318271,"relics_obtained":[{"floor":6.0,"key":"PreservedInsect"},{"floor":11.0,"key":"Tiny Chest"},{"floor":14.0,"key":"infinitespire:Satchel"},{"floor":20.0,"key":"Question Card"},{"floor":25,"key":"hubris:FunFungus"},{"floor":26,"key":"halation:Pancakes"}],"event_choices":[{"damage_healed":71.0,"max_hp_gain":0.0,"max_hp_loss":75.0,"gold_gain":0.0,"event_name":"betterThird:BetterShining","player_choice":"Embrace","floor":3.0,"gold_loss":0.0,"damage_taken":0.0},{"damage_healed":0.0,"max_hp_gain":0.0,"max_hp_loss":0.0,"gold_gain":0.0,"cards_transformed":["Defend_B"],"event_name":"Transmorgrifier","player_choice":"Transformed","floor":4.0,"gold_loss":0.0,"damage_taken":0.0,"cards_obtained":["Loop"]},{"damage_healed":0.0,"max_hp_gain":0.0,"max_hp_loss":0.0,"gold_gain":0.0,"event_name":"betterThird:BetterNest","player_choice":"Madness","floor":19.0,"gold_loss":0.0,"damage_taken":0.0,"relics_obtained":["betterThird:NestCultRelic"]}],"is_beta":false,"boss_relics":[{"not_picked":["Fusion Hammer","Black Star"],"picked":"hubris:Backtick"}],"items_purged_floors":[10],"is_endless":false,"potions_floor_spawned":[1,8,11,12,13,14,25,28,31],"killed_by":"hubris:MusketHawk","ascension_level":1}}