{"host":"q93rjlrw0j2mc0ku","time":1612689868,"event":{"mods":["BaseMod","Better Altar","Better Match","Better Note","Better Sensory Stone","Better Skull","Better Third Choice","Better Vampires","BetterRewards","Bossed Relics","Colored Map","Conspire","Downfall","Evolution","Grow up Mod","Hubris","Infinite Spire","Minty Spire (QoL Compilation)","Permanent Neow","Poor People Problems","Relic Stats","Reliquary","Replay The Spire","Shade Mod","Shop Mod","StSLib","The Alterego","The Construct","The Mystic","Uncapped","Waifu the Spire"],"gold_per_floor":[114,114,114,132,152,152,152,152],"floor_reached":7,"language":"ENG","playtime":883,"items_purged":[],"score":91,"play_id":"1d6d99a9-2044-4984-b2a5-53c412fe1a9d","local_time":"20210207012428","is_ascension_mode":false,"campfire_choices":[{"data":"Shade:RavenousHorde","floor":6,"key":"SMITH"}],"circlet_count":0,"master_deck":["Shade:Strike_Shade","Shade:Strike_Shade","Shade:Strike_Shade","Shade:Strike_Shade","Shade:Defend_Shade","Shade:Defend_Shade","Shade:Defend_Shade","Shade:Defend_Shade","Shade:AnimateDead+1","Shade:CarefulCut","Shade:RavenousHorde+1","infinitespire:UltimateForm","Regret","Shade:Brains"],"relics":["Shade:YorickSkull","EVO:Axolotl","reliquary:TridentHead"],"acts_visited":["Exordium"],"potions_floor_usage":[],"damage_taken":[{"damage":0,"enemies":"conspire:RoseBush","floor":1,"turns":3},{"damage":11,"enemies":"Jaw Worm","floor":4,"turns":7},{"damage":12,"enemies":"Small Slimes","floor":5,"turns":4},{"damage":32,"enemies":"3 Sentries","floor":7,"turns":13}],"seed_played":"-1009345329273819758","potions_obtained":[{"floor":5,"key":"Fruit Juice"}],"is_trial":false,"path_per_floor":["M","?","?","M","M","R","E"],"character_chosen":"SHADE","items_purchased":[],"campfire_rested":0,"item_purchase_floors":[],"current_hp_per_floor":[85,75,85,84,82,92,60,60],"gold":152,"neow_bonus":"RANDOM_EVENT","is_daily":false,"chose_seed":false,"campfire_upgraded":1,"win_rate":0.0,"timestamp":1612689868,"path_taken":["M","?","?","?","M","R","E"],"items_purchased_type":[],"build_version":"2020-12-22","purchased_purges":0,"victory":false,"max_hp_per_floor":[85,95,105,115,125,135,135,135],"relic_stats":{"counters":[4,27],"obtain_stats":[{"reliquary:TridentHead":3,"Shade:YorickSkull":0,"EVO:Axolotl":0},{"reliquary:TridentHead":1,"Shade:YorickSkull":0,"EVO:Axolotl":0},{"reliquary:TridentHead":3,"Shade:YorickSkull":0,"EVO:Axolotl":0}]},"card_choices":[{"not_picked":["Shade:ExtraLimbs","Shade:FuneraryJewels"],"picked":"Shade:RavenousHorde","floor":1},{"not_picked":["ReplayTheSpireMod:Black Plague","infinitespire:Collect"],"picked":"infinitespire:UltimateForm","floor":2},{"not_picked":["Shade:Premonition","Shade:FleshToFlesh","Shade:AncientSpear"],"picked":"SKIP","floor":4},{"not_picked":["Shade:Trample","Shade:BoneShards"],"picked":"Shade:Brains","floor":5}],"player_experience":672248,"relics_obtained":[],"event_choices":[{"damage_healed":0,"gold_gain":0,"player_choice":"Grow","damage_taken":0,"max_hp_gain":0,"max_hp_loss":0,"event_name":"Living Wall","floor":0,"gold_loss":0,"cards_upgraded":["Shade:AnimateDead"]},{"damage_healed":0,"gold_gain":0,"player_choice":"Box","damage_taken":0,"relics_obtained":["reliquary:TridentHead"],"max_hp_gain":0,"max_hp_loss":0,"event_name":"Big Fish","floor":3,"gold_loss":0,"cards_obtained":["Regret"]}],"is_beta":false,"boss_relics":[],"items_purged_floors":[],"is_endless":false,"potions_floor_spawned":[5],"killed_by":"3 Sentries","ascension_level":0}}