{"host":"tr12w2fixbnujl15","time":1612736863,"event":{"mods":["100% Spire Juice","2.2 Compatiblity","A Penny For Your Troubles","BaseMod","Better Skull","Better Vampires","BetterRewards","CapriCore","Clockwork Mod","Colored Powertips","Evolution","Gremlin Skip","Hermit","Hubris","Infinite Spire","JesterMod","Kalas","KinomotoSakuraMod(????)","Koishi","Mad Scientist","Magitek Elite","Mathematician","Minty Spire (QoL Compilation)","Permanent Neow","Quick Restart","Reimu??????","Relic Filter","Remilia_Scarlet Moed?????·?????3.3.5","Replay The Spire","Shop Mod","StSLib","SuperFastMode","The Accelerator","The Bug Knight","The Construct","The Cursed","The Hayseed","The Hierophant","The Immortal","The Mystic","The Necromancer","The Runesmith","The Sage","The Senshi","The Servant 0.9.4","The Spell Scribe","The Vixen","TheFirefly","TheSwordswoman","TheVelvet","Transform Curses","WarShipGirlsR/????R mod","Yakumo Yukari mod","[IsaacMod]????"],"gold_per_floor":[111,121,134,9,21,21,36,47,47,47,47,47,47,72,72,200,200,226,226,80,93,73,73,73],"floor_reached":23,"language":"ENG","playtime":1180,"items_purged":[],"score":183,"play_id":"44db7ce8-92f7-4ee6-b770-9a0b27fa38cc","local_time":"20210207172743","is_ascension_mode":false,"campfire_choices":[{"floor":6,"key":"REST"},{"data":"accelerator:Inferno","floor":11,"key":"SMITH"},{"data":"accelerator:Demagnetize","floor":11,"key":"SMITH"},{"floor":13,"key":"REST"},{"data":"accelerator:Overflow","floor":15,"key":"SMITH"},{"data":"accelerator:NuclearReactor","floor":15,"key":"SMITH"}],"circlet_count":0,"master_deck":["accelerator:Strike","accelerator:Strike","accelerator:Strike","accelerator:Stream","accelerator:Stream","accelerator:Defend","accelerator:Defend","accelerator:Defend","accelerator:Defend","accelerator:Reverse","accelerator:Reverse","BettingIsNotGood","accelerator:Induction","accelerator:PerpetuumMobile","accelerator:DarkMatter","accelerator:Cooldown","accelerator:DoubleSlit","accelerator:Inferno","accelerator:Inferno+1","accelerator:Demagnetize+1","accelerator:NuclearReactor+1","accelerator:PiecingWhale","accelerator:Search","Injury","accelerator:Overflow+1","accelerator:Vacuum","accelerator:ClosedSystem","accelerator:ClosedSystem","accelerator:Relativity","accelerator:Blizzare","accelerator:Induction"],"relics":["accelerator:Cloud","EVO:Axolotl","HushsDoor","SatanicBible","Replay:Arrowhead","EdensBlessing","MerchantsRug","Guard_Bracelet","Golden Idol","SacredBark","Mythril_Glove"],"acts_visited":["Exordium","TheCity"],"potions_floor_usage":[8,18,21],"damage_taken":[{"damage":10,"enemies":"Cultist","floor":1,"turns":4},{"damage":10,"enemies":"2 Louse","floor":2,"turns":4},{"damage":13,"enemies":"Jaw Worm","floor":3,"turns":3},{"damage":35,"enemies":"Blue Slaver","floor":5,"turns":5},{"damage":9,"enemies":"Looter","floor":7,"turns":4},{"damage":0,"enemies":"Exordium Wildlife","floor":8,"turns":1},{"damage":0,"enemies":"Blue Slaver","floor":14,"turns":2},{"damage":58,"enemies":"Hexaghost","floor":16,"turns":12},{"damage":30,"enemies":"Spheric Guardian","floor":18,"turns":4},{"damage":30,"enemies":"Shell Parasite","floor":21,"turns":8},{"damage":26,"enemies":"Nightmare","floor":23,"turns":6}],"seed_played":"-4493986237443080932","potions_obtained":[{"floor":2,"key":"ZuzhouPotion:ReiMu"},{"floor":3,"key":"EssenceOfSteel"},{"floor":8,"key":"Elixir"},{"floor":14,"key":"ColorlessPotion"},{"floor":16,"key":"PanachePotion"},{"floor":18,"key":"Energy Potion"},{"floor":21,"key":"SkillPotion"}],"is_trial":false,"path_per_floor":["M","M","M","$","M","R","M","M","T","?","R","$","R","M","R","B",null,"M","?","?","M","?","NM"],"character_chosen":"THE_ACCELERATOR","items_purchased":["Replay:Arrowhead","accelerator:Induction","MerchantsRug","accelerator:PerpetuumMobile","accelerator:Inferno","accelerator:Demagnetize"],"campfire_rested":2,"item_purchase_floors":[0,0,0,0,4,4],"current_hp_per_floor":[65,63,53,53,21,43,37,40,40,40,40,40,62,65,65,15,75,48,48,48,21,21,0,0],"gold":73,"neow_bonus":"","is_daily":false,"chose_seed":false,"campfire_upgraded":4,"win_rate":0.0,"timestamp":1612736863,"path_taken":["M","?","?","$","M","R","M","M","T","?","R","?","R","M","R","BOSS","M","?","?","?","?","NM"],"items_purchased_type":["Relic","Card","Relic","Card","Card","Card"],"build_version":"2020-12-22","purchased_purges":0,"victory":false,"max_hp_per_floor":[75,75,75,75,75,75,75,75,75,75,75,75,75,75,75,75,75,75,75,75,75,75,75,75],"card_choices":[{"not_picked":[],"picked":"BettingIsNotGood","floor":0},{"not_picked":["accelerator:Acceleration","accelerator:Inferno"],"picked":"accelerator:DarkMatter","floor":1},{"not_picked":["accelerator:Knockback","accelerator:Reject"],"picked":"accelerator:Cooldown","floor":2},{"not_picked":["accelerator:Reject","accelerator:Wormhole"],"picked":"accelerator:DoubleSlit","floor":3},{"not_picked":["accelerator:Newtons3","accelerator:KnockOut"],"picked":"accelerator:NuclearReactor","floor":5},{"not_picked":["accelerator:Pull","accelerator:Blaze"],"picked":"accelerator:PiecingWhale","floor":7},{"not_picked":["accelerator:Reject","accelerator:Research"],"picked":"accelerator:Search","floor":8},{"not_picked":["accelerator:Pull","accelerator:ClosedSystem"],"picked":"accelerator:Overflow","floor":14},{"not_picked":["accelerator:Drain","accelerator:Efficiency"],"picked":"accelerator:Vacuum","floor":16},{"not_picked":["accelerator:Propulsion+1","accelerator:NuclearReactor+1"],"picked":"accelerator:ClosedSystem","floor":18},{"not_picked":["accelerator:PiecingWhale","accelerator:Cooldown"],"picked":"accelerator:ClosedSystem","floor":21},{"not_picked":[],"picked":"accelerator:Relativity","floor":22},{"not_picked":[],"picked":"accelerator:Blizzare","floor":22},{"not_picked":[],"picked":"accelerator:Induction","floor":22}],"player_experience":99078,"relics_obtained":[{"floor":9,"key":"Guard_Bracelet"}],"event_choices":[{"damage_healed":0,"gold_gain":0,"player_choice":"Take Wound","damage_taken":0,"relics_obtained":["Golden Idol"],"max_hp_gain":0,"max_hp_loss":0,"event_name":"Golden Idol","floor":10,"gold_loss":0,"cards_obtained":["Injury"]},{"damage_healed":0,"gold_gain":0,"player_choice":"Paid Gold","damage_taken":0,"relics_obtained":["Mythril_Glove"],"max_hp_gain":0,"max_hp_loss":0,"event_name":"WeMeetAgain","floor":20,"gold_loss":146}],"is_beta":false,"boss_relics":[{"not_picked":["hubris:VirtuousBlindfold","Runic Pyramid"],"picked":"SacredBark"},{"not_picked":[]}],"items_purged_floors":[],"is_endless":false,"potions_floor_spawned":[2,3,8,14,16,18,21],"killed_by":"Nightmare","ascension_level":0}}