{"host":"cwd5s03r1oaxs6mx","time":1612706463,"event":{"mods":["Act Like it!","Arknights","BaseMod","Better Third Choice","BetterRewards","CapriCore","Card Filter","Challenge The Spire","Colored Map","Custom Start","DeckTracker","Friendly Minions","Hubris","Infinite Spire","Minty Spire (QoL Compilation)","Quick Restart","Relic Stats","Shop Mod","Spicy Shops","StSLib","SuperFastMode","Waifu the Spire"],"gold_per_floor":[114,114,133,33,47,78,78,112,158,74,74,149,162,179,179,250,250,265,265,265,237,237,237,270,160,229,245,262,262,262,282,282,354,354,367,367,367,367,367,367,379,407,459,471,122,140,169,186,186,186,186,186,186,61,90,90,90],"floor_reached":56,"language":"KOR","playtime":2072,"items_purged":["Strike_G","Strike_G","Strike_G","Madness","Slice"],"score":2320,"play_id":"199913c5-f397-4f91-858e-d691f3d88377","local_time":"20210207230103","is_ascension_mode":true,"campfire_choices":[{"floor":11,"key":"REST"},{"data":"Apotheosis","floor":15,"key":"SMITH"},{"floor":23,"key":"REST"},{"floor":29,"key":"RECALL"},{"floor":32,"key":"REST"},{"floor":40,"key":"REST"},{"floor":49,"key":"REST"},{"floor":53,"key":"REST"}],"circlet_count":0,"master_deck":["AscendersBane","Defend_G","Defend_G","Defend_G","Survivor","Neutralize","Footwork","Apotheosis+1","Noxious Fumes","Adrenaline+1","Crippling Poison","Catalyst","Noxious Fumes+1","Blur","Deflect","After Image","Backflip","Deflect","Burst","Madness","infinitespire:SevenWalls","Noxious Fumes","Deflect+1","Well Laid Plans+1"],"relics":["Ring of the Snake","Snake Skull","Blood Vial","Pen Nib","Fusion Hammer","Matryoshka","hubris:GlazedTorus","Juzu Bracelet","hubris:CrystalStatue","infinitespire:Cupcake","infinitespire:BottledMercury","hubris:Reverence","infinitespire:Lucky Rock","Frozen Egg 2","Bronze Scales","The Specimen"],"acts_visited":["Exordium","TheCity","TheBeyond","TheEnding"],"potions_floor_usage":[41,56,56],"damage_taken":[{"damage":0,"enemies":"Cultist","floor":1,"turns":4},{"damage":0,"enemies":"Small Slimes","floor":3,"turns":4},{"damage":2,"enemies":"Jaw Worm","floor":5,"turns":5},{"damage":15,"enemies":"Lagavulin","floor":6,"turns":7},{"damage":36,"enemies":"Gremlin Nob","floor":8,"turns":5},{"damage":9,"enemies":"Blue Slaver","floor":13,"turns":5},{"damage":1,"enemies":"Lots of Slimes","floor":14,"turns":2},{"damage":0,"enemies":"The Guardian","floor":16,"turns":8},{"damage":15,"enemies":"Chosen","floor":18,"turns":5},{"damage":16,"enemies":"2 Thieves","floor":21,"turns":4},{"damage":37,"enemies":"Gremlin Leader","floor":24,"turns":6},{"damage":0,"enemies":"Snake Plant","floor":27,"turns":5},{"damage":2,"enemies":"Shelled Parasite and Fungi","floor":28,"turns":4},{"damage":0,"enemies":"3 Cultists","floor":31,"turns":4},{"damage":24,"enemies":"hubris:MusketHawk","floor":33,"turns":9},{"damage":0,"enemies":"3 Darklings","floor":35,"turns":5},{"damage":1,"enemies":"3 Shapes","floor":41,"turns":4},{"damage":0,"enemies":"Nemesis","floor":42,"turns":7},{"damage":0,"enemies":"3 Darklings","floor":44,"turns":4},{"damage":13,"enemies":"Maw","floor":46,"turns":6},{"damage":6,"enemies":"Nightmare","floor":47,"turns":5},{"damage":0,"enemies":"Writhing Mass","floor":48,"turns":5},{"damage":33,"enemies":"Time Eater","floor":50,"turns":7},{"damage":0,"enemies":"hubris:GrandSnecko","floor":51,"turns":6},{"damage":56,"enemies":"Shield and Spear","floor":55,"turns":7},{"damage":13,"enemies":"The Heart","floor":56,"turns":3}],"seed_played":"-6413824999232167510","potions_obtained":[{"floor":5,"key":"Poison Potion"},{"floor":8,"key":"SteroidPotion"},{"floor":16,"key":"infinitespire:BlackPotion"},{"floor":31,"key":"SteroidPotion"},{"floor":35,"key":"Explosive Potion"},{"floor":47,"key":"Ancient Potion"},{"floor":48,"key":"GhostInAJar"}],"is_trial":false,"path_per_floor":["M","?","M","$","M","E","?","E","T","$","R","?","M","M","R","B",null,"M","?","AVR","M","?","R","E","?","T","M","M","R","?","M","R","B",null,"M","?","AVR","?","T","R","M","E","T","M","$","M","NM","M","R","B","B",null,"R","$","E","B"],"character_chosen":"THE_SILENT","items_purchased":["Footwork","Apotheosis","Noxious Fumes","Adrenaline","Snake Skull","Noxious Fumes","Frozen Egg 2","Well Laid Plans+1"],"campfire_rested":6,"item_purchase_floors":[0,0,0,0,0,10,45,45],"current_hp_per_floor":[59,59,59,59,57,42,42,8,8,8,27,16,9,10,10,12,53,40,40,40,26,26,45,10,10,10,12,12,12,12,14,33,11,52,54,42,42,26,26,45,46,48,48,50,50,39,35,37,56,25,27,56,66,66,10,0,0],"gold":90,"neow_bonus":"","is_daily":false,"chose_seed":false,"campfire_upgraded":1,"win_rate":0.0,"timestamp":1612706463,"path_taken":["M","?","M","$","M","E","?","E","T","$","R","?","M","M","R","BOSS","M","?","AVR","?","?","R","E","?","T","M","M","R","?","M","R","BOSS","M","?","AVR","?","?","R","M","E","T","M","$","M","NM","M","R","BOSS","BOSS","R","$","E","BOSS"],"items_purchased_type":["Card","Card","Card","Card","Relic","Card","Relic","Card"],"build_version":"2020-12-22","purchased_purges":5,"victory":false,"max_hp_per_floor":[66,66,66,66,66,66,66,66,66,66,66,66,66,66,66,66,66,66,66,66,66,66,66,66,66,66,66,66,66,66,66,66,66,66,66,66,66,66,66,66,66,66,66,66,66,66,66,66,66,66,66,66,66,66,66,66,66],"relic_stats":{"Blood Vial":42,"counters":[106,527],"Bronze Scales":[141],"Snake Skull":[208],"Pen Nib":[8],"Juzu Bracelet":1,"obtain_stats":[{"infinitespire:BottledMercury":39,"hubris:CrystalStatue":5,"Vajra":0,"Whetstone":10,"Sling":0,"Sozu":34,"Blood Vial":6,"Centennial Puzzle":10,"Strawberry":27,"infinitespire:Golems Mask":43,"Fusion Hammer":17,"Astrolabe":12,"Oddly Smooth Stone":0,"Eternal Feather":43,"infinitespire:Beetle Shell":15,"Pen Nib":8,"War Paint":55,"WarpedTongs":8,"Shuriken":18,"Bronze Scales":42,"hubris:PeanutButter":0,"Black Star":0,"hubris:ToyBattleship":4,"infinitespire:EmpoweringShard":28,"StrikeDummy":19,"Pocketwatch":9,"Meat on the Bone":10,"infinitespire:Cupcake":17,"hubris:Reverence":39,"Regal Pillow":18,"Mango":0,"Snake Skull":0,"Incense Burner":13,"Juzu Bracelet":7,"Bag of Preparation":23,"Ancient Tea Set":17,"Burning Blood":0,"Nunchaku":16,"Dream Catcher":13,"hubris:Icosahedron":3,"Matryoshka":19,"Mummified Hand":11,"infinitespire:Bottled Soul":44,"Ninja Scroll":0,"Gambling Chip":34,"hubris:ScarierMask":17,"hubris:IronBody":41,"Red Mask":19,"Chemical X":1,"Runic Pyramid":6,"Paper Frog":0,"Ring of the Snake":0,"hubris:GlazedTorus":24,"Potion Belt":16,"hubris:DisguiseKit":9,"Lee\u0027s Waffle":21,"The Specimen":55,"PreservedInsect":0,"infinitespire:FocusingShard":9,"Omamori":13,"infinitespire:CheckeredPen":11,"infinitespire:Lucky Rock":11,"Frozen Egg 2":15,"hubris:Towel":30,"Medical Kit":21,"Calling Bell":34,"infinitespire:WardingShard":11,"hubris:Spice":17,"infinitespire:Satchel":3,"Turnip":1,"Bag of Marbles":4,"Champion Belt":5,"Toy Ornithopter":3,"TungstenRod":4,"hubris:BottledRain":34},{"infinitespire:BottledMercury":96,"hubris:CrystalStatue":3,"Vajra":10,"Whetstone":5,"Sling":0,"Sozu":64,"Blood Vial":84,"Centennial Puzzle":52,"Strawberry":60,"infinitespire:Golems Mask":68,"Fusion Hammer":88,"Astrolabe":6,"Oddly Smooth Stone":10,"Eternal Feather":42,"infinitespire:Beetle Shell":7,"Pen Nib":85,"War Paint":72,"WarpedTongs":24,"Shuriken":10,"Bronze Scales":68,"hubris:PeanutButter":20,"Black Star":0,"hubris:ToyBattleship":2,"infinitespire:EmpoweringShard":36,"StrikeDummy":31,"Pocketwatch":4,"Meat on the Bone":5,"infinitespire:Cupcake":30,"hubris:Reverence":96,"Regal Pillow":10,"Mango":20,"Snake Skull":80,"Incense Burner":6,"Juzu Bracelet":24,"Bag of Preparation":33,"Ancient Tea Set":9,"Burning Blood":0,"Nunchaku":8,"Dream Catcher":18,"hubris:Icosahedron":22,"Matryoshka":89,"Mummified Hand":6,"infinitespire:Bottled Soul":68,"Ninja Scroll":73,"Gambling Chip":38,"hubris:ScarierMask":55,"hubris:IronBody":42,"Red Mask":57,"Chemical X":0,"Runic Pyramid":3,"Paper Frog":20,"Ring of the Snake":0,"hubris:GlazedTorus":91,"Potion Belt":8,"hubris:DisguiseKit":15,"Lee\u0027s Waffle":58,"The Specimen":105,"PreservedInsect":0,"infinitespire:FocusingShard":77,"Omamori":28,"infinitespire:CheckeredPen":26,"infinitespire:Lucky Rock":78,"Frozen Egg 2":7,"hubris:Towel":62,"Medical Kit":58,"Calling Bell":38,"infinitespire:WardingShard":6,"hubris:Spice":9,"infinitespire:Satchel":1,"Turnip":0,"Bag of Marbles":2,"Champion Belt":3,"Toy Ornithopter":1,"TungstenRod":22,"hubris:BottledRain":38},{"infinitespire:BottledMercury":473,"hubris:CrystalStatue":8,"Vajra":35,"Whetstone":12,"Sling":0,"Sozu":305,"Blood Vial":411,"Centennial Puzzle":232,"Strawberry":280,"infinitespire:Golems Mask":328,"Fusion Hammer":431,"Astrolabe":15,"Oddly Smooth Stone":35,"Eternal Feather":174,"infinitespire:Beetle Shell":18,"Pen Nib":416,"War Paint":349,"WarpedTongs":89,"Shuriken":35,"Bronze Scales":328,"hubris:PeanutButter":76,"Black Star":0,"hubris:ToyBattleship":6,"infinitespire:EmpoweringShard":149,"StrikeDummy":131,"Pocketwatch":11,"Meat on the Bone":12,"infinitespire:Cupcake":126,"hubris:Reverence":473,"Regal Pillow":35,"Mango":76,"Snake Skull":391,"Incense Burner":15,"Juzu Bracelet":89,"Bag of Preparation":139,"Ancient Tea Set":30,"Burning Blood":0,"Nunchaku":25,"Dream Catcher":67,"hubris:Icosahedron":82,"Matryoshka":436,"Mummified Hand":15,"infinitespire:Bottled Soul":328,"Ninja Scroll":359,"Gambling Chip":159,"hubris:ScarierMask":255,"hubris:IronBody":174,"Red Mask":266,"Chemical X":0,"Runic Pyramid":8,"Paper Frog":76,"Ring of the Snake":0,"hubris:GlazedTorus":446,"Potion Belt":25,"hubris:DisguiseKit":58,"Lee\u0027s Waffle":269,"The Specimen":524,"PreservedInsect":0,"infinitespire:FocusingShard":375,"Omamori":112,"infinitespire:CheckeredPen":99,"infinitespire:Lucky Rock":383,"Frozen Egg 2":18,"hubris:Towel":293,"Medical Kit":269,"Calling Bell":159,"infinitespire:WardingShard":15,"hubris:Spice":30,"infinitespire:Satchel":4,"Turnip":0,"Bag of Marbles":6,"Champion Belt":8,"Toy Ornithopter":4,"TungstenRod":82,"hubris:BottledRain":159}],"Ring of the Snake":[66]},"card_choices":[{"not_picked":["Dagger Throw","Endless Agony","Slice"],"picked":"SKIP","floor":1},{"not_picked":["Quick Slash","Bane","Dash"],"picked":"SKIP","floor":3},{"not_picked":["Cloak And Dagger","Dagger Throw"],"picked":"Crippling Poison","floor":5},{"not_picked":["Acrobatics","Slice","Flying Knee"],"picked":"SKIP","floor":6},{"not_picked":["Flying Knee","Deflect"],"picked":"Catalyst","floor":8},{"not_picked":["Wraith Form v2","Footwork"],"picked":"Blur","floor":13},{"not_picked":["Dagger Throw","Dagger Spray"],"picked":"Deflect","floor":14},{"not_picked":["Phantasmal Killer","Glass Knife"],"picked":"After Image","floor":16},{"not_picked":["Dagger Throw","Dodge and Roll","Quick Slash"],"picked":"SKIP","floor":18},{"not_picked":["Setup","Outmaneuver","Acrobatics+1"],"picked":"SKIP","floor":21},{"not_picked":["Die Die Die","Outmaneuver"],"picked":"Backflip","floor":24},{"not_picked":["Eviscerate","All Out Attack","Flying Knee"],"picked":"SKIP","floor":27},{"not_picked":["Underhanded Strike","Skewer"],"picked":"Deflect","floor":28},{"not_picked":["Eviscerate","Unload","Slice+1"],"picked":"SKIP","floor":31},{"not_picked":["Die Die Die","Bullet Time"],"picked":"Burst","floor":33},{"not_picked":["Poisoned Stab","Blade Dance","Prepared"],"picked":"SKIP","floor":35},{"not_picked":["Poisoned Stab","Blade Dance","Prepared"],"picked":"SKIP","floor":35},{"not_picked":["infinitespire:Punishment","infinitespire:FinalStrike"],"picked":"infinitespire:SevenWalls","floor":38},{"not_picked":["Prepared","Deflect","Sucker Punch"],"picked":"SKIP","floor":41},{"not_picked":["Masterful Stab","Tools of the Trade"],"picked":"Noxious Fumes","floor":42},{"not_picked":["Bane","Leg Sweep+1"],"picked":"Deflect+1","floor":44},{"not_picked":["Poisoned Stab","Cloak And Dagger","Backflip"],"picked":"SKIP","floor":46},{"not_picked":["Cloak And Dagger+1","Backflip","infinitespire:Neurotoxin"],"picked":"SKIP","floor":47},{"not_picked":["Dodge and Roll","Blade Dance+1","Slice"],"picked":"SKIP","floor":48},{"not_picked":["Blade Dance","Expertise","Die Die Die"],"picked":"SKIP","floor":55}],"player_experience":1000314,"relics_obtained":[{"floor":6,"key":"Blood Vial"},{"floor":8,"key":"Pen Nib"},{"floor":24,"key":"hubris:GlazedTorus"},{"floor":26,"key":"Juzu Bracelet"},{"floor":26,"key":"hubris:CrystalStatue"},{"floor":39,"key":"infinitespire:BottledMercury"},{"floor":39,"key":"hubris:Reverence"},{"floor":43,"key":"infinitespire:Lucky Rock"},{"floor":47,"key":"Bronze Scales"},{"floor":55,"key":"The Specimen"}],"event_choices":[{"cards_removed":["Strike_G"],"damage_healed":0,"gold_gain":0,"player_choice":"Forget","damage_taken":0,"max_hp_gain":0,"max_hp_loss":0,"event_name":"Living Wall","floor":7,"gold_loss":0},{"damage_healed":0,"gold_gain":75,"player_choice":"Gold","damage_taken":11,"max_hp_gain":0,"max_hp_loss":0,"event_name":"betterThird:BetterGoop","floor":12,"gold_loss":0},{"damage_healed":0,"gold_gain":0,"player_choice":"Gave Potion","damage_taken":0,"relics_obtained":["Matryoshka"],"max_hp_gain":0,"max_hp_loss":0,"event_name":"WeMeetAgain","floor":19,"gold_loss":0},{"cards_removed":["Defend_G"],"damage_healed":0,"gold_gain":0,"player_choice":"Upgrade and Remove","damage_taken":0,"max_hp_gain":0,"max_hp_loss":0,"event_name":"Designer","floor":25,"gold_loss":110,"cards_upgraded":["Noxious Fumes"]},{"damage_healed":0,"gold_gain":0,"cards_transformed":["Defend_G"],"player_choice":"Transformed","damage_taken":0,"max_hp_gain":0,"max_hp_loss":0,"event_name":"Transmorgrifier","floor":30,"gold_loss":0,"cards_obtained":["Slice"]},{"damage_healed":0,"gold_gain":0,"player_choice":"Embrace Madness","damage_taken":12,"max_hp_gain":0,"max_hp_loss":0,"event_name":"Winding Halls","floor":36,"gold_loss":0,"cards_obtained":["Madness","Madness"]}],"is_beta":false,"boss_relics":[{"not_picked":["hubris:Stopwatch","hubris:VirtuousBlindfold"],"picked":"Fusion Hammer"},{"not_picked":["hubris:CrackedHourglass","Pandora\u0027s Box"],"picked":"infinitespire:Cupcake"}],"items_purged_floors":[0,4,20,37,54],"is_endless":false,"potions_floor_spawned":[5,8,13,16,18,31,33,35,42,47,48],"killed_by":"The Heart","ascension_level":20}}