{"host":"yqw1zpryoutrnocq","time":1612729962,"event":{"mods":["2.2 Compatiblity","AchievementEnabler","BaseMod","Colored Map","Custom Start","DeckTracker","Minty Spire (QoL Compilation)","StSLib","SuperFastMode"],"gold_per_floor":[109,127,138,152,169,197,197,223,223,238,118,118,133,145,145,145,145],"floor_reached":16,"language":"KOR","playtime":389,"items_purged":["Strike_R"],"score":168,"play_id":"12092382-c7f2-4b79-b33b-933bf532d77f","local_time":"20210207143242","is_ascension_mode":true,"campfire_choices":[{"data":"Sever Soul","floor":7.0,"key":"SMITH"},{"data":"True Grit","floor":12.0,"key":"SMITH"},{"data":"Barricade","floor":15.0,"key":"SMITH"}],"circlet_count":0,"master_deck":["Strike_R","Strike_R","Strike_R","Strike_R","Defend_R","Defend_R","Defend_R","Defend_R","Bash","Body Slam","Sever Soul+1","Thunderclap","Barricade+1","Battle Trance","Warcry","Second Wind","True Grit+1","Flame Barrier"],"relics":["Burning Blood","Calipers","Bag of Preparation","Nunchaku","Red Skull"],"acts_visited":["Exordium"],"potions_floor_usage":[],"damage_taken":[{"damage":6.0,"enemies":"Cultist","floor":1.0,"turns":3.0},{"damage":12.0,"enemies":"Jaw Worm","floor":2.0,"turns":3.0},{"damage":10.0,"enemies":"2 Louse","floor":3.0,"turns":2.0},{"damage":12.0,"enemies":"2 Fungi Beasts","floor":4.0,"turns":4.0},{"damage":0.0,"enemies":"Large Slime","floor":5.0,"turns":5.0},{"damage":30.0,"enemies":"3 Sentries","floor":6.0,"turns":7.0},{"damage":25.0,"enemies":"Lagavulin","floor":8.0,"turns":8.0},{"damage":3.0,"enemies":"Blue Slaver","floor":10.0,"turns":3.0},{"damage":6.0,"enemies":"Exordium Wildlife","floor":13.0,"turns":2.0},{"damage":0.0,"enemies":"2 Fungi Beasts","floor":14.0,"turns":3.0},{"damage":29,"enemies":"Hexaghost","floor":16,"turns":9}],"seed_played":"4679141081736577975","potions_obtained":[{"floor":3.0,"key":"DistilledChaos"},{"floor":4.0,"key":"AttackPotion"},{"floor":6.0,"key":"Weak Potion"},{"floor":8.0,"key":"Explosive Potion"}],"is_trial":false,"path_per_floor":["M","M","M","M","M","E","R","E","T","M","$","R","M","M","R","B"],"character_chosen":"IRONCLAD","items_purchased":["True Grit"],"campfire_rested":0,"item_purchase_floors":[11],"current_hp_per_floor":[72,66,62,56,62,38,38,19,19,22,22,22,22,28,28,0,0],"gold":145,"neow_bonus":"ONE_RARE_RELIC","is_daily":false,"chose_seed":false,"campfire_upgraded":3,"win_rate":0.0,"timestamp":1612729962,"path_taken":["M","?","M","M","M","E","R","E","T","M","$","R","M","M","R","BOSS"],"items_purchased_type":["Card"],"build_version":"2020-12-22","purchased_purges":1,"victory":false,"max_hp_per_floor":[72,72,72,72,72,72,72,72,72,72,72,72,72,72,72,72,72],"card_choices":[{"not_picked":["Power Through","Shrug It Off"],"picked":"Body Slam","floor":1.0},{"not_picked":["Pommel Strike","Rage"],"picked":"Sever Soul","floor":2.0},{"not_picked":["Clothesline","Headbutt"],"picked":"Thunderclap","floor":3.0},{"not_picked":["Cleave","Dropkick"],"picked":"Barricade","floor":4.0},{"not_picked":["Cleave","Spot Weakness"],"picked":"Battle Trance","floor":5.0},{"not_picked":["Berserk","Perfected Strike"],"picked":"Warcry","floor":6.0},{"not_picked":["Body Slam","Sever Soul"],"picked":"Second Wind","floor":8.0},{"not_picked":["Rupture","Heavy Blade","Reckless Charge"],"picked":"SKIP","floor":10.0},{"not_picked":["Anger","Clothesline"],"picked":"Flame Barrier","floor":13.0},{"not_picked":["Whirlwind","Infernal Blade","Inflame"],"picked":"SKIP","floor":14.0}],"player_experience":318831,"relics_obtained":[{"floor":6.0,"key":"Bag of Preparation"},{"floor":8.0,"key":"Nunchaku"},{"floor":9.0,"key":"Red Skull"}],"event_choices":[],"is_beta":false,"boss_relics":[],"items_purged_floors":[11],"is_endless":false,"potions_floor_spawned":[3,4,6,8],"killed_by":"Hexaghost","ascension_level":9}}