{"host":"2zjdcgw4be5n15ja","time":1612729571,"event":{"mods":["AchievementEnabler","BaseMod","Better Skull","Better Third Choice","BetterRewards","Block Reminder","Colored Powertips","Hermit","Marisa????????","Marked Mod","Minty Spire (QoL Compilation)","Poor People Problems","Quick Restart","Rare Cards Sparkle","Reimu??????","Relic Stats","Reliquary","StSLib","The Runesmith","The Senshi"],"gold_per_floor":[117,117,1,14,14,14,14,14,14,27,38,38,38],"floor_reached":12,"language":"ENG","playtime":661,"items_purged":[],"score":68,"play_id":"beb19d56-8f53-4653-b76d-98883145d195","local_time":"20210208092611","is_ascension_mode":false,"campfire_choices":[{"floor":6,"key":"RECALL"},{"data":"MarkedMod:GracefulMovements","floor":8,"key":"SMITH"}],"circlet_count":0,"master_deck":["Strike_P","Strike_P","Strike_P","Strike_P","Defend_P","Defend_P","Defend_P","Defend_P","Eruption","Vigilance","Blasphemy","MarkedMod:GracefulMovements+1","MarkedMod:OneThousandNeedles","EmptyFist","Burn","Adaptation","MarkedMod:Acupuncture"],"relics":["PureWater"],"acts_visited":["Exordium"],"potions_floor_usage":[7,12],"damage_taken":[{"damage":7,"enemies":"2 Louse","floor":1,"turns":2},{"damage":4,"enemies":"Cultist","floor":4,"turns":5},{"damage":0,"enemies":"Small Slimes","floor":10,"turns":2},{"damage":13,"enemies":"2 Fungi Beasts","floor":11,"turns":5},{"damage":61,"enemies":"Gremlin Nob","floor":12,"turns":5}],"seed_played":"-4273041578937082056","potions_obtained":[{"floor":1,"key":"ZuzhouPotion:ReiMu"},{"floor":7,"key":"Fruit Juice"},{"floor":7,"key":"StancePotion"},{"floor":7,"key":"Fire Potion"}],"is_trial":false,"path_per_floor":["M","?","$","M","?","R","?","R","T","M","M","E"],"character_chosen":"WATCHER","items_purchased":["MarkedMod:GracefulMovements","MarkedMod:OneThousandNeedles"],"campfire_rested":0,"item_purchase_floors":[3,3],"current_hp_per_floor":[72,72,72,68,68,68,73,73,73,73,60,0,0],"gold":38,"neow_bonus":"TEN_PERCENT_HP_BONUS","is_daily":false,"chose_seed":false,"campfire_upgraded":1,"win_rate":0.0,"timestamp":1612729571,"path_taken":["M","?","$","?","?","R","?","R","T","M","?","E"],"items_purchased_type":["Card","Card"],"build_version":"2020-12-22","purchased_purges":0,"victory":false,"max_hp_per_floor":[79,79,79,79,79,79,84,84,84,84,84,84,84],"relic_stats":{"counters":[5,19],"obtain_stats":[{"PureWater":0},{"PureWater":0},{"PureWater":0}]},"card_choices":[{"not_picked":["EmptyBody","Halt"],"picked":"MarkedMod:GracefulMovements","floor":1},{"not_picked":["BowlingBash","Protect"],"picked":"EmptyFist","floor":4},{"not_picked":["Meditate","FlurryOfBlows"],"picked":"Adaptation","floor":10},{"not_picked":["FlurryOfBlows","BattleHymn"],"picked":"MarkedMod:Acupuncture","floor":11}],"player_experience":417603,"relics_obtained":[],"event_choices":[{"cards_removed":["MarkedMod:GracefulMovements"],"damage_healed":0,"gold_gain":0,"player_choice":"Took Card","damage_taken":0,"max_hp_gain":0,"max_hp_loss":0,"event_name":"NoteForYourself","floor":2,"gold_loss":0,"cards_obtained":["Blasphemy"]},{"damage_healed":68,"gold_gain":0,"player_choice":"Embrace Burn","damage_taken":0,"max_hp_gain":0,"max_hp_loss":79,"event_name":"betterThird:BetterShining","floor":5,"gold_loss":0},{"damage_healed":0,"gold_gain":0,"player_choice":"Got Potions","damage_taken":0,"max_hp_gain":0,"max_hp_loss":0,"event_name":"Lab","floor":7,"gold_loss":0}],"is_beta":false,"boss_relics":[],"items_purged_floors":[],"is_endless":false,"potions_floor_spawned":[1],"killed_by":"Gremlin Nob","ascension_level":0}}