{"host":"kkheweh6jrpo3b02","time":1612662918,"event":{"mods":["AchievementEnabler","BaseMod","Colored Map","Googly Eyes","Jorbs\u0027s Wanderer Trilogy","Minty Spire (QoL Compilation)","Quick Restart","Replay The Spire","StSLib","SuperFastMode","The Construct","The Runesmith"],"gold_per_floor":[117,117,132,152,172,201,201,236,236,236,251,251,251,264,264,368,368,386,403,403,403,177,211,211,242,295,295,295],"floor_reached":27,"language":"ENG","playtime":4430,"items_purged":["Runesmith:Strike_RS"],"score":286,"play_id":"27252f17-fbed-4170-b99d-9750c530b77c","local_time":"20210206205518","is_ascension_mode":false,"campfire_choices":[{"data":"Runesmith:LithiumIon","floor":7,"key":"SMITH"},{"data":"Runesmith:DoubleUp","floor":10,"key":"SMITH"},{"data":"Runesmith:HammerThrow","floor":15,"key":"SMITH"},{"data":"Runesmith:UnlimitedPower","floor":24,"key":"SMITH"}],"circlet_count":0,"master_deck":["Runesmith:Strike_RS+1","Runesmith:Strike_RS+1","Runesmith:Strike_RS","Runesmith:Defend_RS","Runesmith:Defend_RS","Runesmith:Defend_RS","Runesmith:Defend_RS","Runesmith:CraftFirestone","Runesmith:Fortify","Runesmith:BackupBattery","Runesmith:CraftMagma","Runesmith:HammerThrow+1","Runesmith:LithiumIon+1","Runesmith:DoubleUp+1","Runesmith:CraftIncendium","Runesmith:CraftIncendium","Hallucinations","Runesmith:UnlimitedPower+1","AbeCurse","Runesmith:CraftProtectio+1","Runesmith:CraftObretio","Runesmith:Grindstone+1"],"relics":["Runesmith:BrokenRuby","Replay:Wax Seal","Tiny Chest","Whetstone","ReplayTheSpireMod:Ring of Addiction","Chameleon Ring","Potion Belt","Replay:Grab Bag","Abe\u0027s Treasure","Philosopher\u0027s Stone","construct:WeddingRing","Centennial Puzzle","ClockworkSouvenir","Molten Egg 2","construct:RocketBooster","ReplayTheSpireMod:Lightbulb"],"acts_visited":["Exordium","TheCity"],"potions_floor_usage":[8,16,18,23,25],"damage_taken":[{"damage":0,"enemies":"Small Slimes","floor":1,"turns":5},{"damage":4,"enemies":"Cultist","floor":3,"turns":4},{"damage":3,"enemies":"Jaw Worm","floor":4,"turns":3},{"damage":3,"enemies":"Looter","floor":5,"turns":4},{"damage":10,"enemies":"3 Sentries","floor":6,"turns":6},{"damage":0,"enemies":"Gremlin Nob","floor":8,"turns":3},{"damage":0,"enemies":"Red Slaver","floor":11,"turns":4},{"damage":5,"enemies":"Exordium Wildlife","floor":14,"turns":4},{"damage":12,"enemies":"The Guardian","floor":16,"turns":8},{"damage":15,"enemies":"Shell Parasite","floor":18,"turns":4},{"damage":0,"enemies":"Chosen","floor":19,"turns":4},{"damage":21,"enemies":"Gremlin Leader","floor":23,"turns":7},{"damage":13,"enemies":"Slavers","floor":25,"turns":3}],"seed_played":"-65863357817526032","potions_obtained":[{"floor":4,"key":"BlessingOfTheForge"},{"floor":5,"key":"Energy Potion"},{"floor":11,"key":"Strength Potion"},{"floor":12,"key":"AttackPotion"},{"floor":12,"key":"SpeedPotion"},{"floor":12,"key":"PowerPotion"},{"floor":16,"key":"EntropicBrew"},{"floor":19,"key":"Milkshake"}],"is_trial":false,"path_per_floor":["M","?","M","M","M","E","R","E","T","R","M","?","?","M","R","B",null,"M","M","T","?","$","E","R","E","T","?"],"character_chosen":"RUNESMITH_CLASS","items_purchased":["ClockworkSouvenir"],"campfire_rested":0,"item_purchase_floors":[22],"current_hp_per_floor":[70,70,66,63,60,50,50,50,50,50,50,50,50,45,45,33,68,53,53,53,41,41,20,20,7,7,0,0],"gold":295,"neow_bonus":"THREE_CARDS","is_daily":false,"chose_seed":false,"campfire_upgraded":4,"win_rate":0.0,"timestamp":1612662918,"path_taken":["M","?","M","?","M","E","R","E","T","R","M","?","?","?","R","BOSS","M","M","?","?","?","E","R","E","T","?"],"items_purchased_type":["Relic"],"build_version":"2020-12-22","purchased_purges":1,"victory":false,"max_hp_per_floor":[70,70,70,70,70,70,70,70,70,70,70,70,70,70,70,68,68,68,68,68,73,71,71,71,71,71,71,71],"card_choices":[{"not_picked":["Runesmith:HammerThrow","Runesmith:HeatExchange"],"picked":"Runesmith:BackupBattery","floor":0},{"not_picked":["Runesmith:FrozenChisel","Runesmith:HeatExchange"],"picked":"Runesmith:CraftMagma","floor":1},{"not_picked":["Runesmith:HeatExchange","Runesmith:StaticCage"],"picked":"Runesmith:HammerThrow","floor":3},{"not_picked":["Runesmith:StaticCage","Runesmith:Firewall"],"picked":"Runesmith:LithiumIon","floor":4},{"not_picked":["Runesmith:UnstableHammer","Runesmith:ShiftingStrike"],"picked":"Runesmith:DoubleUp","floor":5},{"not_picked":["Runesmith:DoubleUp","Runesmith:LastStand"],"picked":"Runesmith:CraftIncendium","floor":6},{"not_picked":["Runesmith:UnstableHammer","Runesmith:Overpower"],"picked":"Runesmith:CraftIncendium","floor":8},{"not_picked":["Runesmith:ShiftingStrike","Runesmith:ChiselStab","Runesmith:ArcReactor"],"picked":"SKIP","floor":11},{"not_picked":["Runesmith:ChargedHammer","Runesmith:HeatExchange","Runesmith:UnstableHammer"],"picked":"SKIP","floor":14},{"not_picked":["Runesmith:GenerateForcefield","Runesmith:Duplicate"],"picked":"Runesmith:UnlimitedPower","floor":16},{"not_picked":["Runesmith:BackupBattery","Runesmith:MakeshiftArmor","Runesmith:Retool"],"picked":"SKIP","floor":18},{"not_picked":["Runesmith:HammerThrow","Runesmith:EarthShield"],"picked":"Runesmith:CraftProtectio+1","floor":19},{"not_picked":["Runesmith:LightningRod","Runesmith:ChiselStab+1"],"picked":"Runesmith:CraftObretio","floor":23},{"not_picked":["Runesmith:MakeshiftArmor+1","Runesmith:Prism"],"picked":"Runesmith:Grindstone+1","floor":25}],"player_experience":500178,"relics_obtained":[{"floor":6,"key":"Replay:Wax Seal"},{"floor":8,"key":"Tiny Chest"},{"floor":9,"key":"Whetstone"},{"floor":12,"key":"ReplayTheSpireMod:Ring of Addiction"},{"floor":12,"key":"Chameleon Ring"},{"floor":12,"key":"Potion Belt"},{"floor":20,"key":"Centennial Puzzle"},{"floor":23,"key":"Molten Egg 2"},{"floor":25,"key":"construct:RocketBooster"},{"floor":26,"key":"ReplayTheSpireMod:Lightbulb"}],"event_choices":[{"damage_healed":0,"gold_gain":0,"player_choice":"Ignored","damage_taken":0,"max_hp_gain":0,"max_hp_loss":0,"event_name":"NoteForYourself","floor":2,"gold_loss":0},{"damage_healed":0,"gold_gain":0,"player_choice":"Bought 0 Potions","damage_taken":0,"max_hp_gain":0,"max_hp_loss":0,"event_name":"The Woman in Blue","floor":13,"gold_loss":0},{"damage_healed":0,"gold_gain":0,"player_choice":"Shed Blood","damage_taken":17,"max_hp_gain":5,"max_hp_loss":0,"event_name":"Forgotten Altar","floor":21,"gold_loss":0}],"is_beta":false,"boss_relics":[{"not_picked":["Cursed Key","Sozu"],"picked":"Replay:Grab Bag"},{"not_picked":["Painkiller Herb","ReplayTheSpireMod:Onyx Gauntlets"],"picked":"Abe\u0027s Treasure"},{"not_picked":["Busted Crown","Runic Dome"],"picked":"Philosopher\u0027s Stone"},{"not_picked":["Black Star","Runesmith:PocketReactor"],"picked":"construct:WeddingRing"}],"items_purged_floors":[22],"is_endless":false,"potions_floor_spawned":[4,5,11,16,19],"ascension_level":0}}