{"host":"fzjk61lpi4bwj033","time":1612722518,"event":{"mods":["BaseMod","Hermit","Jorbs\u0027s Wanderer Trilogy","Minty Spire (QoL Compilation)","Rare Cards Sparkle","Relic Stats","StSLib"],"gold_per_floor":[114,159,175,187,202,202,219,219,219],"floor_reached":8,"language":"ENG","playtime":249,"items_purged":[],"score":100,"play_id":"bb0bd915-5244-4723-8dd1-61d72f0f119c","local_time":"20210207122838","is_ascension_mode":true,"campfire_choices":[{"data":"Inflame","floor":6,"key":"SMITH"}],"circlet_count":0,"master_deck":["AscendersBane","Strike_R","Strike_R","Strike_R","Strike_R","Strike_R","Defend_R","Defend_R","Defend_R","Defend_R","Bash","Inflame+1","Sword Boomerang","Shrug It Off","Limit Break","Clothesline"],"relics":["Burning Blood","StoneCalendar","Art of War"],"acts_visited":["Exordium"],"potions_floor_usage":[7,8],"damage_taken":[{"damage":6,"enemies":"Cultist","floor":1,"turns":3},{"damage":12,"enemies":"Small Slimes","floor":3,"turns":4},{"damage":4,"enemies":"Jaw Worm","floor":4,"turns":3},{"damage":25,"enemies":"Large Slime","floor":5,"turns":7},{"damage":10,"enemies":"Red Slaver","floor":7,"turns":4},{"damage":48,"enemies":"Gremlin Nob","floor":8,"turns":4}],"seed_played":"5017338727188493817","potions_obtained":[{"floor":1,"key":"EssenceOfSteel"},{"floor":3,"key":"LiquidMemories"}],"is_trial":false,"path_per_floor":["M","T","M","M","M","R","M","E"],"character_chosen":"IRONCLAD","items_purchased":[],"campfire_rested":0,"item_purchase_floors":[],"current_hp_per_floor":[68,68,62,64,45,45,41,0,0],"gold":219,"neow_bonus":"ONE_RARE_RELIC","is_daily":false,"chose_seed":false,"campfire_upgraded":1,"win_rate":0.0,"timestamp":1612722518,"path_taken":["M","?","M","M","M","R","?","E"],"items_purchased_type":[],"build_version":"2020-12-22","purchased_purges":0,"victory":false,"max_hp_per_floor":[68,68,68,68,68,68,68,68,68],"relic_stats":{"counters":[6,25],"StoneCalendar":[30],"Art of War":[3],"obtain_stats":[{"StoneCalendar":0,"Art of War":2,"Burning Blood":0},{"StoneCalendar":0,"Art of War":1,"Burning Blood":0},{"StoneCalendar":0,"Art of War":3,"Burning Blood":0}],"Burning Blood":30},"card_choices":[{"not_picked":["Infernal Blade","Burning Pact"],"picked":"Inflame","floor":1},{"not_picked":["Havoc","Thunderclap"],"picked":"Sword Boomerang","floor":3},{"not_picked":["Iron Wave","Rupture"],"picked":"Shrug It Off","floor":4},{"not_picked":["Rupture","Shrug It Off"],"picked":"Limit Break","floor":5},{"not_picked":["Fire Breathing","Anger"],"picked":"Clothesline","floor":7}],"player_experience":795378,"relics_obtained":[{"floor":2,"key":"Art of War"}],"event_choices":[],"is_beta":false,"boss_relics":[],"items_purged_floors":[],"is_endless":false,"potions_floor_spawned":[1,3],"killed_by":"Gremlin Nob","ascension_level":20}}