{"host":"prxrhpgaxnj4om9r","time":1612672909,"event":{"mods":["AchievementEnabler","BaseMod","DeckTracker","Keyboard Shortcuts","Minty Spire (QoL Compilation)"],"gold_per_floor":[113,68,68,88,68,99,110,120,120,120,138,163,163,178,178,279,279,299,319,234,234,246,273,273,125,125,153,170,170,19,37,37,37,37],"floor_reached":33,"language":"KOR","playtime":2111,"items_purged":[],"score":356,"play_id":"6912fa3f-d713-4646-89c7-3c41735b54fa","local_time":"20210207134149","is_ascension_mode":true,"campfire_choices":[{"floor":10,"key":"REST"},{"floor":13,"key":"REST"},{"data":"Backflip","floor":15,"key":"SMITH"},{"floor":24,"key":"REST"},{"data":"Envenom","floor":32,"key":"SMITH"}],"circlet_count":0,"master_deck":["Survivor","Neutralize","Dagger Throw","Dagger Spray","Backflip+1","Heel Hook","Escape Plan","Endless Agony","Poisoned Stab","Poisoned Stab","Deadly Poison","PiercingWail","After Image","Leg Sweep","Poisoned Stab","Sucker Punch","Calculated Gamble","Dagger Throw","Distraction","Backstab","Flying Knee","Dash","Bane","Setup+1","Necronomicurse","Outmaneuver+1","Envenom+1","Eviscerate","Escape Plan+1","Caltrops","Blur+1"],"relics":["Ring of the Snake","Snake Skull","Ninja Scroll","Bottled Lightning","Regal Pillow","Pandora\u0027s Box","Bag of Marbles","Necronomicon","Omamori","TwistedFunnel","Blue Candle","Ornamental Fan","Anchor"],"acts_visited":["Exordium","TheCity"],"potions_floor_usage":[6,12,16,18,27,33],"damage_taken":[{"damage":4,"enemies":"2 Louse","floor":1,"turns":3},{"damage":0,"enemies":"Small Slimes","floor":4,"turns":3},{"damage":50,"enemies":"Lagavulin","floor":6,"turns":10},{"damage":0,"enemies":"Cultist","floor":7,"turns":3},{"damage":0,"enemies":"2 Fungi Beasts","floor":8,"turns":3},{"damage":0,"enemies":"Large Slime","floor":11,"turns":4},{"damage":9,"enemies":"3 Sentries","floor":12,"turns":6},{"damage":0,"enemies":"Looter","floor":14,"turns":2},{"damage":28,"enemies":"Hexaghost","floor":16,"turns":8},{"damage":8,"enemies":"2 Thieves","floor":18,"turns":4},{"damage":0,"enemies":"3 Byrds","floor":19,"turns":4},{"damage":10,"enemies":"Snake Plant","floor":22,"turns":5},{"damage":12,"enemies":"Slavers","floor":23,"turns":6},{"damage":9,"enemies":"Gremlin Leader","floor":27,"turns":4},{"damage":5,"enemies":"Snecko","floor":28,"turns":4},{"damage":10,"enemies":"Centurion and Healer","floor":31,"turns":4},{"damage":47,"enemies":"Automaton","floor":33,"turns":6}],"seed_played":"5306631899714466395","potions_obtained":[{"floor":5,"key":"Explosive Potion"},{"floor":8,"key":"LiquidBronze"},{"floor":11,"key":"SpeedPotion"},{"floor":16,"key":"Explosive Potion"},{"floor":18,"key":"CultistPotion"},{"floor":22,"key":"Fire Potion"}],"is_trial":false,"path_per_floor":["M","$","?","M","?","E","M","M","T","R","M","E","R","M","R","B",null,"M","M","?","?","M","E","R","$","T","E","M","?","$","M","R","B"],"character_chosen":"THE_SILENT","items_purchased":["Backflip","TwistedFunnel","Anchor"],"campfire_rested":3,"item_purchase_floors":[2,25,30],"current_hp_per_floor":[66,66,59,59,59,9,9,9,9,30,30,21,57,57,57,29,70,62,62,62,46,36,24,60,60,60,51,46,46,46,36,36,0,0],"gold":37,"neow_bonus":"TRANSFORM_CARD","is_daily":false,"chose_seed":false,"campfire_upgraded":2,"win_rate":0.0,"timestamp":1612672909,"path_taken":["M","$","?","M","?","E","M","?","T","R","M","E","R","M","R","BOSS","M","M","?","?","M","E","R","$","T","E","M","?","?","?","R","BOSS"],"items_purchased_type":["Card","Relic","Relic"],"build_version":"2020-12-22","purchased_purges":0,"victory":false,"max_hp_per_floor":[70,70,70,70,70,70,70,70,70,70,70,70,70,70,70,70,70,70,70,70,70,70,70,70,70,70,70,70,70,70,70,70,70,70],"card_choices":[{"not_picked":["Dagger Throw","Flying Knee"],"picked":"Dagger Spray","floor":1},{"not_picked":["Cloak And Dagger","Bane"],"picked":"Heel Hook","floor":4},{"not_picked":["Bane","Die Die Die"],"picked":"Escape Plan","floor":6},{"not_picked":["Dagger Spray","Flying Knee"],"picked":"Endless Agony","floor":7},{"not_picked":["Footwork","Underhanded Strike"],"picked":"Poisoned Stab","floor":8},{"not_picked":["Prepared","Cloak And Dagger"],"picked":"Poisoned Stab","floor":11},{"not_picked":["Tools of the Trade","Poisoned Stab"],"picked":"Deadly Poison","floor":12},{"not_picked":["Dagger Spray","Dagger Throw"],"picked":"PiercingWail","floor":14},{"not_picked":["Bullet Time","Storm of Steel"],"picked":"After Image","floor":16},{"not_picked":["Blade Dance","Backstab"],"picked":"Bane","floor":18},{"not_picked":["Infinite Blades","Deflect"],"picked":"Setup+1","floor":19},{"not_picked":["Deflect+1","Backflip"],"picked":"Outmaneuver+1","floor":22},{"not_picked":["Dagger Spray","Slice+1"],"picked":"Envenom","floor":23},{"not_picked":["Calculated Gamble+1","Cloak And Dagger"],"picked":"Eviscerate","floor":27},{"not_picked":["Bane","Accuracy"],"picked":"Escape Plan+1","floor":28},{"not_picked":["Sucker Punch","Tactician"],"picked":"Blur+1","floor":31}],"player_experience":293991,"relics_obtained":[{"floor":6,"key":"Ninja Scroll"},{"floor":9,"key":"Bottled Lightning"},{"floor":12,"key":"Regal Pillow"},{"floor":21,"key":"Necronomicon"},{"floor":23,"key":"Omamori"},{"floor":26,"key":"Blue Candle"},{"floor":27,"key":"Ornamental Fan"}],"event_choices":[{"damage_healed":0,"gold_gain":0,"player_choice":"Success","damage_taken":7,"relics_obtained":["Snake Skull"],"max_hp_gain":0,"max_hp_loss":0,"event_name":"Scrap Ooze","floor":3,"gold_loss":0},{"damage_healed":0,"gold_gain":0,"player_choice":"Bought 1 Potion","damage_taken":0,"max_hp_gain":0,"max_hp_loss":0,"event_name":"The Woman in Blue","floor":5,"gold_loss":0},{"damage_healed":0,"gold_gain":0,"player_choice":"Obtained Relic","damage_taken":0,"relics_obtained":["Bag of Marbles"],"max_hp_gain":0,"max_hp_loss":0,"event_name":"Addict","floor":20,"gold_loss":85},{"damage_healed":0,"gold_gain":0,"player_choice":"Obtained Book","damage_taken":16,"max_hp_gain":0,"max_hp_loss":0,"event_name":"Cursed Tome","floor":21,"gold_loss":0},{"damage_healed":0,"gold_gain":0,"player_choice":"Read","damage_taken":0,"max_hp_gain":0,"max_hp_loss":0,"event_name":"The Library","floor":29,"gold_loss":0,"cards_obtained":["Caltrops"]}],"is_beta":false,"boss_relics":[{"not_picked":["Black Star","Fusion Hammer"],"picked":"Pandora\u0027s Box"}],"items_purged_floors":[],"is_endless":false,"potions_floor_spawned":[8,11,16,18,22],"killed_by":"Automaton","ascension_level":4}}