{"host":"i2ntsfwoh5q5m216","time":1612669163,"event":{"mods":["BaseMod","Colored Map","Downfall","Minty Spire (QoL Compilation)","StSLib"],"gold_per_floor":[114,114,131,151,74,108,124,124,124,155,175,350,350,35,35,133,133,150,10,27,2,15,48,61,61,61,86,97,197,197,207,207,303,303,317,328,328,171,181,181,213,247,324,338,355,355,372,389,389,389,389],"floor_reached":50,"language":"ENG","playtime":2327,"items_purged":["Doubt"],"score":578,"play_id":"d8ca2564-167c-4570-bcde-c02e06b6bd5b","local_time":"20210206213923","is_ascension_mode":false,"campfire_choices":[{"data":"Armaments","floor":8,"key":"SMITH"},{"data":"True Grit","floor":15,"key":"SMITH"},{"data":"Intimidate","floor":25,"key":"SMITH"},{"floor":32,"key":"REST"},{"data":"Fire Breathing","floor":40,"key":"SMITH"},{"floor":46,"key":"REST"},{"data":"Dual Wield","floor":49,"key":"SMITH"}],"circlet_count":0,"master_deck":["Strike_R","Strike_R","Strike_R","Strike_R","Strike_R+1","Defend_R","Defend_R","Defend_R","Defend_R","Bash","Flex","Bash+1","Sever Soul","Uppercut","Fire Breathing+1","Thunderclap+1","Armaments+1","True Grit+1","Discovery","Impervious","Intimidate+1","Fire Breathing","Shrug It Off+1","Iron Wave+1","Ghostly Armor","Havoc+1","Reckless Charge+1","Reaper+1","Seeing Red","Double Tap","CurseOfTheBell","Madness","Madness","Body Slam+1","Reaper+1","Twin Strike+1","Power Through","Havoc+1","Parasite","Dual Wield+1"],"relics":["Burning Blood","Torii","Molten Egg 2","TungstenRod","Thread and Needle","Toolbox","Black Star","Strawberry","Nunchaku","Lizard Tail","Red Skull","Whetstone","Ice Cream","Gremlin Horn","Calling Bell","Bronze Scales","Sundial","Calipers","War Paint","Oddly Smooth Stone","Bag of Marbles","Self Forming Clay"],"acts_visited":["Exordium","TheCity","TheBeyond"],"potions_floor_usage":[7,10,27,27,29,31,44,50,50,50],"damage_taken":[{"damage":0,"enemies":"2 Louse","floor":1,"turns":3},{"damage":6,"enemies":"Cultist","floor":3,"turns":3},{"damage":0,"enemies":"Small Slimes","floor":4,"turns":3},{"damage":16,"enemies":"Gremlin Nob","floor":6,"turns":4},{"damage":0,"enemies":"2 Fungi Beasts","floor":7,"turns":3},{"damage":24,"enemies":"3 Sentries","floor":10,"turns":5},{"damage":12,"enemies":"Large Slime","floor":11,"turns":6},{"damage":6,"enemies":"Hexaghost","floor":16,"turns":12},{"damage":12,"enemies":"Spheric Guardian","floor":18,"turns":10},{"damage":15,"enemies":"Chosen","floor":20,"turns":5},{"damage":0,"enemies":"Shelled Parasite and Fungi","floor":22,"turns":9},{"damage":5,"enemies":"Book of Stabbing","floor":23,"turns":6},{"damage":18,"enemies":"Sentry and Sphere","floor":24,"turns":16},{"damage":65,"enemies":"Gremlin Leader","floor":27,"turns":9},{"damage":12,"enemies":"Snake Plant","floor":28,"turns":7},{"damage":19,"enemies":"Colosseum Slavers","floor":29,"turns":5},{"damage":10,"enemies":"Colosseum Nobs","floor":29,"turns":6},{"damage":6,"enemies":"Cultist and Chosen","floor":31,"turns":7},{"damage":57,"enemies":"Champ","floor":33,"turns":24},{"damage":0,"enemies":"3 Shapes","floor":35,"turns":4},{"damage":9,"enemies":"3 Darklings","floor":36,"turns":4},{"damage":10,"enemies":"Sphere and 2 Shapes","floor":39,"turns":5},{"damage":47,"enemies":"Maw","floor":41,"turns":10},{"damage":22,"enemies":"Reptomancer","floor":42,"turns":7},{"damage":16,"enemies":"Jaw Worm Horde","floor":44,"turns":5},{"damage":13,"enemies":"Transient","floor":45,"turns":5},{"damage":9,"enemies":"Sphere and 2 Shapes","floor":47,"turns":7},{"damage":6,"enemies":"Writhing Mass","floor":48,"turns":10},{"damage":92,"enemies":"Donu and Deca","floor":50,"turns":8}],"seed_played":"-241076973119884270","potions_obtained":[{"floor":3,"key":"Regen Potion"},{"floor":4,"key":"bronze:BurnAndBuffPotion"},{"floor":6,"key":"Explosive Potion"},{"floor":10,"key":"Dexterity Potion"},{"floor":22,"key":"SpeedPotion"},{"floor":23,"key":"BloodPotion"},{"floor":27,"key":"BlessingOfTheForge"},{"floor":29,"key":"BloodPotion"},{"floor":35,"key":"FearPotion"},{"floor":36,"key":"Guardian:BlockOnCardUsePotion"},{"floor":44,"key":"Swift Potion"}],"is_trial":false,"path_per_floor":["M","?","M","M","$","E","M","R","T","E","M","?","?","$","R","B",null,"M","$","M","$","M","E","M","R","T","E","M","?","?","M","R","B",null,"M","M","?","$","M","R","M","E","T","M","M","R","M","M","R","B"],"character_chosen":"IRONCLAD","items_purchased":["Fire Breathing","Toolbox","Discovery","Intimidate","Fire Breathing","Iron Wave+1","War Paint"],"campfire_rested":2,"item_purchase_floors":[5,14,14,19,19,21,38],"current_hp_per_floor":[80,80,80,80,80,70,76,76,76,67,61,61,61,61,61,61,80,74,74,65,65,71,79,67,67,67,25,19,45,45,45,71,25,87,87,84,74,74,70,70,29,25,25,32,25,51,69,76,76,0,0],"gold":389,"neow_bonus":"ONE_RARE_RELIC","is_daily":false,"chose_seed":false,"campfire_upgraded":5,"win_rate":0.0,"timestamp":1612669163,"path_taken":["M","?","M","M","$","E","?","R","T","E","M","?","?","$","R","BOSS","M","$","M","$","M","E","M","R","T","E","M","?","?","M","R","BOSS","M","M","?","?","M","R","M","E","T","?","M","R","M","M","R","BOSS"],"items_purchased_type":["Card","Relic","Card","Card","Card","Card","Relic"],"build_version":"2020-12-22","purchased_purges":1,"victory":false,"max_hp_per_floor":[80,80,80,80,80,80,80,80,80,80,80,80,80,80,80,80,80,80,80,80,80,80,87,87,87,87,87,87,87,87,87,87,87,87,87,87,87,87,87,87,87,87,87,87,87,87,87,87,87,87,87],"card_choices":[{"not_picked":["Dark Embrace","Clash"],"picked":"Flex","floor":1},{"not_picked":["Anger","Heavy Blade"],"picked":"Sever Soul","floor":3},{"not_picked":["Second Wind","Shrug It Off"],"picked":"Uppercut","floor":4},{"not_picked":["Impervious","Offering"],"picked":"Thunderclap+1","floor":6},{"not_picked":["True Grit","Clash+1"],"picked":"Armaments","floor":7},{"not_picked":["Headbutt+1","Warcry"],"picked":"True Grit","floor":10},{"not_picked":["Battle Trance","Shockwave","Pummel+1"],"picked":"SKIP","floor":11},{"not_picked":["Reaper+1","Berserk"],"picked":"Impervious","floor":16},{"not_picked":["Thunderclap+1","Warcry","Battle Trance+1"],"picked":"SKIP","floor":18},{"not_picked":["Fire Breathing","Pommel Strike+1"],"picked":"Shrug It Off","floor":20},{"not_picked":["Cleave+1","Perfected Strike+1","Body Slam+1"],"picked":"SKIP","floor":22},{"not_picked":["Perfected Strike+1","Armaments","Pommel Strike+1"],"picked":"SKIP","floor":23},{"not_picked":["Wild Strike+1","Battle Trance"],"picked":"Ghostly Armor","floor":24},{"not_picked":["Dark Embrace+1","Berserk"],"picked":"Havoc","floor":27},{"not_picked":["Inflame","Thunderclap+1"],"picked":"Reckless Charge+1","floor":28},{"not_picked":["Shrug It Off","Armaments"],"picked":"Seeing Red","floor":31},{"not_picked":["Limit Break","Exhume"],"picked":"Double Tap","floor":33},{"not_picked":["Perfected Strike+1","Armaments","Second Wind"],"picked":"SKIP","floor":35},{"not_picked":["Heavy Blade+1","Clash+1","Rupture+1"],"picked":"SKIP","floor":36},{"not_picked":["Havoc","Shrug It Off+1","Carnage+1"],"picked":"SKIP","floor":39},{"not_picked":["Uppercut+1","Armaments+1"],"picked":"Body Slam+1","floor":41},{"not_picked":["Flex+1","Heavy Blade+1"],"picked":"Reaper+1","floor":42},{"not_picked":["Second Wind","Infernal Blade"],"picked":"Twin Strike+1","floor":44},{"not_picked":["Anger+1","Searing Blow+1"],"picked":"Power Through","floor":45},{"not_picked":["Bloodletting","Hemokinesis+1"],"picked":"Havoc+1","floor":47},{"not_picked":["Wild Strike+1","Seeing Red+1"],"picked":"Dual Wield","floor":48}],"player_experience":41292,"relics_obtained":[{"floor":6,"key":"Molten Egg 2"},{"floor":9,"key":"TungstenRod"},{"floor":10,"key":"Thread and Needle"},{"floor":23,"key":"Strawberry"},{"floor":23,"key":"Nunchaku"},{"floor":26,"key":"Lizard Tail"},{"floor":27,"key":"Red Skull"},{"floor":27,"key":"Whetstone"},{"floor":29,"key":"Ice Cream"},{"floor":29,"key":"Gremlin Horn"},{"floor":34,"key":"Bronze Scales"},{"floor":34,"key":"Sundial"},{"floor":34,"key":"Calipers"},{"floor":42,"key":"Oddly Smooth Stone"},{"floor":42,"key":"Bag of Marbles"},{"floor":43,"key":"Self Forming Clay"}],"event_choices":[{"damage_healed":0,"gold_gain":0,"player_choice":"1 cards matched","damage_taken":0,"max_hp_gain":0,"max_hp_loss":0,"event_name":"Match and Keep!","floor":2,"gold_loss":0,"cards_obtained":["Bash"]},{"damage_healed":0,"gold_gain":175,"player_choice":"AGREE","damage_taken":0,"max_hp_gain":0,"max_hp_loss":0,"event_name":"Liars Game","floor":12,"gold_loss":0,"cards_obtained":["Doubt"]},{"cards_removed":["Injury"],"damage_healed":0,"gold_gain":0,"player_choice":"Forget","damage_taken":0,"max_hp_gain":0,"max_hp_loss":0,"event_name":"Living Wall","floor":13,"gold_loss":0},{"damage_healed":0,"gold_gain":0,"player_choice":"Fight","damage_taken":0,"max_hp_gain":0,"max_hp_loss":0,"event_name":"Colosseum","floor":29,"gold_loss":0},{"damage_healed":0,"gold_gain":0,"player_choice":"Fought Nobs","damage_taken":0,"max_hp_gain":0,"max_hp_loss":0,"event_name":"Colosseum","floor":29,"gold_loss":0},{"damage_healed":0,"gold_gain":0,"player_choice":"1 cards matched","damage_taken":0,"max_hp_gain":0,"max_hp_loss":0,"event_name":"Match and Keep!","floor":30,"gold_loss":0,"cards_obtained":["Reaper"]},{"damage_healed":0,"gold_gain":0,"player_choice":"Embrace Madness","damage_taken":11,"max_hp_gain":0,"max_hp_loss":0,"event_name":"Winding Halls","floor":37,"gold_loss":0,"cards_obtained":["Madness","Madness"]}],"is_beta":false,"boss_relics":[{"not_picked":["Sozu","Runic Dome"],"picked":"Black Star"},{"not_picked":["Black Blood","Runic Cube"],"picked":"Calling Bell"}],"items_purged_floors":[14],"is_endless":false,"potions_floor_spawned":[3,4,6,10,22,23,27,29,29,35,36,44,47],"killed_by":"Donu and Deca","ascension_level":0}}