{"host":"j4g6ia6asvpyu2b0","time":1612737902,"event":{"mods":["BaseMod","Colored Map","Minty Spire (QoL Compilation)","Permanent Neow","Quick Restart","Relic Stats","StSLib","Unceasing Turn Reminder"],"gold_per_floor":[118,118,130,205,155,155,174,174,174,174,190,225,225,261,261,368,368,391,316,325,169,206,215,237,278,303,303,303],"floor_reached":27,"language":"ENG","playtime":703,"items_purged":[],"score":355,"play_id":"53d34ea8-ef0d-480e-965e-2a862c620e86","local_time":"20210207154502","is_ascension_mode":true,"campfire_choices":[{"data":"Tactician","floor":6.0,"key":"SMITH"},{"data":"Noxious Fumes","floor":8.0,"key":"SMITH"},{"data":"Reflex","floor":10.0,"key":"SMITH"},{"data":"Acrobatics","floor":15,"key":"SMITH"},{"floor":23,"key":"REST"}],"circlet_count":0,"master_deck":["Survivor","Neutralize","Catalyst","Prepared","Corpse Explosion","Quick Slash","Tactician+1","Backstab","All Out Attack","Reflex+1","Backflip","Noxious Fumes+1","Bouncing Flask","Well Laid Plans","Doppelganger","Acrobatics+1","Corpse Explosion","Quick Slash+1","Necronomicurse","Reflex","Prepared","Concentrate","Concentrate"],"relics":["Pandora\u0027s Box","Snake Skull","Shuriken","Dream Catcher","CeramicFish","HoveringKite","Necronomicon","Medical Kit","Red Mask","Nunchaku"],"acts_visited":["Exordium","TheCity"],"potions_floor_usage":[14,24,25],"damage_taken":[{"damage":4.0,"enemies":"Jaw Worm","floor":1.0,"turns":2.0},{"damage":0.0,"enemies":"2 Louse","floor":3.0,"turns":2.0},{"damage":0.0,"enemies":"Small Slimes","floor":7.0,"turns":2.0},{"damage":0.0,"enemies":"3 Louse","floor":11.0,"turns":2.0},{"damage":0,"enemies":"Gremlin Nob","floor":12,"turns":2},{"damage":5,"enemies":"3 Sentries","floor":14,"turns":2},{"damage":3,"enemies":"The Guardian","floor":16,"turns":5},{"damage":12,"enemies":"Shell Parasite","floor":18,"turns":3},{"damage":12,"enemies":"Masked Bandits","floor":22,"turns":2},{"damage":0,"enemies":"Chosen","floor":24,"turns":3},{"damage":51,"enemies":"Gremlin Leader","floor":25,"turns":5},{"damage":23,"enemies":"Book of Stabbing","floor":27,"turns":3}],"seed_played":"-5403312103627419669","potions_obtained":[{"floor":3.0,"key":"SpeedPotion"},{"floor":7.0,"key":"Dexterity Potion"},{"floor":11.0,"key":"SteroidPotion"},{"floor":18,"key":"Strength Potion"},{"floor":24,"key":"Fruit Juice"},{"floor":25,"key":"Fruit Juice"}],"is_trial":false,"path_per_floor":["M","?","M","?","?","R","M","R","T","R","M","E","?","E","R","B",null,"M","?","?","$","?","R","M","E","T","E"],"character_chosen":"THE_SILENT","items_purchased":["Medical Kit"],"campfire_rested":1,"item_purchase_floors":[21],"current_hp_per_floor":[66,71,71,60,60,60,60,60,60,60,60,60,60,55,55,52,75,63,63,47,47,35,57,62,16,16,0,0],"gold":303,"neow_bonus":"BOSS_RELIC","is_daily":false,"chose_seed":false,"campfire_upgraded":4,"win_rate":0.0,"timestamp":1612737902,"path_taken":["M","?","M","?","?","R","M","R","T","R","M","E","?","E","R","BOSS","M","?","?","$","?","R","M","E","T","E"],"items_purchased_type":["Relic"],"build_version":"2020-12-22","purchased_purges":0,"victory":false,"max_hp_per_floor":[70,75,75,75,75,75,75,75,75,75,75,75,75,75,75,75,75,75,75,75,75,75,75,80,85,85,85,85],"relic_stats":{"Dream Catcher":1,"Nunchaku":[0],"counters":[12,33],"Shuriken":[3],"CeramicFish":72,"HoveringKite":[13],"Pandora\u0027s Box":["Skewer","Catalyst","Skewer","Prepared","Corpse Explosion","Quick Slash","Tactician","Backstab","All Out Attack","Reflex"],"Snake Skull":[70],"Necronomicon":[0],"Medical Kit":[1],"obtain_stats":[{"Dream Catcher":13,"Nunchaku":25,"Shuriken":12,"CeramicFish":14,"HoveringKite":17,"Pandora\u0027s Box":0,"Snake Skull":9,"Necronomicon":20,"Red Mask":22,"Medical Kit":21,"Ring of the Snake":0},{"Dream Catcher":5,"Nunchaku":11,"Shuriken":5,"CeramicFish":6,"HoveringKite":7,"Pandora\u0027s Box":0,"Snake Skull":3,"Necronomicon":8,"Red Mask":9,"Medical Kit":8,"Ring of the Snake":0},{"Dream Catcher":10,"Nunchaku":30,"Shuriken":10,"CeramicFish":12,"HoveringKite":17,"Pandora\u0027s Box":0,"Snake Skull":6,"Necronomicon":20,"Red Mask":22,"Medical Kit":20,"Ring of the Snake":0}]},"card_choices":[{"not_picked":["Deadly Poison","Dodge and Roll"],"picked":"Backflip","floor":1.0},{"not_picked":["Outmaneuver","Backflip"],"picked":"Noxious Fumes","floor":3.0},{"not_picked":["Calculated Gamble","Accuracy"],"picked":"Bouncing Flask","floor":7.0},{"not_picked":["Tactician","Outmaneuver"],"picked":"Well Laid Plans","floor":11.0},{"not_picked":["Underhanded Strike","Escape Plan"],"picked":"Doppelganger","floor":12},{"not_picked":["Deflect","Slice"],"picked":"Acrobatics","floor":14},{"not_picked":["Venomology","Bullet Time"],"picked":"Corpse Explosion","floor":16},{"not_picked":["Bouncing Flask+1","Sucker Punch"],"picked":"Quick Slash+1","floor":18},{"not_picked":["Blur","Backstab"],"picked":"Reflex","floor":22},{"not_picked":["Terror","Flechettes"],"picked":"Prepared","floor":23},{"not_picked":["Quick Slash","Distraction"],"picked":"Concentrate","floor":24},{"not_picked":["Underhanded Strike","Bouncing Flask"],"picked":"Concentrate","floor":25}],"player_experience":1174028,"relics_obtained":[{"floor":9.0,"key":"Snake Skull"},{"floor":12,"key":"Shuriken"},{"floor":14,"key":"CeramicFish"},{"floor":20,"key":"Necronomicon"},{"floor":22,"key":"Red Mask"},{"floor":25,"key":"Nunchaku"}],"event_choices":[{"damage_healed":0.0,"max_hp_gain":5.0,"max_hp_loss":0.0,"gold_gain":0.0,"event_name":"Big Fish","player_choice":"Donut","floor":2.0,"gold_loss":0.0,"damage_taken":0.0},{"damage_healed":0.0,"max_hp_gain":0.0,"max_hp_loss":0.0,"gold_gain":75.0,"event_name":"World of Goop","player_choice":"Gather Gold","floor":4.0,"gold_loss":0.0,"damage_taken":11.0},{"cards_removed":["Skewer"],"damage_healed":0.0,"max_hp_gain":0.0,"max_hp_loss":0.0,"gold_gain":0.0,"event_name":"The Cleric","player_choice":"Card Removal","floor":5.0,"gold_loss":50.0,"damage_taken":0.0},{"damage_healed":0,"gold_gain":0,"player_choice":"Searched \u00271\u0027 times","damage_taken":0,"relics_obtained":["Dream Catcher"],"max_hp_gain":0,"max_hp_loss":0,"event_name":"Dead Adventurer","floor":13,"gold_loss":0},{"cards_removed":["Skewer"],"damage_healed":0,"gold_gain":0,"player_choice":"Gave Gold","damage_taken":0,"max_hp_gain":0,"max_hp_loss":0,"event_name":"Beggar","floor":19,"gold_loss":75},{"damage_healed":0,"gold_gain":0,"player_choice":"Obtained Book","damage_taken":16,"max_hp_gain":0,"max_hp_loss":0,"event_name":"Cursed Tome","floor":20,"gold_loss":0},{"damage_healed":0,"gold_gain":0,"player_choice":"Fought Bandits","damage_taken":0,"max_hp_gain":0,"max_hp_loss":0,"event_name":"Masked Bandits","floor":22,"gold_loss":0}],"is_beta":false,"boss_relics":[{"not_picked":["Empty Cage","WristBlade"],"picked":"HoveringKite"}],"items_purged_floors":[],"is_endless":false,"potions_floor_spawned":[3,7,11,18,24,25],"killed_by":"Book of Stabbing","ascension_level":3}}