{"host":"3z4ju2qnfrhpg6py","time":1612697247,"event":{"mods":["BaseMod","Colored Powertips","Decade(王小明)","Minty Spire (QoL Compilation)","RumiaBox-露米娅的神秘盒子","StSLib","【遗物卡牌】REMEMod"],"gold_per_floor":[115,65,65,78,53,53,64,64,64],"floor_reached":8,"language":"ZHS","playtime":645,"items_purged":[],"score":46,"play_id":"0afb3086-94d0-4ba2-9576-088bcdfecfc6","local_time":"20210207192727","is_ascension_mode":false,"campfire_choices":[{"data":"Adrenaline","floor":6,"key":"SMITH"}],"circlet_count":0,"master_deck":["Decade_Attack","Decade_Attack","Decade_Attack","Decade_Attack","KamenRide","Decade_SpecialSkill","Decade_Defend","Decade_Defend","Decade_Defend","Adrenaline+1","FormRideFlame","KamenRideRyuki","DragClaw","Blade_Beat","Blade_Beat"],"relics":["Decadriver","TOEIDeficitBill","REME_ComplimentaryCards","AddBug","SecretRecord","Baka"],"acts_visited":["Exordium"],"potions_floor_usage":[],"damage_taken":[{"damage":4,"enemies":"Small Slimes","floor":1,"turns":3},{"damage":11,"enemies":"Jaw Worm","floor":4,"turns":5},{"damage":30,"enemies":"2 Louse","floor":7,"turns":5},{"damage":0,"enemies":"Gremlin Nob","floor":8,"turns":1}],"seed_played":"1409347679564097368","potions_obtained":[{"floor":4,"key":"Fire Potion"},{"floor":7,"key":"DistilledChaos"}],"is_trial":false,"path_per_floor":["M","?","?","M","$","R","M","E"],"character_chosen":"Decade","items_purchased":["Blade_Beat"],"campfire_rested":0,"item_purchase_floors":[5],"current_hp_per_floor":[73,73,54,43,43,43,13,13,13],"gold":64,"neow_bonus":"TEN_PERCENT_HP_BONUS","is_daily":false,"chose_seed":false,"campfire_upgraded":1,"win_rate":0.0,"timestamp":1612697247,"path_taken":["M","?","?","M","?","R","M","E"],"items_purchased_type":["Card"],"build_version":"2020-12-22","purchased_purges":0,"victory":false,"max_hp_per_floor":[77,77,77,77,77,77,77,77,77],"card_choices":[{"not_picked":["Blade_Kick","Blade_Slash"],"picked":"FormRideFlame","floor":1},{"not_picked":["MirrorWorld","KamenRideKabuto","Hibiki_Attack2"],"picked":"SKIP","floor":1},{"not_picked":["FormRideFlame","Decade_Dash1"],"picked":"KamenRideRyuki","floor":4},{"not_picked":["Decade_Defend3","KamenRideBlade"],"picked":"DragClaw","floor":4},{"not_picked":["FormRideStorm","FormRideGaruru"],"picked":"Blade_Beat","floor":7},{"not_picked":["KamenRideDenO","Hibiki_Attack2","Decade_Dash2"],"picked":"SKIP","floor":7}],"player_experience":0,"relics_obtained":[{"floor":1,"key":"AddBug"},{"floor":1,"key":"Baka"}],"event_choices":[{"cards_removed":["Decade_Defend"],"damage_healed":0,"gold_gain":0,"player_choice":"Card Removal","damage_taken":0,"max_hp_gain":0,"max_hp_loss":0,"event_name":"The Cleric","floor":2,"gold_loss":50},{"damage_healed":0,"gold_gain":0,"player_choice":"Take Damage","damage_taken":19,"relics_obtained":["Golden Idol"],"max_hp_gain":0,"max_hp_loss":0,"event_name":"Golden Idol","floor":3,"gold_loss":0}],"is_beta":false,"boss_relics":[],"items_purged_floors":[],"is_endless":false,"potions_floor_spawned":[4,7],"killed_by":"Gremlin Nob","ascension_level":0}}