{"host":"q9sqrn60n8lvmavn","time":1612661859,"event":{"mods":["AchievementEnabler","AlwaysNeverKeys","BaseMod","Better Third Choice","Better Vampires","Better-Laid Plans","Block Reminder","Colored Powertips","Curses Come First","DNKmod","Emptier Cage","Friendly Minions","Minty Spire (QoL Compilation)","Permanent Neow","Relic Filter Mod","Reorder Act Four","Shop Mod","StSLib","Weighted Paths"],"gold_per_floor":[1017,1034,984,1002,552,552,586,661,688,406,406,438,456,173,173,271,271,283,297,34,48,48,48,80,80,125,125,152,152,77,109,109,211,211,228,228,242,252,270,270,295,207,232,260,260,307,319,385,397,409,421,236,236,267,267,267],"floor_reached":55,"language":"ENG","playtime":1916,"items_purged":["Defend_G","Defend_G","Defend_G","Strike_G","Strike_G+1","Strike_G+1"],"score":1802,"play_id":"732611c0-f7f0-4b2f-9ff5-28e0e9137541","local_time":"20210206173739","is_ascension_mode":true,"campfire_choices":[{"data":"Neutralize","floor":6,"key":"SMITH"},{"data":"Infinite Blades","floor":15,"key":"SMITH"},{"data":"Accuracy","floor":23,"key":"SMITH"},{"data":"Accuracy","floor":25,"key":"SMITH"},{"data":"Tactician","floor":27,"key":"SMITH"},{"data":"Acrobatics","floor":29,"key":"SMITH"},{"data":"Acrobatics","floor":32,"key":"SMITH"},{"data":"Terror","floor":40,"key":"SMITH"},{"floor":45,"key":"DIG"},{"data":"Backflip","floor":49,"key":"SMITH"},{"floor":53,"key":"DIG"}],"circlet_count":0,"master_deck":["AscendersBane","Strike_G+1","Strike_G+1","Defend_G+1","Survivor+1","Neutralize+1","Acrobatics+1","Accuracy+1","Quick Slash+1","Footwork+1","Infinite Blades+1","Cloak And Dagger+1","Blade Dance+1","Tactician+1","Blade Dance+1","Acrobatics+1","Well Laid Plans+1","Infinite Blades+1","Infinite Blades+1","Footwork+1","Footwork+1","Footwork+1","Accuracy+1","Backflip+1","Infinite Blades+1","Blade Dance+1","Terror+1","Madness","Backflip+1","Madness"],"relics":["Ring of the Snake","Singing Bowl","Pantograph","Eternal Feather","MerchantsRug","Bag of Preparation","The Courier","Akabeko","Membership Card","Oddly Smooth Stone","Kunai","WristBlade","Sling","Mummified Hand","Ancient Tea Set","Turnip","PreservedInsect","Shovel","Matryoshka","Runic Dome","Mark of the Bloom","Lantern","War Paint","Dream Catcher","Shuriken","MawBank","Centennial Puzzle","Ice Cream","Vajra","Paper Crane","Happy Flower"],"acts_visited":["Exordium","TheCity","TheBeyond","TheEnding"],"potions_floor_usage":[7,7,33,50,54,55],"damage_taken":[{"damage":8,"enemies":"Jaw Worm","floor":1,"turns":4},{"damage":0,"enemies":"2 Louse","floor":2,"turns":2},{"damage":0,"enemies":"Small Slimes","floor":4,"turns":3},{"damage":21,"enemies":"3 Sentries","floor":7,"turns":12},{"damage":0,"enemies":"Lagavulin","floor":12,"turns":3},{"damage":6,"enemies":"2 Fungi Beasts","floor":13,"turns":2},{"damage":24,"enemies":"The Guardian","floor":16,"turns":6},{"damage":6,"enemies":"3 Byrds","floor":18,"turns":3},{"damage":12,"enemies":"2 Thieves","floor":19,"turns":3},{"damage":11,"enemies":"Chosen and Byrds","floor":21,"turns":3},{"damage":21,"enemies":"Slavers","floor":24,"turns":3},{"damage":0,"enemies":"Gremlin Leader","floor":28,"turns":2},{"damage":0,"enemies":"Book of Stabbing","floor":31,"turns":2},{"damage":0,"enemies":"Automaton","floor":33,"turns":2},{"damage":26,"enemies":"3 Shapes","floor":35,"turns":3},{"damage":0,"enemies":"3 Darklings","floor":37,"turns":2},{"damage":8,"enemies":"Jaw Worm Horde","floor":38,"turns":2},{"damage":37,"enemies":"4 Shapes","floor":39,"turns":2},{"damage":0,"enemies":"Reptomancer","floor":41,"turns":2},{"damage":15,"enemies":"Nemesis","floor":44,"turns":3},{"damage":0,"enemies":"Reptomancer","floor":46,"turns":1},{"damage":7,"enemies":"2 Orb Walkers","floor":48,"turns":3},{"damage":0,"enemies":"Awakened One","floor":50,"turns":4},{"damage":12,"enemies":"Shield and Spear","floor":54,"turns":3},{"damage":19,"enemies":"The Heart","floor":55,"turns":2}],"seed_played":"-3786947460030213486","potions_obtained":[{"floor":1,"key":"Swift Potion"},{"floor":4,"key":"DuplicationPotion"},{"floor":12,"key":"PowerPotion"},{"floor":19,"key":"PowerPotion"},{"floor":21,"key":"CunningPotion"},{"floor":37,"key":"PowerPotion"},{"floor":54,"key":"Regen Potion"}],"is_trial":false,"path_per_floor":["M","M","?","M","$","R","E","?","T","$","?","E","M","$","R","B",null,"M","M","$","M","?","R","E","R","T","R","E","R","?","E","R","B",null,"M","?","M","M","M","R","E","$","T","E","R","E","?","?","R","B",null,"$","R","E","B"],"character_chosen":"THE_SILENT","items_purchased":["MerchantsRug","Bag of Preparation","Accuracy","Membership Card","Footwork","Infinite Blades","Cloak And Dagger","Blade Dance","Tactician","Oddly Smooth Stone","Strange Spoon","Kunai","Infinite Blades","Infinite Blades","Sling","Mummified Hand","Footwork","Footwork","Footwork","Vajra","Madness"],"campfire_rested":0,"item_purchase_floors":[5,5,5,10,10,10,10,10,10,14,14,14,20,20,20,20,20,20,20,52,52],"current_hp_per_floor":[92,94,94,96,96,102,81,70,70,70,49,49,43,43,52,55,93,87,77,77,66,66,81,60,75,75,90,90,105,105,107,110,112,112,88,88,88,80,43,43,43,43,43,28,28,28,28,21,21,21,21,21,21,9,0,0],"gold":267,"neow_bonus":"TRANSFORM_CARD","is_daily":false,"chose_seed":false,"campfire_upgraded":9,"win_rate":0.0,"timestamp":1612661859,"path_taken":["M","M","?","M","$","R","E","?","T","$","?","E","M","$","R","BOSS","M","M","$","M","?","R","E","R","T","R","E","R","?","E","R","BOSS","M","?","M","M","M","R","E","$","T","E","R","E","?","?","R","BOSS","$","R","E","BOSS"],"items_purchased_type":["Relic","Relic","Card","Relic","Card","Card","Card","Card","Card","Relic","Relic","Relic","Card","Card","Relic","Relic","Card","Card","Card","Relic","Card"],"build_version":"2020-12-22","purchased_purges":6,"victory":false,"max_hp_per_floor":[100,102,102,104,104,104,104,104,104,104,104,104,104,104,104,106,106,106,108,108,108,108,108,108,108,108,108,108,108,108,110,110,112,112,114,114,114,116,116,116,118,118,118,120,120,122,122,122,122,122,122,122,122,124,124,124],"card_choices":[{"not_picked":["Cloak And Dagger","Dodge and Roll"],"picked":"Acrobatics","floor":1},{"not_picked":["Dagger Throw","Outmaneuver","Slice"],"picked":"Singing Bowl","floor":2},{"not_picked":["Dagger Spray","Poisoned Stab","Catalyst"],"picked":"Singing Bowl","floor":4},{"not_picked":["Dagger Throw","A Thousand Cuts"],"picked":"Quick Slash","floor":7},{"not_picked":["Choke","Flying Knee"],"picked":"Blade Dance","floor":12},{"not_picked":["Deflect","Escape Plan"],"picked":"Acrobatics","floor":13},{"not_picked":["Night Terror","Malaise","Unload"],"picked":"Singing Bowl","floor":16},{"not_picked":["Quick Slash","PiercingWail"],"picked":"Well Laid Plans","floor":18},{"not_picked":["Sucker Punch","Setup+1","Calculated Gamble"],"picked":"Singing Bowl","floor":19},{"not_picked":["Dash","Sucker Punch+1"],"picked":"Accuracy","floor":21},{"not_picked":["Quick Slash+1","PiercingWail"],"picked":"Backflip","floor":24},{"not_picked":["PiercingWail","Masterful Stab"],"picked":"Infinite Blades","floor":28},{"not_picked":["Slice","Bane","Corpse Explosion"],"picked":"Singing Bowl","floor":31},{"not_picked":["A Thousand Cuts","Night Terror","Burst"],"picked":"Singing Bowl","floor":33},{"not_picked":["Prepared+1","Heel Hook+1","Deadly Poison"],"picked":"Singing Bowl","floor":35},{"not_picked":["Sucker Punch","Well Laid Plans+1"],"picked":"Blade Dance","floor":37},{"not_picked":["Dodge and Roll","Slice","Leg Sweep+1"],"picked":"Singing Bowl","floor":38},{"not_picked":["Catalyst","Cloak And Dagger+1"],"picked":"Terror","floor":39},{"not_picked":["Blade Dance","Distraction","Finisher"],"picked":"Singing Bowl","floor":41},{"not_picked":["Distraction","Dagger Throw","Masterful Stab"],"picked":"Singing Bowl","floor":44},{"not_picked":["Predator","Slice","Bouncing Flask"],"picked":"Singing Bowl","floor":46},{"not_picked":["Finesse","Dark Shackles"],"picked":"Madness","floor":47},{"not_picked":["Prepared+1","Distraction"],"picked":"Backflip","floor":48},{"not_picked":["Tactician+1","Bullet Time","Deflect"],"picked":"Singing Bowl","floor":54}],"player_experience":243383,"relics_obtained":[{"floor":7,"key":"The Courier"},{"floor":9,"key":"Akabeko"},{"floor":12,"key":"CaptainsWheel"},{"floor":24,"key":"Turnip"},{"floor":26,"key":"PreservedInsect"},{"floor":28,"key":"Shovel"},{"floor":31,"key":"Matryoshka"},{"floor":41,"key":"Lantern"},{"floor":43,"key":"War Paint"},{"floor":43,"key":"Dream Catcher"},{"floor":44,"key":"Shuriken"},{"floor":45,"key":"MawBank"},{"floor":46,"key":"Centennial Puzzle"},{"floor":48,"key":"Ice Cream"},{"floor":53,"key":"Paper Crane"},{"floor":54,"key":"Happy Flower"}],"event_choices":[{"cards_removed":["A Thousand Cuts"],"damage_healed":0,"gold_gain":0,"player_choice":"Card Removal","damage_taken":0,"max_hp_gain":0,"max_hp_loss":0,"event_name":"The Cleric","floor":3,"gold_loss":50},{"damage_healed":0,"gold_gain":75,"player_choice":"Gold","damage_taken":11,"max_hp_gain":1,"max_hp_loss":0,"event_name":"betterThird:BetterGoop","floor":8,"gold_loss":0},{"damage_healed":70,"gold_gain":0,"player_choice":"Upgrade","damage_taken":21,"max_hp_gain":0,"max_hp_loss":104,"event_name":"betterThird:BetterShining","floor":11,"gold_loss":0,"cards_upgraded":["Defend_G","Strike_G"]},{"damage_healed":0,"gold_gain":0,"player_choice":"Opened","damage_taken":0,"relics_obtained":["Ancient Tea Set"],"max_hp_gain":0,"max_hp_loss":0,"event_name":"The Mausoleum","floor":22,"gold_loss":0,"cards_obtained":["Writhe"]},{"cards_removed":["Writhe"],"damage_healed":0,"gold_gain":0,"player_choice":"Gave Gold","damage_taken":0,"max_hp_gain":0,"max_hp_loss":0,"event_name":"Beggar","floor":30,"gold_loss":75},{"damage_healed":0,"gold_gain":0,"player_choice":"Upgrade","damage_taken":0,"relics_obtained":["Mark of the Bloom"],"max_hp_gain":0,"max_hp_loss":0,"event_name":"MindBloom","floor":36,"gold_loss":0,"cards_upgraded":["Strike_G","Strike_G","Strike_G","Survivor","Quick Slash","Footwork","Cloak And Dagger","Blade Dance","Blade Dance","Well Laid Plans","Infinite Blades","Infinite Blades","Footwork","Footwork","Footwork","Backflip","Infinite Blades"]},{"damage_healed":0,"gold_gain":0,"player_choice":"Memory 1","damage_taken":0,"max_hp_gain":0,"max_hp_loss":0,"event_name":"SensoryStone","floor":47,"gold_loss":0},{"damage_healed":0,"gold_gain":0,"player_choice":"Fight","damage_taken":0,"max_hp_gain":0,"max_hp_loss":0,"event_name":"Mysterious Sphere","floor":48,"gold_loss":0}],"is_beta":false,"boss_relics":[{"not_picked":["SlaversCollar","Ectoplasm"],"picked":"WristBlade"},{"not_picked":["Fusion Hammer","Busted Crown"],"picked":"Runic Dome"}],"items_purged_floors":[5,10,14,20,42,52],"is_endless":false,"potions_floor_spawned":[1,4,12,19,21,24,37,46,48,54],"killed_by":"The Heart","ascension_level":12}}