{"host":"tzwikg9s6mkzv6w0","time":1612673344,"event":{"mods":["BaseMod","Good Game Mod","Minty Spire (QoL Compilation)","Spicy Shops","StSLib"],"gold_per_floor":[113,113,113,128,27,27,27,27,27,27,37,59,59,89,89,194,194,211,227,152,171,20,52,52,151,151,151,163,173,173,184,184,281,281,300,300,300,225,237,269,287,287,361,361,386,396,427,477,477,477,477,477,19,44,44],"floor_reached":56,"language":"ZHS","playtime":1870,"items_purged":["Defend_G","Defend_G","Defend_G"],"score":1736,"play_id":"2ee45db6-502e-49ff-b1d8-bca8b4089600","local_time":"20210207124904","is_ascension_mode":true,"campfire_choices":[{"data":"Skewer","floor":6.0,"key":"SMITH"},{"data":"Sadistic Nature","floor":8.0,"key":"SMITH"},{"floor":13.0,"key":"REST"},{"data":"Neutralize","floor":15.0,"key":"SMITH"},{"data":"Envenom","floor":24.0,"key":"SMITH"},{"floor":30.0,"key":"RECALL"},{"floor":32.0,"key":"REST"},{"data":"1","floor":42.0,"key":"LIFT"},{"data":"2","floor":49.0,"key":"LIFT"},{"data":"3","floor":52.0,"key":"LIFT"}],"circlet_count":0,"master_deck":["Survivor","Neutralize+1","Sadistic Nature+1","Skewer+1","Phantasmal Killer+1","Tactician+1","Expertise+1","Adrenaline+1","Envenom+1","Blade Dance+1","Prepared+1","Blur+1","Calculated Gamble+1","Acrobatics+1","Madness+1","Madness+1","Blade Dance+1","Acrobatics+1"],"relics":["Ring of the Snake","REME:ComplimentaryCards","Question Card","Toxic Egg 2","HornCleat","Odd Mushroom","Regal Pillow","Empty Cage","Omamori","Boot","Sundial","Calling Bell","Ancient Tea Set","Darkstone Periapt","Girya","Shuriken","Torii","Pocketwatch","Membership Card","Paper Crane","Ice Cream","Oddly Smooth Stone","Snake Skull"],"acts_visited":["Exordium","TheCity","TheBeyond","TheEnding"],"potions_floor_usage":[55,55,55],"damage_taken":[{"damage":0.0,"enemies":"Small Slimes","floor":1.0,"turns":4.0},{"damage":0.0,"enemies":"Jaw Worm","floor":4.0,"turns":6.0},{"damage":0.0,"enemies":"2 Louse","floor":11.0,"turns":4.0},{"damage":6.0,"enemies":"The Mushroom Lair","floor":12.0,"turns":5.0},{"damage":0.0,"enemies":"Gremlin Nob","floor":14.0,"turns":3.0},{"damage":37.0,"enemies":"Hexaghost","floor":16.0,"turns":12.0},{"damage":9.0,"enemies":"2 Thieves","floor":18.0,"turns":2.0},{"damage":0.0,"enemies":"Spheric Guardian","floor":19.0,"turns":1.0},{"damage":9.0,"enemies":"Centurion and Healer","floor":21.0,"turns":3.0},{"damage":15.0,"enemies":"Slavers","floor":23.0,"turns":4.0},{"damage":0.0,"enemies":"Cultist and Chosen","floor":28.0,"turns":2.0},{"damage":0.0,"enemies":"3 Cultists","floor":29.0,"turns":2.0},{"damage":0.0,"enemies":"Snecko","floor":31.0,"turns":2.0},{"damage":0.0,"enemies":"Automaton","floor":33.0,"turns":3.0},{"damage":0.0,"enemies":"3 Shapes","floor":35.0,"turns":2.0},{"damage":0.0,"enemies":"3 Darklings","floor":39.0,"turns":3.0},{"damage":0.0,"enemies":"Reptomancer","floor":40.0,"turns":3.0},{"damage":0.0,"enemies":"Spire Growth","floor":41.0,"turns":2.0},{"damage":0.0,"enemies":"Nemesis","floor":45.0,"turns":3.0},{"damage":0.0,"enemies":"Maw","floor":46.0,"turns":1.0},{"damage":0.0,"enemies":"Reptomancer","floor":47.0,"turns":1.0},{"damage":0.0,"enemies":"Mind Bloom Boss Battle","floor":48.0,"turns":1.0},{"damage":0.0,"enemies":"Awakened One","floor":50.0,"turns":2.0},{"damage":0,"enemies":"Shield and Spear","floor":54,"turns":1},{"damage":32,"enemies":"The Heart","floor":55,"turns":3}],"seed_played":"2757826037219146725","potions_obtained":[{"floor":1.0,"key":"LiquidMemories"},{"floor":19.0,"key":"Strength Potion"},{"floor":28.0,"key":"Regen Potion"},{"floor":33.0,"key":"Strength Potion"},{"floor":45.0,"key":"Fruit Juice"},{"floor":46.0,"key":"Ancient Potion"}],"is_trial":false,"path_per_floor":["M","?","?","M","$","R","$","R","T","?","M","?","R","E","R","B",null,"M","M","?","M","$","E","R","?","T","?","M","M","R","M","R","B",null,"M","?","?","$","M","E","M","R","T","?","E","M","E","?","R","B",null,"R","$","E","B",null],"character_chosen":"THE_SILENT","items_purchased":["Toxic Egg 2","Omamori","Membership Card","Paper Crane","Ice Cream","Oddly Smooth Stone"],"campfire_rested":2,"item_purchase_floors":[5,22,53,53,53,53],"current_hp_per_floor":[49,49,31,31,31,31,31,31,31,31,31,25,46,46,46,9,70,61,61,61,52,52,37,37,37,37,37,37,37,37,37,70,70,70,70,61,61,61,61,61,61,61,61,61,66,66,66,66,66,66,75,75,75,75,52],"gold":44,"neow_bonus":"REMOVE_TWO","is_daily":false,"chose_seed":false,"campfire_upgraded":4,"win_rate":0.0,"timestamp":1612673344,"path_taken":["M","?","?","M","?","R","$","R","T","?","?","?","R","E","R","BOSS","M","M","?","M","$","E","R","?","T","?","?","M","R","M","R","BOSS","M","?","?","$","?","E","M","R","T","?","E","M","E","?","R","BOSS","R","$","E","BOSS"],"items_purchased_type":["Relic","Relic","Relic","Relic","Relic","Relic"],"build_version":"2020-12-22","purchased_purges":3,"victory":true,"max_hp_per_floor":[70,70,70,70,70,70,70,70,70,70,70,70,70,70,70,70,70,70,70,70,70,70,70,70,70,70,70,70,70,70,70,70,70,70,70,70,70,70,70,70,70,70,70,70,75,75,75,75,75,75,75,75,75,75,75],"card_choices":[{"not_picked":["Deflect","Prepared","All Out Attack"],"picked":"SKIP","floor":1.0},{"not_picked":["PiercingWail","Caltrops","Flechettes"],"picked":"Skewer","floor":4.0},{"not_picked":["Slice","Deadly Poison+1","Sucker Punch"],"picked":"Tactician+1","floor":11.0},{"not_picked":["Quick Slash","Dagger Spray","Setup+1"],"picked":"Expertise+1","floor":12.0},{"not_picked":["Infinite Blades","Slice","Backflip+1"],"picked":"Adrenaline+1","floor":14.0},{"not_picked":["Storm of Steel+1","Venomology+1","Malaise+1"],"picked":"Envenom","floor":16.0},{"not_picked":["PiercingWail+1","Poisoned Stab","Well Laid Plans"],"picked":"Blade Dance+1","floor":18.0},{"not_picked":["Deflect+1","Flying Knee+1","Poisoned Stab+1","Slice"],"picked":"SKIP","floor":19.0},{"not_picked":["Unload","Masterful Stab","Underhanded Strike"],"picked":"Prepared+1","floor":21.0},{"not_picked":["Crippling Poison+1","Leg Sweep+1","Expertise+1"],"picked":"Blur+1","floor":23.0},{"not_picked":["Deflect+1","Slice","Well Laid Plans+1","Poisoned Stab+1"],"picked":"SKIP","floor":28.0},{"not_picked":["Leg Sweep+1","Outmaneuver+1","Cloak And Dagger+1"],"picked":"Calculated Gamble+1","floor":29.0},{"not_picked":["Leg Sweep+1","Underhanded Strike+1","Tactician+1","Blade Dance+1"],"picked":"SKIP","floor":31.0},{"not_picked":["Leg Sweep+1","Underhanded Strike+1","Tactician+1","Blade Dance+1"],"picked":"SKIP","floor":31.0},{"not_picked":["Crippling Poison+1","Prepared+1","Bane"],"picked":"Acrobatics+1","floor":35.0},{"not_picked":["Backflip+1","Concentrate+1","Underhanded Strike+1","Endless Agony"],"picked":"SKIP","floor":39.0},{"not_picked":["Bane+1","Deadly Poison+1","Slice+1","PiercingWail+1"],"picked":"SKIP","floor":40.0},{"not_picked":["Burst+1","Slice","Quick Slash+1"],"picked":"Blade Dance+1","floor":41.0},{"not_picked":["Unload","Dagger Throw","Catalyst+1"],"picked":"Acrobatics+1","floor":45.0},{"not_picked":["PiercingWail+1","Cloak And Dagger+1","Heel Hook","Dagger Throw"],"picked":"SKIP","floor":46.0},{"not_picked":["Envenom","Dodge and Roll+1","Prepared+1","Flechettes+1"],"picked":"SKIP","floor":47.0},{"not_picked":["Grand Finale","Dodge and Roll+1","Outmaneuver+1","Blur+1"],"picked":"SKIP","floor":54}],"player_experience":61245,"relics_obtained":[{"floor":9.0,"key":"HornCleat"},{"floor":12.0,"key":"Odd Mushroom"},{"floor":14.0,"key":"Regal Pillow"},{"floor":23.0,"key":"Boot"},{"floor":26.0,"key":"Sundial"},{"floor":34.0,"key":"Ancient Tea Set"},{"floor":34.0,"key":"Darkstone Periapt"},{"floor":34.0,"key":"Girya"},{"floor":40.0,"key":"Shuriken"},{"floor":45.0,"key":"Torii"},{"floor":48.0,"key":"Pocketwatch"},{"floor":54,"key":"Snake Skull"}],"event_choices":[{"damage_healed":0.0,"max_hp_gain":0.0,"max_hp_loss":0.0,"gold_gain":0.0,"event_name":"Shining Light","player_choice":"Ignored","floor":2.0,"gold_loss":0.0,"damage_taken":0.0},{"damage_healed":0.0,"max_hp_gain":0.0,"max_hp_loss":0.0,"gold_gain":0.0,"event_name":"Scrap Ooze","player_choice":"Success","floor":3.0,"gold_loss":0.0,"damage_taken":18.0,"relics_obtained":["Question Card"]},{"damage_healed":0.0,"max_hp_gain":0.0,"max_hp_loss":0.0,"gold_gain":0.0,"cards_transformed":["Strike_G"],"event_name":"Living Wall","player_choice":"Change","floor":10.0,"gold_loss":0.0,"damage_taken":0.0,"cards_obtained":["Phantasmal Killer"]},{"damage_healed":0.0,"max_hp_gain":0.0,"max_hp_loss":0.0,"gold_gain":0.0,"event_name":"Mushrooms","player_choice":"Fought Mushrooms","floor":12.0,"gold_loss":0.0,"damage_taken":0.0},{"cards_removed":["Defend_G"],"damage_healed":0.0,"max_hp_gain":0.0,"max_hp_loss":0.0,"gold_gain":0.0,"event_name":"Beggar","player_choice":"Gave Gold","floor":20.0,"gold_loss":75.0,"damage_taken":0.0},{"damage_healed":0.0,"max_hp_gain":0.0,"max_hp_loss":0.0,"gold_gain":99.0,"event_name":"Nest","player_choice":"Stole From Cult","floor":25.0,"gold_loss":0.0,"damage_taken":0.0},{"cards_removed":["Strike_G"],"damage_healed":0.0,"max_hp_gain":0.0,"max_hp_loss":0.0,"gold_gain":0.0,"event_name":"Wheel of Change","player_choice":"Card Removal","floor":27.0,"gold_loss":0.0,"damage_taken":0.0},{"damage_healed":0.0,"max_hp_gain":0.0,"max_hp_loss":0.0,"gold_gain":0.0,"event_name":"Winding Halls","player_choice":"Embrace Madness","floor":36.0,"gold_loss":0.0,"damage_taken":9.0,"cards_obtained":["Madness","Madness"]},{"damage_healed":0.0,"max_hp_gain":0.0,"max_hp_loss":0.0,"gold_gain":0.0,"event_name":"Lab","player_choice":"Got Potions","floor":37.0,"gold_loss":0.0,"damage_taken":0.0},{"cards_removed":["Defend_G"],"damage_healed":0.0,"max_hp_gain":0.0,"max_hp_loss":0.0,"gold_gain":0.0,"event_name":"Falling","player_choice":"Removed Skill","floor":44.0,"gold_loss":0.0,"damage_taken":0.0},{"damage_healed":0.0,"max_hp_gain":0.0,"max_hp_loss":0.0,"gold_gain":0.0,"event_name":"MindBloom","player_choice":"Fight","floor":48.0,"gold_loss":0.0,"damage_taken":0.0}],"is_beta":false,"boss_relics":[{"not_picked":["Runic Pyramid","Busted Crown"],"picked":"Empty Cage"},{"not_picked":["Ring of the Serpent","Coffee Dripper"],"picked":"Calling Bell"}],"items_purged_floors":[38,53,53],"is_endless":false,"potions_floor_spawned":[1,19,28,33,35,40,45,46],"ascension_level":4}}