{"host":"d9m9v0h6vo0edadb","time":1612716485,"event":{"mods":["BaseMod","Hermit","Keyboard Shortcuts","Minty Spire (QoL Compilation)","StSLib","SuperFastMode","The Cursed"],"gold_per_floor":[113,113,124,49,63,63,95,60,109,109,126,136,136,136,136],"floor_reached":14,"language":"KOR","playtime":151,"items_purged":["Strike_G"],"score":180,"play_id":"a0b22f82-d8e5-4969-8c8f-aad3e9de878e","local_time":"20210208014805","is_ascension_mode":true,"campfire_choices":[{"data":"Bouncing Flask","floor":6,"key":"SMITH"},{"data":"Tactician","floor":10,"key":"SMITH"}],"circlet_count":0,"master_deck":["AscendersBane","Strike_G","Strike_G","Strike_G","Strike_G","Defend_G+1","Defend_G","Defend_G","Defend_G","Defend_G","Survivor","Neutralize+1","Well Laid Plans","Bouncing Flask+1","Catalyst","Tactician+1","After Image","Prepared"],"relics":["Ring of the Snake","Pen Nib","Smiling Mask"],"acts_visited":["Exordium"],"potions_floor_usage":[14,14],"damage_taken":[{"damage":0,"enemies":"2 Louse","floor":1,"turns":4},{"damage":0,"enemies":"Small Slimes","floor":3,"turns":4},{"damage":12,"enemies":"Jaw Worm","floor":5,"turns":3},{"damage":12,"enemies":"Lagavulin","floor":7,"turns":5},{"damage":1,"enemies":"2 Fungi Beasts","floor":11,"turns":3},{"damage":2,"enemies":"Blue Slaver","floor":12,"turns":5},{"damage":30,"enemies":"Gremlin Nob","floor":14,"turns":3}],"seed_played":"7006429536833829035","potions_obtained":[{"floor":1,"key":"SneckoOil"},{"floor":11,"key":"LiquidMemories"}],"is_trial":false,"path_per_floor":["M","?","M","$","M","R","E","?","T","R","M","M","?","E"],"character_chosen":"THE_SILENT","items_purchased":[],"campfire_rested":0,"item_purchase_floors":[],"current_hp_per_floor":[59,39,39,39,27,27,15,31,31,31,30,28,28,0,0],"gold":136,"neow_bonus":"THREE_CARDS","is_daily":false,"chose_seed":false,"campfire_upgraded":2,"win_rate":0.0,"timestamp":1612716485,"path_taken":["M","?","M","$","M","R","E","?","T","R","M","M","?","E"],"items_purchased_type":[],"build_version":"2020-12-22","purchased_purges":1,"victory":false,"max_hp_per_floor":[66,66,66,66,66,66,66,66,66,66,66,66,66,66,66],"card_choices":[{"not_picked":["Bane","Deflect"],"picked":"Well Laid Plans","floor":0},{"not_picked":["Distraction","Prepared"],"picked":"Bouncing Flask","floor":1},{"not_picked":["Poisoned Stab","Bouncing Flask"],"picked":"Catalyst","floor":3},{"not_picked":["Calculated Gamble","Backflip"],"picked":"Tactician","floor":5},{"not_picked":["Dodge and Roll","Heel Hook"],"picked":"After Image","floor":7},{"not_picked":["Dagger Spray","Dagger Throw"],"picked":"Prepared","floor":11},{"not_picked":["Choke","Caltrops","Dagger Spray"],"picked":"SKIP","floor":12}],"player_experience":1008084,"relics_obtained":[{"floor":7,"key":"Pen Nib"},{"floor":9,"key":"Smiling Mask"}],"event_choices":[{"damage_healed":0,"gold_gain":0,"player_choice":"Entered Light","damage_taken":20,"max_hp_gain":0,"max_hp_loss":0,"event_name":"Shining Light","floor":2,"gold_loss":0,"cards_upgraded":["Defend_G","Neutralize"]},{"damage_healed":16,"gold_gain":0,"player_choice":"Healed","damage_taken":0,"max_hp_gain":0,"max_hp_loss":0,"event_name":"The Cleric","floor":8,"gold_loss":35},{"damage_healed":0,"gold_gain":0,"player_choice":"Ignored","damage_taken":0,"max_hp_gain":0,"max_hp_loss":0,"event_name":"Liars Game","floor":13,"gold_loss":0}],"is_beta":false,"boss_relics":[],"items_purged_floors":[4],"is_endless":false,"potions_floor_spawned":[1,11],"killed_by":"Gremlin Nob","ascension_level":20}}