{"host":"frxf5qncsmta3skc","time":1612661788,"event":{"mods":["BaseMod","Koishi","Marisa????????","Minty Spire (QoL Compilation)","Remilia??????","StSLib","The Bug Knight","The Senshi"],"gold_per_floor":[112,33,33,33,53,53,84,84,84,159,176,32,32,44,44,142,142,142],"floor_reached":17,"language":"ENG","playtime":928,"items_purged":[],"score":153,"play_id":"660bcc31-c3d6-4205-baa1-5e5f334045d3","local_time":"20210206203628","is_ascension_mode":false,"campfire_choices":[{"floor":6,"key":"RECALL"},{"floor":8,"key":"REST"},{"floor":15,"key":"REST"}],"circlet_count":0,"master_deck":["HollowMod:NailStrikeStart","HollowMod:NailStrikeStart","HollowMod:NailStrikeStart+1","HollowMod:NailStrikeStart","HollowMod:QuickDashStart+1","HollowMod:QuickDashStart","HollowMod:QuickDashStart","HollowMod:QuickDashStart","HollowMod:FocusHealStart","HollowMod:PogoStrike","HollowMod:SoulStrike","HollowMod:DesolateDive","HollowMod:FallenFury","HollowMod:PureNailStrike","HollowMod:VengefulSpirit","HollowMod:CornifersMapStart","PanicButton","HollowMod:GoodIntentions","HollowMod:BaldurShell","HollowMod:SoulMaster"],"relics":["HollowMod:VesselMask","Vajra","AntiCross","Sozu"],"acts_visited":["Exordium","TheCity"],"potions_floor_usage":[],"damage_taken":[{"damage":12,"enemies":"2 Louse","floor":1,"turns":3},{"damage":0,"enemies":"Small Slimes","floor":5,"turns":4},{"damage":27,"enemies":"Gremlin Nob","floor":7,"turns":4},{"damage":0,"enemies":"Jaw Worm","floor":11,"turns":2},{"damage":12,"enemies":"Blue Slaver","floor":14,"turns":2},{"damage":38,"enemies":"HollowMod:FalseKnight","floor":16,"turns":7}],"seed_played":"1740639419009588362","potions_obtained":[{"floor":1,"key":"Regen Potion"}],"is_trial":false,"path_per_floor":["M","$","?","?","M","R","E","R","T","?","M","$","$","M","R","B",null],"character_chosen":"THE_BUGKNIGHT","items_purchased":["HollowMod:FallenFury","PanicButton","HollowMod:GoodIntentions"],"campfire_rested":2,"item_purchase_floors":[2,12,12],"current_hp_per_floor":[69,69,74,58,64,64,37,61,61,50,50,50,50,38,62,24,80,80],"gold":142,"neow_bonus":"THREE_CARDS","is_daily":false,"chose_seed":false,"campfire_upgraded":0,"win_rate":0.0,"timestamp":1612661788,"path_taken":["M","$","?","?","M","R","E","R","T","?","M","?","$","M","R","BOSS"],"items_purchased_type":["Card","Card","Card"],"build_version":"2020-12-22","purchased_purges":0,"victory":false,"max_hp_per_floor":[75,75,80,80,80,80,80,80,80,80,80,80,80,80,80,80,80,80],"card_choices":[{"not_picked":["HollowMod:DashSlash","HollowMod:CoiledNail"],"picked":"HollowMod:SoulStrike","floor":0},{"not_picked":["HollowMod:HeavyBlow","HollowMod:InfectedAttack"],"picked":"HollowMod:DesolateDive","floor":1},{"not_picked":["HollowMod:VengefulVoid","HollowMod:InfectedCysts"],"picked":"HollowMod:PureNailStrike","floor":5},{"not_picked":["HollowMod:ZotesMagnificence","HollowMod:DescendingDark"],"picked":"HollowMod:VengefulSpirit","floor":7},{"not_picked":["HollowMod:CoiledNail","HollowMod:VengefulVoid"],"picked":"HollowMod:CornifersMapStart","floor":11},{"not_picked":["HollowMod:NewLittleFool","HollowMod:AbyssShriek"],"picked":"HollowMod:BaldurShell","floor":14},{"not_picked":["HollowMod:AwokenDreamNail","HollowMod:ElderbugsWisdom"],"picked":"HollowMod:SoulMaster","floor":16}],"player_experience":98829,"relics_obtained":[{"floor":7,"key":"Vajra"},{"floor":9,"key":"AntiCross"}],"event_choices":[{"damage_healed":0,"gold_gain":0,"player_choice":"Donut","damage_taken":0,"max_hp_gain":5,"max_hp_loss":0,"event_name":"Big Fish","floor":3,"gold_loss":0},{"damage_healed":0,"gold_gain":0,"player_choice":"Entered Light","damage_taken":16,"max_hp_gain":0,"max_hp_loss":0,"event_name":"Shining Light","floor":4,"gold_loss":0,"cards_upgraded":["HollowMod:QuickDashStart","HollowMod:NailStrikeStart"]},{"damage_healed":0,"gold_gain":75,"player_choice":"Gather Gold","damage_taken":11,"max_hp_gain":0,"max_hp_loss":0,"event_name":"World of Goop","floor":10,"gold_loss":0}],"is_beta":false,"boss_relics":[{"not_picked":["Calling Bell","Empty Cage"],"picked":"Sozu"}],"items_purged_floors":[],"is_endless":false,"potions_floor_spawned":[1],"ascension_level":0}}