{"host":"tzyzz5n7hg2ni9q2","time":1612724597,"event":{"mods":["BaseMod","Minty Spire (QoL Compilation)","Quick Restart"],"gold_per_floor":[117,132,132,143,143,143,143,143,143,171,208,220,249,281,293,406,418,440,468,89,99,99,99,61,61,61,95,95,130,146,146,146,242,242,253,105,122,138,157,192,192,220,220,245,256,270,270,287,287,287,287,287,67,95,95,95],"floor_reached":55,"language":"ENG","playtime":2439,"items_purged":["Parasite"],"score":1064,"play_id":"8ce230f6-5743-49c7-ab11-92f37ff4a7b1","local_time":"20210207200317","is_ascension_mode":true,"campfire_choices":[{"data":"Neutralize","floor":6.0,"key":"SMITH"},{"data":"Quick Slash","floor":8.0,"key":"SMITH"},{"data":"Dagger Throw","floor":12.0,"key":"SMITH"},{"data":"Noxious Fumes","floor":15.0,"key":"SMITH"},{"floor":23.0,"key":"REST"},{"data":"Footwork","floor":25.0,"key":"SMITH"},{"floor":28.0,"key":"REST"},{"floor":32.0,"key":"REST"},{"data":"Juggernaut","floor":41.0,"key":"SMITH"},{"floor":49.0,"key":"RECALL"},{"floor":52.0,"key":"REST"}],"circlet_count":0,"master_deck":["Strike_G","Strike_G","Strike_G","Strike_G","Defend_G","Defend_G","Defend_G","Defend_G","Defend_G","Survivor","Neutralize+1","Dagger Throw+1","Quick Slash+1","Dodge and Roll+1","Backstab","Noxious Fumes+1","Chill","Footwork+1","Escape Plan+1","Glacier+1","DeceiveReality+1","Juggernaut+1","Cold Snap+1","Conserve Battery","Capacitor+1","Evolve+1"],"relics":["Ring of the Serpent","Lantern","MawBank","Sundial","Singing Bowl","PrismaticShard","MealTicket","Bag of Preparation","Oddly Smooth Stone","Sozu","Bronze Scales","Ninja Scroll","Happy Flower","White Beast Statue","TheAbacus","Gremlin Horn"],"acts_visited":["Exordium","TheCity","TheBeyond","TheEnding"],"potions_floor_usage":[],"damage_taken":[{"damage":0.0,"enemies":"Cultist","floor":1.0,"turns":4.0},{"damage":0.0,"enemies":"2 Louse","floor":2.0,"turns":2.0},{"damage":0.0,"enemies":"Small Slimes","floor":4.0,"turns":3.0},{"damage":1.0,"enemies":"Looter","floor":10.0,"turns":3.0},{"damage":14.0,"enemies":"Gremlin Nob","floor":11.0,"turns":5.0},{"damage":0.0,"enemies":"Gremlin Gang","floor":13.0,"turns":5.0},{"damage":3.0,"enemies":"Lots of Slimes","floor":14.0,"turns":4.0},{"damage":16.0,"enemies":"Slime Boss","floor":16.0,"turns":10.0},{"damage":3.0,"enemies":"Chosen","floor":18.0,"turns":4.0},{"damage":12.0,"enemies":"3 Byrds","floor":19.0,"turns":5.0},{"damage":12.0,"enemies":"Centurion and Healer","floor":21.0,"turns":8.0},{"damage":30.0,"enemies":"Slavers","floor":27.0,"turns":7.0},{"damage":15.0,"enemies":"Gremlin Leader","floor":29.0,"turns":8.0},{"damage":0.0,"enemies":"Chosen and Byrds","floor":30.0,"turns":7.0},{"damage":16.0,"enemies":"Automaton","floor":33.0,"turns":17.0},{"damage":0.0,"enemies":"3 Shapes","floor":35.0,"turns":5.0},{"damage":0.0,"enemies":"Orb Walker","floor":37.0,"turns":4.0},{"damage":1.0,"enemies":"Transient","floor":38.0,"turns":5.0},{"damage":18.0,"enemies":"4 Shapes","floor":39.0,"turns":4.0},{"damage":0.0,"enemies":"Reptomancer","floor":40.0,"turns":7.0},{"damage":2.0,"enemies":"Giant Head","floor":42.0,"turns":9.0},{"damage":0.0,"enemies":"Nemesis","floor":44.0,"turns":7.0},{"damage":5.0,"enemies":"Writhing Mass","floor":45.0,"turns":5.0},{"damage":0.0,"enemies":"Transient","floor":46.0,"turns":5.0},{"damage":3.0,"enemies":"Sphere and 2 Shapes","floor":48.0,"turns":5.0},{"damage":22.0,"enemies":"Donu and Deca","floor":50.0,"turns":10.0},{"damage":41.0,"enemies":"Shield and Spear","floor":54.0,"turns":8.0},{"damage":0,"enemies":"The Heart","floor":55,"turns":1}],"seed_played":"285844327005817702","potions_obtained":[{"floor":4.0,"key":"Explosive Potion"},{"floor":10.0,"key":"Weak Potion"},{"floor":11.0,"key":"LiquidBronze"},{"floor":21.0,"key":"GamblersBrew"},{"floor":27.0,"key":"SpeedPotion"},{"floor":33.0,"key":"Fire Potion"}],"is_trial":false,"path_per_floor":["M","M","?","M","?","R","?","R","T","M","E","R","M","M","R","B",null,"M","M","$","M","$","R","$","R","T","E","R","E","M","?","R","B",null,"M","$","M","M","M","E","R","E","T","E","M","M","?","M","R","B",null,"R","$","E","B"],"character_chosen":"THE_SILENT","items_purchased":["Singing Bowl","PrismaticShard","Footwork","Bronze Scales","TheAbacus"],"campfire_rested":4,"item_purchase_floors":[20,20,24,36,53],"current_hp_per_floor":[63,63,56,56,61,61,61,61,61,60,46,46,46,43,43,27,63,60,48,48,36,36,58,58,58,58,28,50,35,35,35,57,41,67,69,77,79,78,62,64,64,64,64,64,59,61,61,60,60,38,76,89,86,45,45,45],"gold":95,"neow_bonus":"RANDOM_COMMON_RELIC","is_daily":false,"chose_seed":false,"campfire_upgraded":6,"win_rate":0.0,"timestamp":1612724597,"path_taken":["M","?","?","M","?","R","?","R","T","M","E","R","M","M","R","BOSS","M","?","$","?","?","R","$","R","T","E","R","E","M","?","R","BOSS","M","$","M","M","M","E","R","E","T","E","?","?","?","M","R","BOSS","R","$","E","BOSS"],"items_purchased_type":["Relic","Relic","Card","Relic","Relic"],"build_version":"2020-12-22","purchased_purges":1,"victory":false,"max_hp_per_floor":[70,70,70,70,75,75,75,75,75,75,75,75,75,75,75,75,75,75,75,75,75,75,75,75,75,75,75,75,75,75,75,75,75,75,77,77,79,79,81,83,83,85,85,85,85,87,87,89,89,89,89,89,86,86,86,86],"card_choices":[{"not_picked":["Deadly Poison","Prepared"],"picked":"Dagger Throw","floor":1.0},{"not_picked":["Caltrops","Sucker Punch"],"picked":"Quick Slash","floor":2.0},{"not_picked":["Bane","Riddle With Holes"],"picked":"Dodge and Roll","floor":4.0},{"not_picked":["Bane","Tactician","Dagger Throw"],"picked":"SKIP","floor":10.0},{"not_picked":["Slice","Poisoned Stab","Flechettes"],"picked":"SKIP","floor":11.0},{"not_picked":["Sucker Punch","Terror"],"picked":"Backstab","floor":13.0},{"not_picked":["Heel Hook","Deadly Poison"],"picked":"Noxious Fumes","floor":14.0},{"not_picked":["Prepared","Flechettes","Dagger Spray"],"picked":"SKIP","floor":18.0},{"not_picked":["Dagger Throw","Predator","Masterful Stab+1"],"picked":"SKIP","floor":19.0},{"not_picked":["Steam Power+1","Reckless Charge+1"],"picked":"Chill","floor":21.0},{"not_picked":["Armaments","EmptyFist"],"picked":"Escape Plan+1","floor":27.0},{"not_picked":["Barrage","Die Die Die"],"picked":"Glacier+1","floor":29.0},{"not_picked":["Clash","Outmaneuver+1"],"picked":"DeceiveReality","floor":30.0},{"not_picked":["Scrawl","HandOfGreed"],"picked":"Juggernaut","floor":33.0},{"not_picked":["Wireheading","Prepared","FearNoEvil"],"picked":"Singing Bowl","floor":35.0},{"not_picked":["Twin Strike","Havoc","Headbutt+1"],"picked":"Singing Bowl","floor":37.0},{"not_picked":["Darkness","FlyingSleeves+1"],"picked":"Cold Snap+1","floor":38.0},{"not_picked":["Gash","Beam Cell","Dagger Throw+1"],"picked":"Singing Bowl","floor":39.0},{"not_picked":["EmptyMind+1","Eviscerate","Inflame+1"],"picked":"Singing Bowl","floor":40.0},{"not_picked":["Tools of the Trade","Dash","Streamline"],"picked":"Singing Bowl","floor":42.0},{"not_picked":["SashWhip+1","Wild Strike+1"],"picked":"Conserve Battery","floor":44.0},{"not_picked":["Blade Dance","FlyingSleeves"],"picked":"Capacitor+1","floor":45.0},{"not_picked":["Pommel Strike","ThirdEye","Scrape"],"picked":"Singing Bowl","floor":46.0},{"not_picked":["Clothesline","CarveReality","Outmaneuver+1"],"picked":"Singing Bowl","floor":48.0},{"not_picked":["Sword Boomerang+1","Dagger Throw"],"picked":"Evolve+1","floor":54.0}],"player_experience":302526,"relics_obtained":[{"floor":9.0,"key":"MawBank"},{"floor":11.0,"key":"Sundial"},{"floor":26.0,"key":"MealTicket"},{"floor":27.0,"key":"Bag of Preparation"},{"floor":29.0,"key":"Oddly Smooth Stone"},{"floor":40.0,"key":"Ninja Scroll"},{"floor":42.0,"key":"Happy Flower"},{"floor":44.0,"key":"White Beast Statue"},{"floor":54.0,"key":"Gremlin Horn"}],"event_choices":[{"cards_removed":["Strike_G"],"damage_healed":0.0,"max_hp_gain":0.0,"max_hp_loss":0.0,"gold_gain":0.0,"event_name":"Golden Wing","player_choice":"Card Removal","floor":3.0,"gold_loss":0.0,"damage_taken":7.0},{"damage_healed":0.0,"max_hp_gain":5.0,"max_hp_loss":0.0,"gold_gain":0.0,"event_name":"Big Fish","player_choice":"Donut","floor":5.0,"gold_loss":0.0,"damage_taken":0.0},{"damage_healed":0.0,"max_hp_gain":0.0,"max_hp_loss":0.0,"gold_gain":0.0,"event_name":"Accursed Blacksmith","player_choice":"Forge","floor":7.0,"gold_loss":0.0,"damage_taken":0.0,"cards_upgraded":["Dodge and Roll"]},{"damage_healed":0.0,"max_hp_gain":0.0,"max_hp_loss":0.0,"gold_gain":0.0,"event_name":"Upgrade Shrine","player_choice":"Upgraded","floor":31.0,"gold_loss":0.0,"damage_taken":0.0,"cards_upgraded":["DeceiveReality"]},{"damage_healed":0.0,"max_hp_gain":0.0,"max_hp_loss":0.0,"gold_gain":0.0,"event_name":"Tomb of Lord Red Mask","player_choice":"Ignored","floor":47.0,"gold_loss":0.0,"damage_taken":0.0}],"is_beta":false,"boss_relics":[{"not_picked":["Ectoplasm","Velvet Choker"],"picked":"Ring of the Serpent"},{"not_picked":["Runic Pyramid","Philosopher\u0027s Stone"],"picked":"Sozu"}],"items_purged_floors":[53],"is_endless":false,"potions_floor_spawned":[4,10,11,14,21,27,33,35,39,40,42,45,46,48,54],"killed_by":"The Heart","ascension_level":6}}