{"host":"c6u7e77myxvw4d0m","time":1612686795,"event":{"mods":["AchievementEnabler","BaseMod","Bestiary","Colored Map","Colored Powertips","Minty Spire (QoL Compilation)","Rare Cards Sparkle","Relic Stats","everything is the same but u backflip on backflip"],"gold_per_floor":[162,28,41,55,55,55,55,55],"floor_reached":7,"language":"ENG","playtime":607,"items_purged":[],"score":82,"play_id":"d13d5390-f6be-4820-a501-2b25b237e2b4","local_time":"20210207103315","is_ascension_mode":true,"campfire_choices":[{"data":"Catalyst","floor":6.0,"key":"SMITH"}],"circlet_count":0,"master_deck":["AscendersBane","Strike_G","Strike_G","Strike_G","Strike_G","Strike_G","Defend_G","Defend_G","Defend_G","Defend_G","Defend_G+1","Survivor","Neutralize","Flying Knee","Crippling Poison","Bouncing Flask","Acrobatics","Blade Dance","Catalyst+1"],"relics":["Tiny House","Tiny Chest"],"acts_visited":["Exordium"],"potions_floor_usage":[7],"damage_taken":[{"damage":0.0,"enemies":"Jaw Worm","floor":1.0,"turns":5.0},{"damage":5.0,"enemies":"Small Slimes","floor":3.0,"turns":5.0},{"damage":0.0,"enemies":"Cultist","floor":4.0,"turns":3.0},{"damage":50,"enemies":"Gremlin Nob","floor":7,"turns":4}],"seed_played":"3491827047004789714","potions_obtained":[{"floor":0.0,"key":"Dexterity Potion"},{"floor":4.0,"key":"Strength Potion"}],"is_trial":false,"path_per_floor":["M","$","M","M","?","R","E"],"character_chosen":"THE_SILENT","items_purchased":["Bouncing Flask","Acrobatics"],"campfire_rested":0,"item_purchase_floors":[2,2],"current_hp_per_floor":[64,64,59,59,33,33,0,0],"gold":55,"neow_bonus":"BOSS_RELIC","is_daily":false,"chose_seed":false,"campfire_upgraded":1,"win_rate":0.0,"timestamp":1612686795,"path_taken":["M","$","M","M","?","R","E"],"items_purchased_type":["Card","Card"],"build_version":"2020-12-22","purchased_purges":0,"victory":false,"max_hp_per_floor":[71,71,71,71,71,71,71,71],"relic_stats":{"counters":[4,17],"Tiny Chest":0,"obtain_stats":[{"Tiny House":0,"Tiny Chest":5,"Ring of the Snake":0},{"Tiny House":0,"Tiny Chest":3,"Ring of the Snake":0},{"Tiny House":0,"Tiny Chest":13,"Ring of the Snake":0}]},"card_choices":[{"not_picked":["Dodge and Roll","Outmaneuver"],"picked":"Flying Knee","floor":0.0},{"not_picked":["Underhanded Strike","Backflip"],"picked":"Crippling Poison","floor":1.0},{"not_picked":["Prepared","Dagger Throw"],"picked":"Blade Dance","floor":3.0},{"not_picked":["Endless Agony","Flying Knee"],"picked":"Catalyst","floor":4.0}],"player_experience":710445,"relics_obtained":[],"event_choices":[{"damage_healed":0.0,"max_hp_gain":0.0,"max_hp_loss":0.0,"gold_gain":0.0,"event_name":"Scrap Ooze","player_choice":"Success","floor":5.0,"gold_loss":0.0,"damage_taken":26.0,"relics_obtained":["Tiny Chest"]}],"is_beta":false,"boss_relics":[],"items_purged_floors":[],"is_endless":false,"potions_floor_spawned":[4],"killed_by":"Gremlin Nob","ascension_level":20}}