{"host":"Ringo","time":1612707143,"event":{"mods":["BaseMod","Colored Map","Conspire","Dota2Spire","Hubris","Minty Spire (QoL Compilation)","Replay The Spire","StSLib","The Construct","[IsaacMod]ÒÔÈö¼âËþ","¡¾ÒÅÎï¿¨ÅÆ¡¿REMEMod"],"gold_per_floor":[115,131,146,267,6,36,67,123,123,158,158,2,27,27,27,100,100,118,167,251,268,288,374,401,502,502,607,723,847,847,882,882,955,955,986,1006,742,754,139,170,211,236,263,290,290,211,246,287,287,294,301],"floor_reached":52,"language":"ZHS","playtime":1470,"items_purged":[],"score":3904,"play_id":"f73e1842-6260-4533-96e8-7500f653e73f","local_time":"20210207221223","daily_mods":["SealedDeck","Vintage","Heirloom","Time Dilation","Flight","DeadlyEvents","Elite Swarm","Lethality","Binary"],"is_ascension_mode":true,"campfire_choices":[{"data":"Armaments","floor":11,"key":"SMITH"},{"data":"REME_Scribble","floor":15,"key":"SMITH"},{"data":"Feel No Pain","floor":30,"key":"SMITH"},{"floor":32,"key":"REST"},{"floor":49,"key":"DIG"}],"circlet_count":0,"master_deck":["AscendersBane","ReplayTheSpireMod:Stacked+1","Replay:Undeath\u0027s Touch+1","Inflame+1","Shrug It Off+1","Clash+1","Twin Strike+1","Thunderclap+1","Cleave+1","REME_Scribble+1","Armaments+1","Exhume+1","Anger+1","Rage+1","Flash of Steel+1","Dropkick+1","Uppercut+1","Flex+1","Warcry+1","Feel No Pain+1","hubris:EnhanceAbility+1","Finesse+1","Impervious+1","Dark Embrace+1","Intimidate+1","ReplayTheSpireMod:Corrosion Curse+1"],"relics":["Burning Blood","Busted Crown","HushsDoor","replay:Trail_Library","conspire:Boomerang","Void","Vajra","Unceasing Top","Molten Egg 2","BloodDonationBag","Chaos","SharpPlug","Happy Flower","Garlic","Dota2Spire:MagicBottle","hubris:IronBody","construct:RocketBooster","Bag of Marbles","Dota2Spire:ArmletOfMordiggian","TheBible","BargainBundle","Tiny House","Magic Flower","SalivaCoin","ReplayTheSpireMod:Spearhead","Kunai","Whetstone","BookOfRevelations","Guide Book","SlaversCollar","Mummified Hand","hubris:Backtick","ForgetMeNow","GuppysPaw","construct:WeddingRing","Gremlin Horn","HowToJump","Membership Card","Shovel","Dota2Spire:AghanimScepter","MegaBlast","Turnip","Replay:Bottled Snecko","hubris:Icosahedron","conspire:RunicOctahedron","Dota2Spire:LinkenSphere","Dota2Spire:Desolator"],"acts_visited":["Exordium","TheCity","TheBeyond"],"potions_floor_usage":[7,8,13,25,27,47,51],"damage_taken":[{"damage":2,"enemies":"Small Slimes","floor":1,"turns":2},{"damage":2,"enemies":"Cultist","floor":2,"turns":3},{"damage":2,"enemies":"2 Louse","floor":3,"turns":1},{"damage":0,"enemies":"Exordium Thugs","floor":4,"turns":1},{"damage":2,"enemies":"Gremlin Nob","floor":6,"turns":2},{"damage":4,"enemies":"3 Sentries","floor":7,"turns":2},{"damage":21,"enemies":"Replay:BlueRogue","floor":8,"turns":2},{"damage":2,"enemies":"Gremlin Nob","floor":10,"turns":2},{"damage":2,"enemies":"3 Sentries","floor":13,"turns":2},{"damage":17,"enemies":"The Guardian","floor":16,"turns":2},{"damage":3,"enemies":"3 Byrds","floor":18,"turns":1},{"damage":0,"enemies":"2 Thieves","floor":20,"turns":1},{"damage":0,"enemies":"Chosen and Byrds","floor":21,"turns":1},{"damage":0,"enemies":"Snake Plant","floor":22,"turns":1},{"damage":0,"enemies":"Slavers","floor":23,"turns":1},{"damage":0,"enemies":"Book of Stabbing","floor":24,"turns":2},{"damage":7,"enemies":"Gremlin Leader","floor":25,"turns":2},{"damage":0,"enemies":"Slavers","floor":27,"turns":1},{"damage":0,"enemies":"Gremlin Leader","floor":28,"turns":2},{"damage":0,"enemies":"Book of Stabbing","floor":29,"turns":1},{"damage":0,"enemies":"Slavers","floor":31,"turns":2},{"damage":0,"enemies":"Collector","floor":33,"turns":1},{"damage":0,"enemies":"3 Shapes","floor":35,"turns":1},{"damage":0,"enemies":"Orb Walker","floor":36,"turns":1},{"damage":0,"enemies":"3 Darklings","floor":38,"turns":1},{"damage":0,"enemies":"R_Hoarder","floor":40,"turns":1},{"damage":0,"enemies":"Giant Head","floor":41,"turns":1},{"damage":0,"enemies":"Nemesis","floor":42,"turns":1},{"damage":0,"enemies":"R_Hoarder","floor":44,"turns":1},{"damage":0,"enemies":"Reptomancer","floor":47,"turns":1},{"damage":0,"enemies":"Giant Head","floor":48,"turns":1},{"damage":0,"enemies":"Time Eater","floor":50,"turns":2},{"damage":0,"enemies":"Donu and Deca","floor":51,"turns":1}],"seed_played":"4474831525814011907","potions_obtained":[{"floor":1,"key":"Energy Potion"},{"floor":4,"key":"Elixir"},{"floor":7,"key":"REME_GoldPotion"},{"floor":8,"key":"ColorlessPotion"},{"floor":16,"key":"Block Potion"},{"floor":25,"key":"Explosive Potion"},{"floor":28,"key":"Energy Potion"},{"floor":33,"key":"Adrenaline Potion"}],"is_trial":true,"path_per_floor":["M","M","M","M","$","E","E","E","T","E","R","$","E","?","R","B",null,"M","$","M","M","M","E","E","E","T","E","E","E","R","E","R","B",null,"M","M","$","M","$","E","E","E","T","E","?","$","E","E","R_BF","B","B",null],"character_chosen":"IRONCLAD","items_purchased":["Chaos","Exhume","Anger+1","Dota2Spire:MagicBottle","Flash of Steel+1","TheBible","BargainBundle","Dropkick+1","Uppercut+1","Flex","Warcry","GuppysPaw","Gremlin Horn","Membership Card","Shovel","hubris:EnhanceAbility","Finesse","Impervious","Dark Embrace","Intimidate","ReplayTheSpireMod:Corrosion Curse"],"campfire_rested":1,"item_purchase_floors":[5,5,5,12,17,19,19,19,19,19,19,34,37,39,39,39,39,39,39,46,46],"current_hp_per_floor":[74,79,81,59,34,40,46,34,34,40,40,37,46,31,31,29,81,87,87,98,104,106,106,106,109,109,109,109,109,109,112,112,112,90,93,96,96,96,96,96,99,99,99,99,99,99,99,105,105,108,111],"gold":301,"neow_bonus":"","is_daily":false,"chose_seed":false,"campfire_upgraded":3,"win_rate":0.0,"timestamp":1612707143,"path_taken":["M","M","M","M","$","E","E","E","T","E","R","$","E","?","R","BOSS","M","$","M","M","M","E","E","E","T","E","E","E","R","E","R","BOSS","M","M","$","M","$","E","E","E","T","E","?","$","E","E","R_BF","BOSS","BOSS"],"items_purchased_type":["Card","Card","Card","Relic","Card","Relic","Relic","Card","Card","Card","Card","Relic","Relic","Relic","Relic","Card","Card","Card","Card","Card","Card"],"build_version":"2020-12-18","purchased_purges":0,"victory":true,"max_hp_per_floor":[77,79,81,81,81,83,87,90,90,92,92,92,94,94,94,100,98,101,101,106,106,106,106,106,109,109,109,109,109,109,112,112,112,90,93,96,96,96,96,96,99,99,99,99,99,99,99,105,105,108,111],"card_choices":[],"player_experience":649346,"relics_obtained":[{"floor":1,"key":"Vajra"},{"floor":2,"key":"Unceasing Top"},{"floor":3,"key":"Molten Egg 2"},{"floor":4,"key":"BloodDonationMachine"},{"floor":6,"key":"SharpPlug"},{"floor":7,"key":"Ooze Armor"},{"floor":8,"key":"Happy Flower"},{"floor":9,"key":"Garlic"},{"floor":10,"key":"MaYiHuaBei"},{"floor":13,"key":"hubris:IronBody"},{"floor":18,"key":"Dota2Spire:ArmletOfMordiggian"},{"floor":20,"key":"Tiny House"},{"floor":21,"key":"Magic Flower"},{"floor":22,"key":"SalivaCoin"},{"floor":23,"key":"ReplayTheSpireMod:Spearhead"},{"floor":24,"key":"Kunai"},{"floor":25,"key":"Whetstone"},{"floor":26,"key":"BookOfRevelations"},{"floor":27,"key":"Sundial"},{"floor":28,"key":"Guide Book"},{"floor":29,"key":"SlaversCollar"},{"floor":31,"key":"Mummified Hand"},{"floor":35,"key":"conspire:GiftBox"},{"floor":36,"key":"construct:WeddingRing"},{"floor":38,"key":"HowToJump"},{"floor":40,"key":"The Specimen"},{"floor":41,"key":"Dota2Spire:AghanimScepter"},{"floor":42,"key":"MegaBlast"},{"floor":43,"key":"Turnip"},{"floor":44,"key":"Replay:Bottled Snecko"},{"floor":47,"key":"conspire:RunicOctahedron"},{"floor":48,"key":"Dota2Spire:LinkenSphere"},{"floor":49,"key":"Dota2Spire:Desolator"}],"event_choices":[],"is_beta":true,"boss_relics":[{"not_picked":["Replay:Towering Pillar of Hats","Blue Doll"],"picked":"Bag of Marbles"},{"not_picked":[]},{"not_picked":["hubris:ToyBattleship","hubris:DeckOfHolding"],"picked":"hubris:Backtick"},{"not_picked":[]}],"items_purged_floors":[],"is_endless":false,"potions_floor_spawned":[1,4,7,8,16,18,20,25,28,29,31,33,38,41,44],"ascension_level":20}}