{"host":"2ehbln4r1tfoeq56","time":1612659786,"event":{"mods":["Aspiration","BaseMod","Better Altar","Better Match","Better Note","Better Sensory Stone","Better Skull","Better Third Choice","Friendly Minions","GifTheSpireLib","Minty Spire (QoL Compilation)","Reliquary","Replay The Spire","StSLib"],"gold_per_floor":[109,129,144,156,2,18,18,52,77,42,0,12,12,27,27,27,27],"floor_reached":16,"language":"ENG","playtime":1403,"items_purged":[],"score":104,"play_id":"f84645a2-50ed-4580-ac60-3ba3181427d0","local_time":"20210206190306","is_ascension_mode":false,"campfire_choices":[{"data":"aspiration:Polymerization","floor":7,"key":"SMITH"}],"circlet_count":0,"master_deck":["Strike_B","Strike_B","Strike_B","Strike_B","Defend_B","Defend_B","Defend_B","Defend_B","Zap","Dualcast","aspiration:Polymerization+1","ReplaySolidLightProjector","BasicCrystalCard+1","Amplify+1","Tempest","Enlightenment+1"],"relics":["Cracked Core","Bird Faced Urn","reliquary:Knoch","reliquary:Buckler"],"acts_visited":["Exordium"],"potions_floor_usage":[8,16],"damage_taken":[{"damage":0,"enemies":"Small Slimes","floor":1,"turns":3},{"damage":0,"enemies":"2 Louse","floor":2,"turns":3},{"damage":1,"enemies":"Cultist","floor":3,"turns":4},{"damage":19,"enemies":"2 Fungi Beasts","floor":4,"turns":4},{"damage":13,"enemies":"Large Slime","floor":6,"turns":5},{"damage":19,"enemies":"Gremlin Nob","floor":8,"turns":5},{"damage":6,"enemies":"Exordium Wildlife","floor":12,"turns":3},{"damage":14,"enemies":"Blue Slaver","floor":14,"turns":4},{"damage":63,"enemies":"Hexaghost","floor":16,"turns":10}],"seed_played":"8969207949205106492","potions_obtained":[{"floor":1,"key":"Flashbang"},{"floor":2,"key":"Dexterity Potion"},{"floor":4,"key":"Toxic Potion"},{"floor":8,"key":"ColorlessPotion"},{"floor":12,"key":"Fire Potion"}],"is_trial":false,"path_per_floor":["M","M","M","M","$","M","R","E","T","?","?","M","?","M","R","B"],"character_chosen":"DEFECT","items_purchased":["reliquary:FerryPass"],"campfire_rested":0,"item_purchase_floors":[5],"current_hp_per_floor":[82,82,81,62,62,49,49,30,30,50,56,50,50,36,62,0,0],"gold":27,"neow_bonus":"TEN_PERCENT_HP_BONUS","is_daily":false,"chose_seed":false,"campfire_upgraded":1,"win_rate":0.0,"timestamp":1612659786,"path_taken":["M","M","M","M","$","M","R","E","T","?","?","M","?","?","R","BOSS"],"items_purchased_type":["Relic"],"build_version":"2020-12-22","purchased_purges":0,"victory":false,"max_hp_per_floor":[82,82,82,82,82,82,82,82,82,82,88,88,88,88,88,88,88],"card_choices":[{"not_picked":["Self Repair","Hologram"],"picked":"aspiration:Polymerization","floor":1},{"not_picked":["Aggregate","Steam","Barrage"],"picked":"SKIP","floor":2},{"not_picked":["ReplayTheSpireMod:Repulse","Stack"],"picked":"ReplaySolidLightProjector","floor":3},{"not_picked":["BootSequence","ReplayTheSpireMod:Calculation Training"],"picked":"BasicCrystalCard","floor":4},{"not_picked":["Stack","Gash"],"picked":"Amplify","floor":6},{"not_picked":["Melter","Fusion"],"picked":"Tempest","floor":8},{"not_picked":["Hello World","Sweeping Beam","Go for the Eyes"],"picked":"SKIP","floor":12},{"not_picked":["Fusion","Barrage","Compile Driver"],"picked":"SKIP","floor":14}],"player_experience":92181,"relics_obtained":[{"floor":6,"key":"Bird Faced Urn"},{"floor":8,"key":"reliquary:Knoch"},{"floor":9,"key":"reliquary:Buckler"}],"event_choices":[{"damage_healed":20,"gold_gain":0,"player_choice":"Healed","damage_taken":0,"max_hp_gain":0,"max_hp_loss":0,"event_name":"The Cleric","floor":10,"gold_loss":35},{"damage_healed":0,"gold_gain":0,"player_choice":"RENOUNCE","damage_taken":42,"max_hp_gain":0,"max_hp_loss":0,"event_name":"betterThird:BetterSerpent","floor":11,"gold_loss":42,"cards_obtained":["Enlightenment"]},{"cards_removed":["Enlightenment"],"damage_healed":0,"gold_gain":0,"player_choice":"Give","damage_taken":0,"max_hp_gain":0,"max_hp_loss":0,"event_name":"betterNote:BetterNote","floor":13,"gold_loss":0,"cards_obtained":["None"]}],"is_beta":false,"boss_relics":[],"items_purged_floors":[],"is_endless":false,"potions_floor_spawned":[1,2,4,8,12],"killed_by":"Hexaghost","ascension_level":0}}