{"host":"np4f5reu8f2vit8r","time":1612693592,"event":{"mods":["BaseMod","Bestiary","Curses Come First","Minty Spire (QoL Compilation)","Permanent Neow","Relic Stats","StSLib"],"gold_per_floor":[109,123,141,161,60,60,88,128,152,152,165,165,165,165],"floor_reached":13,"language":"ENG","playtime":494,"items_purged":["Strike_P"],"score":174,"play_id":"14d94935-dbc4-4b53-961d-03ba0c82d7d6","local_time":"20210207232632","is_ascension_mode":true,"campfire_choices":[{"data":"SashWhip","floor":6,"key":"SMITH"},{"data":"MentalFortress","floor":10,"key":"SMITH"},{"data":"Wish","floor":12,"key":"SMITH"}],"circlet_count":0,"master_deck":["AscendersBane","Strike_P","Strike_P","Strike_P","Defend_P","Defend_P","Defend_P","Defend_P","Eruption","Vigilance","Consecrate","EmptyFist","ThirdEye","SashWhip+1","EmptyFist","Wish+1","MentalFortress+1","DevaForm"],"relics":["Coffee Dripper","Kunai","Blood Vial"],"acts_visited":["Exordium"],"potions_floor_usage":[7,11],"damage_taken":[{"damage":0,"enemies":"Cultist","floor":1,"turns":2},{"damage":7,"enemies":"Jaw Worm","floor":2,"turns":4},{"damage":0,"enemies":"2 Louse","floor":3,"turns":2},{"damage":6,"enemies":"Looter","floor":4,"turns":3},{"damage":7,"enemies":"Lagavulin","floor":7,"turns":6},{"damage":9,"enemies":"Blue Slaver","floor":8,"turns":4},{"damage":8,"enemies":"Lots of Slimes","floor":11,"turns":5},{"damage":34,"enemies":"3 Sentries","floor":13,"turns":4}],"seed_played":"-5917747459372041600","potions_obtained":[{"floor":2,"key":"SteroidPotion"},{"floor":3,"key":"SpeedPotion"},{"floor":7,"key":"GamblersBrew"}],"is_trial":false,"path_per_floor":["M","M","M","M","$","R","E","M","T","R","M","R","E"],"character_chosen":"WATCHER","items_purchased":["EmptyFist"],"campfire_rested":0,"item_purchase_floors":[5],"current_hp_per_floor":[61,54,54,48,48,48,41,32,32,32,26,26,0,0],"gold":165,"neow_bonus":"BOSS_RELIC","is_daily":false,"chose_seed":false,"campfire_upgraded":3,"win_rate":0.0,"timestamp":1612693592,"path_taken":["M","M","M","M","?","R","E","M","T","R","M","R","E"],"items_purchased_type":["Card"],"build_version":"2020-12-22","purchased_purges":1,"victory":false,"max_hp_per_floor":[68,68,68,68,68,68,68,68,68,68,68,68,68,68],"relic_stats":{"Blood Vial":4,"counters":[8,30],"Kunai":[3],"obtain_stats":[{"Blood Vial":9,"Coffee Dripper":0,"Kunai":7,"PureWater":0},{"Blood Vial":6,"Coffee Dripper":0,"Kunai":5,"PureWater":0},{"Blood Vial":21,"Coffee Dripper":0,"Kunai":17,"PureWater":0}]},"card_choices":[{"not_picked":["CutThroughFate","Vengeance"],"picked":"Consecrate","floor":1},{"not_picked":["Evaluate","Protect"],"picked":"EmptyFist","floor":2},{"not_picked":["EmptyFist","JustLucky"],"picked":"ThirdEye","floor":3},{"not_picked":["Protect","JustLucky"],"picked":"SashWhip","floor":4},{"not_picked":["Adaptation","Prostrate"],"picked":"Wish","floor":7},{"not_picked":["SashWhip","Halt"],"picked":"MentalFortress","floor":8},{"not_picked":["BowlingBash","Halt"],"picked":"DevaForm","floor":11}],"player_experience":928560,"relics_obtained":[{"floor":7,"key":"Kunai"},{"floor":9,"key":"Blood Vial"}],"event_choices":[],"is_beta":false,"boss_relics":[],"items_purged_floors":[5],"is_endless":false,"potions_floor_spawned":[2,3,7],"killed_by":"3 Sentries","ascension_level":20}}