{"host":"s0rqbuvjzggdtc2s","time":1612711261,"event":{"mods":["ATMod(°¢èªMod)","BaseMod","Curses Come First","Minty Spire (QoL Compilation)","StSLib","¡¾ÒÅÎï¿¨ÅÆ¡¿REMEMod"],"gold_per_floor":[112,36,36,51,51,85,97,97,173,204,217,217,227,246,246,346,346,366,366,383,394,409,443,453,468,468,478,512,512,528,555,555,656,656,674,508,528,538,551,571,571,601,648,648,648,667,667,692,692,692,692,692,507,541,541],"floor_reached":56,"language":"ZHS","playtime":2574,"items_purged":["Strike_R","Strike_R"],"score":1460,"play_id":"025cab64-3034-42a5-8dba-256bf50c69e7","local_time":"20210207232101","is_ascension_mode":false,"campfire_choices":[{"data":"AT_ShrugMaster","floor":8,"key":"SMITH"},{"data":"AT_KneejerkReflex","floor":12,"key":"SMITH"},{"data":"Reprogram","floor":15,"key":"SMITH"},{"data":"AT_ShrugMaster","floor":29,"key":"SMITH"},{"data":"Heavy Blade","floor":32,"key":"SMITH"},{"floor":41,"key":"RECALL"},{"data":"Demon Form","floor":44,"key":"SMITH"},{"data":"Limit Break","floor":49,"key":"SMITH"},{"data":"REME_TwoStrings","floor":52,"key":"SMITH"}],"circlet_count":0,"master_deck":["Strike_R","Strike_R","Strike_R","Defend_R","Defend_R","Defend_R+1","Bash","AT_KneejerkReflex+1","Reprogram+1","Flex+1","AT_ShrugMaster+1","AT_ShrugMaster+1","Feed","Heavy Blade+1","AT_CaressingTears","Demon Form+1","Flex+1","Spot Weakness+1","Flex","REME_Scribble","Flex","Fiend Fire","Iron Wave+1","REME_TheoryOfElimination","Dual Wield+1","Flex+1","Warcry+1","REME_TwoStrings+1","Limit Break+1","Sentinel","Enlightenment","Flex"],"relics":["Burning Blood","AT_ATBox","REME_ComplimentaryCards","AT_BellowingDragoncrestRing","Pen Nib","StrikeDummy","Turnip","Philosopher\u0027s Stone","War Paint","Blood Vial","Lantern","SlaversCollar","AT_SilvercatRing","AT_BladeRuinedKing","MealTicket","Ornamental Fan"],"acts_visited":["Exordium","TheCity","TheBeyond","TheEnding"],"potions_floor_usage":[31,31,50,55,55,55],"damage_taken":[{"damage":6,"enemies":"Jaw Worm","floor":1,"turns":3},{"damage":12,"enemies":"2 Louse","floor":4,"turns":3},{"damage":11,"enemies":"3 Sentries","floor":6,"turns":10},{"damage":0,"enemies":"Small Slimes","floor":7,"turns":4},{"damage":0,"enemies":"Lagavulin","floor":10,"turns":6},{"damage":5,"enemies":"Looter","floor":11,"turns":3},{"damage":0,"enemies":"Exordium Thugs","floor":13,"turns":4},{"damage":0,"enemies":"3 Louse","floor":14,"turns":4},{"damage":24,"enemies":"Hexaghost","floor":16,"turns":5},{"damage":7,"enemies":"Chosen","floor":18,"turns":8},{"damage":23,"enemies":"2 Thieves","floor":20,"turns":4},{"damage":0,"enemies":"Sentry and Sphere","floor":21,"turns":3},{"damage":14,"enemies":"Centurion and Healer","floor":22,"turns":4},{"damage":4,"enemies":"REME_1_Revenger","floor":23,"turns":7},{"damage":2,"enemies":"Snecko","floor":24,"turns":6},{"damage":19,"enemies":"Snake Plant","floor":25,"turns":3},{"damage":0,"enemies":"3 Cultists","floor":27,"turns":5},{"damage":19,"enemies":"Gremlin Leader","floor":28,"turns":4},{"damage":15,"enemies":"Shelled Parasite and Fungi","floor":30,"turns":3},{"damage":26,"enemies":"Slavers","floor":31,"turns":4},{"damage":2,"enemies":"Champ","floor":33,"turns":5},{"damage":18,"enemies":"Orb Walker","floor":35,"turns":3},{"damage":2,"enemies":"3 Darklings","floor":37,"turns":5},{"damage":2,"enemies":"4 Shapes","floor":38,"turns":5},{"damage":26,"enemies":"Writhing Mass","floor":39,"turns":4},{"damage":21,"enemies":"Transient","floor":40,"turns":5},{"damage":23,"enemies":"Nemesis","floor":42,"turns":5},{"damage":16,"enemies":"Sphere and 2 Shapes","floor":46,"turns":4},{"damage":11,"enemies":"Giant Head","floor":48,"turns":3},{"damage":14,"enemies":"Awakened One","floor":50,"turns":6},{"damage":28,"enemies":"Shield and Spear","floor":54,"turns":6},{"damage":13,"enemies":"The Heart","floor":55,"turns":7}],"seed_played":"4480375274293598471","potions_obtained":[{"floor":4,"key":"DistilledChaos"},{"floor":7,"key":"DistilledChaos"},{"floor":16,"key":"SpeedPotion"},{"floor":35,"key":"PowerPotion"},{"floor":38,"key":"Dexterity Potion"},{"floor":54,"key":"Strength Potion"}],"is_trial":false,"path_per_floor":["M","$","?","M","T","E","M","R","T","E","M","R","M","M","R","B",null,"M","?","M","M","M","E","M","M","T","M","E","R","M","E","R","B",null,"M","$","M","M","M","M","R","E","T","R","?","M","?","E","R","B",null,"R","$","E","B",null],"character_chosen":"IRONCLAD","items_purchased":["AT_ShrugMaster","REME_TheoryOfElimination","Enlightenment"],"campfire_rested":0,"item_purchase_floors":[2,36,53],"current_hp_per_floor":[80,80,73,67,67,62,71,71,71,77,81,81,89,92,92,75,92,95,95,81,92,87,92,99,89,89,98,88,88,86,75,75,86,134,127,127,135,146,128,117,117,104,104,104,104,101,101,103,103,102,167,167,167,152,149],"gold":541,"neow_bonus":"THREE_CARDS","is_daily":false,"chose_seed":false,"campfire_upgraded":8,"win_rate":0.0,"timestamp":1612711261,"path_taken":["M","$","?","M","?","E","M","R","T","E","M","R","M","M","R","BOSS","M","?","M","M","M","E","M","M","T","M","E","R","M","E","R","BOSS","M","$","M","M","M","M","R","E","T","R","?","M","?","E","R","BOSS","R","$","E","BOSS"],"items_purchased_type":["Card","Card","Card"],"build_version":"2020-12-22","purchased_purges":2,"victory":true,"max_hp_per_floor":[80,80,80,80,80,80,83,83,83,83,86,86,89,92,92,92,92,95,95,98,101,104,107,110,113,113,116,119,119,124,129,129,134,134,139,139,141,146,148,150,150,152,152,152,152,157,157,162,162,167,167,167,167,172,172],"card_choices":[{"not_picked":["Uppercut","Heavy Blade"],"picked":"Flex","floor":0},{"not_picked":["Sword Boomerang","AT_IchimonjiDouble","Feel No Pain"],"picked":"SKIP","floor":1},{"not_picked":["AT_CaressingTears","Sword Boomerang"],"picked":"AT_ShrugMaster","floor":4},{"not_picked":["Cleave","Headbutt"],"picked":"Feed","floor":6},{"not_picked":["Body Slam","Twin Strike","Shockwave"],"picked":"SKIP","floor":7},{"not_picked":["Pommel Strike","REME_Cut","Wild Strike"],"picked":"SKIP","floor":10},{"not_picked":["Shrug It Off","Power Through"],"picked":"Heavy Blade","floor":11},{"not_picked":["Clothesline","Iron Wave","Cleave"],"picked":"SKIP","floor":13},{"not_picked":["Flame Barrier","Thunderclap"],"picked":"AT_CaressingTears","floor":14},{"not_picked":["Corruption","Juggernaut"],"picked":"Demon Form","floor":16},{"not_picked":["Cleave+1","Clash"],"picked":"Flex","floor":18},{"not_picked":["Sword Boomerang","Shrug It Off","Warcry"],"picked":"SKIP","floor":20},{"not_picked":["Rage","Sword Boomerang","Twin Strike"],"picked":"SKIP","floor":21},{"not_picked":["Wild Strike","Evolve","Perfected Strike"],"picked":"SKIP","floor":22},{"not_picked":["Brutality","Heavy Blade","Anger"],"picked":"SKIP","floor":23},{"not_picked":["Perfected Strike","Shockwave+1"],"picked":"Spot Weakness+1","floor":24},{"not_picked":["Carnage","Cleave","Sword Boomerang+1"],"picked":"SKIP","floor":25},{"not_picked":["AT_BodySlamDance","Armaments"],"picked":"Flex","floor":27},{"not_picked":["Power Through","AT_BodySlamDance"],"picked":"REME_Scribble","floor":28},{"not_picked":["Twin Strike","Carnage+1"],"picked":"Flex","floor":30},{"not_picked":["REME_TheLastStrike","Flame Barrier","REME_SingleHolding"],"picked":"SKIP","floor":31},{"not_picked":["REME_TheLastStrike","Brutality"],"picked":"Fiend Fire","floor":33},{"not_picked":["Perfected Strike","Twin Strike+1"],"picked":"Iron Wave+1","floor":35},{"not_picked":["Body Slam+1","AT_Dispersion"],"picked":"Dual Wield+1","floor":37},{"not_picked":["Twin Strike+1","Shrug It Off+1"],"picked":"Flex+1","floor":38},{"not_picked":["Clothesline+1","Combust+1","Burning Pact+1"],"picked":"SKIP","floor":39},{"not_picked":["Sword Boomerang","Intimidate+1","Armaments+1"],"picked":"SKIP","floor":40},{"not_picked":["Clash","Havoc"],"picked":"Warcry+1","floor":42},{"not_picked":["Swift Strike","Good Instincts"],"picked":"REME_TwoStrings","floor":45},{"not_picked":["Cleave","Pommel Strike+1"],"picked":"Limit Break","floor":46},{"not_picked":["Shrug It Off+1","Flame Barrier"],"picked":"Sentinel","floor":48},{"not_picked":["Armaments","Iron Wave"],"picked":"Flex","floor":54}],"player_experience":213947,"relics_obtained":[{"floor":5,"key":"AT_BellowingDragoncrestRing"},{"floor":6,"key":"Pen Nib"},{"floor":9,"key":"StrikeDummy"},{"floor":10,"key":"Turnip"},{"floor":23,"key":"War Paint"},{"floor":28,"key":"Blood Vial"},{"floor":31,"key":"Lantern"},{"floor":42,"key":"AT_SilvercatRing"},{"floor":43,"key":"AT_BladeRuinedKing"},{"floor":48,"key":"MealTicket"},{"floor":54,"key":"Ornamental Fan"}],"event_choices":[{"cards_removed":["Defend_R"],"damage_healed":0,"gold_gain":0,"player_choice":"Card Removal","damage_taken":7,"max_hp_gain":0,"max_hp_loss":0,"event_name":"Golden Wing","floor":3,"gold_loss":0},{"damage_healed":0,"gold_gain":0,"player_choice":"Ignored","damage_taken":0,"max_hp_gain":0,"max_hp_loss":0,"event_name":"Ghosts","floor":19,"gold_loss":0},{"damage_healed":0,"gold_gain":0,"player_choice":"Memory 1","damage_taken":0,"max_hp_gain":0,"max_hp_loss":0,"event_name":"SensoryStone","floor":45,"gold_loss":0},{"damage_healed":0,"gold_gain":0,"player_choice":"Bought 0 Potions","damage_taken":0,"max_hp_gain":0,"max_hp_loss":0,"event_name":"The Woman in Blue","floor":47,"gold_loss":0}],"is_beta":false,"boss_relics":[{"not_picked":["AT_MortalBlade","Pandora\u0027s Box"],"picked":"Philosopher\u0027s Stone"},{"not_picked":["Snecko Eye","SacredBark"],"picked":"SlaversCollar"}],"items_purged_floors":[36,53],"is_endless":false,"potions_floor_spawned":[4,7,16,20,21,27,28,30,35,38,42,54],"ascension_level":0}}