{"host":"soyfmymeou4emntr","time":1612726366,"event":{"mods":["BaseMod","Minty Spire (QoL Compilation)","Permanent Neow","Relic Sorter","Relic Stats","StSLib"],"gold_per_floor":[115,130,130,130,145,145,188,209,236,236,261,261,99,117,117,215,215,236,261,274,274,224,257,282,316,316,316,38,73,73,73,73,73,73],"floor_reached":33,"language":"ENG","playtime":3858,"items_purged":["Strike_G","Strike_G"],"score":660,"play_id":"a775dc8d-7e31-45c8-ac0a-132c7fbcd091","local_time":"20210207123246","is_ascension_mode":true,"campfire_choices":[{"data":"Storm of Steel","floor":6.0,"key":"SMITH"},{"floor":10.0,"key":"REST"},{"data":"Footwork","floor":12.0,"key":"SMITH"},{"data":"Dodge and Roll","floor":15.0,"key":"SMITH"},{"floor":27.0,"key":"REST"},{"data":"Apotheosis","floor":30,"key":"SMITH"},{"floor":32,"key":"REST"}],"circlet_count":0,"master_deck":["AscendersBane","Strike_G","Strike_G","Strike_G","Defend_G","Defend_G","Defend_G","Defend_G","Defend_G","Survivor","Neutralize","Storm of Steel+1","Leg Sweep","Predator","Blade Dance","Footwork+1","Blade Dance","Dodge and Roll+1","Dash","Outmaneuver","Phantasmal Killer","Dodge and Roll","Calculated Gamble","Backflip","Blade Dance+1","Blur","Apotheosis+1","Doubt"],"relics":["Ring of the Snake","Golden Idol","Art of War","Vajra","Cursed Key","MutagenicStrength","Pen Nib","PreservedInsect","Juzu Bracelet","Unceasing Top"],"acts_visited":["Exordium","TheCity"],"potions_floor_usage":[33,33],"damage_taken":[{"damage":1.0,"enemies":"Jaw Worm","floor":1.0,"turns":4.0},{"damage":1.0,"enemies":"Small Slimes","floor":2.0,"turns":6.0},{"damage":3.0,"enemies":"Cultist","floor":5.0,"turns":5.0},{"damage":32.0,"enemies":"Gremlin Nob","floor":7.0,"turns":4.0},{"damage":9.0,"enemies":"Exordium Thugs","floor":8.0,"turns":6.0},{"damage":19.0,"enemies":"Exordium Wildlife","floor":11.0,"turns":5.0},{"damage":1.0,"enemies":"2 Fungi Beasts","floor":14.0,"turns":2.0},{"damage":6.0,"enemies":"The Guardian","floor":16.0,"turns":15.0},{"damage":0.0,"enemies":"2 Thieves","floor":18.0,"turns":4.0},{"damage":1.0,"enemies":"Spheric Guardian","floor":19.0,"turns":3.0},{"damage":0.0,"enemies":"Centurion and Healer","floor":20.0,"turns":6.0},{"damage":21.0,"enemies":"Slavers","floor":23.0,"turns":9.0},{"damage":14.0,"enemies":"3 Cultists","floor":24.0,"turns":7.0},{"damage":0.0,"enemies":"Gremlin Leader","floor":25.0,"turns":10.0},{"damage":5,"enemies":"Book of Stabbing","floor":29,"turns":5},{"damage":59,"enemies":"Collector","floor":33,"turns":8}],"seed_played":"4361856438937614368","potions_obtained":[{"floor":7.0,"key":"Dexterity Potion"},{"floor":8.0,"key":"EntropicBrew"},{"floor":18.0,"key":"GhostInAJar"},{"floor":25.0,"key":"AttackPotion"}],"is_trial":false,"path_per_floor":["M","M","?","?","M","R","E","M","T","R","M","R","$","M","R","B",null,"M","M","M","?","?","E","M","E","T","R","$","E","R","T","R","B"],"character_chosen":"THE_SILENT","items_purchased":["Dash","Apotheosis"],"campfire_rested":3,"item_purchase_floors":[13,28],"current_hp_per_floor":[58,57,62,62,59,59,27,18,18,37,18,18,18,17,17,11,51,51,50,50,50,50,29,15,15,15,34,34,29,29,29,48,0,0],"gold":73,"neow_bonus":"ONE_RANDOM_RARE_CARD","is_daily":false,"chose_seed":false,"campfire_upgraded":4,"win_rate":0.0,"timestamp":1612726366,"path_taken":["M","M","?","?","M","R","E","M","T","R","M","R","$","M","R","BOSS","M","M","M","?","?","E","?","E","T","R","$","E","R","?","R","BOSS"],"items_purchased_type":["Card","Card"],"build_version":"2020-12-22","purchased_purges":2,"victory":false,"max_hp_per_floor":[66,66,71,64,64,64,64,64,64,64,64,64,64,64,64,64,64,64,64,64,64,64,64,64,64,64,64,64,64,64,64,64,64,64],"relic_stats":{"counters":[16,99],"Golden Idol":83,"Pen Nib":[11],"PreservedInsect":43,"Art of War":[5],"Juzu Bracelet":0,"Cursed Key":1,"obtain_stats":[{"Golden Idol":4,"MutagenicStrength":21,"Vajra":9,"Pen Nib":23,"PreservedInsect":25,"Art of War":7,"Juzu Bracelet":29,"Cursed Key":17,"Unceasing Top":31,"Ring of the Snake":0},{"Golden Idol":2,"MutagenicStrength":11,"Vajra":5,"Pen Nib":12,"PreservedInsect":14,"Art of War":4,"Juzu Bracelet":15,"Cursed Key":8,"Unceasing Top":15,"Ring of the Snake":0},{"Golden Idol":10,"MutagenicStrength":60,"Vajra":25,"Pen Nib":69,"PreservedInsect":86,"Art of War":19,"Juzu Bracelet":91,"Cursed Key":47,"Unceasing Top":91,"Ring of the Snake":0}],"Unceasing Top":[12],"Ring of the Snake":[32]},"card_choices":[{"not_picked":["Slice","Deflect"],"picked":"Leg Sweep","floor":1.0},{"not_picked":["Deflect","Bane"],"picked":"Predator","floor":2.0},{"not_picked":["Expertise","Deadly Poison"],"picked":"Blade Dance","floor":5.0},{"not_picked":["Setup","Catalyst"],"picked":"Footwork","floor":7.0},{"not_picked":["Dagger Spray","All Out Attack"],"picked":"Blade Dance","floor":8.0},{"not_picked":["Flying Knee","Catalyst"],"picked":"Dodge and Roll","floor":11.0},{"not_picked":["Tactician","Dagger Spray"],"picked":"Outmaneuver","floor":14.0},{"not_picked":["Wraith Form v2","Die Die Die"],"picked":"Phantasmal Killer","floor":16.0},{"not_picked":["Dagger Spray","Deflect"],"picked":"Dodge and Roll","floor":18.0},{"not_picked":["Crippling Poison","Dodge and Roll","Slice"],"picked":"SKIP","floor":19.0},{"not_picked":["Prepared","Dagger Spray"],"picked":"Calculated Gamble","floor":20.0},{"not_picked":["Expertise","Sucker Punch"],"picked":"Backflip","floor":23.0},{"not_picked":["Masterful Stab","Sucker Punch+1"],"picked":"Blade Dance+1","floor":24.0},{"not_picked":["Bouncing Flask","Dash"],"picked":"Blur","floor":25.0},{"not_picked":["PiercingWail","Dagger Throw","Corpse Explosion"],"picked":"SKIP","floor":29}],"player_experience":3101888,"relics_obtained":[{"floor":7.0,"key":"Art of War"},{"floor":9.0,"key":"Vajra"},{"floor":23.0,"key":"Pen Nib"},{"floor":25.0,"key":"PreservedInsect"},{"floor":29,"key":"Juzu Bracelet"},{"floor":31,"key":"Unceasing Top"}],"event_choices":[{"damage_healed":0.0,"max_hp_gain":5.0,"max_hp_loss":0.0,"gold_gain":0.0,"event_name":"Big Fish","player_choice":"Donut","floor":3.0,"gold_loss":0.0,"damage_taken":0.0},{"damage_healed":0.0,"max_hp_gain":0.0,"max_hp_loss":7.0,"gold_gain":0.0,"event_name":"Golden Idol","player_choice":"Lose Max HP","floor":4.0,"gold_loss":0.0,"damage_taken":0.0,"relics_obtained":["Golden Idol"]},{"damage_healed":0.0,"max_hp_gain":0.0,"max_hp_loss":0.0,"gold_gain":0.0,"event_name":"Drug Dealer","player_choice":"Inject Mutagens","floor":21.0,"gold_loss":0.0,"damage_taken":0.0,"relics_obtained":["MutagenicStrength"]},{"damage_healed":0.0,"max_hp_gain":0.0,"max_hp_loss":0.0,"gold_gain":0.0,"event_name":"The Joust","player_choice":"Bet on Murderer","floor":22.0,"gold_loss":50.0,"damage_taken":0.0}],"is_beta":false,"boss_relics":[{"not_picked":["Empty Cage","Fusion Hammer"],"picked":"Cursed Key"}],"items_purged_floors":[13,28],"is_endless":false,"potions_floor_spawned":[7,8,11,18,25,29],"killed_by":"Collector","ascension_level":20}}