{"host":"bgyhjzqafgkxdxsh","time":1612666349,"event":{"mods":["BaseMod","Colored Map","Minty Spire (QoL Compilation)","Relic Stats","StSLib","everything is the same but u backflip on backflip"],"gold_per_floor":[114,114,133,152,77,77,96,134,209,209,247,247,266,285,285,285,285],"floor_reached":16,"language":"ENG","playtime":901,"items_purged":["Strike_G"],"score":112,"play_id":"5d976fbb-d1a9-4634-a9a9-b24b82efdfcf","local_time":"20210207125229","daily_mods":["Heirloom","ControlledChaos","Lethality"],"is_ascension_mode":false,"campfire_choices":[{"data":"Neutralize","floor":6,"key":"SMITH"},{"data":"Prepared","floor":10,"key":"SMITH"},{"floor":15,"key":"REST"}],"circlet_count":0,"master_deck":["Strike_G","Strike_G","Strike_G","Strike_G","Defend_G","Defend_G","Defend_G","Defend_G","Defend_G","Survivor","Neutralize+1","Prepared","Prepared+1","Outmaneuver","Acrobatics","Flying Knee","Backstab","Acrobatics"],"relics":["Ring of the Snake","Frozen Eye","Thread and Needle","Golden Idol","Bird Faced Urn","Matryoshka","Boot"],"acts_visited":["Exordium"],"potions_floor_usage":[13,14,16],"damage_taken":[{"damage":0,"enemies":"2 Louse","floor":1,"turns":3},{"damage":0,"enemies":"Jaw Worm","floor":3,"turns":3},{"damage":0,"enemies":"Cultist","floor":4,"turns":2},{"damage":0,"enemies":"Looter","floor":7,"turns":3},{"damage":25,"enemies":"Lagavulin","floor":8,"turns":7},{"damage":8,"enemies":"Gremlin Nob","floor":11,"turns":3},{"damage":19,"enemies":"Gremlin Gang","floor":13,"turns":3},{"damage":0,"enemies":"Red Slaver","floor":14,"turns":3},{"damage":30,"enemies":"The Guardian","floor":16,"turns":6}],"seed_played":"8884597751285247366","potions_obtained":[{"floor":3,"key":"SneckoOil"},{"floor":7,"key":"DuplicationPotion"},{"floor":14,"key":"CultistPotion"}],"is_trial":false,"path_per_floor":["M","?","M","M","$","R","M","E","T","R","E","?","M","M","R","B"],"character_chosen":"THE_SILENT","items_purchased":[],"campfire_rested":1,"item_purchase_floors":[],"current_hp_per_floor":[70,53,53,53,53,53,53,28,28,28,20,20,1,1,22,0,0],"gold":285,"neow_bonus":"","is_daily":true,"chose_seed":false,"campfire_upgraded":2,"win_rate":0.0,"timestamp":1612666349,"path_taken":["M","?","M","M","$","R","M","E","T","R","E","?","M","?","R","BOSS"],"items_purchased_type":[],"build_version":"2020-12-22","purchased_purges":1,"victory":false,"max_hp_per_floor":[70,70,70,70,70,70,70,70,70,70,70,70,70,70,70,70,70],"relic_stats":{"counters":[9,33],"Golden Idol":36,"Bird Faced Urn":[6],"Boot":[0],"obtain_stats":[{"Frozen Eye":0,"Matryoshka":9,"Golden Idol":2,"Bird Faced Urn":8,"Thread and Needle":0,"Boot":11,"Ring of the Snake":0},{"Frozen Eye":0,"Matryoshka":5,"Golden Idol":1,"Bird Faced Urn":5,"Thread and Needle":0,"Boot":6,"Ring of the Snake":0},{"Frozen Eye":0,"Matryoshka":18,"Golden Idol":3,"Bird Faced Urn":18,"Thread and Needle":0,"Boot":21,"Ring of the Snake":0}],"Ring of the Snake":[18]},"card_choices":[{"not_picked":["Dodge and Roll","Deflect"],"picked":"Prepared","floor":1},{"not_picked":["Eviscerate","Deflect"],"picked":"Prepared","floor":3},{"not_picked":["PiercingWail","Dodge and Roll"],"picked":"Outmaneuver","floor":4},{"not_picked":["Dagger Throw","Sucker Punch"],"picked":"Acrobatics","floor":7},{"not_picked":["Deflect","Quick Slash"],"picked":"Flying Knee","floor":8},{"not_picked":["A Thousand Cuts","Reflex","Underhanded Strike"],"picked":"SKIP","floor":11},{"not_picked":["Choke","Flying Knee"],"picked":"Backstab","floor":13},{"not_picked":["Flying Knee","Quick Slash"],"picked":"Acrobatics","floor":14}],"player_experience":465748,"relics_obtained":[{"floor":8,"key":"Bird Faced Urn"},{"floor":9,"key":"Matryoshka"},{"floor":11,"key":"Boot"}],"event_choices":[{"damage_healed":0,"gold_gain":0,"player_choice":"Take Damage","damage_taken":17,"relics_obtained":["Golden Idol"],"max_hp_gain":0,"max_hp_loss":0,"event_name":"Golden Idol","floor":2,"gold_loss":0},{"damage_healed":0,"gold_gain":0,"player_choice":"Ignored","damage_taken":0,"max_hp_gain":0,"max_hp_loss":0,"event_name":"Liars Game","floor":12,"gold_loss":0}],"is_beta":false,"boss_relics":[],"items_purged_floors":[5],"is_endless":false,"potions_floor_spawned":[3,7,14],"killed_by":"The Guardian","ascension_level":0}}