{"host":"jumrmhf584hajrnz","time":1612717893,"event":{"mods":["BaseMod","Duelist Mod","GifTheSpireLib","Minty Spire (QoL Compilation)","Quick Restart","StSLib"],"gold_per_floor":[145,145,145,208,258,258,290,290,315,348,348,361,411,438,438,516,516,534,547,647,697,717,717,682,716,716,610,620,620,637,664,664,739,739,757,767,817,837,899,525,525,545,545,545,545],"floor_reached":44,"language":"ENG","playtime":2635,"items_purged":[],"score":1007,"play_id":"08073e88-ad63-4de5-bc54-cfe28ef89c54","local_time":"20210207181133","is_ascension_mode":true,"campfire_choices":[{"floor":6,"key":"RECALL"},{"floor":8,"key":"REST"},{"floor":11,"key":"REST"},{"data":"theDuelist:TwilightRoseKnight","floor":15,"key":"SMITH"},{"floor":23,"key":"REST"},{"floor":29,"key":"REST"},{"floor":32,"key":"REST"},{"floor":41,"key":"REST"}],"circlet_count":0,"master_deck":["theDuelist:AngelTrumpeter","AscendersBane","theDuelist:CactusBouncer","theDuelist:CastleWalls","theDuelist:CastleWalls","theDuelist:DarkworldThorns","theDuelist:Inmato","theDuelist:JerryBeansMan","theDuelist:JerryBeansMan","theDuelist:PredaplantChimerafflesia+1","theDuelist:NaturiaEggplant","theDuelist:DunamesDarkWitch","theDuelist:NaturiaEggplant","theDuelist:AngelTrumpeter","theDuelist:TwilightRoseKnight+1","theDuelist:PredaplantPterapenthes+1","theDuelist:KamionTimelord","theDuelist:Polymerization+1","theDuelist:HappyLover+1","theDuelist:CrystalRose+1","theDuelist:PreventRat+1","theDuelist:ThornMalice+1","theDuelist:PredaplantFlytrap+1","theDuelist:BlackRoseMoonlight+1","theDuelist:WhiteRoseDragon+1","theDuelist:BlackRoseMoonlight+1","theDuelist:RoseWitch+1","theDuelist:PotGreed+1","theDuelist:VioletCrystal+1","theDuelist:LonefireBlossom+1","theDuelist:Sparks+1","theDuelist:Sparks","theDuelist:AssaultArmor"],"relics":["theDuelist:MillenniumPuzzle","theDuelist:CardPoolRelic","theDuelist:CardPoolBasicRelic","theDuelist:BoosterPackPoolRelic","theDuelist:CardPoolAddRelic","theDuelist:CardPoolMinusRelic","theDuelist:CardPoolSaveRelic","theDuelist:CardPoolOptionsRelic","SsserpentHead","Pear","StoneCalendar","Toxic Egg 2","Cables","theDuelist:HauntedRelic","InkBottle","theDuelist:MonsterEggRelic","theDuelist:MillenniumRod","theDuelist:MillenniumRod","theDuelist:MetronomeRelicB","Sozu","Eternal Feather","Bird Faced Urn"],"acts_visited":["Exordium","TheCity","TheBeyond"],"potions_floor_usage":[7,16],"damage_taken":[{"damage":11,"enemies":"Small Slimes","floor":1,"turns":3},{"damage":0,"enemies":"Cultist","floor":4,"turns":2},{"damage":28,"enemies":"Gremlin Nob","floor":7,"turns":4},{"damage":24,"enemies":"Lagavulin","floor":10,"turns":6},{"damage":0,"enemies":"2 Louse","floor":12,"turns":2},{"damage":7,"enemies":"3 Sentries","floor":14,"turns":6},{"damage":16,"enemies":"Hexaghost","floor":16,"turns":7},{"damage":9,"enemies":"3 Byrds","floor":18,"turns":3},{"damage":0,"enemies":"2 Thieves","floor":19,"turns":2},{"damage":27,"enemies":"Centurion and Healer","floor":22,"turns":4},{"damage":30,"enemies":"Slavers","floor":25,"turns":5},{"damage":0,"enemies":"Snake Plant","floor":28,"turns":2},{"damage":0,"enemies":"Snecko","floor":30,"turns":4},{"damage":0,"enemies":"Gremlin Leader","floor":31,"turns":4},{"damage":48,"enemies":"Automaton","floor":33,"turns":8},{"damage":12,"enemies":"3 Shapes","floor":35,"turns":3},{"damage":7,"enemies":"3 Darklings","floor":36,"turns":3},{"damage":28,"enemies":"Jaw Worm Horde","floor":38,"turns":4},{"damage":0,"enemies":"Transient","floor":39,"turns":6},{"damage":0,"enemies":"4 Shapes","floor":42,"turns":4},{"damage":55,"enemies":"Reptomancer","floor":44,"turns":4}],"seed_played":"3074868927135761952","potions_obtained":[{"floor":4,"key":"theDuelist:WhiteBottle"},{"floor":10,"key":"Weak Potion"},{"floor":19,"key":"theDuelist:BottledKuriboh"},{"floor":28,"key":"theDuelist:TokenPotionB"},{"floor":33,"key":"theDuelist:MegaupgradePotion"}],"is_trial":false,"path_per_floor":["M","?","$","M","?","R","E","R","T","E","R","M","T","E","R","B",null,"M","M","?","?","M","R","?","E","T","?","M","R","M","E","R","B",null,"M","M","?","M","M","$","R","M","T","E"],"character_chosen":"THE_DUELIST","items_purchased":["Eternal Feather","theDuelist:PotGreed+1"],"campfire_rested":6,"item_purchase_floors":[40,40],"current_hp_per_floor":[52,52,52,52,52,52,34,55,55,31,52,52,52,45,45,29,62,53,53,53,53,26,47,47,17,17,17,17,38,38,38,59,14,58,46,39,39,11,11,11,50,50,50,0,0],"gold":545,"neow_bonus":"THREE_RARE_CARDS","is_daily":false,"chose_seed":false,"campfire_upgraded":1,"win_rate":0.0,"timestamp":1612717893,"path_taken":["M","?","$","?","?","R","E","R","T","E","R","M","?","E","R","BOSS","M","M","?","?","M","R","?","E","T","?","M","R","M","E","R","BOSS","M","M","?","M","?","$","R","M","T","E"],"items_purchased_type":["Relic","Card"],"build_version":"2020-12-22","purchased_purges":0,"victory":false,"max_hp_per_floor":[63,63,63,63,63,63,73,73,73,73,73,73,73,73,73,73,73,73,73,73,73,73,73,73,73,73,73,73,73,73,73,73,73,73,73,73,73,73,73,73,73,73,73,73,73],"card_choices":[{"not_picked":["theDuelist:QueenAngelRoses","theDuelist:HeartUnderdog"],"picked":"theDuelist:PredaplantChimerafflesia","floor":0},{"not_picked":["theDuelist:BotanicalLion","theDuelist:CactusBouncer","theDuelist:JerryBeansMan","theDuelist:WorldCarrot"],"picked":"theDuelist:NaturiaEggplant","floor":1},{"not_picked":["theDuelist:CactusBouncer","theDuelist:Firegrass","theDuelist:PredaplantChlamydosundew","theDuelist:CheerfulCoffin"],"picked":"theDuelist:DunamesDarkWitch","floor":4},{"not_picked":["theDuelist:BotanicalLion","theDuelist:CactusBouncer","theDuelist:JerryBeansMan","theDuelist:VenomShot"],"picked":"theDuelist:NaturiaEggplant","floor":7},{"not_picked":["theDuelist:NaturiaEggplant","theDuelist:BotanicalLion","theDuelist:CactusBouncer","theDuelist:JerryBeansMan"],"picked":"theDuelist:AngelTrumpeter","floor":10},{"not_picked":["theDuelist:WormApocalypse","theDuelist:DarkworldThorns","theDuelist:SangaEarth","theDuelist:GoblinSecret"],"picked":"theDuelist:TwilightRoseKnight","floor":12},{"not_picked":["theDuelist:BotanicalLion","theDuelist:Invigoration+1","theDuelist:DarkworldThorns+1","theDuelist:SangaEarth"],"picked":"theDuelist:PredaplantPterapenthes+1","floor":14},{"not_picked":["theDuelist:DunamesDarkWitch+1","theDuelist:Eva+1","theDuelist:HappyLover+1","theDuelist:MaleficRainbowDragon"],"picked":"theDuelist:KamionTimelord","floor":16},{"not_picked":["theDuelist:CastleWalls+1","theDuelist:Sparks"],"picked":"theDuelist:Polymerization+1","floor":18},{"not_picked":["theDuelist:GoblinSecret","theDuelist:WorldTree","theDuelist:SplendidRose"],"picked":"theDuelist:VioletCrystal","floor":19},{"not_picked":["theDuelist:DunamesDarkWitch+1","theDuelist:Eva+1","theDuelist:MaleficRainbowDragon+1","theDuelist:KamionTimelord"],"picked":"theDuelist:HappyLover+1","floor":22},{"not_picked":["theDuelist:DunamesDarkWitch+1","theDuelist:MaleficRainbowDragon","theDuelist:MudGolem","theDuelist:KamionTimelord+1"],"picked":"theDuelist:CrystalRose+1","floor":25},{"not_picked":["theDuelist:BattleOx","theDuelist:BlackPendant+1","theDuelist:GilfordLegend","theDuelist:PotDichotomy+1"],"picked":"theDuelist:PreventRat+1","floor":28},{"not_picked":["theDuelist:BottomlessTrapHole","theDuelist:AcidTrapHole","theDuelist:SuperSolarNutrient+1","theDuelist:PotDuality+1"],"picked":"theDuelist:ThornMalice+1","floor":30},{"not_picked":["theDuelist:JerryBeansMan","theDuelist:PredaplantPterapenthes+1","theDuelist:WormApocalypse+1","theDuelist:AngelTrumpeter"],"picked":"theDuelist:PredaplantFlytrap+1","floor":31},{"not_picked":["theDuelist:PoisonousWinds+1","theDuelist:PoisonFangs","theDuelist:BlossomBombardment+1","theDuelist:QueenAngelRoses+1"],"picked":"theDuelist:BlackRoseMoonlight+1","floor":33},{"not_picked":["theDuelist:JerryBeansMan","theDuelist:PredaplantPterapenthes+1","theDuelist:BattleFusion+1","theDuelist:SuperSolarNutrient+1"],"picked":"theDuelist:WhiteRoseDragon+1","floor":35},{"not_picked":["theDuelist:NaturiaStrawberry+1","theDuelist:ThornMalice+1","theDuelist:RosePaladin","theDuelist:MiracleFertilizer+1"],"picked":"theDuelist:BlackRoseMoonlight+1","floor":36},{"not_picked":["theDuelist:GridRod","theDuelist:GracefulCharity+1","theDuelist:ThornMalice+1","theDuelist:WorldTree"],"picked":"theDuelist:AssaultArmor","floor":38},{"not_picked":["theDuelist:JerryBeansMan","theDuelist:DunamesDarkWitch+1","theDuelist:CactusBouncer","theDuelist:WhiteRoseDragon+1"],"picked":"theDuelist:RoseWitch+1","floor":39},{"not_picked":["theDuelist:JerryBeansMan","theDuelist:CactusBouncer+1","theDuelist:CheerfulCoffin+1","theDuelist:Inmato+1"],"picked":"theDuelist:LonefireBlossom+1","floor":42}],"player_experience":1718897,"relics_obtained":[{"floor":7,"key":"Pear"},{"floor":10,"key":"StoneCalendar"},{"floor":13,"key":"Toxic Egg 2"},{"floor":14,"key":"Cables"},{"floor":25,"key":"theDuelist:MonsterEggRelic"},{"floor":26,"key":"theDuelist:MillenniumRod"},{"floor":31,"key":"theDuelist:MetronomeRelicB"},{"floor":43,"key":"Bird Faced Urn"}],"event_choices":[{"damage_healed":0,"gold_gain":0,"player_choice":"Trade","damage_taken":0,"relics_obtained":["SsserpentHead"],"max_hp_gain":0,"max_hp_loss":0,"event_name":"FaceTrader","floor":2,"gold_loss":0},{"damage_healed":0,"gold_gain":0,"player_choice":"Grow","damage_taken":0,"max_hp_gain":0,"max_hp_loss":0,"event_name":"Living Wall","floor":5,"gold_loss":0,"cards_upgraded":["theDuelist:PredaplantChimerafflesia"]},{"damage_healed":0,"gold_gain":50,"player_choice":"Stole From Cult","damage_taken":0,"max_hp_gain":0,"max_hp_loss":0,"event_name":"Nest","floor":20,"gold_loss":0},{"damage_healed":0,"gold_gain":0,"player_choice":"Ignored","damage_taken":0,"max_hp_gain":0,"max_hp_loss":0,"event_name":"Vampires","floor":21,"gold_loss":0},{"damage_healed":0,"gold_gain":0,"player_choice":"Obtained Relic","damage_taken":0,"relics_obtained":["InkBottle"],"max_hp_gain":0,"max_hp_loss":0,"event_name":"Addict","floor":24,"gold_loss":85},{"damage_healed":0,"gold_gain":0,"player_choice":"Duplicated Relic - Millennium Rod","duelist":true,"damage_taken":0,"max_hp_gain":0,"max_hp_loss":0,"event_name":"Relic Duplicator","floor":27,"gold_loss":0},{"damage_healed":0,"gold_gain":0,"player_choice":"Leave","duelist":true,"damage_taken":0,"max_hp_gain":0,"max_hp_loss":0,"event_name":"Visit from Anubis","floor":37,"gold_loss":0}],"is_beta":false,"boss_relics":[{"not_picked":["Tiny House","Pandora\u0027s Box"],"picked":"theDuelist:HauntedRelic"},{"not_picked":["Empty Cage","Black Star"],"picked":"Sozu"}],"items_purged_floors":[],"is_endless":false,"potions_floor_spawned":[4,10,19,28,31,33,35,38,39],"killed_by":"Reptomancer","ascension_level":20}}