{"host":"wuernuywc9gl215o","time":1612735831,"event":{"mods":["AchievementEnabler","BaseMod","Block Reminder","Highlight Path","Key Reminder","Minty Spire (QoL Compilation)","Permanent Neow","Potion Indicator Mod","Quick Restart","Relic Stats"],"gold_per_floor":[115,115,134,148,158,158,193,193,193,227,243,268,286,301,301,301,301],"floor_reached":16,"language":"ENG","playtime":1027,"items_purged":[],"score":248,"play_id":"13f5e3b3-aa23-420b-9a62-2921025c4735","local_time":"20210207221031","is_ascension_mode":true,"campfire_choices":[{"data":"Blood for Blood","floor":6.0,"key":"SMITH"},{"floor":8.0,"key":"REST"},{"floor":15.0,"key":"REST"}],"circlet_count":0,"master_deck":["AscendersBane","Strike_R","Strike_R","Strike_R","Strike_R","Strike_R","Defend_R","Defend_R","Defend_R","Defend_R","Bash","Anger","Clash","Sword Boomerang","Blood for Blood+1","Flame Barrier","Impervious","Armaments","Battle Trance","Inflame"],"relics":["Black Star","Oddly Smooth Stone","Kunai","Boot","Gambling Chip","HornCleat","Blood Vial","InkBottle"],"acts_visited":["Exordium"],"potions_floor_usage":[16,16],"damage_taken":[{"damage":2.0,"enemies":"Cultist","floor":1.0,"turns":4.0},{"damage":2.0,"enemies":"Jaw Worm","floor":3.0,"turns":4.0},{"damage":0.0,"enemies":"2 Louse","floor":4.0,"turns":2.0},{"damage":0.0,"enemies":"Red Slaver","floor":5.0,"turns":3.0},{"damage":30.0,"enemies":"Lagavulin","floor":7.0,"turns":6.0},{"damage":32.0,"enemies":"Gremlin Nob","floor":10.0,"turns":4.0},{"damage":0.0,"enemies":"Lots of Slimes","floor":11.0,"turns":4.0},{"damage":20.0,"enemies":"3 Sentries","floor":12.0,"turns":8.0},{"damage":2.0,"enemies":"Gremlin Gang","floor":13.0,"turns":4.0},{"damage":1.0,"enemies":"Looter","floor":14.0,"turns":4.0},{"damage":31,"enemies":"Hexaghost","floor":16,"turns":10}],"seed_played":"1157004909398471232","potions_obtained":[{"floor":2.0,"key":"Ancient Potion"},{"floor":2.0,"key":"ColorlessPotion"},{"floor":7.0,"key":"SteroidPotion"},{"floor":11.0,"key":"BlessingOfTheForge"},{"floor":12.0,"key":"CultistPotion"},{"floor":13.0,"key":"EssenceOfSteel"},{"floor":14.0,"key":"FearPotion"}],"is_trial":false,"path_per_floor":["M","?","M","M","M","R","E","R","T","E","M","E","M","M","R","B"],"character_chosen":"IRONCLAD","items_purchased":[],"campfire_rested":2,"item_purchase_floors":[],"current_hp_per_floor":[66,66,64,64,64,64,34,56,56,24,24,4,4,5,27,0,0],"gold":301,"neow_bonus":"BOSS_RELIC","is_daily":false,"chose_seed":false,"campfire_upgraded":1,"win_rate":0.0,"timestamp":1612735831,"path_taken":["M","?","M","M","M","R","E","R","T","E","M","E","?","?","R","BOSS"],"items_purchased_type":[],"build_version":"2020-12-22","purchased_purges":0,"victory":false,"max_hp_per_floor":[75,75,75,75,75,75,75,75,75,75,75,75,75,75,75,75,75],"relic_stats":{"Blood Vial":6,"counters":[11,53],"Gambling Chip":[7],"Black Star":3,"Kunai":[3],"Boot":[30],"obtain_stats":[{"Blood Vial":12,"HornCleat":10,"Gambling Chip":10,"Oddly Smooth Stone":7,"Black Star":0,"Kunai":7,"Boot":9,"Burning Blood":0,"InkBottle":12},{"Blood Vial":8,"HornCleat":6,"Gambling Chip":6,"Oddly Smooth Stone":5,"Black Star":0,"Kunai":5,"Boot":5,"Burning Blood":0,"InkBottle":8},{"Blood Vial":35,"HornCleat":23,"Gambling Chip":23,"Oddly Smooth Stone":19,"Black Star":0,"Kunai":19,"Boot":19,"Burning Blood":0,"InkBottle":35}],"InkBottle":[4]},"card_choices":[{"not_picked":["True Grit","Armaments"],"picked":"Anger","floor":1.0},{"not_picked":["Thunderclap","Warcry"],"picked":"Clash","floor":3.0},{"not_picked":["Intimidate","Infernal Blade"],"picked":"Sword Boomerang","floor":4.0},{"not_picked":["Intimidate","Cleave"],"picked":"Blood for Blood","floor":5.0},{"not_picked":["Havoc","Clothesline"],"picked":"Flame Barrier","floor":7.0},{"not_picked":["Anger","True Grit"],"picked":"Impervious","floor":10.0},{"not_picked":["Thunderclap","Combust"],"picked":"Armaments","floor":11.0},{"not_picked":["Metallicize","Power Through"],"picked":"Battle Trance","floor":12.0},{"not_picked":["Seeing Red","Heavy Blade"],"picked":"Inflame","floor":13.0},{"not_picked":["Clothesline","Anger","Dark Embrace"],"picked":"SKIP","floor":14.0}],"player_experience":867185,"relics_obtained":[{"floor":7.0,"key":"Oddly Smooth Stone"},{"floor":7.0,"key":"Kunai"},{"floor":9.0,"key":"Boot"},{"floor":10.0,"key":"Gambling Chip"},{"floor":10.0,"key":"HornCleat"},{"floor":12.0,"key":"Blood Vial"},{"floor":12.0,"key":"InkBottle"}],"event_choices":[{"damage_healed":0.0,"max_hp_gain":0.0,"max_hp_loss":0.0,"gold_gain":0.0,"event_name":"Lab","player_choice":"Got Potions","floor":2.0,"gold_loss":0.0,"damage_taken":0.0}],"is_beta":false,"boss_relics":[],"items_purged_floors":[],"is_endless":false,"potions_floor_spawned":[3,7,11,12,13,14],"killed_by":"Hexaghost","ascension_level":20}}