{"host":"knspyp6dy614fx6e","time":1612686952,"event":{"mods":["ATMod(°¢èªMod)","Aspiration","BaseMod","Bestiary","Better Altar","Better Skull","Better Third Choice","Block Reminder","Card Filter","Conspire","DeckTracker","Dota2Spire","Energized Spire","Jedi Mod","Minty Spire (QoL Compilation)","Monster B Gone","Quick Restart","Relic Filter Mod","Relic Stats","Reliquary","Replay The Spire","Shop Mod","Spicy Shops","StSLib","TestMod","Waifu the Spire","Weighted Paths","¡¾ÒÅÎï¿¨ÅÆ¡¿REMEMod"],"gold_per_floor":[112,131,144,156,231,231,231,262,262,262,17,28,39,53,53,156,156,166,67,67,67,67,102,102,102,102,113,137,152,152,180,180,193,193,289,339,350,391,437,453,469,469,483,498,523,551,551,569,588,120,120,120,120,120,18,49,49],"floor_reached":58,"language":"ZHS","playtime":2945,"items_purged":["Strike_R","Havoc","Havoc","REME_TheLastStrike"],"score":1308,"play_id":"f7042e3c-74bb-4214-9c37-a39c0d40e7e4","local_time":"20210207163552","is_ascension_mode":false,"campfire_choices":[{"data":"Carnage","floor":6.0,"key":"SMITH"},{"data":"Battle Trance","floor":10.0,"key":"SMITH"},{"data":"conspire:Banana","floor":30.0,"key":"SMITH"},{"data":"Brutality","floor":32.0,"key":"SMITH"},{"data":"Evolve","floor":34.0,"key":"SMITH"},{"data":"True Grit","floor":42.0,"key":"SMITH"},{"floor":51,"key":"RECALL"},{"data":"Armaments","floor":54,"key":"SMITH"}],"circlet_count":0,"master_deck":["Bash","Carnage+1","Battle Trance+1","Evolve+1","REME_FearOfPain+1","conspire:Banana+1","Metallicize","Exhume","Offering+1","Thunderclap+1","Clash+1","Hemokinesis+1","Seeing Red","Brutality+1","Rupture","Second Wind","Ghostly Armor","AT_Dispersion","Heavy Blade+1","Feel No Pain","True Grit+1","Warcry+1","Dark Embrace","Warcry+1","Limit Break","Armaments+1","Double Tap","Sentinel+1"],"relics":["Burning Blood","Mummified Hand","Ice Cream","Enchiridion","Ring of Peace","Turnip","MealTicket","Akabeko","Champion Belt","Bronze Scales","Smiling Mask","Lantern","MerchantsRug","Gambling Chip"],"acts_visited":["TheCity","TheBeyond","TheEnding"],"potions_floor_usage":[52,52],"damage_taken":[{"damage":10.0,"enemies":"Small Slimes","floor":1.0,"turns":3.0},{"damage":1.0,"enemies":"2 Louse","floor":2.0,"turns":3.0},{"damage":6.0,"enemies":"Jaw Worm","floor":3.0,"turns":3.0},{"damage":7.0,"enemies":"Exordium Wildlife","floor":4.0,"turns":6.0},{"damage":33.0,"enemies":"3 Sentries","floor":8.0,"turns":6.0},{"damage":8.0,"enemies":"Gremlin Gang","floor":12.0,"turns":5.0},{"damage":6.0,"enemies":"Exordium Thugs","floor":13.0,"turns":2.0},{"damage":5.0,"enemies":"Red Slaver","floor":14.0,"turns":3.0},{"damage":38.0,"enemies":"The Guardian","floor":16.0,"turns":9.0},{"damage":6.0,"enemies":"Spheric Guardian","floor":18.0,"turns":1.0},{"damage":18.0,"enemies":"Gremlin Leader","floor":23.0,"turns":4.0},{"damage":7.0,"enemies":"Chosen","floor":27.0,"turns":3.0},{"damage":17.0,"enemies":"Shelled Parasite and Fungi","floor":29.0,"turns":3.0},{"damage":20.0,"enemies":"conspire:Head Lice","floor":31.0,"turns":3.0},{"damage":14.0,"enemies":"conspire:HollyBat","floor":33.0,"turns":4.0},{"damage":44.0,"enemies":"Automaton","floor":35.0,"turns":8.0},{"damage":5.0,"enemies":"3 Shapes","floor":37.0,"turns":2.0},{"damage":15.0,"enemies":"Orb Walker","floor":38.0,"turns":3.0},{"damage":11.0,"enemies":"2 Orb Walkers","floor":39.0,"turns":4.0},{"damage":10.0,"enemies":"Writhing Mass","floor":40.0,"turns":3.0},{"damage":12.0,"enemies":"Spire Growth","floor":41.0,"turns":4.0},{"damage":9.0,"enemies":"4 Shapes","floor":43.0,"turns":2.0},{"damage":14.0,"enemies":"Maw","floor":44.0,"turns":6.0},{"damage":26.0,"enemies":"Giant Head","floor":46.0,"turns":7.0},{"damage":11,"enemies":"Sphere and 2 Shapes","floor":48,"turns":2},{"damage":12,"enemies":"3 Darklings","floor":49,"turns":3},{"damage":52,"enemies":"Donu and Deca","floor":52,"turns":6},{"damage":22,"enemies":"Shield and Spear","floor":56,"turns":4},{"damage":59,"enemies":"The Heart","floor":57,"turns":7}],"seed_played":"-285717268708338022","potions_obtained":[{"floor":4.0,"key":"Swift Potion"},{"floor":8.0,"key":"Strength Potion"},{"floor":12.0,"key":"FearPotion"},{"floor":14.0,"key":"Weak Potion"},{"floor":29.0,"key":"Dota2Spire:Clarity"},{"floor":31.0,"key":"SpeedPotion"},{"floor":33.0,"key":"LifebloodPotion"},{"floor":35.0,"key":"jedi:StrikingPotion"},{"floor":36.0,"key":"Flashbang"},{"floor":37.0,"key":"REME_GoldPotion"},{"floor":38.0,"key":"Dexterity Potion"},{"floor":40.0,"key":"SkillPotion"},{"floor":44.0,"key":"DistilledChaos"},{"floor":48,"key":"Milkshake"}],"is_trial":false,"path_per_floor":["M","M","M","M","?","R","?","E","T","R","$","M","M","M","R","B",null,"M","$","?","?","?","E","T","PTL","PTL","M","T","M","R","E","R","M","R","B",null,"M","M","?","M","M","R","M","M","T","E","?","M","M","$","R","B",null,"R","$","E","B",null],"character_chosen":"IRONCLAD","items_purchased":["conspire:Banana","Metallicize","Fruit Juice","Whetstone","Lantern","MerchantsRug","Double Tap","BloodPotion","Sentinel+1"],"campfire_rested":0,"item_purchase_floors":[11,11,19,50,50,50,50,50,55],"current_hp_per_floor":[84,88,88,87,76,76,58,31,31,31,31,30,32,35,62,32,95,96,101,101,85,85,74,74,74,74,75,75,65,65,55,55,51,51,15,120,124,117,116,114,112,112,113,109,109,93,93,88,86,101,101,90,156,156,156,142,91],"gold":49,"neow_bonus":"TEN_PERCENT_HP_BONUS","is_daily":false,"chose_seed":false,"campfire_upgraded":7,"win_rate":0.0,"timestamp":1612686952,"path_taken":["M","M","M","M","?","R","?","E","T","R","$","M","M","M","R","BOSS","M","$","?","?","?","E","?","PTL","PTL","M","T","M","R","E","R","M","R","BOSS","M","M","?","M","M","R","M","M","T","E","?","?","M","$","R","BOSS","R","$","E","BOSS"],"items_purchased_type":["Card","Card","Potion","Relic","Relic","Relic","Card","Potion","Card"],"build_version":"2020-12-22","purchased_purges":4,"victory":true,"max_hp_per_floor":[88,88,88,88,88,88,88,88,88,88,88,89,91,93,93,95,95,96,101,101,101,101,102,102,102,102,104,104,105,105,109,109,113,113,115,120,124,126,130,132,136,136,140,144,144,148,148,148,152,152,152,156,156,156,156,158,160],"relic_stats":{"counters":[28,116],"Mummified Hand":[172],"Bronze Scales":[135],"Gambling Chip":[4],"MealTicket":15,"Turnip":[5],"Champion Belt":[29],"Smiling Mask":225,"obtain_stats":[{"Ice Cream":9,"MerchantsRug":50,"Lantern":50,"Tiny House":36,"Enchiridion":21,"Whetstone":50,"Smiling Mask":46,"Burning Blood":0,"Akabeko":31,"Mummified Hand":8,"Ring of Peace":22,"Bronze Scales":45,"Gambling Chip":56,"Pandora\u0027s Box":17,"MealTicket":28,"Turnip":23,"Champion Belt":39},{"Ice Cream":4,"MerchantsRug":25,"Lantern":25,"Tiny House":15,"Enchiridion":9,"Whetstone":25,"Smiling Mask":23,"Burning Blood":0,"Akabeko":13,"Mummified Hand":4,"Ring of Peace":9,"Bronze Scales":22,"Gambling Chip":27,"Pandora\u0027s Box":8,"MealTicket":11,"Turnip":10,"Champion Belt":18},{"Ice Cream":18,"MerchantsRug":99,"Lantern":99,"Tiny House":63,"Enchiridion":38,"Whetstone":99,"Smiling Mask":94,"Burning Blood":0,"Akabeko":51,"Mummified Hand":18,"Ring of Peace":38,"Bronze Scales":87,"Gambling Chip":109,"Pandora\u0027s Box":37,"MealTicket":45,"Turnip":42,"Champion Belt":72}],"Burning Blood":166},"card_choices":[{"not_picked":["Wild Strike","Clash"],"picked":"Carnage","floor":1.0},{"not_picked":["Sword Boomerang","Clash"],"picked":"Battle Trance","floor":2.0},{"not_picked":["Heavy Blade","Flex"],"picked":"Evolve","floor":3.0},{"not_picked":["Pommel Strike","Headbutt"],"picked":"REME_FearOfPain","floor":4.0},{"not_picked":["Cleave","Pummel","Iron Wave"],"picked":"SKIP","floor":8.0},{"not_picked":["Armaments","Shrug It Off"],"picked":"Exhume","floor":12.0},{"not_picked":["Headbutt","Body Slam","Sever Soul"],"picked":"SKIP","floor":13.0},{"not_picked":["Wild Strike","Twin Strike"],"picked":"Offering","floor":14.0},{"not_picked":["Limit Break","Demon Form"],"picked":"REME_TheLastStrike","floor":16.0},{"not_picked":["Blood for Blood","Combust"],"picked":"Second Wind","floor":18.0},{"not_picked":["Uppercut","Perfected Strike","Offering"],"picked":"SKIP","floor":23.0},{"not_picked":["Clash","Wild Strike","Havoc"],"picked":"SKIP","floor":27.0},{"not_picked":["Clothesline+1","Thunderclap+1","Headbutt"],"picked":"SKIP","floor":29.0},{"not_picked":["Clash","Combust"],"picked":"Ghostly Armor","floor":31.0},{"not_picked":["Warcry","Flex","Heavy Blade"],"picked":"SKIP","floor":33.0},{"not_picked":["Warcry","Flex","Heavy Blade"],"picked":"SKIP","floor":33.0},{"not_picked":["Juggernaut","Impervious"],"picked":"AT_Dispersion","floor":35.0},{"not_picked":["Blood for Blood","Thunderclap"],"picked":"Heavy Blade+1","floor":36.0},{"not_picked":["Sever Soul+1","Combust"],"picked":"Feel No Pain","floor":37.0},{"not_picked":["Armaments","REME_Cut"],"picked":"True Grit","floor":38.0},{"not_picked":["Thunderclap+1","Evolve"],"picked":"Warcry+1","floor":40.0},{"not_picked":["Body Slam","Cleave+1","Pommel Strike"],"picked":"SKIP","floor":41.0},{"not_picked":["Perfected Strike+1","Spot Weakness+1","Clash+1"],"picked":"SKIP","floor":43.0},{"not_picked":["Flex","Dropkick+1"],"picked":"Dark Embrace","floor":44.0},{"not_picked":["Flex+1","Rampage+1"],"picked":"Warcry+1","floor":46.0},{"not_picked":["Flame Barrier+1","REME_FearOfPain","True Grit+1"],"picked":"SKIP","floor":48},{"not_picked":["Cleave","Iron Wave+1"],"picked":"Armaments","floor":49},{"not_picked":["Headbutt","Uppercut","Twin Strike"],"picked":"SKIP","floor":56}],"player_experience":341807,"relics_obtained":[{"floor":8.0,"key":"Mummified Hand"},{"floor":9.0,"key":"Ice Cream"},{"floor":21.0,"key":"Enchiridion"},{"floor":22.0,"key":"Ring of Peace"},{"floor":23.0,"key":"Turnip"},{"floor":28.0,"key":"MealTicket"},{"floor":31.0,"key":"Akabeko"},{"floor":39.0,"key":"Champion Belt"},{"floor":45.0,"key":"Bronze Scales"},{"floor":46.0,"key":"Smiling Mask"},{"floor":56,"key":"Gambling Chip"}],"event_choices":[{"damage_healed":0.0,"max_hp_gain":0.0,"max_hp_loss":0.0,"gold_gain":75.0,"event_name":"World of Goop","player_choice":"Gather Gold","floor":5.0,"gold_loss":0.0,"damage_taken":11.0},{"damage_healed":0.0,"max_hp_gain":0.0,"max_hp_loss":0.0,"gold_gain":0.0,"event_name":"Shining Light","player_choice":"Entered Light","floor":7.0,"gold_loss":0.0,"damage_taken":18.0,"cards_upgraded":["REME_FearOfPain","Defend_R"]},{"damage_healed":0.0,"max_hp_gain":0.0,"max_hp_loss":0.0,"gold_gain":0.0,"event_name":"conspire:Investor","player_choice":"Leave","floor":20.0,"gold_loss":0.0,"damage_taken":0.0},{"damage_healed":0.0,"max_hp_gain":0.0,"max_hp_loss":0.0,"gold_gain":0.0,"event_name":"Cursed Tome","player_choice":"Obtained Book","floor":21.0,"gold_loss":0.0,"damage_taken":16.0},{"damage_healed":0.0,"max_hp_gain":0.0,"max_hp_loss":0.0,"gold_gain":0.0,"event_name":"Mysterious Sphere","player_choice":"Fight","floor":39.0,"gold_loss":0.0,"damage_taken":0.0},{"damage_healed":0,"gold_gain":0,"player_choice":"1 cards matched","damage_taken":0,"max_hp_gain":0,"max_hp_loss":0,"event_name":"Match and Keep!","floor":47,"gold_loss":0,"cards_obtained":["Limit Break"]}],"is_beta":false,"boss_relics":[{"not_picked":["Runic Pyramid","Runic Cube"],"picked":"Pandora\u0027s Box"},{"not_picked":["Velvet Choker","SlaversCollar"],"picked":"Tiny House"}],"items_purged_floors":[11,50,50,55],"is_endless":false,"potions_floor_spawned":[4,8,12,14,29,31,33,35,37,38,39,40,44,48],"ascension_level":0}}