{"host":"8is2j71l4wmybkoi","time":1612707728,"event":{"mods":["AchievementEnabler","BaseMod","Colored Map","Minty Spire (QoL Compilation)","Rare Cards Sparkle","StSLib","SuperFastMode"],"gold_per_floor":[116,116,170,170,170,170,189,189,189,2,22,47,47,78,78,78,78],"floor_reached":16,"language":"KOR","playtime":476,"items_purged":["Defend_G"],"score":172,"play_id":"d41d8dcf-3213-4ab3-b47d-3766601088b9","local_time":"20210207232208","is_ascension_mode":true,"campfire_choices":[{"floor":6,"key":"REST"},{"data":"Cloak And Dagger","floor":8,"key":"SMITH"},{"data":"Bullet Time","floor":13,"key":"SMITH"},{"data":"Neutralize","floor":15,"key":"SMITH"}],"circlet_count":0,"master_deck":["AscendersBane","Strike_G","Strike_G","Strike_G","Defend_G","Defend_G","Defend_G","Survivor","Neutralize+1","Poisoned Stab+1","Well Laid Plans+1","Cloak And Dagger+1","PiercingWail","Bullet Time+1","Acrobatics","Quick Slash"],"relics":["Ring of the Snake","Omamori","Golden Idol","Eternal Feather","Membership Card","Ornamental Fan"],"acts_visited":["Exordium"],"potions_floor_usage":[],"damage_taken":[{"damage":6,"enemies":"Jaw Worm","floor":1,"turns":4},{"damage":1,"enemies":"Small Slimes","floor":7,"turns":4},{"damage":0,"enemies":"2 Louse","floor":11,"turns":2},{"damage":1,"enemies":"Lots of Slimes","floor":12,"turns":4},{"damage":21,"enemies":"Lagavulin","floor":14,"turns":7},{"damage":25,"enemies":"The Guardian","floor":16,"turns":9}],"seed_played":"8515172757039309297","potions_obtained":[],"is_trial":false,"path_per_floor":["M","?","T","?","?","R","M","R","T","$","M","M","R","E","R","B"],"character_chosen":"THE_SILENT","items_purchased":["Membership Card"],"campfire_rested":1,"item_purchase_floors":[10],"current_hp_per_floor":[38,31,31,11,11,30,29,29,29,29,29,28,37,16,25,0,0],"gold":78,"neow_bonus":"TRANSFORM_TWO_CARDS","is_daily":false,"chose_seed":false,"campfire_upgraded":3,"win_rate":0.0,"timestamp":1612707728,"path_taken":["M","?","?","?","?","R","M","R","T","$","M","M","R","E","R","BOSS"],"items_purchased_type":["Relic"],"build_version":"2020-12-22","purchased_purges":1,"victory":false,"max_hp_per_floor":[66,66,66,66,66,66,66,66,66,66,66,66,66,66,66,66,66],"card_choices":[{"not_picked":["Dodge and Roll","Expertise"],"picked":"Cloak And Dagger","floor":1},{"not_picked":["Acrobatics","Bane"],"picked":"PiercingWail","floor":7},{"not_picked":["Poisoned Stab","Backstab"],"picked":"Bullet Time","floor":11},{"not_picked":["Dagger Throw","Underhanded Strike"],"picked":"Acrobatics","floor":12},{"not_picked":["PiercingWail","Bane"],"picked":"Quick Slash","floor":14}],"player_experience":1042284,"relics_obtained":[{"floor":3,"key":"Omamori"},{"floor":9,"key":"Eternal Feather"},{"floor":14,"key":"Ornamental Fan"}],"event_choices":[{"cards_removed":["Strike_G"],"damage_healed":0,"gold_gain":0,"player_choice":"Card Removal","damage_taken":7,"max_hp_gain":0,"max_hp_loss":0,"event_name":"Golden Wing","floor":2,"gold_loss":0},{"damage_healed":0,"gold_gain":0,"player_choice":"Entered Light","damage_taken":20,"max_hp_gain":0,"max_hp_loss":0,"event_name":"Shining Light","floor":4,"gold_loss":0,"cards_upgraded":["Well Laid Plans","Poisoned Stab"]},{"damage_healed":0,"gold_gain":0,"player_choice":"Take Wound","damage_taken":0,"relics_obtained":["Golden Idol"],"max_hp_gain":0,"max_hp_loss":0,"event_name":"Golden Idol","floor":5,"gold_loss":0,"cards_obtained":["Injury"]}],"is_beta":false,"boss_relics":[],"items_purged_floors":[10],"is_endless":false,"potions_floor_spawned":[],"killed_by":"The Guardian","ascension_level":15}}