{"host":"gbbz8f5svnnpwo8d","time":1612698603,"event":{"mods":["AchievementEnabler","AlwaysNeverKeys","BaseMod","Bestiary","Better Altar","Better Match","Better Note","Better Sensory Stone","Better Silent Start","Better Skull","Better Third Choice","Better Vampires","Better-Laid Plans","BetterRewards","Block Reminder","Bossed Relics","Colored Map","Colored Powertips","Curses Come First","Dark Map","Displayed Cursed Tome","GifTheSpireLib","Minty Spire (QoL Compilation)","MonsterHotkey","Permanent Neow","Potion Indicator Mod","Quick Restart","Random Character Button","Rare Cards Sparkle","Relic Stats","Shop Mod","Spicy Shops","Spire Birthday Party","StSLib","Transform Curses"],"gold_per_floor":[118,128,93,93,110,110,134,152,152,152,168,184,38,38,38,143,143,154,154,164,164,164,164],"floor_reached":22,"language":"ENG","playtime":1314,"items_purged":[],"score":276,"play_id":"dc45d650-cc74-4d57-b42d-97832f165b0b","local_time":"20210207045003","is_ascension_mode":false,"campfire_choices":[{"data":"Hologram","floor":6.0,"key":"SMITH"},{"data":"Zap","floor":10,"key":"SMITH"},{"data":"All For One","floor":15,"key":"SMITH"}],"circlet_count":0,"master_deck":["Strike_B","Strike_B","Strike_B","Strike_B","Defend_B","Defend_B","Defend_B","Defend_B","Zap+1","Dualcast+1","Turbo","Hologram+1","Turbo","Steam","All For One+1","All For One","Static Discharge+1","Gash"],"relics":["Cracked Core","Ice Cream","Shuriken","Odd Mushroom","Question Card","Lee\u0027s Waffle","SlaversCollar","Bloody Idol"],"acts_visited":["Exordium","TheCity"],"potions_floor_usage":[7,12],"damage_taken":[{"damage":1.0,"enemies":"Jaw Worm","floor":1.0,"turns":2.0},{"damage":2.0,"enemies":"2 Louse","floor":2.0,"turns":2.0},{"damage":0.0,"enemies":"Cultist","floor":5.0,"turns":3.0},{"damage":2,"enemies":"The Mushroom Lair","floor":7,"turns":3},{"damage":19,"enemies":"3 Louse","floor":8,"turns":3},{"damage":2,"enemies":"Blue Slaver","floor":11,"turns":4},{"damage":24,"enemies":"Exordium Thugs","floor":12,"turns":4},{"damage":36,"enemies":"The Guardian","floor":16,"turns":11},{"damage":10,"enemies":"Shell Parasite","floor":18,"turns":4},{"damage":11,"enemies":"Spheric Guardian","floor":20,"turns":3},{"damage":25,"enemies":"Snecko","floor":22,"turns":4}],"seed_played":"-8115730968624689433","potions_obtained":[{"floor":5.0,"key":"Fire Potion"},{"floor":7,"key":"LiquidBronze"},{"floor":20,"key":"PotionOfCapacity"}],"is_trial":false,"path_per_floor":["M","M","?","?","M","R","?","M","T","R","M","M","$","?","R","B",null,"M","?","M","?","M"],"character_chosen":"DEFECT","items_purchased":["Turbo","Shuriken","Lee\u0027s Waffle"],"campfire_rested":0,"item_purchase_floors":[0,0,13],"current_hp_per_floor":[57,55,73,78,78,78,76,57,57,57,55,31,87,87,87,51,87,77,77,66,22,0,0],"gold":164,"neow_bonus":"","is_daily":false,"chose_seed":false,"campfire_upgraded":3,"win_rate":0.0,"timestamp":1612698603,"path_taken":["M","M","?","?","M","R","?","?","T","R","M","M","$","?","R","BOSS","M","?","M","?","M"],"items_purchased_type":["Card","Relic","Relic"],"build_version":"2020-12-22","purchased_purges":0,"victory":false,"max_hp_per_floor":[75,75,75,80,80,80,80,80,80,80,80,80,87,87,87,87,87,87,87,87,87,87,87],"relic_stats":{"Lee\u0027s Waffle":97,"counters":[35,134],"Shuriken":[6],"Bloody Idol":0,"Question Card":5,"obtain_stats":[{"Ice Cream":0,"MerchantsRug":0,"Lee\u0027s Waffle":38,"Regal Pillow":43,"Happy Flower":13,"Oddly Smooth Stone":38,"Mango":38,"Juzu Bracelet":36,"Odd Mushroom":7,"Cursed Key":17,"Question Card":9,"Peace Pipe":0,"Sozu":34,"SlaversCollar":17,"Shuriken":0,"Bloody Idol":21,"Art of War":9,"Nloth\u0027s Gift":21,"Red Mask":45,"Cracked Core":0,"Symbiotic Virus":0},{"Ice Cream":24,"MerchantsRug":0,"Lee\u0027s Waffle":19,"Regal Pillow":20,"Happy Flower":6,"Oddly Smooth Stone":19,"Mango":19,"Juzu Bracelet":18,"Odd Mushroom":4,"Cursed Key":8,"Question Card":29,"Peace Pipe":0,"Sozu":17,"SlaversCollar":32,"Shuriken":24,"Bloody Idol":34,"Art of War":4,"Nloth\u0027s Gift":10,"Red Mask":21,"Cracked Core":0,"Symbiotic Virus":0},{"Ice Cream":91,"MerchantsRug":0,"Lee\u0027s Waffle":68,"Regal Pillow":74,"Happy Flower":13,"Oddly Smooth Stone":68,"Mango":68,"Juzu Bracelet":64,"Odd Mushroom":9,"Cursed Key":21,"Question Card":104,"Peace Pipe":0,"Sozu":60,"SlaversCollar":123,"Shuriken":91,"Bloody Idol":130,"Art of War":9,"Nloth\u0027s Gift":29,"Red Mask":79,"Cracked Core":0,"Symbiotic Virus":0}]},"card_choices":[{"not_picked":["Leap","Cold Snap"],"picked":"Hologram","floor":1.0},{"not_picked":["Hello World","Skim"],"picked":"Turbo","floor":2.0},{"not_picked":["Lockon","Consume","Go for the Eyes"],"picked":"SKIP","floor":5.0},{"not_picked":["Sweeping Beam","Rebound"],"picked":"Steam","floor":7},{"not_picked":["Compile Driver","Redo","Barrage"],"picked":"SKIP","floor":8},{"not_picked":["Sweeping Beam","Rip and Tear","Hologram","Ball Lightning"],"picked":"SKIP","floor":11},{"not_picked":["Redo","Ball Lightning","Hologram"],"picked":"All For One","floor":12},{"not_picked":["Reboot","Creative AI","Multi-Cast"],"picked":"All For One","floor":16},{"not_picked":["Stack+1","Cold Snap","Coolheaded"],"picked":"Static Discharge+1","floor":18},{"not_picked":["Leap","Rebound","Blizzard"],"picked":"Gash","floor":20}],"player_experience":3721978,"relics_obtained":[{"floor":7,"key":"Odd Mushroom"},{"floor":9,"key":"Question Card"}],"event_choices":[{"damage_healed":18.0,"max_hp_gain":0.0,"max_hp_loss":0.0,"gold_gain":0.0,"event_name":"The Cleric","player_choice":"Healed","floor":3.0,"gold_loss":35.0,"damage_taken":0.0},{"damage_healed":0.0,"max_hp_gain":5.0,"max_hp_loss":0.0,"gold_gain":0.0,"event_name":"Big Fish","player_choice":"Donut","floor":4.0,"gold_loss":0.0,"damage_taken":0.0},{"damage_healed":0,"gold_gain":0,"player_choice":"Fought Mushrooms","damage_taken":0,"max_hp_gain":0,"max_hp_loss":0,"event_name":"Mushrooms","floor":7,"gold_loss":0},{"damage_healed":0,"gold_gain":0,"player_choice":"Grow","damage_taken":0,"max_hp_gain":0,"max_hp_loss":0,"event_name":"Living Wall","floor":14,"gold_loss":0,"cards_upgraded":["Dualcast"]},{"cards_removed":["Strike_B"],"damage_healed":0,"gold_gain":0,"player_choice":"Give","damage_taken":0,"max_hp_gain":0,"max_hp_loss":0,"event_name":"betterNote:BetterNote","floor":19,"gold_loss":0,"cards_obtained":["Strike_R"]},{"damage_healed":0,"gold_gain":0,"player_choice":" Idol ","damage_taken":44,"relics_obtained":["Bloody Idol"],"max_hp_gain":66,"max_hp_loss":22,"event_name":"betterAltar:BetterAltar","floor":21,"potions_obtained":[],"relics_lost":[],"gold_loss":0}],"is_beta":false,"boss_relics":[{"not_picked":["Tiny House","Nuclear Battery"],"picked":"SlaversCollar"}],"items_purged_floors":[],"is_endless":false,"potions_floor_spawned":[5,7,20],"killed_by":"Snecko","ascension_level":0}}