{"host":"dmtlrev5pkc1867p","time":1612671008,"event":{"mods":["BaseMod","Colored Map","Downfall","Hermit","Marisa¡]Ãú«B¡@Å]²z¨F¡^","Minty Spire (QoL Compilation)","Replay The Spire","StSLib","SuperFastMode","The Cursed","The Disciple","The Necromancer","The Runesmith","The Servant 0.9.4"],"gold_per_floor":[112,126,141,160,145,161,210,510,510,510,523,556,330,356,156,265,265,297,330,169,169,190,240,291,291,318,374,374,397,397,397,397,532,532,564,594,99,99,99,120,120,156,177,185,185],"floor_reached":44,"language":"ZHS","playtime":2530,"items_purged":["downfall:Icky","hermit:ImpendingDoom","Looming Evil","Wraith"],"score":837,"play_id":"0083e20e-697f-48b3-8bb0-066a69c5d7d6","local_time":"20210207121008","is_ascension_mode":true,"campfire_choices":[{"data":"Uncharnel","floor":15.0,"key":"SMITH"},{"floor":25.0,"key":"REST"},{"floor":28.0,"key":"REST"},{"floor":30.0,"key":"REST"},{"floor":32.0,"key":"RECALL"}],"circlet_count":0,"master_deck":["Defend_W","Defend_W+1","Defend_W","Defend_W","Negative_Energy_Arrows","Bone_Wall","Bone_Spikes","Death_Knell","Siphon_Strength","Slay_Living","Siphon_Strength","Grasp_Heart","downfall:Icky","Consume_Illness","Vampiric_Strike","Uncharnel+1","Cloudkill+1","Negative_Energy_Bomb","Blood_Wake","Spectral_Walk","Death_Coil+1","Bones_to_Steel+1","Summon_Undead_Army","Necrotic_Claws","Bite","Bite","Bite","Bite","Summon_Vampire_Lady","Negative_Energy_Burst","downfall:Haunted","Negative_Energy_Mist","Negative_Energy_Mist+1","Summon_Lich","Skeleton_Dragon","Corrupt+1","Shackles_Of_Pain+1","Summon_Death_Knight","Apotheosis","ReplayTheSpireMod:Private Reserves","ReplayTheSpireMod:Uncanny Aura","Blood_Magic","ReplayTheSpireMod:Splinters","Sickly","Spreading Infection","Negative_Energy_Mist","Summon_Undead_Army","Summon_Lich","Bone_Armory","Summon_Undead_Army","downfall:Haunted","Bone_Armory+1","Deaths_Shadow+1","Hallucinations"],"relics":["Vampire_Amulet","Kunai","Replay:Bandana","downfall:HeartBlessingBlue","downfall:HeartBlessingGreen","Runesmith:UraniumAnvil","Ring of Hypnosis","Ring of Greed","Golden Idol","The Courier","War Paint","White Beast Statue","Honey Jar","ReplayTheSpireMod:ShopPack","Frozen Egg 2"],"acts_visited":["Exordium","TheCity","TheBeyond"],"potions_floor_usage":[44,44],"damage_taken":[{"damage":5.0,"enemies":"Cultist","floor":1.0,"turns":6.0},{"damage":0.0,"enemies":"2 Louse","floor":2.0,"turns":2.0},{"damage":1.0,"enemies":"Jaw Worm","floor":3.0,"turns":3.0},{"damage":0.0,"enemies":"Large Slime","floor":4.0,"turns":4.0},{"damage":0.0,"enemies":"downfall:FleeingMerchant","floor":5.0,"turns":4.0},{"damage":0.0,"enemies":"2 Fungi Beasts","floor":6.0,"turns":3.0},{"damage":0.0,"enemies":"Exordium Wildlife","floor":11.0,"turns":2.0},{"damage":17.0,"enemies":"3 Sentries","floor":12.0,"turns":9.0},{"damage":0.0,"enemies":"downfall:FleeingMerchant","floor":13.0,"turns":4.0},{"damage":16.0,"enemies":"Large Slime","floor":14.0,"turns":3.0},{"damage":23.0,"enemies":"WA_ARCHETYPE_RETAIN","floor":16.0,"turns":7.0},{"damage":27.0,"enemies":"Spheric Guardian","floor":18.0,"turns":4.0},{"damage":19.0,"enemies":"3 Byrds","floor":19.0,"turns":4.0},{"damage":7.0,"enemies":"downfall:FleeingMerchant","floor":20.0,"turns":4.0},{"damage":22.0,"enemies":"Centurion and Healer","floor":22.0,"turns":5.0},{"damage":51.0,"enemies":"Sentry and Sphere","floor":26.0,"turns":6.0},{"damage":28.0,"enemies":"Slavers","floor":27.0,"turns":2.0},{"damage":0.0,"enemies":"Chosen and Byrds","floor":29.0,"turns":3.0},{"damage":32.0,"enemies":"IC_MUSHROOM_ARCHETYPE","floor":33.0,"turns":7.0},{"damage":24.0,"enemies":"Orb Walker","floor":35.0,"turns":4.0},{"damage":10.0,"enemies":"3 Shapes","floor":36.0,"turns":3.0},{"damage":10.0,"enemies":"downfall:FleeingMerchant","floor":37.0,"turns":4.0},{"damage":0.0,"enemies":"downfall:FleeingMerchant","floor":40.0,"turns":2.0},{"damage":36.0,"enemies":"Writhing Mass","floor":42.0,"turns":4.0},{"damage":25.0,"enemies":"4 Shapes","floor":43.0,"turns":5.0},{"damage":42,"enemies":"Spire Growth","floor":44,"turns":3}],"seed_played":"-1591938804116728388","potions_obtained":[{"floor":1.0,"key":"DuplicationPotion"},{"floor":4.0,"key":"Fire Potion"},{"floor":6.0,"key":"GamblersBrew"},{"floor":12.0,"key":"Strength Potion"},{"floor":14.0,"key":"Fire Potion"},{"floor":19.0,"key":"champ:CounterPotion"},{"floor":26.0,"key":"PowerPotion"},{"floor":29.0,"key":"Venom Potion"},{"floor":33.0,"key":"Fire Potion"},{"floor":35.0,"key":"SpeedPotion"},{"floor":36.0,"key":"Block Potion"},{"floor":37.0,"key":"SkillPotion"},{"floor":40.0,"key":"ColorlessPotion"},{"floor":42.0,"key":"LifebloodPotion"},{"floor":43.0,"key":"AttackPotion"}],"is_trial":false,"path_per_floor":["M","M","M","M","$","M","T","?","?","?","M","E","$","M","R","B",null,"M","M","$","?","M","?","T","R","M","E","R","M","R","?","R","B",null,"M","M","?","?","?","$","T","M","M","M"],"character_chosen":"NECROMANCER","items_purchased":["Cloudkill","Summon_Undead_Army","Necrotic_Claws","ReplayTheSpireMod:ShopPack","FairyPotion","Blood_Magic","Summon_Undead_Army","Summon_Lich","Bone_Armory","Summon_Undead_Army"],"campfire_rested":3,"item_purchase_floors":[13,20,20,37,37,37,40,40,40,40],"current_hp_per_floor":[79,82,82,82,82,82,82,82,79,79,82,71,71,60,70,50,92,70,58,53,53,39,39,39,58,28,16,35,41,60,60,60,63,64,46,48,44,44,44,46,46,25,14,13,13],"gold":185,"neow_bonus":"TEN_PERCENT_HP_BONUS","is_daily":false,"chose_seed":false,"campfire_upgraded":1,"win_rate":0.0,"timestamp":1612671008,"path_taken":["M","M","M","M","$","M","T","?","?","?","?","E","$","M","R","BOSS","M","M","$","?","M","?","T","R","M","E","R","M","R","?","R","BOSS","M","M","?","?","?","$","T","M","M","M"],"items_purchased_type":["Card","Card","Card","Relic","Potion","Card","Card","Card","Card","Card"],"build_version":"2020-12-22","purchased_purges":4,"victory":false,"max_hp_per_floor":[82,82,82,82,82,82,82,82,82,82,82,82,82,82,92,92,92,92,92,92,64,64,64,64,64,64,64,64,64,64,64,64,64,64,64,64,64,64,64,64,64,64,64,64,64],"card_choices":[{"not_picked":["Violent_Necrosis","Bones_to_Steel"],"picked":"Bone_Spikes","floor":1.0},{"not_picked":["Blood_Curse","Stop_Heart"],"picked":"Death_Knell","floor":2.0},{"not_picked":["Bone_Spikes","Negative_Energy_Javelin"],"picked":"Siphon_Strength","floor":3.0},{"not_picked":["Negative_Energy_Mist","Blood_Curse"],"picked":"Slay_Living","floor":4.0},{"not_picked":["Blood_Shield","Death_Coil"],"picked":"Siphon_Strength","floor":5.0},{"not_picked":["Spectral_Walk","Deaths_Shadow"],"picked":"Grasp_Heart","floor":6.0},{"not_picked":["Finger_Of_Death","Thousand_Bone_Knives"],"picked":"Consume_Illness","floor":11.0},{"not_picked":["Finger_Of_Death","Bone_Shift"],"picked":"Vampiric_Strike","floor":12.0},{"not_picked":["Bones_to_Steel","Corrupt"],"picked":"Uncharnel","floor":13.0},{"not_picked":["Blood_Whip","Blood_Curse"],"picked":"Negative_Energy_Bomb","floor":14.0},{"not_picked":["Grasp_Heart","Skeleton_Dragon"],"picked":"Blood_Wake","floor":16.0},{"not_picked":["Bone_Armor","Bone_Spikes"],"picked":"Spectral_Walk","floor":18.0},{"not_picked":["Bones_to_Steel","Necromantic_Selection"],"picked":"Death_Coil+1","floor":19.0},{"not_picked":["Bone_Bullets+1","Exploit"],"picked":"Bones_to_Steel+1","floor":20.0},{"not_picked":["Bones_to_Steel","Plague_Bolt"],"picked":"Summon_Vampire_Lady","floor":22.0},{"not_picked":["Blood_Curse","Bone_Shift"],"picked":"Negative_Energy_Burst","floor":26.0},{"not_picked":["Grasp_Heart","Chill_Blood"],"picked":"Negative_Energy_Mist","floor":27.0},{"not_picked":["Consume_Illness","Blood_Whip+1"],"picked":"Negative_Energy_Mist+1","floor":29.0},{"not_picked":["Detonate_Bones","Negative_Energy_Bomb"],"picked":"Skeleton_Dragon","floor":33.0},{"not_picked":["Whirlwind_of_Bones","Death_Coil+1","Bone_Bullets"],"picked":"Corrupt+1","floor":35.0},{"not_picked":["Negative_Energy_Javelin+1","Toxic_Smoke_Screen","Bone_Shift+1"],"picked":"Shackles_Of_Pain+1","floor":36.0},{"not_picked":["Summon_Undead+1","Bone_Spikes","Vampiric_Strike+1"],"picked":"Summon_Death_Knight","floor":37.0},{"not_picked":["Transmutation","Master of Strategy","ReplayTheSpireMod:Necrogeddon"],"picked":"Apotheosis","floor":37.0},{"not_picked":["Flash of Steel","ReplayTheSpireMod:Necrogeddon","Magnetism"],"picked":"ReplayTheSpireMod:Private Reserves","floor":37.0},{"not_picked":["HandOfGreed","Replay:Sssssssssshield","Replay:Bootleg Shield Generator"],"picked":"ReplayTheSpireMod:Uncanny Aura","floor":37.0},{"not_picked":["Flesh_Made_Foul","Bone_Armor","Bones_to_Steel+1"],"picked":"Negative_Energy_Mist","floor":40.0},{"not_picked":["Bone_Bullets+1","Acid_Javelin+1","Flesh_Made_Foul+1"],"picked":"Bone_Armory+1","floor":42.0},{"not_picked":["Bone_Shift+1","Bones_to_Steel+1","Chill_Blood+1"],"picked":"Deaths_Shadow+1","floor":43.0}],"player_experience":624867,"relics_obtained":[{"floor":12.0,"key":"Replay:Bandana"},{"floor":23.0,"key":"Ring of Hypnosis"},{"floor":23.0,"key":"Ring of Greed"},{"floor":23.0,"key":"Golden Idol"},{"floor":23.0,"key":"The Courier"},{"floor":24.0,"key":"War Paint"},{"floor":27.0,"key":"White Beast Statue"},{"floor":41.0,"key":"Frozen Egg 2"}],"event_choices":[{"damage_healed":0.0,"max_hp_gain":0.0,"max_hp_loss":0.0,"gold_gain":0.0,"event_name":"Scrap Ooze","player_choice":"Success","floor":9.0,"gold_loss":0.0,"damage_taken":3.0,"relics_obtained":["Kunai"]},{"damage_healed":0.0,"max_hp_gain":0.0,"max_hp_loss":28.0,"gold_gain":0.0,"event_name":"Vampires","player_choice":"Became a vampire","floor":21.0,"gold_loss":0.0,"damage_taken":0.0,"cards_obtained":["Bite","Bite","Bite","Bite","Bite"]},{"damage_healed":0.0,"max_hp_gain":0.0,"max_hp_loss":0.0,"gold_gain":0.0,"event_name":"The Library","player_choice":"Read","floor":31.0,"gold_loss":0.0,"damage_taken":0.0,"cards_obtained":["Summon_Lich"]},{"cards_removed":["Bite"],"damage_healed":0.0,"max_hp_gain":0.0,"max_hp_loss":0.0,"gold_gain":0.0,"event_name":"Falling","player_choice":"Removed Attack","floor":38.0,"gold_loss":0.0,"damage_taken":0.0},{"damage_healed":0.0,"max_hp_gain":0.0,"max_hp_loss":0.0,"gold_gain":0.0,"event_name":"OrinTheCat","player_choice":"Ignored","floor":39.0,"gold_loss":0.0,"damage_taken":0.0}],"is_beta":false,"boss_relics":[{"not_picked":["ReplayTheSpireMod:DimensionalGlitch","Astrolabe"],"picked":"Runesmith:UraniumAnvil"},{"not_picked":["Replay:Drink Me","Black Star"],"picked":"Honey Jar"}],"items_purged_floors":[13,37,37,40],"is_endless":false,"potions_floor_spawned":[1,4,6,12,14,19,26,29,33,35,36,37,40,42,43],"killed_by":"Spire Growth","ascension_level":1}}