{"host":"x6165drukuu8ns9f","time":1612729313,"event":{"mods":["100% Spire Juice","2.2 Compatiblity","Act Like it!","Aspiration","BaseMod","CapriCore","Colored Map","Colored Powertips","Conspire","Dark Map","GifTheSpireLib","Hermit","HololiveMod","Hubris","Infinite Spire","Minty Spire (QoL Compilation)","Pale of the Ancients","Reliquary","Replay The Spire","Spicy Shops","Spire Birthday Party","StSLib","SuperFastMode","The Blue Laboratory","The Dragon Tamer","The Forsaken","TheFirefly","TheSurvivalist","??????REMEMod"],"gold_per_floor":[144,201,237,282,103,178,226,310,310,4,85,85,136,181,181,466,466,517,517,102,150,198,198,243,243,293,329,422,518,554,554,554,554,554],"floor_reached":33,"language":"ENG","playtime":1322,"items_purged":[],"score":561,"play_id":"add7ef92-2b81-4a77-b61f-be55dde84d90","local_time":"20210207212153","daily_mods":["Vintage","Flight","Midas"],"is_ascension_mode":false,"campfire_choices":[{"floor":12,"key":"REST"},{"floor":15,"key":"DIG"},{"floor":23,"key":"REST"},{"floor":32,"key":"REST"}],"circlet_count":0,"master_deck":["hermit:Strike_Hermit","hermit:Strike_Hermit","hermit:Strike_Hermit+1","hermit:Strike_Hermit","hermit:Defend_Hermit","hermit:Defend_Hermit","hermit:Defend_Hermit","hermit:Defend_Hermit","hermit:Snapshot","hermit:Covet","Core Surge","Shame","hermit:Deadeye+1","hermit:BigShot","hermit:PistolWhip","hermit:Quickdraw","Pride","hermit:CalledShot","hermit:Dissolve","Doubt","Caltrops+1","hermit:SprayPray","RitualDagger","Quick Slash","hermit:Quickdraw+1","Doubt","Looming Evil","hubris:Rewind"],"relics":["hermit:Momento","REME_ComplimentaryCards","hubris:PeanutButter","Ancient Tea Set","conspire:Boomerang","hubris:TinFlute","HandDrill","Bronze Scales","Strawberry","HornCleat","Frozen Egg 2","reliquary:Bookmark","Snack Pack","infinitespire:WardingShard","Pet Ghost","infinitespire:PuzzleCube","hermit:CharredGlove","aspiration:SilentSkillbook","reliquary:OuijaBoard","Hololive_ChaosS","conspire:Dentures","reliquary:Buckler","ReplayTheSpireMod:Shallot","Blue Doll","MealTicket","reliquary:FerryPass","REME_HandOfSuture","Turnip","reliquary:RoseTintedGlasses","reliquary:BoilingFlask"],"acts_visited":["Exordium","TheCity"],"potions_floor_usage":[6,6,6,6,6,16,30,33,33,33],"damage_taken":[{"damage":6,"enemies":"Jaw Worm","floor":1,"turns":3},{"damage":0,"enemies":"Small Slimes","floor":2,"turns":2},{"damage":0,"enemies":"conspire:RoseBush","floor":3,"turns":2},{"damage":0,"enemies":"2 Fungi Beasts","floor":4,"turns":2},{"damage":6,"enemies":"Gremlin Nob","floor":6,"turns":3},{"damage":0,"enemies":"3 Louse","floor":7,"turns":2},{"damage":28,"enemies":"Lagavulin","floor":8,"turns":5},{"damage":0,"enemies":"Gremlin Nob","floor":11,"turns":3},{"damage":0,"enemies":"Blue Slaver","floor":13,"turns":2},{"damage":0,"enemies":"Exordium Thugs","floor":14,"turns":3},{"damage":0,"enemies":"Slime Boss","floor":16,"turns":9},{"damage":14,"enemies":"conspire:FuzzyDice","floor":18,"turns":5},{"damage":4,"enemies":"Shell Parasite","floor":21,"turns":3},{"damage":1,"enemies":"Chosen and Byrds","floor":22,"turns":4},{"damage":0,"enemies":"Centurion and Healer","floor":24,"turns":5},{"damage":0,"enemies":"Shelled Parasite and Fungi","floor":27,"turns":3},{"damage":31,"enemies":"Gremlin Leader","floor":28,"turns":5},{"damage":27,"enemies":"Slavers","floor":29,"turns":5},{"damage":15,"enemies":"3 Cultists","floor":30,"turns":5},{"damage":72,"enemies":"Automaton","floor":33,"turns":6}],"seed_played":"-2348122575886901539","potions_obtained":[{"floor":2,"key":"EntropicBrew"},{"floor":3,"key":"Ancient Potion"},{"floor":7,"key":"blueLaboratory:FrostheartPotion"},{"floor":11,"key":"blueLaboratory:PhilterOfMotion"},{"floor":24,"key":"blueLaboratory:BottledHope"},{"floor":29,"key":"Dexterity Potion"},{"floor":30,"key":"ColorlessPotion"}],"is_trial":true,"path_per_floor":["M","M","M","M","$","E","M","E","T","$","E","R","M","M","R_BF","B",null,"M","AVR","$","M","M","R","M","?","T","M","E","E","M","?","R","B"],"character_chosen":"HERMIT","items_purchased":["HandDrill","hermit:Deadeye","reliquary:Bookmark","hermit:Quickdraw","Snack Pack","conspire:Dentures","Caltrops+1","hermit:SprayPray","reliquary:Buckler"],"campfire_rested":3,"item_purchase_floors":[5,5,10,10,10,20,20,20,20],"current_hp_per_floor":[69,69,69,69,69,63,70,42,42,42,46,70,72,74,74,82,82,68,68,68,64,63,82,82,76,76,80,53,30,15,15,39,0,0],"gold":554,"neow_bonus":"","is_daily":false,"chose_seed":false,"campfire_upgraded":0,"win_rate":0.0,"timestamp":1612729313,"path_taken":["M","M","M","M","$","E","M","E","T","$","E","R","M","M","R_BF","BOSS","M","AVR","$","M","M","R","M","?","T","M","E","E","M","?","R","BOSS"],"items_purchased_type":["Relic","Card","Relic","Card","Relic","Relic","Card","Card","Relic"],"build_version":"2020-12-22","purchased_purges":0,"victory":false,"max_hp_per_floor":[75,75,75,75,75,75,82,82,82,82,82,82,82,82,82,82,82,82,82,82,82,82,82,82,82,82,82,82,82,82,82,82,82,82],"card_choices":[{"not_picked":["hermit:Desperado","hermit:LowProfile"],"picked":"hermit:BigShot","floor":6},{"not_picked":["hermit:LoneWolf","hermit:Snipe"],"picked":"hermit:PistolWhip","floor":8},{"not_picked":["hermit:Adapt+1","hermit:TrackingShot"],"picked":"hermit:CalledShot","floor":11},{"not_picked":["hermit:Roughhouse","hermit:HeroicBravado"],"picked":"hermit:Dissolve","floor":16},{"not_picked":["hermit:Snipe","hermit:Dissolve","Sucker Punch"],"picked":"Quick Slash","floor":28},{"not_picked":["hermit:DeadMansHand","hermit:Deadeye","Distraction"],"picked":"hermit:Quickdraw+1","floor":29},{"not_picked":["ReplayTheSpireMod:Black Plague","hubris:Fate"],"picked":"hubris:Rewind","floor":31}],"player_experience":99191,"relics_obtained":[{"floor":1,"key":"hubris:PeanutButter"},{"floor":2,"key":"Ancient Tea Set"},{"floor":3,"key":"conspire:Boomerang"},{"floor":4,"key":"hubris:TinFlute"},{"floor":6,"key":"Bronze Scales"},{"floor":7,"key":"Strawberry"},{"floor":8,"key":"HornCleat"},{"floor":9,"key":"Frozen Egg 2"},{"floor":11,"key":"infinitespire:WardingShard"},{"floor":13,"key":"Pet Ghost"},{"floor":14,"key":"infinitespire:PuzzleCube"},{"floor":15,"key":"hermit:CharredGlove"},{"floor":18,"key":"reliquary:OuijaBoard"},{"floor":21,"key":"ReplayTheSpireMod:Shallot"},{"floor":22,"key":"Blue Doll"},{"floor":24,"key":"MealTicket"},{"floor":26,"key":"reliquary:FerryPass"},{"floor":27,"key":"REME_HandOfSuture"},{"floor":28,"key":"Turnip"},{"floor":29,"key":"reliquary:RoseTintedGlasses"},{"floor":30,"key":"reliquary:BoilingFlask"}],"event_choices":[{"damage_healed":0,"gold_gain":0,"player_choice":"Joined the Cult","damage_taken":6,"max_hp_gain":0,"max_hp_loss":0,"event_name":"Nest","floor":25,"gold_loss":0,"cards_obtained":["RitualDagger"]}],"is_beta":false,"boss_relics":[{"not_picked":["REME_DuelDisc","reliquary:Ember"],"picked":"aspiration:SilentSkillbook"}],"items_purged_floors":[],"is_endless":false,"potions_floor_spawned":[2,3,7,11,24,29,30],"killed_by":"Automaton","ascension_level":0}}