{"host":"gk5m6v7zec9neb0j","time":1612685321,"event":{"mods":["AchievementEnabler","AlwaysNeverKeys","BaseMod","BetterRewards","Block Reminder","Minty Spire (QoL Compilation)","Rare Cards Sparkle","Relic Stats","StSLib"],"gold_per_floor":[113,39,58,71,21,21,56,56,79,91,123,152,194,222,234,346,358,383,105,122,138,50,85,85,102,128,128,141,141,16,29,29,134,134,148,25,45,55,55,55,86,105,128,33,33,33,9,43,43,43,43,43,5,30,30],"floor_reached":56,"language":"ENG","playtime":2398,"items_purged":["Strike_B","Strike_B","Strike_B","Strike_B+1"],"score":1527,"play_id":"e5ec3627-600b-4428-8997-a8f13df93184","local_time":"20210207030841","is_ascension_mode":false,"campfire_choices":[{"floor":6,"key":"REST"},{"data":"Fission","floor":8,"key":"SMITH"},{"floor":15,"key":"REST"},{"data":"Zap","floor":24,"key":"SMITH"},{"data":"Loop","floor":29,"key":"SMITH"},{"data":"Biased Cognition","floor":32,"key":"SMITH"},{"data":"Loop","floor":40,"key":"SMITH"},{"data":"Biased Cognition","floor":49,"key":"SMITH"},{"data":"Capacitor","floor":52,"key":"SMITH"}],"circlet_count":0,"master_deck":["Defend_B","Defend_B","Defend_B","Zap+1","Dualcast","Loop+1","Core Surge","Loop+1","Fission+1","Streamline","Cold Snap+1","Capacitor+1","Force Field","Defragment","Conserve Battery","Biased Cognition+1","Core Surge","Leap","Coolheaded","Lockon","Biased Cognition+1","Force Field","Fusion+1","Defragment","Madness","Madness","Coolheaded","Recycle+1","Barrage"],"relics":["Cracked Core","Membership Card","Matryoshka","Oddly Smooth Stone","Gambling Chip","Du-Vu Doll","Chemical X","Art of War","Boot","MawBank","Whetstone","Anchor","Odd Mushroom","SlaversCollar","Pocketwatch","PreservedInsect","Juzu Bracelet","Happy Flower","Regal Pillow","MealTicket","ClockworkSouvenir","Runic Pyramid","Bottled Tornado","Bronze Scales","Orichalcum","Toxic Egg 2","Blood Vial"],"acts_visited":["Exordium","TheCity","TheBeyond","TheEnding"],"potions_floor_usage":[7,11,55,55],"damage_taken":[{"damage":0,"enemies":"2 Louse","floor":1,"turns":3},{"damage":0,"enemies":"Jaw Worm","floor":3,"turns":3},{"damage":0,"enemies":"Cultist","floor":4,"turns":3},{"damage":12,"enemies":"Gremlin Nob","floor":7,"turns":3},{"damage":0,"enemies":"Exordium Wildlife","floor":11,"turns":3},{"damage":0,"enemies":"Lots of Slimes","floor":12,"turns":3},{"damage":12,"enemies":"The Mushroom Lair","floor":13,"turns":4},{"damage":0,"enemies":"2 Fungi Beasts","floor":14,"turns":3},{"damage":5,"enemies":"Slime Boss","floor":16,"turns":9},{"damage":0,"enemies":"Shell Parasite","floor":18,"turns":4},{"damage":0,"enemies":"Spheric Guardian","floor":20,"turns":4},{"damage":6,"enemies":"Snake Plant","floor":21,"turns":5},{"damage":7,"enemies":"Book of Stabbing","floor":23,"turns":4},{"damage":0,"enemies":"Centurion and Healer","floor":25,"turns":6},{"damage":0,"enemies":"Shelled Parasite and Fungi","floor":28,"turns":6},{"damage":0,"enemies":"Chosen and Byrds","floor":31,"turns":5},{"damage":6,"enemies":"Automaton","floor":33,"turns":11},{"damage":0,"enemies":"Orb Walker","floor":35,"turns":4},{"damage":0,"enemies":"3 Shapes","floor":37,"turns":3},{"damage":0,"enemies":"Maw","floor":38,"turns":6},{"damage":0,"enemies":"Nemesis","floor":41,"turns":4},{"damage":0,"enemies":"Writhing Mass","floor":42,"turns":4},{"damage":6,"enemies":"Reptomancer","floor":48,"turns":5},{"damage":21,"enemies":"Awakened One","floor":50,"turns":15},{"damage":30,"enemies":"Shield and Spear","floor":54,"turns":9},{"damage":33,"enemies":"The Heart","floor":55,"turns":12}],"seed_played":"-6414621440848186458","potions_obtained":[{"floor":3,"key":"Fire Potion"},{"floor":11,"key":"Fruit Juice"},{"floor":25,"key":"Explosive Potion"},{"floor":28,"key":"Ancient Potion"},{"floor":33,"key":"ColorlessPotion"},{"floor":35,"key":"DistilledChaos"}],"is_trial":false,"path_per_floor":["M","$","M","M","?","R","E","R","T","?","M","M","?","M","R","B",null,"M","$","M","M","$","E","R","M","T","?","M","R","$","M","R","B",null,"M","$","M","M","$","R","E","M","T","$","?","?","$","E","R","B",null,"R","$","E","B",null],"character_chosen":"DEFECT","items_purchased":["Membership Card","Matryoshka","Loop","Core Surge","Loop","Oddly Smooth Stone","Fission","Chemical X","Streamline","Art of War","Core Surge","Pocketwatch","PreservedInsect","Leap","ClockworkSouvenir","FairyPotion","Bottled Tornado","Defragment","Coolheaded","Recycle+1"],"campfire_rested":2,"item_purchase_floors":[0,0,0,0,0,0,0,0,0,2,19,19,22,22,30,30,36,44,47,53],"current_hp_per_floor":[27,27,27,27,27,49,37,37,37,30,35,35,23,23,47,42,80,80,80,80,74,74,67,67,67,67,67,67,67,80,80,80,74,80,80,80,80,80,80,80,80,80,80,80,80,70,80,74,74,53,80,80,80,50,19],"gold":30,"neow_bonus":"","is_daily":false,"chose_seed":false,"campfire_upgraded":7,"win_rate":0.0,"timestamp":1612685321,"path_taken":["M","$","M","M","?","R","E","R","T","?","M","M","?","?","R","BOSS","M","$","M","M","?","E","R","M","T","?","M","R","$","M","R","BOSS","M","?","M","M","$","R","E","M","T","$","?","?","$","E","R","BOSS","R","$","E","BOSS"],"items_purchased_type":["Relic","Relic","Card","Card","Card","Relic","Card","Relic","Card","Relic","Card","Relic","Relic","Card","Relic","Potion","Relic","Card","Card","Card"],"build_version":"2020-12-22","purchased_purges":4,"victory":true,"max_hp_per_floor":[75,75,75,75,75,75,75,75,75,75,80,80,80,80,80,80,80,80,80,80,80,80,80,80,80,80,80,80,80,80,80,80,80,80,80,80,80,80,80,80,80,80,80,80,80,80,80,80,80,80,80,80,80,80,80],"relic_stats":{"Regal Pillow":0,"Happy Flower":[28],"counters":[172,1060],"PreservedInsect":215,"Juzu Bracelet":1,"Whetstone":["Strike_B","Cold Snap"],"Orichalcum":[18],"Boot":[48],"MawBank":120,"Blood Vial":2,"Gambling Chip":[58],"Bronze Scales":[613],"MealTicket":23,"Art of War":[67],"Chemical X":[1],"obtain_stats":[{"Ice Cream":0,"Tiny House":17,"Calipers":23,"CeramicFish":26,"Vajra":39,"Runic Capacitor":0,"Whetstone":9,"Bottled Tornado":53,"Boot":44,"Old Coin":38,"FrozenCore":17,"Sozu":34,"Blood Vial":54,"Lizard Tail":0,"HornCleat":42,"DollysMirror":45,"Strawberry":8,"Prayer Wheel":13,"MealTicket":27,"Kunai":0,"Toxic Egg 2":37,"Pear":37,"Happy Flower":45,"Blue Candle":43,"Oddly Smooth Stone":0,"War Paint":54,"Question Card":9,"Akabeko":47,"Cables":0,"Du-Vu Doll":40,"OrangePellets":0,"SlaversCollar":17,"Bronze Scales":0,"Black Star":34,"Symbiotic Virus":26,"StrikeDummy":47,"Pocketwatch":19,"Darkstone Periapt":41,"Regal Pillow":47,"Lantern":54,"SacredBark":34,"Mango":0,"Juzu Bracelet":23,"Smiling Mask":27,"ClockworkSouvenir":0,"Emotion Chip":0,"Dream Catcher":29,"Matryoshka":9,"Mummified Hand":25,"Gambling Chip":0,"Tiny Chest":20,"Chemical X":0,"Cracked Core":0,"Runic Pyramid":34,"Potion Belt":43,"Inserter":34,"Golden Idol":3,"PreservedInsect":40,"Omamori":43,"Frozen Egg 2":39,"Orichalcum":20,"Odd Mushroom":13,"MawBank":9,"White Beast Statue":54,"Mercury Hourglass":9,"Nuclear Battery":17,"Peace Pipe":9,"Strange Spoon":36,"CaptainsWheel":11,"Anchor":10,"Orrery":12,"Bag of Marbles":47,"Art of War":28,"Membership Card":8,"TungstenRod":54,"Toy Ornithopter":26},{"Ice Cream":66,"Tiny House":38,"Calipers":41,"CeramicFish":53,"Vajra":86,"Runic Capacitor":0,"Whetstone":72,"Bottled Tornado":144,"Boot":88,"Old Coin":59,"FrozenCore":100,"Sozu":108,"Blood Vial":171,"Lizard Tail":66,"HornCleat":22,"DollysMirror":88,"Strawberry":45,"Prayer Wheel":126,"MealTicket":160,"Kunai":30,"Toxic Egg 2":109,"Pear":109,"Happy Flower":24,"Blue Candle":22,"Oddly Smooth Stone":146,"War Paint":29,"Question Card":34,"Akabeko":142,"Cables":66,"Du-Vu Doll":111,"OrangePellets":66,"SlaversCollar":155,"Bronze Scales":30,"Black Star":84,"Symbiotic Virus":13,"StrikeDummy":26,"Pocketwatch":156,"Darkstone Periapt":87,"Regal Pillow":90,"Lantern":119,"SacredBark":136,"Mango":30,"Juzu Bracelet":159,"Smiling Mask":132,"ClockworkSouvenir":94,"Emotion Chip":120,"Dream Catcher":133,"Matryoshka":99,"Mummified Hand":13,"Gambling Chip":30,"Tiny Chest":78,"Chemical X":30,"Cracked Core":0,"Runic Pyramid":163,"Potion Belt":87,"Inserter":15,"Golden Idol":31,"PreservedInsect":20,"Omamori":59,"Frozen Egg 2":59,"Orichalcum":102,"Odd Mushroom":153,"MawBank":150,"White Beast Statue":93,"Mercury Hourglass":5,"Nuclear Battery":49,"Peace Pipe":45,"Strange Spoon":137,"CaptainsWheel":6,"Anchor":150,"Orrery":125,"Bag of Marbles":90,"Art of War":133,"Membership Card":125,"TungstenRod":65,"Toy Ornithopter":81},{"Ice Cream":367,"Tiny House":167,"Calipers":179,"CeramicFish":245,"Vajra":473,"Runic Capacitor":0,"Whetstone":385,"Bottled Tornado":905,"Boot":491,"Old Coin":298,"FrozenCore":564,"Sozu":629,"Blood Vial":1048,"Lizard Tail":367,"HornCleat":90,"DollysMirror":491,"Strawberry":191,"Prayer Wheel":768,"MealTicket":980,"Kunai":131,"Toxic Egg 2":637,"Pear":637,"Happy Flower":96,"Blue Candle":90,"Oddly Smooth Stone":924,"War Paint":121,"Question Card":145,"Akabeko":886,"Cables":367,"Du-Vu Doll":657,"OrangePellets":367,"SlaversCollar":957,"Bronze Scales":131,"Black Star":464,"Symbiotic Virus":49,"StrikeDummy":105,"Pocketwatch":961,"Darkstone Periapt":482,"Regal Pillow":504,"Lantern":722,"SacredBark":859,"Mango":131,"Juzu Bracelet":974,"Smiling Mask":825,"ClockworkSouvenir":536,"Emotion Chip":736,"Dream Catcher":832,"Matryoshka":555,"Mummified Hand":49,"Gambling Chip":131,"Tiny Chest":418,"Chemical X":131,"Cracked Core":0,"Runic Pyramid":1002,"Potion Belt":482,"Inserter":60,"Golden Idol":133,"PreservedInsect":82,"Omamori":298,"Frozen Egg 2":298,"Orichalcum":574,"Odd Mushroom":945,"MawBank":935,"White Beast Statue":527,"Mercury Hourglass":15,"Nuclear Battery":225,"Peace Pipe":191,"Strange Spoon":860,"CaptainsWheel":19,"Anchor":935,"Orrery":758,"Bag of Marbles":504,"Art of War":832,"Membership Card":758,"TungstenRod":359,"Toy Ornithopter":442}],"Pocketwatch":[67]},"card_choices":[{"not_picked":["Beam Cell","Go for the Eyes"],"picked":"Cold Snap","floor":1},{"not_picked":["Static Discharge","Leap"],"picked":"Capacitor","floor":3},{"not_picked":["Compile Driver","Streamline","Coolheaded"],"picked":"SKIP","floor":4},{"not_picked":["Barrage","White Noise"],"picked":"Force Field","floor":7},{"not_picked":["Steam","Stack","Undo"],"picked":"SKIP","floor":11},{"not_picked":["Steam","Redo"],"picked":"Defragment","floor":12},{"not_picked":["Sweeping Beam","Cold Snap"],"picked":"Conserve Battery","floor":14},{"not_picked":["Seek","Thunder Strike"],"picked":"Biased Cognition","floor":16},{"not_picked":["Heatsinks","Barrage","FTL"],"picked":"SKIP","floor":18},{"not_picked":["Conserve Battery","Gash","Streamline"],"picked":"SKIP","floor":20},{"not_picked":["Sweeping Beam+1","Buffer","Steam"],"picked":"SKIP","floor":21},{"not_picked":["Ball Lightning","Double Energy"],"picked":"Coolheaded","floor":23},{"not_picked":["Go for the Eyes","Hologram","Conserve Battery+1"],"picked":"SKIP","floor":25},{"not_picked":["Barrage","Leap"],"picked":"Lockon","floor":28},{"not_picked":["Leap","Storm","Hologram+1"],"picked":"SKIP","floor":31},{"not_picked":["Multi-Cast","Amplify"],"picked":"Biased Cognition","floor":33},{"not_picked":["Stack","Reprogram+1","Cold Snap+1"],"picked":"SKIP","floor":35},{"not_picked":["FTL+1","BootSequence","Leap+1"],"picked":"SKIP","floor":37},{"not_picked":["Barrage+1","Stack","Force Field"],"picked":"SKIP","floor":38},{"not_picked":["Barrage+1","Stack"],"picked":"Force Field","floor":38},{"not_picked":["Leap+1","Genetic Algorithm+1","Amplify"],"picked":"SKIP","floor":41},{"not_picked":["Capacitor+1","Consume"],"picked":"Fusion+1","floor":42},{"not_picked":["Genetic Algorithm+1","Scrape+1","Streamline+1"],"picked":"SKIP","floor":48},{"not_picked":["Conserve Battery+1","Turbo+1"],"picked":"Barrage","floor":54}],"player_experience":791337,"relics_obtained":[{"floor":7,"key":"Boot"},{"floor":9,"key":"MawBank"},{"floor":9,"key":"Whetstone"},{"floor":13,"key":"Odd Mushroom"},{"floor":23,"key":"Juzu Bracelet"},{"floor":26,"key":"Happy Flower"},{"floor":26,"key":"Regal Pillow"},{"floor":41,"key":"Bronze Scales"},{"floor":43,"key":"Orichalcum"},{"floor":48,"key":"Toxic Egg 2"},{"floor":54,"key":"Blood Vial"}],"event_choices":[{"cards_removed":["Defend_B"],"damage_healed":0,"gold_gain":0,"player_choice":"Card Removal","damage_taken":0,"max_hp_gain":0,"max_hp_loss":0,"event_name":"The Cleric","floor":5,"gold_loss":50},{"damage_healed":0,"gold_gain":0,"player_choice":"Success","damage_taken":7,"relics_obtained":["Anchor"],"max_hp_gain":0,"max_hp_loss":0,"event_name":"Scrap Ooze","floor":10,"gold_loss":0},{"damage_healed":0,"gold_gain":0,"player_choice":"Fought Mushrooms","damage_taken":0,"max_hp_gain":0,"max_hp_loss":0,"event_name":"Mushrooms","floor":13,"gold_loss":0},{"damage_healed":0,"gold_gain":0,"player_choice":"Gave Potion","damage_taken":0,"relics_obtained":["MealTicket"],"max_hp_gain":0,"max_hp_loss":0,"event_name":"WeMeetAgain","floor":27,"gold_loss":0},{"damage_healed":0,"gold_gain":0,"player_choice":"Ignored","damage_taken":0,"max_hp_gain":0,"max_hp_loss":0,"event_name":"Tomb of Lord Red Mask","floor":45,"gold_loss":0},{"damage_healed":0,"gold_gain":0,"player_choice":"Embrace Madness","damage_taken":10,"max_hp_gain":0,"max_hp_loss":0,"event_name":"Winding Halls","floor":46,"gold_loss":0,"cards_obtained":["Madness","Madness"]}],"is_beta":false,"boss_relics":[{"not_picked":["Fusion Hammer","Calling Bell"],"picked":"SlaversCollar"},{"not_picked":["Coffee Dripper","Snecko Eye"],"picked":"Runic Pyramid"}],"items_purged_floors":[0,0,19,44],"is_endless":false,"potions_floor_spawned":[3,4,11,13,25,28,31,33,35,41,42],"ascension_level":0}}