{"host":"utqe55yv0jihe4d6","time":1612675282,"event":{"mods":["2.2 Compatiblity","AchievementEnabler","BaseMod","Block Reminder","Colored Map","Colored Powertips","Minty Spire (QoL Compilation)","Quick Restart","Rare Cards Sparkle","Relic Stats","SuperFastMode"],"gold_per_floor":[117,42,42,42,55,84,84,84,117,131,131,15,15,43,43,43,43],"floor_reached":16,"language":"ENG","playtime":272,"items_purged":[],"score":296,"play_id":"f1a101d5-ab74-4e80-a18e-9a6b3eeedcc6","local_time":"20210207002122","is_ascension_mode":true,"campfire_choices":[{"data":"Strike_R","floor":8,"key":"PURGE"},{"data":"Strike_R","floor":11,"key":"PURGE"},{"data":"Parasite","floor":13,"key":"PURGE"},{"floor":15,"key":"REST"}],"circlet_count":0,"master_deck":["AscendersBane","Strike_R","Strike_R","Defend_R","Defend_R","Defend_R","Defend_R","Bash+1","Thunderclap","Sword Boomerang","Dark Embrace","Uppercut"],"relics":["Cursed Key","Peace Pipe","CeramicFish","Orichalcum"],"acts_visited":["Exordium"],"potions_floor_usage":[6,16,16],"damage_taken":[{"damage":5,"enemies":"Small Slimes","floor":1,"turns":3},{"damage":7,"enemies":"Jaw Worm","floor":5,"turns":4},{"damage":40,"enemies":"3 Sentries","floor":6,"turns":8},{"damage":4,"enemies":"2 Louse","floor":10,"turns":2},{"damage":6,"enemies":"Looter","floor":14,"turns":3}],"seed_played":"-7005352631581158615","potions_obtained":[{"floor":5,"key":"Regen Potion"},{"floor":10,"key":"ColorlessPotion"}],"is_trial":false,"path_per_floor":["M","?","?","?","M","E","?","R","T","M","R","$","R","M","R","B"],"character_chosen":"IRONCLAD","items_purchased":["CultistPotion"],"campfire_rested":1,"item_purchase_floors":[12],"current_hp_per_floor":[63,63,63,68,61,36,25,25,25,21,21,21,21,15,38,0,0],"gold":43,"neow_bonus":"BOSS_RELIC","is_daily":false,"chose_seed":false,"campfire_upgraded":0,"win_rate":0.0,"timestamp":1612675282,"path_taken":["M","?","?","?","M","E","?","R","T","?","R","$","R","M","R","BOSS"],"items_purchased_type":["Potion"],"build_version":"2020-12-22","purchased_purges":0,"victory":false,"max_hp_per_floor":[75,75,75,80,80,80,80,80,80,80,80,80,77,77,77,77,77],"relic_stats":{"Peace Pipe":3,"counters":[6,28],"CeramicFish":18,"Orichalcum":[24],"Cursed Key":1,"obtain_stats":[{"Peace Pipe":6,"CeramicFish":7,"Orichalcum":9,"Cursed Key":0,"Burning Blood":0},{"Peace Pipe":3,"CeramicFish":3,"Orichalcum":3,"Cursed Key":0,"Burning Blood":0},{"Peace Pipe":15,"CeramicFish":15,"Orichalcum":15,"Cursed Key":0,"Burning Blood":0}]},"card_choices":[{"not_picked":["Body Slam","Heavy Blade"],"picked":"Thunderclap","floor":1},{"not_picked":["Twin Strike","Anger"],"picked":"Sword Boomerang","floor":5},{"not_picked":["Searing Blow","Body Slam"],"picked":"Dark Embrace","floor":6},{"not_picked":["Rampage","Sword Boomerang","Body Slam"],"picked":"SKIP","floor":10},{"not_picked":["Bloodletting","Twin Strike"],"picked":"Uppercut","floor":14}],"player_experience":3045552,"relics_obtained":[{"floor":6,"key":"Peace Pipe"},{"floor":9,"key":"Orichalcum"}],"event_choices":[{"cards_removed":["Strike_R"],"damage_healed":0,"gold_gain":0,"player_choice":"Card Removal","damage_taken":0,"max_hp_gain":0,"max_hp_loss":0,"event_name":"The Cleric","floor":2,"gold_loss":75},{"damage_healed":0,"gold_gain":0,"player_choice":"Grow","damage_taken":0,"max_hp_gain":0,"max_hp_loss":0,"event_name":"Living Wall","floor":3,"gold_loss":0,"cards_upgraded":["Bash"]},{"damage_healed":0,"gold_gain":0,"player_choice":"Donut","damage_taken":0,"max_hp_gain":5,"max_hp_loss":0,"event_name":"Big Fish","floor":4,"gold_loss":0},{"damage_healed":0,"gold_gain":0,"player_choice":"Success","damage_taken":11,"relics_obtained":["CeramicFish"],"max_hp_gain":0,"max_hp_loss":0,"event_name":"Scrap Ooze","floor":7,"gold_loss":0}],"is_beta":false,"boss_relics":[],"items_purged_floors":[],"is_endless":false,"potions_floor_spawned":[5,10,14],"killed_by":"The Guardian","ascension_level":20}}