{"host":"vdpaduzlq0qlaikq","time":1612731069,"event":{"mods":["AchievementEnabler","BaseMod","Better Third Choice","BetterRewards","Colored Map","Downfall","Gold Saver","Hermit","Jorbs\u0027s Wanderer Trilogy","Minty Spire (QoL Compilation)","Relic Filter","Spicy Shops","StSLib","The Necromancer"],"gold_per_floor":[1185,424,424,599,612,640,299,332,414,433,433,433,453,101,101,175,175,191,224,224,224,155,186,186,215,215,241,241,241,274,81,81,157,157,172,172,192,202,221,255,255,287,313,4,4,4,4,18,18,18,18,18,18,48,48],"floor_reached":56,"language":"ENG","playtime":3643,"items_purged":["Decay","Strike_G"],"score":2718,"play_id":"721ed250-41aa-4e81-a5d0-4cf075cf6aa6","local_time":"20210207185109","is_ascension_mode":true,"campfire_choices":[{"data":"Transmutation","floor":12,"key":"SMITH"},{"data":"Crippling Poison","floor":15,"key":"SMITH"},{"floor":24,"key":"RECALL"},{"data":"Catalyst","floor":28,"key":"SMITH"},{"data":"Footwork","floor":32,"key":"SMITH"},{"data":"Wraith Form v2","floor":41,"key":"SMITH"},{"data":"Burst","floor":46,"key":"SMITH"},{"data":"Noxious Fumes","floor":49,"key":"SMITH"},{"data":"Deadly Poison","floor":52,"key":"SMITH"}],"circlet_count":0,"master_deck":["AscendersBane","Strike_G","Defend_G","Defend_G","Defend_G+1","Defend_G","Survivor+1","Neutralize","Deadly Poison","Noxious Fumes+1","Poisoned Stab","Poisoned Stab","Doppelganger","Deadly Poison+1","Transmutation+1","Crippling Poison+1","Burst+1","Deadly Poison","Bouncing Flask+1","Malaise","After Image+1","Slice+1","Expertise+1","Catalyst+1","Footwork+1","Malaise","Deadly Poison+1","Dramatic Entrance","PiercingWail+1","Wraith Form v2+1","Backstab"],"relics":["Ring of the Snake","Matryoshka","TwistedFunnel","Meat on the Bone","HornCleat","FossilizedHelix","Omamori","White Beast Statue","Orrery","Oddly Smooth Stone","Anchor","Chemical X","Toy Ornithopter","Pantograph","Pear","Question Card","Bronze Scales","Dream Catcher","Pen Nib","MealTicket","Happy Flower","Astrolabe","Red Mask","Ninja Scroll","Prayer Wheel","Snake Skull","InkBottle","Strawberry","Eternal Feather","Potion Belt","Coffee Dripper","Mummified Hand","Bottled Tornado","Lantern","The Specimen","Blue Candle","Unceasing Top"],"acts_visited":["Exordium","TheCity","TheBeyond","TheEnding"],"potions_floor_usage":[6,8,10,18,19,23,25,30,39,40,55],"damage_taken":[{"damage":0,"enemies":"Jaw Worm","floor":1,"turns":2},{"damage":0,"enemies":"2 Louse","floor":5,"turns":2},{"damage":4,"enemies":"3 Sentries","floor":6,"turns":7},{"damage":0,"enemies":"Gremlin Nob","floor":8,"turns":3},{"damage":0,"enemies":"Small Slimes","floor":10,"turns":2},{"damage":0,"enemies":"2 Fungi Beasts","floor":13,"turns":2},{"damage":19,"enemies":"The Guardian","floor":16,"turns":6},{"damage":0,"enemies":"2 Thieves","floor":18,"turns":3},{"damage":0,"enemies":"Masked Bandits","floor":19,"turns":4},{"damage":21,"enemies":"Gremlin Leader","floor":23,"turns":5},{"damage":9,"enemies":"Slavers","floor":25,"turns":5},{"damage":0,"enemies":"Book of Stabbing","floor":27,"turns":4},{"damage":0,"enemies":"Slavers","floor":30,"turns":4},{"damage":18,"enemies":"Champ","floor":33,"turns":6},{"damage":0,"enemies":"Orb Walker","floor":35,"turns":3},{"damage":0,"enemies":"3 Shapes","floor":37,"turns":2},{"damage":0,"enemies":"Jaw Worm Horde","floor":38,"turns":3},{"damage":0,"enemies":"Spire Growth","floor":39,"turns":3},{"damage":0,"enemies":"Giant Head","floor":40,"turns":6},{"damage":0,"enemies":"Reptomancer","floor":42,"turns":4},{"damage":0,"enemies":"4 Shapes","floor":48,"turns":3},{"damage":14,"enemies":"Donu and Deca","floor":50,"turns":7},{"damage":0,"enemies":"Shield and Spear","floor":54,"turns":5},{"damage":0,"enemies":"The Heart","floor":55,"turns":8}],"seed_played":"-6977634342250518216","potions_obtained":[{"floor":1,"key":"Poison Potion"},{"floor":5,"key":"AttackPotion"},{"floor":6,"key":"LiquidMemories"},{"floor":8,"key":"Explosive Potion"},{"floor":10,"key":"Swift Potion"},{"floor":13,"key":"PowerPotion"},{"floor":18,"key":"Ancient Potion"},{"floor":19,"key":"BlessingOfTheForge"},{"floor":23,"key":"DuplicationPotion"},{"floor":25,"key":"FairyPotion"},{"floor":27,"key":"PowerPotion"},{"floor":30,"key":"SpeedPotion"},{"floor":33,"key":"Strength Potion"},{"floor":35,"key":"bronze:BurnAndBuffPotion"},{"floor":37,"key":"sneckomod:MuddlingPotion"},{"floor":38,"key":"Block Potion"},{"floor":39,"key":"Energy Potion"},{"floor":40,"key":"LiquidMemories"},{"floor":54,"key":"FairyPotion"}],"is_trial":false,"path_per_floor":["M","$","?","?","M","E","$","E","T","M","?","R","M","$","R","B",null,"M","?","$","?","$","E","R","E","T","E","R","?","E","$","R","B",null,"M","?","M","M","M","E","R","E","T","$","?","R","?","M","R","B",null,"R","$","E","B",null],"character_chosen":"THE_SILENT","items_purchased":["Matryoshka","TwistedFunnel","Deadly Poison","Noxious Fumes","Meat on the Bone","HornCleat","FossilizedHelix","Omamori","White Beast Statue","Orrery","Deadly Poison","Oddly Smooth Stone","Anchor","Chemical X","Toy Ornithopter","Pantograph","Pear","Bronze Scales","Transmutation","MealTicket","Happy Flower","Bouncing Flask","Catalyst","Potion Belt","Footwork","The Specimen"],"campfire_rested":0,"item_purchase_floors":[0,0,0,0,0,0,0,0,0,0,0,0,0,0,2,2,2,7,7,14,14,14,22,31,31,44],"current_hp_per_floor":[63,73,57,57,57,58,58,63,63,68,61,61,61,61,61,61,75,80,80,80,80,80,59,59,55,55,62,62,62,67,82,87,69,83,83,83,83,83,87,87,87,87,87,87,82,87,87,87,87,73,84,87,87,87,87],"gold":48,"neow_bonus":"","is_daily":false,"chose_seed":false,"campfire_upgraded":8,"win_rate":0.0,"timestamp":1612731069,"path_taken":["M","$","?","?","M","E","?","E","T","M","?","R","M","$","R","BOSS","M","?","$","?","$","E","R","E","T","E","R","?","E","?","R","BOSS","M","?","M","M","M","E","R","E","T","$","?","R","?","M","R","BOSS","R","$","E","BOSS"],"items_purchased_type":["Relic","Relic","Card","Card","Relic","Relic","Relic","Relic","Relic","Relic","Card","Relic","Relic","Relic","Relic","Relic","Relic","Relic","Card","Relic","Relic","Card","Card","Relic","Card","Relic"],"build_version":"2020-12-22","purchased_purges":2,"victory":true,"max_hp_per_floor":[70,80,80,80,80,80,80,80,80,80,80,80,80,80,80,80,80,80,80,80,80,80,80,80,80,80,87,87,87,87,87,87,87,87,87,87,87,87,87,87,87,87,87,87,87,87,87,87,87,87,87,87,87,87,87],"card_choices":[{"not_picked":["Quick Slash","Sucker Punch"],"picked":"Poisoned Stab","floor":0},{"not_picked":["Outmaneuver","Tactician"],"picked":"Poisoned Stab","floor":0},{"not_picked":["Deflect","Flying Knee"],"picked":"Doppelganger","floor":0},{"not_picked":["Quick Slash","Cloak And Dagger","Sucker Punch"],"picked":"SKIP","floor":1},{"not_picked":["Dash","Flechettes","Sucker Punch"],"picked":"SKIP","floor":5},{"not_picked":["Endless Agony","PiercingWail","Outmaneuver"],"picked":"SKIP","floor":6},{"not_picked":["Cloak And Dagger","Sucker Punch","Flechettes"],"picked":"Crippling Poison","floor":8},{"not_picked":["Poisoned Stab","Cloak And Dagger","Accuracy"],"picked":"Burst","floor":10},{"not_picked":["Cloak And Dagger","Outmaneuver","Concentrate"],"picked":"Deadly Poison","floor":13},{"not_picked":["Bullet Time","Doppelganger","Glass Knife"],"picked":"Malaise","floor":16},{"not_picked":["Quick Slash","Poisoned Stab","Deflect","Flying Knee"],"picked":"SKIP","floor":18},{"not_picked":["Escape Plan","Expertise","Dash","Sucker Punch"],"picked":"SKIP","floor":23},{"not_picked":["Backflip","Underhanded Strike+1","Prepared","Eviscerate"],"picked":"SKIP","floor":25},{"not_picked":["Reflex","Bouncing Flask","Underhanded Strike","Backflip"],"picked":"SKIP","floor":27},{"not_picked":["Storm of Steel","Blade Dance","Caltrops","Dagger Spray"],"picked":"SKIP","floor":30},{"not_picked":["Doppelganger","Venomology","Die Die Die"],"picked":"Malaise","floor":33},{"not_picked":["Poisoned Stab+1","Heel Hook","Slice"],"picked":"Deadly Poison+1","floor":35},{"not_picked":["Choke","Backflip","Flechettes","Prepared"],"picked":"SKIP","floor":35},{"not_picked":["Finesse","Flash of Steel","Blind"],"picked":"Dramatic Entrance","floor":36},{"not_picked":["Endless Agony","Underhanded Strike","Acrobatics","PiercingWail"],"picked":"SKIP","floor":37},{"not_picked":["Dodge and Roll","Slice","Escape Plan+1","Acrobatics"],"picked":"SKIP","floor":37},{"not_picked":["Terror+1","Poisoned Stab","Night Terror"],"picked":"PiercingWail+1","floor":38},{"not_picked":["Underhanded Strike","Bane+1","Sucker Punch","Dodge and Roll"],"picked":"SKIP","floor":38},{"not_picked":["Dodge and Roll","Prepared","Terror"],"picked":"Wraith Form v2","floor":39},{"not_picked":["Acrobatics","Deflect","Dagger Throw","Backflip"],"picked":"SKIP","floor":39},{"not_picked":["Deflect","All Out Attack","Sucker Punch"],"picked":"Backstab","floor":40},{"not_picked":["Dagger Spray","Dodge and Roll+1","Die Die Die","Riddle With Holes"],"picked":"SKIP","floor":42},{"not_picked":["Deflect+1","Quick Slash","Calculated Gamble","Infinite Blades"],"picked":"SKIP","floor":48},{"not_picked":["Poisoned Stab","Tactician+1","Quick Slash+1","Eviscerate+1"],"picked":"SKIP","floor":48},{"not_picked":["Tactician","Backflip","Flying Knee+1","Deflect+1"],"picked":"SKIP","floor":54}],"player_experience":733974,"relics_obtained":[{"floor":6,"key":"Question Card"},{"floor":8,"key":"Dream Catcher"},{"floor":9,"key":"Pen Nib"},{"floor":19,"key":"Red Mask"},{"floor":23,"key":"Ninja Scroll"},{"floor":25,"key":"Prayer Wheel"},{"floor":26,"key":"Snake Skull"},{"floor":26,"key":"InkBottle"},{"floor":27,"key":"Strawberry"},{"floor":30,"key":"Eternal Feather"},{"floor":40,"key":"Mummified Hand"},{"floor":42,"key":"Bottled Tornado"},{"floor":43,"key":"Lantern"},{"floor":54,"key":"Unceasing Top"}],"event_choices":[{"damage_healed":73,"gold_gain":0,"player_choice":"Upgrade","damage_taken":16,"max_hp_gain":0,"max_hp_loss":80,"event_name":"betterThird:BetterShining","floor":3,"gold_loss":0,"cards_upgraded":["Survivor","Defend_G"]},{"damage_healed":0,"gold_gain":175,"player_choice":"AGREE","damage_taken":424,"max_hp_gain":0,"max_hp_loss":0,"event_name":"betterThird:BetterSerpent","floor":4,"gold_loss":0},{"cards_removed":["Strike_G"],"damage_healed":0,"gold_gain":0,"player_choice":"Card Removal","damage_taken":7,"max_hp_gain":0,"max_hp_loss":0,"event_name":"Golden Wing","floor":11,"gold_loss":0},{"damage_healed":0,"gold_gain":0,"player_choice":"Fought Bandits","damage_taken":0,"max_hp_gain":0,"max_hp_loss":0,"event_name":"Masked Bandits","floor":19,"gold_loss":0},{"damage_healed":0,"gold_gain":0,"player_choice":"Ignored","damage_taken":0,"max_hp_gain":0,"max_hp_loss":0,"event_name":"Vampires","floor":21,"gold_loss":0},{"damage_healed":0,"gold_gain":0,"player_choice":"Ignored","damage_taken":0,"max_hp_gain":0,"max_hp_loss":0,"event_name":"Ghosts","floor":29,"gold_loss":0},{"damage_healed":0,"gold_gain":0,"player_choice":"Memory 1","damage_taken":0,"max_hp_gain":0,"max_hp_loss":0,"event_name":"SensoryStone","floor":36,"gold_loss":0},{"damage_healed":0,"gold_gain":0,"player_choice":"Upgraded","damage_taken":0,"max_hp_gain":0,"max_hp_loss":0,"event_name":"Upgrade Shrine","floor":47,"gold_loss":0,"cards_upgraded":["Bouncing Flask"]}],"is_beta":false,"boss_relics":[{"not_picked":["Snecko Eye","Ectoplasm"],"picked":"Astrolabe"},{"not_picked":["Calling Bell","Fusion Hammer"],"picked":"Coffee Dripper"}],"items_purged_floors":[0,2],"is_endless":false,"potions_floor_spawned":[1,5,6,8,10,13,16,18,19,23,25,27,30,33,35,37,38,39,40,42,48,54],"ascension_level":13}}