{"host":"3fuwgqa6zowkodik","time":1612707016,"event":{"mods":["AchievementEnabler","BaseMod","Colored Map","Colored Powertips","Minty Spire (QoL Compilation)","Random Character Button","Rare Cards Sparkle","Replay The Spire","StSLib"],"gold_per_floor":[116,127,145,145,145,145,177,177,231,231,231,231,231,37,48,118,118,118,118],"floor_reached":18,"language":"ENG","playtime":586,"items_purged":[],"score":130,"play_id":"f40b3edb-c3b5-4b31-b028-6d5b6f4ec14b","local_time":"20210207151016","is_ascension_mode":true,"campfire_choices":[{"data":"Dualcast","floor":6,"key":"SMITH"},{"data":"Loop","floor":8,"key":"SMITH"},{"data":"Biased Cognition","floor":10,"key":"SMITH"},{"floor":17,"key":"REST"}],"circlet_count":0,"master_deck":["Strike_B","Strike_B","Strike_B","Strike_B","Defend_B+1","Defend_B","Defend_B","Defend_B","Zap+1","Dualcast+1","Seek","Panic Button","Coolheaded+1","Loop+1","Biased Cognition+1","Panache","Stack"],"relics":["Cracked Core","Replay:Rubber Ducky","Chameleon Ring"],"acts_visited":["Exordium"],"potions_floor_usage":[7],"damage_taken":[{"damage":0,"enemies":"Cultist","floor":1,"turns":4},{"damage":8,"enemies":"Small Slimes","floor":2,"turns":3},{"damage":2,"enemies":"2 Louse","floor":3,"turns":3},{"damage":26,"enemies":"Lagavulin","floor":7,"turns":9},{"damage":0,"enemies":"2 Fungi Beasts","floor":15,"turns":2},{"damage":42,"enemies":"The Guardian","floor":18,"turns":16}],"seed_played":"6240478897304368468","potions_obtained":[{"floor":3,"key":"PotionOfCapacity"},{"floor":15,"key":"SmokeBomb"}],"is_trial":false,"path_per_floor":["M","M","M","?","?","R","E","R","T","R","?","PTL","PTL","$","M","T","R","B"],"character_chosen":"DEFECT","items_purchased":["Panache"],"campfire_rested":1,"item_purchase_floors":[14],"current_hp_per_floor":[75,67,65,65,65,65,39,39,39,39,24,24,24,24,24,24,46,4,4],"gold":118,"neow_bonus":"ONE_RANDOM_RARE_CARD","is_daily":false,"chose_seed":false,"campfire_upgraded":3,"win_rate":0.0,"timestamp":1612707016,"path_taken":["M","?","M","?","?","R","E","R","T","R","?","PTL","PTL","$","M","?","R","BOSS"],"items_purchased_type":["Card"],"build_version":"2020-12-22","purchased_purges":0,"victory":false,"max_hp_per_floor":[75,75,75,75,75,75,75,75,75,75,75,75,75,75,75,75,75,75,75],"card_choices":[{"not_picked":["Storm","Beam Cell"],"picked":"Panic Button","floor":1},{"not_picked":["Heatsinks","Streamline"],"picked":"Coolheaded","floor":2},{"not_picked":["Ball Lightning","Rebound"],"picked":"Loop","floor":3},{"not_picked":["Leap","Rebound"],"picked":"Biased Cognition","floor":7},{"not_picked":["Leap","Panic Button"],"picked":"Stack","floor":15}],"player_experience":142682,"relics_obtained":[{"floor":7,"key":"Replay:Rubber Ducky"},{"floor":16,"key":"Chameleon Ring"}],"event_choices":[{"damage_healed":0,"gold_gain":0,"player_choice":"Ignored","damage_taken":0,"max_hp_gain":0,"max_hp_loss":0,"event_name":"Liars Game","floor":4,"gold_loss":0},{"damage_healed":0,"gold_gain":0,"player_choice":"Grow","damage_taken":0,"max_hp_gain":0,"max_hp_loss":0,"event_name":"Living Wall","floor":5,"gold_loss":0,"cards_upgraded":["Zap"]},{"damage_healed":0,"gold_gain":0,"player_choice":"Entered Light","damage_taken":15,"max_hp_gain":0,"max_hp_loss":0,"event_name":"Shining Light","floor":11,"gold_loss":0,"cards_upgraded":["Defend_B","Coolheaded"]}],"is_beta":false,"boss_relics":[],"items_purged_floors":[],"is_endless":false,"potions_floor_spawned":[3,15],"killed_by":"The Guardian","ascension_level":4}}