{"host":"ylxam20yo7j5dy26","time":1612681305,"event":{"mods":["100% Spire Juice","ATMod(阿瑾Mod)","Act Like it!","Aspiration","BaseMod","BetterRewards","Conspire","Defuse TimeMaze Blight","Downfall","Energized Spire","Gensokyo","GungeonMod","Hubris","Infinite Spire","Jedi Mod","KomeijiMod","Marisa（F雨　魔理沙）","Minty Spire (QoL Compilation)","MostiFishMod","Quarter Circle Forward PUNCH!","Quick Restart","Red Circlet Mod","Reimu（博丽灵梦）","Reliquary","Remilia（蕾米莉亚）","Replay The Spire","Robot Space Explorer","RumiaBox-露米娅的神秘盒子","Spicy Shops","StSLib","TestMod","The Animator","The Jungle","The Runesmith","【功能Mod】混沌之环修复补丁","【遗物卡牌】REMEMod"],"gold_per_floor":[118,118,130,150,150,184,211,239,286,321,321,353,353,388,388,467,467,478,478,493,493,504,504,536,570,570,595,623,623,623,655,655,730,730,742,742,742,758,768,768,800,810,810,760,1759,1779,1810,1836,1836,1848,1848],"floor_reached":52,"language":"ZHS","playtime":4288,"items_purged":[],"score":2589,"play_id":"bdb2fb39-ee40-45e1-b396-a3fe3408db5e","local_time":"20210207150145","daily_mods":["SealedDeck","Time Dilation","Flight","downfall:ChampStances","Elite Swarm"],"is_ascension_mode":true,"campfire_choices":[{"data":"HalloweenModCandy","floor":11.0,"key":"SMITH"},{"data":"HalloweenModCandy","floor":15.0,"key":"SMITH"},{"data":"HalloweenModCandy","floor":23.0,"key":"SMITH"},{"floor":30.0,"key":"REST"},{"floor":40.0,"key":"REST"},{"data":"HalloweenModCandy","floor":49,"key":"SMITH"}],"circlet_count":0,"master_deck":["AscendersBane","champ:EnGarde","champ:FanOfKnives","champ:GutPunch","champ:RisingSlash","champ:EnragedBash","champ:AdrenalArmor","champ:BerserkersShout","champ:AdrenalArmor","champ:AdrenalArmor","HalloweenModCandy+1","HalloweenModGhostCostume","HalloweenModCandy+1","HalloweenModGhostCostume","HalloweenModTrick","HalloweenModGhostCostume","HalloweenModGhostCostume","HalloweenModGhostCostume","HalloweenModGhostCostume","HalloweenModGhostCostume","HalloweenModGhostCostume","HalloweenModCandy+1","HalloweenModCandy+1","HalloweenModGhostCostume","HalloweenModTrick+1","HalloweenModTrick+1","HalloweenModCandy+1","HalloweenModTrick","AscendersBane","champ:EnGarde","champ:FanOfKnives","champ:GutPunch","champ:RisingSlash","champ:EnragedBash","champ:AdrenalArmor","champ:BerserkersShout","champ:AdrenalArmor","champ:AdrenalArmor","HalloweenModCandy+1","HalloweenModGhostCostume","HalloweenModCandy+1","HalloweenModGhostCostume","HalloweenModTrick","HalloweenModGhostCostume","HalloweenModGhostCostume","HalloweenModGhostCostume","HalloweenModGhostCostume","HalloweenModGhostCostume","HalloweenModGhostCostume","HalloweenModCandy+1","HalloweenModCandy+1","HalloweenModGhostCostume","HalloweenModTrick+1","HalloweenModTrick+1","HalloweenModCandy+1","HalloweenModTrick","HalloweenModCandy+1","HalloweenModCandy+1","HalloweenModCandy+1","HalloweenModCandy+1","conspire:SpireCoStock","HalloweenModCandy+1","HalloweenModCandy+1","HalloweenModCandy+1"],"relics":["Unceasing Top","AT_ATBox","REME_ComplimentaryCards","jedi:maincommand","testmod-TestBox","champ:ChampStancesModRelic","DianPoetry","HalloweenModHalloween","Blue Candle","SynthV:TestCard","SecretRecord","SecretRecord","SecretRecord","SecretRecord","SecretRecord","SecretRecord","SecretRecord","Magic Flower","DemoMod:MonsterBlood"],"acts_visited":["Exordium","TheCity","TheBeyond"],"potions_floor_usage":[50],"damage_taken":[{"damage":43.0,"enemies":"Jaw Worm","floor":1.0,"turns":2.0},{"damage":51.0,"enemies":"Cultist","floor":3.0,"turns":3.0},{"damage":44.0,"enemies":"Small Slimes","floor":4.0,"turns":3.0},{"damage":69.0,"enemies":"Gremlin Nob","floor":6.0,"turns":3.0},{"damage":42.0,"enemies":"3 Sentries","floor":7.0,"turns":4.0},{"damage":15.0,"enemies":"Gremlin Nob","floor":8.0,"turns":2.0},{"damage":45.0,"enemies":"3 Sentries","floor":10.0,"turns":3.0},{"damage":38.0,"enemies":"Lagavulin","floor":12.0,"turns":3.0},{"damage":13.0,"enemies":"Replay:BlueRogue","floor":14.0,"turns":2.0},{"damage":47.0,"enemies":"Fading Forest","floor":16.0,"turns":10.0},{"damage":32.0,"enemies":"Chosen","floor":18.0,"turns":4.0},{"damage":50.0,"enemies":"conspire:FuzzyDice","floor":20.0,"turns":3.0},{"damage":62.0,"enemies":"Shelled Parasite and Fungi","floor":22.0,"turns":3.0},{"damage":10.0,"enemies":"conspire:Head Lice","floor":24.0,"turns":5.0},{"damage":99.0,"enemies":"Replay:Snechameleon","floor":25.0,"turns":6.0},{"damage":73.0,"enemies":"Slavers","floor":27.0,"turns":4.0},{"damage":81.0,"enemies":"REME_1_Revenger","floor":28.0,"turns":6.0},{"damage":64.0,"enemies":"Gremlin Leader","floor":31.0,"turns":6.0},{"damage":71.0,"enemies":"Automaton","floor":33.0,"turns":5.0},{"damage":38.0,"enemies":"3 Shapes","floor":35.0,"turns":3.0},{"damage":45.0,"enemies":"3 Darklings","floor":38.0,"turns":3.0},{"damage":33.0,"enemies":"Jaw Worm Horde","floor":39.0,"turns":2.0},{"damage":46.0,"enemies":"R_Hoarder","floor":41.0,"turns":4.0},{"damage":58.0,"enemies":"4 Shapes","floor":42.0,"turns":3.0},{"damage":106,"enemies":"Transient","floor":46,"turns":6},{"damage":19,"enemies":"Giant Head","floor":47,"turns":5},{"damage":93,"enemies":"R_Hoarder","floor":48,"turns":5},{"damage":208,"enemies":"Time Eater","floor":50,"turns":9},{"damage":84,"enemies":"hubris:GrandSnecko","floor":51,"turns":6}],"seed_played":"-9097772216530292506","potions_obtained":[{"floor":4.0,"key":"champ:TechniquePotion"},{"floor":6.0,"key":"Fire Potion"},{"floor":8.0,"key":"Venom Potion"},{"floor":22.0,"key":"champ:CounterPotion"},{"floor":42.0,"key":"Milkshake"}],"is_trial":true,"path_per_floor":["M","?","M","M","$","E","E","E","T","E","R","E","?","E","R","B",null,"M","?","M","?","M","R","E","E","T","E","E","$","R","E","R","B",null,"M","?","$","M","M","R","E","M","T","?","?","M","E","E","R","B","B",null],"character_chosen":"THE_CHAMP","items_purchased":[],"campfire_rested":2,"item_purchase_floors":[],"current_hp_per_floor":[70,70,80,76,76,79,81,81,81,81,81,80,80,74,74,78,80,79,79,44,81,65,65,81,81,81,59,76,76,81,81,81,59,76,61,61,61,36,43,67,62,62,62,62,62,50,81,88,88,79,82],"gold":1848,"neow_bonus":"","is_daily":false,"chose_seed":false,"campfire_upgraded":4,"win_rate":0.0,"timestamp":1612681305,"path_taken":["M","?","M","?","$","E","E","E","T","E","R","E","?","E","R","BOSS","M","?","?","?","?","R","E","E","T","E","E","$","R","E","R","BOSS","M","?","$","?","M","R","E","M","T","?","?","?","E","E","R","BOSS","BOSS"],"items_purchased_type":[],"build_version":"2020-12-22","purchased_purges":0,"victory":true,"max_hp_per_floor":[81,81,81,81,81,81,81,81,81,81,81,81,81,81,81,81,81,81,81,81,81,81,81,81,81,81,81,81,81,81,81,81,81,81,81,81,81,81,81,81,81,81,81,81,81,81,81,88,88,88,88],"card_choices":[{"not_picked":["HalloweenModTrick","HalloweenModGhostCostume"],"picked":"HalloweenModCandy","floor":1.0},{"not_picked":["HalloweenModCandy","HalloweenModTrick","HalloweenModTrick","HalloweenModGhostCostume"],"picked":"HalloweenModGhostCostume","floor":3.0},{"not_picked":["HalloweenModGhostCostume","HalloweenModTrick","HalloweenModGhostCostume","HalloweenModGhostCostume"],"picked":"HalloweenModCandy","floor":4.0},{"not_picked":["HalloweenModTrick","HalloweenModCandy","HalloweenModTrick","HalloweenModCandy"],"picked":"HalloweenModGhostCostume","floor":6.0},{"not_picked":["HalloweenModCandy","HalloweenModGhostCostume","HalloweenModGhostCostume","HalloweenModTrick"],"picked":"HalloweenModTrick","floor":7.0},{"not_picked":["HalloweenModCandy","HalloweenModTrick","HalloweenModTrick","HalloweenModCandy"],"picked":"HalloweenModGhostCostume","floor":8.0},{"not_picked":["HalloweenModTrick","HalloweenModCandy","HalloweenModTrick","HalloweenModGhostCostume"],"picked":"HalloweenModGhostCostume","floor":10.0},{"not_picked":["HalloweenModCandy","HalloweenModTrick","HalloweenModGhostCostume","HalloweenModTrick"],"picked":"HalloweenModGhostCostume","floor":12.0},{"not_picked":["HalloweenModTrick","HalloweenModCandy","HalloweenModTrick","HalloweenModTrick"],"picked":"HalloweenModGhostCostume","floor":14.0},{"not_picked":["HalloweenModCandy","HalloweenModTrick","HalloweenModTrick","HalloweenModGhostCostume"],"picked":"HalloweenModGhostCostume","floor":16.0},{"not_picked":["HalloweenModGhostCostume","HalloweenModCandy","HalloweenModTrick","HalloweenModGhostCostume"],"picked":"HalloweenModGhostCostume","floor":18.0},{"not_picked":["HalloweenModGhostCostume","HalloweenModTrick","HalloweenModTrick","HalloweenModTrick"],"picked":"HalloweenModCandy","floor":20.0},{"not_picked":["HalloweenModCandy","HalloweenModTrick+1","HalloweenModGhostCostume+1","HalloweenModTrick"],"picked":"HalloweenModCandy+1","floor":22.0},{"not_picked":["HalloweenModCandy+1","HalloweenModGhostCostume","HalloweenModTrick","HalloweenModCandy"],"picked":"HalloweenModGhostCostume","floor":24.0},{"not_picked":["HalloweenModGhostCostume","HalloweenModTrick","HalloweenModCandy","HalloweenModTrick"],"picked":"HalloweenModTrick+1","floor":25.0},{"not_picked":["HalloweenModGhostCostume","HalloweenModCandy","HalloweenModCandy","HalloweenModGhostCostume"],"picked":"HalloweenModTrick+1","floor":27.0},{"not_picked":["HalloweenModCandy","HalloweenModTrick","HalloweenModGhostCostume","HalloweenModGhostCostume","HalloweenModTrick"],"picked":"SKIP","floor":28.0},{"not_picked":["HalloweenModTrick","HalloweenModCandy","HalloweenModGhostCostume","HalloweenModCandy","HalloweenModCandy"],"picked":"SKIP","floor":31.0},{"not_picked":["HalloweenModTrick","HalloweenModGhostCostume","HalloweenModTrick","HalloweenModGhostCostume"],"picked":"HalloweenModCandy+1","floor":33.0},{"not_picked":["HalloweenModCandy","HalloweenModGhostCostume","HalloweenModGhostCostume+1","HalloweenModCandy"],"picked":"HalloweenModTrick","floor":35.0},{"not_picked":["HalloweenModTrick","HalloweenModGhostCostume","HalloweenModTrick","HalloweenModCandy+1"],"picked":"HalloweenModCandy+1","floor":38.0},{"not_picked":["HalloweenModTrick","HalloweenModGhostCostume","HalloweenModGhostCostume","HalloweenModGhostCostume"],"picked":"HalloweenModCandy+1","floor":39.0},{"not_picked":["HalloweenModTrick","HalloweenModGhostCostume+1","HalloweenModGhostCostume","HalloweenModCandy"],"picked":"HalloweenModCandy+1","floor":41.0},{"not_picked":["HalloweenModTrick","HalloweenModCandy","HalloweenModGhostCostume+1","HalloweenModTrick"],"picked":"HalloweenModCandy","floor":42.0},{"not_picked":["HalloweenModGhostCostume","HalloweenModTrick","HalloweenModGhostCostume","HalloweenModGhostCostume+1"],"picked":"HalloweenModCandy+1","floor":46},{"not_picked":["HalloweenModCandy+1","HalloweenModGhostCostume","HalloweenModTrick","HalloweenModCandy"],"picked":"HalloweenModCandy+1","floor":47},{"not_picked":["HalloweenModGhostCostume+1","HalloweenModTrick","HalloweenModCandy","HalloweenModGhostCostume"],"picked":"HalloweenModCandy+1","floor":48}],"player_experience":215181,"relics_obtained":[{"floor":1.0,"key":"SynthV:TestCard"},{"floor":1.0,"key":"AddBug"},{"floor":3.0,"key":"SecretRecord"},{"floor":6.0,"key":"jedi:command_uncommon"},{"floor":7.0,"key":"jedi:command_uncommon"},{"floor":8.0,"key":"SecretRecord"},{"floor":8.0,"key":"jedi:command_common"},{"floor":9.0,"key":"jedi:command_common"},{"floor":10.0,"key":"jedi:command_common"},{"floor":12.0,"key":"jedi:command_common"},{"floor":14.0,"key":"jedi:command_common"},{"floor":18.0,"key":"SecretRecord"},{"floor":24.0,"key":"jedi:command_uncommon"},{"floor":25.0,"key":"SecretRecord"},{"floor":25.0,"key":"jedi:command_common"},{"floor":26.0,"key":"jedi:command_uncommon"},{"floor":27.0,"key":"jedi:command_common"},{"floor":28.0,"key":"jedi:command_rare"},{"floor":31.0,"key":"jedi:command_common"},{"floor":35.0,"key":"SecretRecord"},{"floor":41.0,"key":"SecretRecord"},{"floor":41.0,"key":"jedi:command_uncommon"},{"floor":43.0,"key":"jedi:command_common"},{"floor":47,"key":"jedi:command_rare"},{"floor":48,"key":"jedi:command_common"}],"event_choices":[{"damage_healed":0.0,"max_hp_gain":0.0,"max_hp_loss":0.0,"gold_gain":0.0,"event_name":"FaceTrader","player_choice":"Trade","floor":2.0,"gold_loss":0.0,"damage_taken":0.0,"relics_obtained":["GremlinMask"]},{"damage_healed":0.0,"max_hp_gain":0.0,"max_hp_loss":0.0,"gold_gain":0.0,"event_name":"Lab","player_choice":"Got Potions","floor":19.0,"gold_loss":0.0,"damage_taken":0.0},{"cards_removed":["champ:RageSigil"],"damage_healed":37.0,"max_hp_gain":0.0,"max_hp_loss":0.0,"gold_gain":0.0,"event_name":"Bonfire Elementals","player_choice":"Offered Uncommon","floor":21.0,"gold_loss":0.0,"damage_taken":0.0},{"damage_healed":0.0,"max_hp_gain":0.0,"max_hp_loss":0.0,"gold_gain":0.0,"event_name":"给自己的盒子","player_choice":"Swap Relic","floor":32.0,"relics_lost":["DaveBox"],"gold_loss":0.0,"damage_taken":0.0,"relics_obtained":["DaveBox"]},{"damage_healed":0.0,"max_hp_gain":0.0,"max_hp_loss":0.0,"gold_gain":0.0,"event_name":"conspire:Investor","player_choice":"Invest 1","floor":44.0,"gold_loss":0.0,"damage_taken":0.0},{"damage_healed":0.0,"max_hp_gain":0.0,"max_hp_loss":0.0,"gold_gain":999.0,"event_name":"恩洛斯的盘子","player_choice":"Sell","floor":45.0,"relics_lost":["AddBug"],"gold_loss":0.0,"damage_taken":0.0}],"is_beta":false,"boss_relics":[{"not_picked":["jedi:command_boss","jedi:command_boss"],"picked":"jedi:command_boss"},{"not_picked":["jedi:command_boss","jedi:command_boss"],"picked":"jedi:command_boss"}],"items_purged_floors":[],"is_endless":false,"potions_floor_spawned":[4,6,8,22,25,39,42,46,47],"ascension_level":20}}