{"host":"7oiwk103j2prpym5","time":1612672622,"event":{"mods":["BaseMod","BetterRewards","Colored Map","Colored Powertips","GifTheSpireLib","Infinite Spire","Minty Spire (QoL Compilation)","Permanent Neow","Relic Filter Mod","Reliquary","Remove Card Discount Mod","Replay The Spire","StSLib","Stuff the Spire","Weighted Paths"],"gold_per_floor":[110,110,123,123,123,154,154,0,0,26,26,60,74,103,103,213,213,241,46,46,46,64,84,84],"floor_reached":23,"language":"ENG","playtime":1461,"items_purged":["Defend_G","Strike_G","Strike_G","Strike_G","Defend_G"],"score":362,"play_id":"cc031caf-2542-4989-862c-bfd4e51de778","local_time":"20210206223702","is_ascension_mode":true,"campfire_choices":[{"floor":7,"key":"RECALL"},{"floor":15,"key":"REST"}],"circlet_count":0,"master_deck":["Strike_G","Strike_G","Defend_G","Defend_G","Defend_G","Survivor","Neutralize","Replay:Dark Deal","Escape Plan","Escape Plan","Slice","Sucker Punch","Deadly Poison","Regret","Replay:Poison Smokescreen","Predator","Cloak And Dagger","Envenom","Dagger Spray+1","PiercingWail","Necronomicurse","Dagger Throw+1"],"relics":["Ring of the Snake","reliquary:PorcupineQuills","The Specimen","StuffTheSpire:EmeraldSignet","StuffTheSpire:RedRose","Boot","PreservedInsect","infinitespire:Eraser","infinitespire:WardingShard","Molten Egg 2","Replay:Bandana","reliquary:PartyBalloon","Necronomicon"],"acts_visited":["Exordium","TheCity"],"potions_floor_usage":[16,16],"damage_taken":[{"damage":0,"enemies":"Cultist","floor":1,"turns":6},{"damage":0,"enemies":"2 Louse","floor":3,"turns":3},{"damage":6,"enemies":"Replay:BlueRogue","floor":6,"turns":6},{"damage":10,"enemies":"3 Sentries","floor":10,"turns":5},{"damage":4,"enemies":"Lagavulin","floor":12,"turns":5},{"damage":2,"enemies":"Jaw Worm","floor":13,"turns":2},{"damage":15,"enemies":"3 Sentries","floor":14,"turns":6},{"damage":30,"enemies":"Slime Boss","floor":16,"turns":9},{"damage":0,"enemies":"Chosen","floor":18,"turns":5},{"damage":0,"enemies":"Spheric Guardian","floor":22,"turns":3},{"damage":56,"enemies":"Nightmare","floor":23,"turns":7}],"seed_played":"5091054406835767170","potions_obtained":[{"floor":1,"key":"LiquidBronze"},{"floor":6,"key":"Languid Potion"},{"floor":14,"key":"Reflective Coating"},{"floor":22,"key":"BlessingOfTheForge"}],"is_trial":false,"path_per_floor":["M","?","M","T","?","E","R","$","T","E","T","E","M","E","R","B",null,"M","$","?","$","M","NM"],"character_chosen":"THE_SILENT","items_purchased":["Replay:Dark Deal","reliquary:PorcupineQuills","Escape Plan","ReplayTheSpireMod:Scrap Shanks","Slice","PreservedInsect","PiercingWail","reliquary:PartyBalloon"],"campfire_rested":1,"item_purchase_floors":[0,0,0,0,0,8,19,19],"current_hp_per_floor":[49,70,70,70,70,64,64,64,64,54,54,50,48,33,54,38,70,70,70,54,54,54,0,0],"gold":84,"neow_bonus":"","is_daily":false,"chose_seed":false,"campfire_upgraded":0,"win_rate":0.0,"timestamp":1612672622,"path_taken":["M","?","?","?","?","E","R","$","T","E","?","E","M","E","R","BOSS","M","$","?","?","?","NM"],"items_purchased_type":["Card","Relic","Card","Card","Card","Relic","Card","Relic"],"build_version":"2020-12-22","purchased_purges":5,"victory":false,"max_hp_per_floor":[70,70,70,70,70,70,70,70,70,70,70,70,70,70,70,70,70,70,70,70,70,70,70,70],"card_choices":[{"not_picked":["Terror","Blade Dance"],"picked":"Sucker Punch","floor":1},{"not_picked":["Backflip","ReplayTheSpireMod:Speed Training"],"picked":"Deadly Poison","floor":3},{"not_picked":["Reflex","Underhanded Strike"],"picked":"Replay:Poison Smokescreen","floor":6},{"not_picked":["All Out Attack","StuffTheSpire:MirrorStance"],"picked":"Predator","floor":10},{"not_picked":["StuffTheSpire:Fury","Setup"],"picked":"Cloak And Dagger","floor":12},{"not_picked":["Concentrate","Acrobatics","Escape Plan"],"picked":"SKIP","floor":13},{"not_picked":["Draining Mist","StuffTheSpire:Shiver","ReplayTheSpireMod:Speed Training"],"picked":"SKIP","floor":14},{"not_picked":["ReplayTheSpireMod:Necrosis","ReplayTheSpireMod:From All Sides+1"],"picked":"Envenom","floor":16},{"not_picked":["Acrobatics+1","StuffTheSpire:Injection+1"],"picked":"Dagger Spray+1","floor":18},{"not_picked":["Sucker Punch+1","StuffTheSpire:Repulse"],"picked":"Dagger Throw+1","floor":22}],"player_experience":859738,"relics_obtained":[{"floor":4,"key":"StuffTheSpire:EmeraldSignet"},{"floor":6,"key":"Boot"},{"floor":10,"key":"infinitespire:Eraser"},{"floor":11,"key":"infinitespire:WardingShard"},{"floor":12,"key":"Molten Egg 2"},{"floor":14,"key":"Replay:Bandana"},{"floor":20,"key":"Necronomicon"}],"event_choices":[{"cards_removed":["ReplayTheSpireMod:Scrap Shanks"],"damage_healed":21,"gold_gain":0,"player_choice":"Offered Uncommon","damage_taken":0,"max_hp_gain":0,"max_hp_loss":0,"event_name":"Bonfire Elementals","floor":2,"gold_loss":0},{"damage_healed":0,"gold_gain":0,"player_choice":"Obtained Book","damage_taken":16,"max_hp_gain":0,"max_hp_loss":0,"event_name":"Cursed Tome","floor":20,"gold_loss":0}],"is_beta":false,"boss_relics":[{"not_picked":["reliquary:KinkedSpring","infinitespire:Cupcake","Ectoplasm"]}],"items_purged_floors":[0,0,8,19,19],"is_endless":false,"potions_floor_spawned":[1,6,14,22],"killed_by":"Nightmare","ascension_level":3}}