{"host":"9j472d1lqxyi8fmj","time":1612730409,"event":{"mods":["AchievementEnabler","Aspiration","BaseMod","Better Note","BetterRewards","Block Reminder","Card Filter","Colored Powertips","Downfall","Halation","Hermit","Hubris","Infinite Spire","Minty Spire (QoL Compilation)","Potion Indicator Mod","Rare Cards Sparkle","Relic Filter","Reliquary","Replay The Spire","Spicy Shops","StSLib","The Runesmith","Virulent Crown"],"gold_per_floor":[113,131,131,151,162,162,175,175,175,191,43,57,57,76,76,176,176,191,203,113,113,113,113,113,113],"floor_reached":24,"language":"ENG","playtime":1036,"items_purged":[],"score":290,"play_id":"0783fe02-f09d-476e-beb9-398fc9b6dba3","local_time":"20210207154009","is_ascension_mode":false,"campfire_choices":[{"data":"hubris:InfiniteBlow+1","floor":6,"key":"SMITH"},{"floor":8,"key":"REST"},{"floor":13,"key":"REST"},{"data":"hubris:InfiniteBlow+2","floor":15,"key":"SMITH"},{"floor":23,"key":"REST"}],"circlet_count":0,"master_deck":["Strike_G","Strike_G","Strike_G","Strike_G","Strike_G","Defend_G","Defend_G","Defend_G","Defend_G+1","Defend_G","Survivor","Neutralize","Infinite Blades","Hidden Blade+1","Hidden Blade","Cloak And Dagger","hubris:InfiniteBlow+3","Footwork","hubris:Sniper","Outmaneuver","Backflip+1","Poisoned Stab","Dagger Throw","Adrenaline","Clumsy","hubris:Lust","Dash+1","hubris:Rewind"],"relics":["Ring of the Snake","Mercury Hourglass","halation:Sosunser","Replay:Ancient Bell","Gremlin Food","Gremlin Horn","hubris:Potato","TheAbacus"],"acts_visited":["Exordium","TheCity"],"potions_floor_usage":[16,16,24],"damage_taken":[{"damage":0,"enemies":"Small Slimes","floor":1,"turns":3},{"damage":12,"enemies":"Jaw Worm","floor":2,"turns":4},{"damage":0,"enemies":"Cultist","floor":4,"turns":3},{"damage":3,"enemies":"Red Slaver","floor":5,"turns":5},{"damage":11,"enemies":"Blue Slaver","floor":7,"turns":4},{"damage":13,"enemies":"2 Fungi Beasts","floor":10,"turns":3},{"damage":13,"enemies":"Looter","floor":12,"turns":3},{"damage":7,"enemies":"Blue Slaver","floor":14,"turns":4},{"damage":32,"enemies":"The Guardian","floor":16,"turns":11},{"damage":24,"enemies":"Shell Parasite","floor":18,"turns":8},{"damage":11,"enemies":"Chosen","floor":19,"turns":5},{"damage":56,"enemies":"Nightmare","floor":24,"turns":7}],"seed_played":"-4702092179681191429","potions_obtained":[{"floor":2,"key":"SteroidPotion"},{"floor":4,"key":"FearPotion"},{"floor":5,"key":"bronze:BurnAndBuffPotion"},{"floor":16,"key":"GhostInAJar"}],"is_trial":false,"path_per_floor":["M","M","?","M","M","R","M","R","T","M","$","M","R","M","R","B",null,"M","M","?","AVR","?","R","NM"],"character_chosen":"THE_SILENT","items_purchased":["Infinite Blades","Hidden Blade+1","halation:Sosunser"],"campfire_rested":3,"item_purchase_floors":[0,0,11],"current_hp_per_floor":[70,58,40,40,37,37,26,47,47,34,34,21,42,35,35,3,70,46,35,35,35,35,56,0,0],"gold":113,"neow_bonus":"","is_daily":false,"chose_seed":false,"campfire_upgraded":2,"win_rate":0.0,"timestamp":1612730409,"path_taken":["M","M","?","M","M","R","M","R","T","M","$","M","R","M","R","BOSS","M","M","?","AVR","?","R","NM"],"items_purchased_type":["Card","Card","Relic"],"build_version":"2020-12-22","purchased_purges":0,"victory":false,"max_hp_per_floor":[70,70,70,70,70,70,70,70,70,70,70,70,70,70,70,70,70,70,70,70,70,70,70,70,70],"card_choices":[{"not_picked":["ReplayTheSpireMod:Speed Training","Backflip"],"picked":"Hidden Blade","floor":1},{"not_picked":["Bouncing Flask","Blade Dance"],"picked":"Cloak And Dagger","floor":2},{"not_picked":["ReplayTheSpireMod:Chaos Vortex","infinitespire:NeuralNetwork"],"picked":"hubris:InfiniteBlow+1","floor":3},{"not_picked":["Cloak And Dagger","ReplayTheSpireMod:Speed Training"],"picked":"Footwork","floor":4},{"not_picked":["Expertise","Crippling Poison"],"picked":"hubris:Sniper","floor":5},{"not_picked":["Finisher","hubris:Counter"],"picked":"Outmaneuver","floor":7},{"not_picked":["Prepared","Calculated Gamble"],"picked":"Backflip","floor":10},{"not_picked":["Outmaneuver","Bane"],"picked":"Poisoned Stab","floor":12},{"not_picked":["Distraction","Dodge and Roll"],"picked":"Dagger Throw","floor":14},{"not_picked":["Burst","ReplayTheSpireMod:From All Sides"],"picked":"Adrenaline","floor":16},{"not_picked":["Writhe","hubris:Compulsion"],"picked":"Clumsy","floor":17},{"not_picked":["Normality","hubris:Greed"],"picked":"hubris:Envy","floor":17},{"not_picked":["Regret","Decay"],"picked":"hubris:Lust","floor":17},{"not_picked":["Prepared","PiercingWail","Skewer"],"picked":"SKIP","floor":18},{"not_picked":["Skewer","Tactician"],"picked":"Dash+1","floor":19}],"player_experience":385839,"relics_obtained":[{"floor":9,"key":"Mercury Hourglass"}],"event_choices":[{"cards_removed":["hubris:Envy"],"damage_healed":0,"gold_gain":0,"player_choice":"Upgrade and Remove","damage_taken":0,"max_hp_gain":0,"max_hp_loss":0,"event_name":"Designer","floor":20,"gold_loss":90,"cards_upgraded":["Backflip"]},{"cards_removed":["Strike_G"],"damage_healed":0,"gold_gain":0,"player_choice":"Give","damage_taken":0,"max_hp_gain":0,"max_hp_loss":0,"event_name":"betterNote:BetterNote","floor":22,"gold_loss":0,"cards_obtained":["Strike_B"]}],"is_beta":false,"boss_relics":[{"not_picked":["aspiration:MobileForge","halation:PinkAlligatorPlush"],"picked":"Replay:Ancient Bell"},{"not_picked":["Blood Vial","infinitespire:Satchel"],"picked":"Gremlin Food"},{"not_picked":["infinitespire:FocusingShard","reliquary:PurpleTingedLeaf"],"picked":"Gremlin Horn"},{"not_picked":["Basket Of Snakes","hubris:CuriousFeather"],"picked":"hubris:Potato"}],"items_purged_floors":[],"is_endless":false,"potions_floor_spawned":[2,4,5,12,16],"killed_by":"Nightmare","ascension_level":0}}