{"host":"z9rwthyxsf7d04ix","time":1612727081,"event":{"mods":["AchievementEnabler","BaseMod","Colored Map","Colored Powertips","Minty Spire (QoL Compilation)","Quick Restart"],"gold_per_floor":[116,129,79,79,154,154,169,183,183,183,224,240,253,253,253],"floor_reached":14,"language":"ENG","playtime":793,"items_purged":[],"score":142,"play_id":"bd4e2322-c6bd-46e0-a70f-78dd99fc717f","local_time":"20210207214441","is_ascension_mode":false,"campfire_choices":[{"floor":6,"key":"REST"},{"data":"Dark Embrace","floor":10,"key":"SMITH"}],"circlet_count":0,"master_deck":["Strike_R","Strike_R","Strike_R","Strike_R","Defend_R","Defend_R","Defend_R","Defend_R","Bash","Pommel Strike","Flex","Dark Embrace+1","Sword Boomerang","Seeing Red","Iron Wave","Seeing Red"],"relics":["Burning Blood","Golden Idol","Du-Vu Doll","WingedGreaves"],"acts_visited":["Exordium"],"potions_floor_usage":[11],"damage_taken":[{"damage":5,"enemies":"Cultist","floor":1,"turns":4},{"damage":8,"enemies":"Small Slimes","floor":2,"turns":3},{"damage":4,"enemies":"2 Louse","floor":7,"turns":3},{"damage":7,"enemies":"Exordium Wildlife","floor":8,"turns":4},{"damage":8,"enemies":"Gremlin Nob","floor":11,"turns":3},{"damage":44,"enemies":"Exordium Thugs","floor":12,"turns":7},{"damage":6,"enemies":"3 Louse","floor":13,"turns":4},{"damage":37,"enemies":"Lagavulin","floor":14,"turns":6}],"seed_played":"-8750476475499520404","potions_obtained":[{"floor":1,"key":"EssenceOfSteel"},{"floor":8,"key":"Explosive Potion"}],"is_trial":true,"path_per_floor":["M","M","?","?","?","R","M","M","T","R","E","M","M","E"],"character_chosen":"IRONCLAD","items_purchased":[],"campfire_rested":1,"item_purchase_floors":[],"current_hp_per_floor":[80,78,78,58,47,71,73,72,72,72,70,32,32,0,0],"gold":253,"neow_bonus":"","is_daily":false,"chose_seed":false,"campfire_upgraded":1,"win_rate":0.0,"timestamp":1612727081,"path_taken":["M","M","?","?","?","R","M","M","T","R","E","?","M","E"],"items_purchased_type":[],"build_version":"2020-12-22","purchased_purges":0,"victory":false,"max_hp_per_floor":[80,80,80,80,80,80,80,80,80,80,80,80,80,80,80],"card_choices":[{"not_picked":["Intimidate","Body Slam"],"picked":"Pommel Strike","floor":1},{"not_picked":["Headbutt","Clash"],"picked":"Flex","floor":2},{"not_picked":["Cleave","Inflame"],"picked":"Dark Embrace","floor":7},{"not_picked":["Evolve","Twin Strike"],"picked":"Sword Boomerang","floor":8},{"not_picked":["Pommel Strike","Sentinel"],"picked":"Seeing Red","floor":11},{"not_picked":["Wild Strike","Spot Weakness"],"picked":"Iron Wave","floor":12},{"not_picked":["Carnage","Havoc"],"picked":"Seeing Red","floor":13}],"player_experience":743296,"relics_obtained":[{"floor":9,"key":"Du-Vu Doll"},{"floor":11,"key":"WingedGreaves"}],"event_choices":[{"cards_removed":["Strike_R"],"damage_healed":0,"gold_gain":0,"player_choice":"Card Removal","damage_taken":0,"max_hp_gain":0,"max_hp_loss":0,"event_name":"The Cleric","floor":3,"gold_loss":50},{"damage_healed":0,"gold_gain":0,"player_choice":"Take Damage","damage_taken":20,"relics_obtained":["Golden Idol"],"max_hp_gain":0,"max_hp_loss":0,"event_name":"Golden Idol","floor":4,"gold_loss":0},{"damage_healed":0,"gold_gain":75,"player_choice":"Gather Gold","damage_taken":11,"max_hp_gain":0,"max_hp_loss":0,"event_name":"World of Goop","floor":5,"gold_loss":0}],"is_beta":false,"boss_relics":[],"items_purged_floors":[],"is_endless":true,"potions_floor_spawned":[1,8],"killed_by":"Lagavulin","ascension_level":0}}