{"host":"s41rn2jhghpwfrvz","time":1612685382,"event":{"mods":["BaseMod","Minty Spire (QoL Compilation)","Quick Restart","Relic Stats","SuperFastMode"],"gold_per_floor":[116,116,116,126,141,141,168,187,187,187,212,231,256,279,291,380,392,420,225,225,244,256,256,281,231,231,261,279,279,312,341,341,419,419,438,375,375,398,416,445,470,470,470],"floor_reached":42,"language":"ENG","playtime":1081,"items_purged":["Crescendo","Backstab","ClearTheMind"],"score":1308,"play_id":"73deb74c-2464-4e2f-aaeb-6322f872480f","local_time":"20210207100942","daily_mods":["SealedDeck","Diverse","DeadlyEvents"],"is_ascension_mode":true,"campfire_choices":[{"data":"PathToVictory","floor":6,"key":"SMITH"},{"data":"Crippling Poison","floor":10,"key":"SMITH"},{"data":"Protect","floor":15,"key":"SMITH"},{"data":"DeusExMachina","floor":23,"key":"SMITH"},{"data":"Blade Dance","floor":29,"key":"SMITH"},{"floor":32,"key":"RECALL"}],"circlet_count":0,"master_deck":["AscendersBane","Fire Breathing","Protect+1","PathToVictory+1","Quick Slash","Blade Dance+1","Crippling Poison+1","PiercingWail","DeusExMachina+1","Flash of Steel"],"relics":["Burning Blood","MealTicket","InkBottle","Turnip","MawBank","Busted Crown","Membership Card","HornCleat","Toxic Egg 2","Lantern","Sundial","Question Card","SlaversCollar","Dream Catcher","Red Skull","Anchor"],"acts_visited":["Exordium","TheCity","TheBeyond"],"potions_floor_usage":[],"damage_taken":[{"damage":13,"enemies":"Jaw Worm","floor":1,"turns":3},{"damage":6,"enemies":"Small Slimes","floor":4,"turns":3},{"damage":0,"enemies":"Cultist","floor":5,"turns":3},{"damage":21,"enemies":"3 Sentries","floor":7,"turns":4},{"damage":3,"enemies":"2 Fungi Beasts","floor":8,"turns":3},{"damage":30,"enemies":"Lagavulin","floor":11,"turns":4},{"damage":7,"enemies":"Blue Slaver","floor":12,"turns":3},{"damage":10,"enemies":"Gremlin Nob","floor":13,"turns":3},{"damage":0,"enemies":"Gremlin Gang","floor":14,"turns":3},{"damage":4,"enemies":"The Guardian","floor":16,"turns":9},{"damage":0,"enemies":"Spheric Guardian","floor":18,"turns":3},{"damage":5,"enemies":"Shell Parasite","floor":21,"turns":4},{"damage":10,"enemies":"Snake Plant","floor":22,"turns":3},{"damage":16,"enemies":"Book of Stabbing","floor":24,"turns":4},{"damage":0,"enemies":"Gremlin Leader","floor":27,"turns":4},{"damage":6,"enemies":"Centurion and Healer","floor":28,"turns":3},{"damage":17,"enemies":"Slavers","floor":30,"turns":3},{"damage":0,"enemies":"Gremlin Leader","floor":31,"turns":3},{"damage":0,"enemies":"Collector","floor":33,"turns":4},{"damage":18,"enemies":"Orb Walker","floor":35,"turns":4},{"damage":5,"enemies":"3 Shapes","floor":39,"turns":2},{"damage":5,"enemies":"Giant Head","floor":40,"turns":3},{"damage":18,"enemies":"Reptomancer","floor":41,"turns":4},{"damage":60,"enemies":"Nemesis","floor":42,"turns":5}],"seed_played":"130236481935102702","potions_obtained":[{"floor":5,"key":"Ancient Potion"},{"floor":7,"key":"DuplicationPotion"},{"floor":16,"key":"Dexterity Potion"},{"floor":22,"key":"SpeedPotion"}],"is_trial":true,"path_per_floor":["M","?","?","M","M","R","E","M","T","R","E","M","E","M","R","B",null,"M","$","?","M","M","R","E","$","T","E","M","R","E","E","R","B",null,"M","$","?","T","M","E","E","E"],"character_chosen":"IRONCLAD","items_purchased":["Membership Card"],"campfire_rested":0,"item_purchase_floors":[19],"current_hp_per_floor":[61,61,66,66,72,72,57,60,60,60,36,35,31,37,37,39,70,76,80,80,80,76,76,66,80,80,80,80,80,69,75,75,80,80,68,80,70,70,71,72,60,0,0],"gold":470,"neow_bonus":"","is_daily":false,"chose_seed":false,"campfire_upgraded":5,"win_rate":0.0,"timestamp":1612685382,"path_taken":["M","?","?","M","M","R","E","M","T","R","E","M","E","M","R","BOSS","M","$","?","M","M","R","E","$","T","E","M","R","?","E","R","BOSS","M","$","?","?","M","E","?","E"],"items_purchased_type":["Relic"],"build_version":"2020-12-22","purchased_purges":3,"victory":false,"max_hp_per_floor":[75,75,80,80,80,80,80,80,80,80,80,80,80,80,80,80,80,80,80,80,80,80,80,80,80,80,80,80,80,80,80,80,80,80,80,80,80,80,80,80,80,80,80],"relic_stats":{"Dream Catcher":0,"Busted Crown":32,"counters":[24,87],"Sundial":[24],"MealTicket":30,"Turnip":[12],"MawBank":72,"Question Card":8,"obtain_stats":[{"Lantern":27,"MawBank":13,"Question Card":31,"Burning Blood":0,"SlaversCollar":34,"Dream Catcher":38,"Anchor":41,"Busted Crown":17,"HornCleat":20,"Sundial":30,"MealTicket":7,"Turnip":11,"Membership Card":19,"Toxic Egg 2":24,"InkBottle":9,"Red Skull":40},{"Lantern":15,"MawBank":8,"Question Card":18,"Burning Blood":0,"SlaversCollar":19,"Dream Catcher":20,"Anchor":23,"Busted Crown":10,"HornCleat":11,"Sundial":17,"MealTicket":4,"Turnip":6,"Membership Card":11,"Toxic Egg 2":14,"InkBottle":5,"Red Skull":22},{"Lantern":56,"MawBank":26,"Question Card":65,"Burning Blood":0,"SlaversCollar":69,"Dream Catcher":73,"Anchor":82,"Busted Crown":38,"HornCleat":41,"Sundial":62,"MealTicket":13,"Turnip":20,"Membership Card":41,"Toxic Egg 2":52,"InkBottle":16,"Red Skull":78}],"Burning Blood":130,"InkBottle":[33]},"card_choices":[{"not_picked":["Heavy Blade","Blizzard","Quick Slash"],"picked":"SKIP","floor":1},{"not_picked":["Turbo","MentalFortress","Leap"],"picked":"SKIP","floor":4},{"not_picked":["FlurryOfBlows","JustLucky","EmptyBody"],"picked":"SKIP","floor":5},{"not_picked":["Halt","Cleave","Hemokinesis"],"picked":"SKIP","floor":7},{"not_picked":["Barrage","Combust","Chaos"],"picked":"SKIP","floor":8},{"not_picked":["Crescendo","Die Die Die","Evaluate"],"picked":"SKIP","floor":11},{"not_picked":["Evaluate","Weave","Conserve Battery"],"picked":"SKIP","floor":12},{"not_picked":["Perfected Strike","Bludgeon","Sunder"],"picked":"SKIP","floor":13},{"not_picked":["Pommel Strike","Fire Breathing","True Grit"],"picked":"SKIP","floor":14},{"not_picked":["Phantasmal Killer","Core Surge"],"picked":"DeusExMachina","floor":16},{"not_picked":["Shrug It Off"],"picked":"SKIP","floor":18},{"not_picked":["Deflect"],"picked":"SKIP","floor":21},{"not_picked":["BowlingBash"],"picked":"SKIP","floor":22},{"not_picked":["CutThroughFate"],"picked":"SKIP","floor":24},{"not_picked":["Self Repair"],"picked":"SKIP","floor":27},{"not_picked":["Go for the Eyes"],"picked":"SKIP","floor":28},{"not_picked":["Consecrate"],"picked":"SKIP","floor":30},{"not_picked":["Deadly Poison+1"],"picked":"SKIP","floor":31},{"not_picked":["Ball Lightning","Swivel+1"],"picked":"SKIP","floor":35},{"not_picked":["Finesse+1"],"picked":"Flash of Steel","floor":37},{"not_picked":["Inflame","Prostrate+1"],"picked":"SKIP","floor":39},{"not_picked":["Coolheaded+1","Hologram+1"],"picked":"SKIP","floor":40},{"not_picked":["Distraction+1","Glacier+1"],"picked":"SKIP","floor":41}],"player_experience":1884448,"relics_obtained":[{"floor":7,"key":"MealTicket"},{"floor":9,"key":"InkBottle"},{"floor":11,"key":"Turnip"},{"floor":13,"key":"MawBank"},{"floor":24,"key":"Toxic Egg 2"},{"floor":27,"key":"Lantern"},{"floor":30,"key":"Sundial"},{"floor":31,"key":"Question Card"},{"floor":38,"key":"Dream Catcher"},{"floor":40,"key":"Red Skull"},{"floor":41,"key":"Anchor"}],"event_choices":[{"damage_healed":0,"gold_gain":0,"player_choice":"Ignored","damage_taken":0,"max_hp_gain":0,"max_hp_loss":0,"event_name":"Liars Game","floor":2,"gold_loss":0},{"damage_healed":0,"gold_gain":0,"player_choice":"Donut","damage_taken":0,"max_hp_gain":5,"max_hp_loss":0,"event_name":"Big Fish","floor":3,"gold_loss":0},{"damage_healed":0,"gold_gain":0,"player_choice":"Gave Potion","damage_taken":0,"relics_obtained":["HornCleat"],"max_hp_gain":0,"max_hp_loss":0,"event_name":"WeMeetAgain","floor":20,"gold_loss":0},{"damage_healed":0,"gold_gain":0,"player_choice":"Memory 3","damage_taken":10,"max_hp_gain":0,"max_hp_loss":0,"event_name":"SensoryStone","floor":37,"gold_loss":0}],"is_beta":false,"boss_relics":[{"not_picked":["Philosopher\u0027s Stone","Cursed Key"],"picked":"Busted Crown"},{"not_picked":["Velvet Choker","Runic Dome"],"picked":"SlaversCollar"}],"items_purged_floors":[19,25,36],"is_endless":false,"potions_floor_spawned":[5,7,11,14,16,22,24,28,33,40],"killed_by":"Nemesis","ascension_level":20}}