{"host":"ekyl8r8j8fco3zlk","time":1612726679,"event":{"mods":["Act Like it!","Arknights","BaseMod","CapriCore","Decade(Õı–°√˜)","Dota2Spire","Friendly Minions","Gensokyo","Marisa£®ÏF”Í°°ƒß¿Ì…≥£©","Minty Spire (QoL Compilation)","READ ME - Guardian Mod","Rare Cards Sparkle","Reimu£®≤©¿ˆ¡È√Œ£©","StSLib","The Alterego","The Immortal","The Jungle","The Senshi","TheWitcher","Waifu the Spire","WarShipGirlsR/’ΩΩ¢…Ÿ≈ÆR mod","Yakumo Yukari mod","°æ“≈ŒÔø®≈∆°øREMEMod"],"gold_per_floor":[119,119,135,153,113,113,146,164,164,164,12,12,25,55,55,157,157,175,194,194,209,209,222,232,232,232,273,285,326,263,301,313,423,435,464,135,135,154,164,196,196,212,212,262,281,306,27,41,41,1],"floor_reached":51,"language":"ZHS","playtime":2687,"items_purged":[],"score":897,"play_id":"427e04e3-e24b-4c3b-854e-287b70d013f9","local_time":"20210208033759","is_ascension_mode":false,"campfire_choices":[{"data":"NB:ReiMu","floor":6,"key":"SMITH"},{"data":"CareerPray:ReiMu","floor":10,"key":"SMITH"},{"data":"KamiRite:ReiMu","floor":12,"key":"SMITH"},{"floor":15,"key":"REST"},{"floor":25,"key":"REST"},{"data":"CeremonyResonance:ReiMu","floor":28,"key":"SMITH"},{"data":"YinYangSange:ReiMu","floor":32,"key":"SMITH"},{"data":"DependentForm:ReiMu","floor":41,"key":"SMITH"},{"data":"Amulet:ReiMu","floor":49,"key":"SMITH"}],"circlet_count":0,"master_deck":["Strike_Lin:ReiMu+1","Strike_Lin:ReiMu+1","Strike_Lin:ReiMu+1","Strike_Lin:ReiMu+1","Defend_Lin:ReiMu+1","Defend_Lin:ReiMu+1","Defend_Lin:ReiMu+1","Defend_Lin:ReiMu+1","NB:ReiMu+1","Stagnation:ReiMu","CeremonyResonance:ReiMu+1","SpringWay:ReiMu+1","Meditation:ReiMu+1","Enchanting:ReiMu","CareerPray:ReiMu+1","KamiRite:ReiMu+1","Amulet:ReiMu+1","DependentForm:ReiMu+1","AirStrike:ReiMu","WonderfulDomain:ReiMu","SubcavityInstant:ReiMu+1","FantasyMoon:ReiMu+1","SpiritualOutbreak2:ReiMu","Mountainwind:ReiMu+1","YinYangSange:ReiMu+1","PayForSelf:ReiMu","PassingAway:ReiMu+1","SubAcupoint:ReiMu+1","Crusade:ReiMu+1","MountainWay:ReiMu+1"],"relics":["ShineYinYang:ReiMu","REME_ComplimentaryCards","PaintedHorse:ReiMu","Sundial","Dota2Spire:BattleFury","Mercury Hourglass","MawBank","Dota2Spire:LotusOrb","Nunchaku","Toy Ornithopter","RedLine:ReiMu","Membership Card","Oddly Smooth Stone","Ornamental Fan","Tea:ReiMu","TurtleShell:ReiMu","Dota2Spire:OctarineCore","War Paint","Dota2Spire:PowerTreads","SnafuTest:BearRelic","REME_OnlineShoppingPlatform"],"acts_visited":["Exordium","TheCity","TheBeyond"],"potions_floor_usage":[7,7,23,27,31,31,33,35,50,50],"damage_taken":[{"damage":5,"enemies":"Small Slimes","floor":1,"turns":6},{"damage":0,"enemies":"2 Louse","floor":3,"turns":3},{"damage":7,"enemies":"ats:Genji","floor":4,"turns":4},{"damage":9,"enemies":"Lagavulin","floor":7,"turns":6},{"damage":6,"enemies":"Large Slime","floor":8,"turns":5},{"damage":10,"enemies":"3 Louse","floor":13,"turns":2},{"damage":5,"enemies":"3 Sentries","floor":14,"turns":4},{"damage":11,"enemies":"Hexaghost","floor":16,"turns":9},{"damage":20,"enemies":"2 Thieves","floor":18,"turns":4},{"damage":9,"enemies":"3 Byrds","floor":19,"turns":5},{"damage":0,"enemies":"Snake Plant","floor":21,"turns":4},{"damage":11,"enemies":"Sentry and Sphere","floor":23,"turns":6},{"damage":2,"enemies":"3 Cultists","floor":24,"turns":4},{"damage":3,"enemies":"Book of Stabbing","floor":27,"turns":5},{"damage":0,"enemies":"Gremlin Leader","floor":29,"turns":5},{"damage":0,"enemies":"Slavers","floor":31,"turns":5},{"damage":43,"enemies":"Automaton","floor":33,"turns":7},{"damage":0,"enemies":"Orb Walker","floor":35,"turns":4},{"damage":12,"enemies":"3 Darklings","floor":38,"turns":5},{"damage":11,"enemies":"Jaw Worm Horde","floor":39,"turns":3},{"damage":7,"enemies":"Reptomancer","floor":40,"turns":6},{"damage":16,"enemies":"Writhing Mass","floor":42,"turns":6},{"damage":5,"enemies":"Mind Bloom Boss Battle","floor":44,"turns":7},{"damage":0,"enemies":"Maw","floor":45,"turns":7},{"damage":0,"enemies":"Spire Growth","floor":48,"turns":5},{"damage":18,"enemies":"Awakened One","floor":50,"turns":7}],"seed_played":"6492460073623050409","potions_obtained":[{"floor":3,"key":"DuplicationPotion"},{"floor":4,"key":"FearPotion"},{"floor":14,"key":"SteroidPotion"},{"floor":16,"key":"BottledKami:ReiMu"},{"floor":19,"key":"Swift Potion"},{"floor":24,"key":"LiquidFlight:ReiMu"},{"floor":27,"key":"EssenceOfSteel"},{"floor":29,"key":"EssenceOfSteel"},{"floor":35,"key":"Fruit Juice"},{"floor":40,"key":"MagicPotion:ReiMu"},{"floor":44,"key":"SteroidPotion"}],"is_trial":false,"path_per_floor":["M","?","M","M","?","R","E","M","T","R","$","R","M","E","R","B",null,"M","M","?","M","?","M","M","R","T","E","R","E","?","E","R","B",null,"M","$","?","M","M","E","R","M","T","?","M","T","$","M","R","B",null],"character_chosen":"REIMU","items_purchased":["KamiRite:ReiMu","Membership Card","Oddly Smooth Stone","Ornamental Fan","Dota2Spire:PowerTreads","SnafuTest:BearRelic","REME_OnlineShoppingPlatform"],"campfire_rested":2,"item_purchase_floors":[11,36,36,36,47,47,47],"current_hp_per_floor":[60,60,60,53,53,53,44,38,38,38,38,38,28,23,42,31,65,45,36,36,36,36,25,23,42,42,39,39,39,39,39,39,1,65,70,70,70,58,47,40,40,24,24,19,19,19,19,19,40,32],"gold":1,"neow_bonus":"ONE_RANDOM_RARE_CARD","is_daily":false,"chose_seed":false,"campfire_upgraded":7,"win_rate":0.0,"timestamp":1612726679,"path_taken":["M","?","M","M","?","R","E","M","T","R","$","R","M","E","R","BOSS","M","M","?","M","?","?","M","R","T","E","R","E","?","E","R","BOSS","M","$","?","M","M","E","R","M","T","?","M","?","$","?","R","BOSS"],"items_purchased_type":["Card","Relic","Relic","Relic","Relic","Relic","Relic"],"build_version":"2020-12-22","purchased_purges":0,"victory":true,"max_hp_per_floor":[65,65,65,65,65,65,65,65,65,65,65,65,65,65,65,65,65,65,65,65,65,65,65,65,65,65,65,65,65,65,65,65,65,65,70,70,70,70,70,70,70,70,70,70,70,70,70,70,70,70],"card_choices":[{"not_picked":["AirStrike:ReiMu","WonderfulDomain:ReiMu"],"picked":"SpringWay:ReiMu","floor":1},{"not_picked":["Intuition:ReiMu","WonderfulDomain:ReiMu"],"picked":"Meditation:ReiMu","floor":3},{"not_picked":["Gathering:ReiMu","AirStrike:ReiMu"],"picked":"Enchanting:ReiMu","floor":4},{"not_picked":["TakeOff:ReiMu","LovePray:ReiMu"],"picked":"CareerPray:ReiMu","floor":7},{"not_picked":["BarrageOfMoneybags:ReiMu","Enchanting:ReiMu"],"picked":"TightArray:ReiMu","floor":8},{"not_picked":["SubAcupoint:ReiMu","Meditation:ReiMu"],"picked":"Amulet:ReiMu","floor":13},{"not_picked":["RainPray2:ReiMu","Conquer:ReiMu"],"picked":"DependentForm:ReiMu","floor":14},{"not_picked":["RainPray2:ReiMu","UpKicking:ReiMu"],"picked":"AirStrike:ReiMu","floor":18},{"not_picked":["Conquer:ReiMu","OrbThrow:ReiMu"],"picked":"WonderfulDomain:ReiMu","floor":19},{"not_picked":["AirStrike:ReiMu","Enchanting:ReiMu+1"],"picked":"SubcavityInstant:ReiMu+1","floor":21},{"not_picked":["DoubleButterfly:ReiMu","UniversalSpiritual:ReiMu"],"picked":"FantasyMoon:ReiMu+1","floor":23},{"not_picked":["LearningPray:ReiMu","SpreadBorder2:ReiMu","BarrageOfMoneybags:ReiMu"],"picked":"SKIP","floor":24},{"not_picked":["SubcavityInstant:ReiMu+1","AirManeuver:ReiMu+1"],"picked":"SpiritualOutbreak2:ReiMu","floor":27},{"not_picked":["CareerPray:ReiMu","Dreaming2:ReiMu"],"picked":"Mountainwind:ReiMu+1","floor":29},{"not_picked":["FoulBorder2:ReiMu","Free:ReiMu"],"picked":"YinYangSange:ReiMu","floor":31},{"not_picked":["Amulet:ReiMu+1","FoulBorder2:ReiMu+1"],"picked":"PayForSelf:ReiMu","floor":35},{"not_picked":["SubcavityInstant:ReiMu+1","EmergencyTakeOff:ReiMu","Enchanting:ReiMu+1"],"picked":"SKIP","floor":38},{"not_picked":["PhosphorusFlame:ReiMu+1","AirStrike:ReiMu+1","Mountainwind:ReiMu+1"],"picked":"SKIP","floor":39},{"not_picked":["TightArray:ReiMu","Mountainwind:ReiMu+1"],"picked":"PassingAway:ReiMu+1","floor":40},{"not_picked":["Amulet:ReiMu","WonderfulDomain:ReiMu"],"picked":"SubAcupoint:ReiMu+1","floor":42},{"not_picked":["Enchanting:ReiMu","Meditation:ReiMu"],"picked":"Crusade:ReiMu+1","floor":44},{"not_picked":["HakureiPhantom:ReiMu","Enchanting:ReiMu+1"],"picked":"MountainWay:ReiMu+1","floor":45},{"not_picked":["WonderfulDomain:ReiMu+1","SpringWay:ReiMu+1","AirStrike:ReiMu"],"picked":"SKIP","floor":48}],"player_experience":605745,"relics_obtained":[{"floor":7,"key":"Sundial"},{"floor":9,"key":"Dota2Spire:BattleFury"},{"floor":14,"key":"Mercury Hourglass"},{"floor":26,"key":"MawBank"},{"floor":27,"key":"Dota2Spire:LotusOrb"},{"floor":29,"key":"Nunchaku"},{"floor":31,"key":"Toy Ornithopter"},{"floor":40,"key":"Tea:ReiMu"},{"floor":43,"key":"TurtleShell:ReiMu"},{"floor":44,"key":"Dota2Spire:OctarineCore"},{"floor":46,"key":"War Paint"}],"event_choices":[{"damage_healed":0,"gold_gain":0,"player_choice":"Leave","damage_taken":0,"max_hp_gain":0,"max_hp_loss":0,"event_name":"The Cleric","floor":2,"gold_loss":0},{"damage_healed":0,"gold_gain":0,"player_choice":"»˚«Æ","damage_taken":0,"relics_obtained":["PaintedHorse:ReiMu"],"max_hp_gain":0,"max_hp_loss":0,"event_name":"yidonshenshe","floor":5,"gold_loss":40},{"damage_healed":0,"gold_gain":0,"player_choice":"Simplicity","damage_taken":0,"max_hp_gain":0,"max_hp_loss":0,"event_name":"Back to Basics","floor":20,"gold_loss":0,"cards_upgraded":["Strike_Lin:ReiMu","Strike_Lin:ReiMu","Strike_Lin:ReiMu","Strike_Lin:ReiMu","Defend_Lin:ReiMu","Defend_Lin:ReiMu","Defend_Lin:ReiMu","Defend_Lin:ReiMu"]},{"damage_healed":0,"gold_gain":0,"player_choice":"Ignored","damage_taken":0,"max_hp_gain":0,"max_hp_loss":0,"event_name":"NoteForYourself","floor":22,"gold_loss":0},{"cards_removed":["TightArray:ReiMu"],"damage_healed":0,"gold_gain":0,"player_choice":"Gave Gold","damage_taken":0,"max_hp_gain":0,"max_hp_loss":0,"event_name":"Beggar","floor":30,"gold_loss":75},{"damage_healed":0,"gold_gain":0,"player_choice":"Memory 1","damage_taken":0,"max_hp_gain":0,"max_hp_loss":0,"event_name":"SensoryStone","floor":37,"gold_loss":0},{"damage_healed":0,"gold_gain":0,"player_choice":"Fight","damage_taken":0,"max_hp_gain":0,"max_hp_loss":0,"event_name":"MindBloom","floor":44,"gold_loss":0}],"is_beta":false,"boss_relics":[{"not_picked":["Coffee Dripper","Philosopher\u0027s Stone"],"picked":"ShineYinYang:ReiMu"},{"not_picked":["REME_LowDesire","Calling Bell"],"picked":"RedLine:ReiMu"}],"items_purged_floors":[],"is_endless":false,"potions_floor_spawned":[3,4,14,16,19,24,27,29,35,40,44],"ascension_level":0}}