{"host":"y1oqg7uy0jc6f5mb","time":1612693247,"event":{"mods":["AchievementEnabler","BaseMod","Better Altar","Better Match","Better Note","Better Sensory Stone","Better Skull","Better Third Choice","BetterRewards","Colored Map","Colored Powertips","Downfall","Highlight Path","Minty Spire (QoL Compilation)","Permanent Neow","Quick Restart","Relic Stats","Replay The Spire","Shop Mod","Smile Girya","StSLib"],"gold_per_floor":[12,30,30,30,130,130,141,168,168,168,168,168],"floor_reached":11,"language":"ENG","playtime":739,"items_purged":[],"score":92,"play_id":"6279ccac-a6ad-4b09-9a39-c6599fdc4b16","local_time":"20210207182047","is_ascension_mode":true,"campfire_choices":[{"data":"Dualcast","floor":6.0,"key":"SMITH"},{"floor":10.0,"key":"REST"}],"circlet_count":0,"master_deck":["Strike_B","Strike_B","Strike_B","Strike_B","Defend_B","Defend_B","Defend_B","Defend_B","Dualcast+1","Conserve Battery","Capacitor","ReplayTheSpireMod:GoodbyeWorld","Skim"],"relics":["Ring of the Snake","Frozen Egg 2"],"acts_visited":["Exordium"],"potions_floor_usage":[],"damage_taken":[{"damage":2.0,"enemies":"Jaw Worm","floor":1.0,"turns":3.0},{"damage":0.0,"enemies":"Small Slimes","floor":2.0,"turns":3.0},{"damage":4.0,"enemies":"Cultist","floor":7.0,"turns":5.0},{"damage":51.0,"enemies":"Replay:BlueRogue","floor":8.0,"turns":16.0},{"damage":76,"enemies":"Gremlin Nob","floor":11,"turns":5}],"seed_played":"-5678927931498998794","potions_obtained":[{"floor":7.0,"key":"Explosive Potion"}],"is_trial":false,"path_per_floor":["M","M","?","?","?","R","M","E","T","R","E"],"character_chosen":"DEFECT","items_purchased":[],"campfire_rested":1,"item_purchase_floors":[],"current_hp_per_floor":[80,80,80,80,80,80,76,25,25,51,0,0],"gold":168,"neow_bonus":"TWENTY_PERCENT_HP_BONUS","is_daily":false,"chose_seed":false,"campfire_upgraded":1,"win_rate":0.0,"timestamp":1612693247,"path_taken":["M","M","?","?","?","R","M","E","T","R","E"],"items_purchased_type":[],"build_version":"2020-12-22","purchased_purges":0,"victory":false,"max_hp_per_floor":[89,89,89,89,89,89,89,89,89,89,89,89],"relic_stats":{"counters":[5,32],"obtain_stats":[{"Frozen Egg 2":8,"Cracked Core":0,"Ring of the Snake":3},{"Frozen Egg 2":4,"Cracked Core":0,"Ring of the Snake":2},{"Frozen Egg 2":27,"Cracked Core":0,"Ring of the Snake":6}],"Ring of the Snake":[6]},"card_choices":[{"not_picked":["Coolheaded","Ball Lightning"],"picked":"Conserve Battery","floor":1.0},{"not_picked":["FTL","Redo"],"picked":"Capacitor","floor":2.0},{"not_picked":["Rebound","Gash"],"picked":"ReplayTheSpireMod:GoodbyeWorld","floor":7.0},{"not_picked":["Sweeping Beam","Double Energy"],"picked":"Skim","floor":8.0}],"player_experience":384527,"relics_obtained":[{"floor":8.0,"key":"Frozen Egg 2"}],"event_choices":[{"damage_healed":0.0,"max_hp_gain":0.0,"max_hp_loss":0.0,"gold_gain":100.0,"event_name":"Golden Shrine","player_choice":"Pray","floor":5.0,"gold_loss":0.0,"damage_taken":0.0}],"is_beta":false,"boss_relics":[],"items_purged_floors":[],"is_endless":false,"potions_floor_spawned":[7],"killed_by":"Gremlin Nob","ascension_level":6}}