{"host":"yqw1zpryoutrnocq","time":1612726709,"event":{"mods":["2.2 Compatiblity","AchievementEnabler","BaseMod","Colored Map","Custom Start","DeckTracker","Minty Spire (QoL Compilation)","StSLib","SuperFastMode"],"gold_per_floor":[119,24,40,57,57,83,83,110,110,137,12,12,12,12,12,116,116,56,34,49,49,69,69,84,84,84,84,84],"floor_reached":27,"language":"KOR","playtime":595,"items_purged":["Strike_B"],"score":306,"play_id":"3a22b506-5be9-48fc-8b24-da896b951643","local_time":"20210207133829","is_ascension_mode":true,"campfire_choices":[{"data":"Zap","floor":7.0,"key":"SMITH"},{"floor":12.0,"key":"REST"},{"data":"Echo Form","floor":15.0,"key":"SMITH"},{"data":"Reboot","floor":23.0,"key":"SMITH"},{"data":"Hologram","floor":25.0,"key":"SMITH"}],"circlet_count":0,"master_deck":["Defend_B","Defend_B","Defend_B","Defend_B","Zap+1","Dualcast","BootSequence","Gash","Coolheaded","Gash","Conserve Battery","Genetic Algorithm","Echo Form+1","Coolheaded","Reboot+1","Genetic Algorithm+1","Meteor Strike+1","Meteor Strike+1","Hologram+1","Chill+1","Redo+1","White Noise+1"],"relics":["Cracked Core","NeowsBlessing","Blue Candle","White Beast Statue","Blood Vial","Matryoshka","Incense Burner","Question Card","Astrolabe","Potion Belt","Emotion Chip","Orichalcum","Frozen Egg 2"],"acts_visited":["Exordium","TheCity"],"potions_floor_usage":[27],"damage_taken":[{"damage":0.0,"enemies":"Cultist","floor":1.0,"turns":1.0},{"damage":0.0,"enemies":"2 Louse","floor":3.0,"turns":1.0},{"damage":0.0,"enemies":"Jaw Worm","floor":4.0,"turns":1.0},{"damage":24.0,"enemies":"Gremlin Nob","floor":6.0,"turns":4.0},{"damage":9.0,"enemies":"Lagavulin","floor":8.0,"turns":7.0},{"damage":25.0,"enemies":"Gremlin Nob","floor":10.0,"turns":4.0},{"damage":38.0,"enemies":"Slime Boss","floor":16.0,"turns":13.0},{"damage":11.0,"enemies":"2 Thieves","floor":18.0,"turns":4.0},{"damage":16.0,"enemies":"3 Byrds","floor":20.0,"turns":7.0},{"damage":2.0,"enemies":"3 Cultists","floor":22.0,"turns":5.0},{"damage":3.0,"enemies":"Snake Plant","floor":24.0,"turns":4.0},{"damage":44,"enemies":"Slavers","floor":27,"turns":6}],"seed_played":"-1471931019819411959","potions_obtained":[{"floor":6.0,"key":"DistilledChaos"},{"floor":8.0,"key":"LiquidMemories"},{"floor":10.0,"key":"Regen Potion"},{"floor":16.0,"key":"SneckoOil"},{"floor":18.0,"key":"Explosive Potion"},{"floor":20.0,"key":"Strength Potion"},{"floor":22.0,"key":"Weak Potion"},{"floor":24.0,"key":"LiquidBronze"}],"is_trial":false,"path_per_floor":["M","$","M","M","?","E","R","E","T","E","$","R","?","$","R","B",null,"M","$","M","T","M","R","M","R","T","E"],"character_chosen":"DEFECT","items_purchased":["Gash","Coolheaded","Coolheaded","Hologram"],"campfire_rested":1,"item_purchase_floors":[2,2,11,19],"current_hp_per_floor":[68,68,68,68,65,41,41,32,32,9,9,31,31,31,31,10,59,50,50,36,36,36,36,35,35,35,0,0],"gold":84,"neow_bonus":"THREE_ENEMY_KILL","is_daily":false,"chose_seed":false,"campfire_upgraded":4,"win_rate":0.0,"timestamp":1612726709,"path_taken":["M","$","?","M","?","E","R","E","T","E","$","R","?","?","R","BOSS","M","$","M","?","M","R","M","R","T","E"],"items_purchased_type":["Card","Card","Card","Card"],"build_version":"2020-12-22","purchased_purges":1,"victory":false,"max_hp_per_floor":[75,75,75,75,75,75,75,75,75,75,75,75,75,75,75,75,75,75,75,75,75,75,75,75,75,75,75,75],"card_choices":[{"not_picked":["Streamline","Reinforced Body"],"picked":"BootSequence","floor":1.0},{"not_picked":["Compile Driver","Coolheaded"],"picked":"Gash","floor":3.0},{"not_picked":["Sweeping Beam","Fusion","Leap"],"picked":"SKIP","floor":4.0},{"not_picked":["Chaos","Meteor Strike"],"picked":"Conserve Battery","floor":6.0},{"not_picked":["Cold Snap","Go for the Eyes"],"picked":"Genetic Algorithm","floor":8.0},{"not_picked":["Go for the Eyes","Lockon"],"picked":"Echo Form","floor":10.0},{"not_picked":["Rainbow","Machine Learning","Meteor Strike"],"picked":"Reboot","floor":16.0},{"not_picked":["BootSequence","Hello World","Ball Lightning+1","Sweeping Beam"],"picked":"SKIP","floor":18.0},{"not_picked":["Turbo","Cold Snap","Conserve Battery"],"picked":"Chill+1","floor":20.0},{"not_picked":["Go for the Eyes+1","Conserve Battery+1","Gash"],"picked":"Redo+1","floor":22.0},{"not_picked":["Hello World","Stack","Reboot"],"picked":"White Noise+1","floor":24.0}],"player_experience":315733,"relics_obtained":[{"floor":6.0,"key":"White Beast Statue"},{"floor":8.0,"key":"Blood Vial"},{"floor":9.0,"key":"Matryoshka"},{"floor":10.0,"key":"Incense Burner"},{"floor":21.0,"key":"Potion Belt"},{"floor":21.0,"key":"Emotion Chip"},{"floor":26.0,"key":"Orichalcum"},{"floor":26.0,"key":"Frozen Egg 2"}],"event_choices":[{"damage_healed":0.0,"max_hp_gain":0.0,"max_hp_loss":0.0,"gold_gain":0.0,"event_name":"Scrap Ooze","player_choice":"Success","floor":5.0,"gold_loss":0.0,"damage_taken":3.0,"relics_obtained":["Blue Candle"]},{"damage_healed":0.0,"max_hp_gain":0.0,"max_hp_loss":0.0,"gold_gain":0.0,"event_name":"Dead Adventurer","player_choice":"Searched \u00271\u0027 times","floor":13.0,"gold_loss":0.0,"damage_taken":0.0,"relics_obtained":["Question Card"]}],"is_beta":false,"boss_relics":[{"not_picked":["Ectoplasm","Nuclear Battery"],"picked":"Astrolabe"}],"items_purged_floors":[11],"is_endless":false,"potions_floor_spawned":[6,8,10,16,18,20,22,24],"killed_by":"Slavers","ascension_level":7}}