{"host":"nyir1v7xajwugdek","time":1612701428,"event":{"mods":["BaseMod","Colored Powertips","Downfall","Minty Spire (QoL Compilation)","StSLib"],"gold_per_floor":[99,99,99,249,249,249,249,268,24,55,73,8,35,46,62,163,163,63,79,93,93,106,120,120,146,146,46,46,56,56,74,93,93,93,93],"floor_reached":33,"language":"ENG","playtime":2337,"items_purged":["downfall:Icky","champ:Strike"],"score":385,"play_id":"b0d09375-cc56-474f-97bb-84851709964b","local_time":"20210207133708","is_ascension_mode":true,"campfire_choices":[{"floor":1.0,"key":"RECALL"},{"data":"champ:Improvising","floor":18.0,"key":"SMITH"},{"data":"champ:Taunt","floor":27.0,"key":"SMITH"}],"circlet_count":0,"master_deck":["champ:Defend","champ:Defend","champ:Defend","champ:Defend","champ:Execute","champ:Taunt+1","champ:TornadoPunch","champ:FanOfKnives","champ:StanceDance+1","champ:FanOfKnives","champ:Encircle","champ:Backstep","champ:GutPunch","champ:BerserkersShout","champ:LastStand","champ:ShieldSlam","champ:PreciseThrust","champ:Improvising+1","champ:DefensiveShout","champ:BringItOn+1","champ:Encircle+1","champ:DancingMaster","Slimebound:Tackle+1","Slimebound:Tackle+1","Slimebound:Tackle+1","champ:FocusedDefense"],"relics":["champ:ChampionCrownUpgraded","downfall:HeartsMalice","Lantern","Smiling Mask","champ:FightingForDummies","downfall:HeartBlessingGreen","Matryoshka","Toy Ornithopter","downfall:HeartBlessingBlue"],"acts_visited":["Exordium","TheCity"],"potions_floor_usage":[32,32,33],"damage_taken":[{"damage":0.0,"enemies":"Small Slimes","floor":2.0,"turns":1.0},{"damage":0.0,"enemies":"Jaw Worm","floor":3.0,"turns":1.0},{"damage":0.0,"enemies":"Cultist","floor":5.0,"turns":1.0},{"damage":25.0,"enemies":"Exordium Thugs","floor":8.0,"turns":3.0},{"damage":15.0,"enemies":"downfall:FleeingMerchant","floor":9.0,"turns":4.0},{"damage":46.0,"enemies":"Lagavulin","floor":10.0,"turns":6.0},{"damage":4.0,"enemies":"2 Fungi Beasts","floor":11.0,"turns":2.0},{"damage":30.0,"enemies":"downfall:FleeingMerchant","floor":12.0,"turns":4.0},{"damage":21.0,"enemies":"Gremlin Nob","floor":13.0,"turns":3.0},{"damage":0.0,"enemies":"Red Slaver","floor":14.0,"turns":1.0},{"damage":9.0,"enemies":"Gremlin Gang","floor":15.0,"turns":2.0},{"damage":19.0,"enemies":"IC_STATUS_ARCHETYPE","floor":16.0,"turns":7.0},{"damage":5.0,"enemies":"3 Byrds","floor":19.0,"turns":3.0},{"damage":32.0,"enemies":"Cultist and Chosen","floor":20.0,"turns":5.0},{"damage":20.0,"enemies":"Centurion and Healer","floor":22.0,"turns":6.0},{"damage":71.0,"enemies":"Snake Plant","floor":23.0,"turns":6.0},{"damage":57.0,"enemies":"Gremlin Leader","floor":25.0,"turns":6.0},{"damage":26.0,"enemies":"Cultist and Chosen","floor":29.0,"turns":4.0},{"damage":21.0,"enemies":"3 Cultists","floor":31.0,"turns":4.0},{"damage":35,"enemies":"Shelled Parasite and Fungi","floor":32,"turns":5},{"damage":18,"enemies":"WA_ARCHETYPE_CALM","floor":33,"turns":2}],"seed_played":"4861184078203019253","potions_obtained":[{"floor":8.0,"key":"EssenceOfSteel"},{"floor":10.0,"key":"FairyPotion"},{"floor":13.0,"key":"DistilledChaos"},{"floor":14.0,"key":"Ancient Potion"},{"floor":25.0,"key":"PowerPotion"},{"floor":29.0,"key":"Fruit Juice"},{"floor":32,"key":"Fire Potion"}],"is_trial":false,"path_per_floor":["R","M","M","?","M","?","T","M","$","E","M","$","E","M","M","B",null,"R","M","M","?","M","M","T","E","?","R","?","M","?","M","M","B"],"character_chosen":"THE_CHAMP","items_purchased":["Lantern"],"campfire_rested":0,"item_purchase_floors":[9],"current_hp_per_floor":[81,81,81,81,81,81,81,66,61,45,41,26,10,10,10,9,70,70,70,58,58,58,10,10,18,18,28,28,22,22,21,10,0,0,0],"gold":93,"neow_bonus":"THREE_ENEMY_KILL","is_daily":false,"chose_seed":false,"campfire_upgraded":2,"win_rate":0.0,"timestamp":1612701428,"path_taken":["R","M","M","?","M","?","T","?","$","E","M","?","E","M","M","BOSS","R","M","M","?","?","?","T","E","?","R","?","M","?","?","M","BOSS"],"items_purchased_type":["Relic"],"build_version":"2020-12-22","purchased_purges":2,"victory":false,"max_hp_per_floor":[90,90,90,90,90,90,90,90,90,90,90,90,90,90,90,90,90,90,90,90,90,90,90,90,90,90,100,100,100,100,100,105,105,105,105],"card_choices":[{"not_picked":["champ:BerserkersShout","champ:StanceDance"],"picked":"champ:TornadoPunch","floor":2.0},{"not_picked":["champ:DefensiveShout","champ:TornadoPunch"],"picked":"champ:FanOfKnives","floor":3.0},{"not_picked":["champ:ShieldWall","champ:RecklessLeap"],"picked":"champ:StanceDance","floor":5.0},{"not_picked":["champ:PerfectedStrike","champ:HeartStrike"],"picked":"champ:Encircle","floor":8.0},{"not_picked":["champ:CrookedStrike","champ:FocusedDefense"],"picked":"champ:Backstep","floor":9.0},{"not_picked":["champ:IgnorePain","champ:CrownThrow"],"picked":"champ:GutPunch","floor":10.0},{"not_picked":["champ:RapidStrikes","champ:CalledShot"],"picked":"champ:BerserkersShout","floor":11.0},{"not_picked":["champ:StanceDance","champ:BerserkersShout"],"picked":"champ:LastStand","floor":12.0},{"not_picked":["champ:EndlessRage","champ:SkillfulDodge"],"picked":"champ:ShieldSlam","floor":13.0},{"not_picked":["champ:RecklessLeap","champ:AdrenalArmor","champ:Lariat"],"picked":"SKIP","floor":14.0},{"not_picked":["champ:RapidStrikes","champ:GutPunch"],"picked":"champ:PreciseThrust","floor":15.0},{"not_picked":["champ:EnchantSword","champ:SteelEdge"],"picked":"champ:Improvising","floor":16.0},{"not_picked":["champ:CrookedStrike","champ:Backstep","champ:Parry"],"picked":"SKIP","floor":19.0},{"not_picked":["champ:ShieldSlam","champ:PerfectedStrike+1"],"picked":"champ:DefensiveShout","floor":20.0},{"not_picked":["champ:Encircle","champ:Haymaker+1"],"picked":"champ:BringItOn+1","floor":22.0},{"not_picked":["champ:PreemptiveStrike","champ:BladeFlurry"],"picked":"champ:Encircle+1","floor":23.0},{"not_picked":["champ:ShieldWall","champ:Devastate"],"picked":"champ:DancingMaster","floor":25.0},{"not_picked":["champ:Encircle+1","champ:Haymaker"],"picked":"champ:FocusedDefense","floor":29.0},{"not_picked":["champ:BladeFlurry","champ:StanceDance+1","champ:BringItOn"],"picked":"SKIP","floor":31.0},{"not_picked":["champ:LastStand","champ:RageSigil","champ:TornadoPunch"],"picked":"SKIP","floor":32}],"player_experience":755911,"relics_obtained":[{"floor":10.0,"key":"Smiling Mask"},{"floor":13.0,"key":"champ:FightingForDummies"},{"floor":24.0,"key":"Matryoshka"},{"floor":25.0,"key":"Toy Ornithopter"}],"event_choices":[{"damage_healed":0.0,"max_hp_gain":0.0,"max_hp_loss":0.0,"gold_gain":0.0,"event_name":"Ghosts","player_choice":"Ignored","floor":28.0,"gold_loss":0.0,"damage_taken":0.0}],"is_beta":false,"boss_relics":[{"not_picked":["SacredBark","Pandora\u0027s Box"],"picked":"champ:ChampionCrownUpgraded"}],"items_purged_floors":[9,12],"is_endless":false,"potions_floor_spawned":[8,10,13,14,15,25,29,32],"killed_by":"WA_ARCHETYPE_CALM","ascension_level":6}}