{"host":"hzswyuuwdl03wwzr","time":1612702776,"event":{"mods":["100% Spire Juice","ATMod(∞¢Ë™Mod)","AchievementEnabler","Act Like it!","BaseMod","Gensokyo","Hallownest","Marisa£®ÏF”Í°°ƒß¿Ì…≥£©","Minty Spire (QoL Compilation)","Reliquary","Remilia_Scarlet Moed£®¿Ÿ√◊¿Ú—«°§Àπø®¿◊Ãÿ£©3.3.5","Replay The Spire","StSLib","The Bug Knight","The Cursed","The Senshi","The Servant 0.9.4","Yakumo Yukari mod","Youmu£®ªÍ∆«—˝√Œ£©","Yuyuko","°æπ¶ƒ‹Mod°øªÏ„Á÷Æª∑–ﬁ∏¥≤π∂°","°æ“≈ŒÔø®≈∆°øREMEMod"],"gold_per_floor":[113,126,126,126,51,51,69,83,83,103,103,121,121,121],"floor_reached":13,"language":"ZHS","playtime":217,"items_purged":["Pain"],"score":77,"play_id":"2eb80d3e-56a1-4244-aada-3ca02ca598bc","local_time":"20210207205936","is_ascension_mode":false,"campfire_choices":[{"data":"Ricochet","floor":6,"key":"SMITH"},{"data":"Spin","floor":11,"key":"SMITH"}],"circlet_count":0,"master_deck":["Strike_S","Strike_S","Strike_S","Strike_S","Defend_S","Defend_S","Defend_S","Defend_S","KidneyShot","Exchange","Ricochet+1","SurpressingFire","ShatteredReality","ShiftingGears","Spin+1","Starlight"],"relics":["Uniform","AT_ATBox","REME_ComplimentaryCards","NeowsBlessing","Gensokyo:LunaticRedEyes"],"acts_visited":["Gensokyo:Gensokyo"],"potions_floor_usage":[],"damage_taken":[{"damage":0,"enemies":"Gensokyo:Gryphon","floor":1,"turns":1},{"damage":0,"enemies":"Gensokyo:2_Kodama","floor":2,"turns":1},{"damage":0,"enemies":"Gensokyo:Python","floor":7,"turns":1},{"damage":11,"enemies":"Gensokyo:Kitsune","floor":8,"turns":4},{"damage":0,"enemies":"Gensokyo:3_Kodama","floor":10,"turns":2},{"damage":11,"enemies":"Gensokyo:Python_and_Kodama","floor":12,"turns":3},{"damage":0,"enemies":"Gensokyo:Cirno","floor":13,"turns":1}],"seed_played":"3151952919511069736","potions_obtained":[{"floor":8,"key":"Strength Potion"},{"floor":12,"key":"CultistPotion"}],"is_trial":false,"path_per_floor":["M","M","?","?","$","R","M","M","T","M","R","M","E"],"character_chosen":"THE_SERVANT","items_purchased":[],"campfire_rested":0,"item_purchase_floors":[],"current_hp_per_floor":[65,65,65,65,65,65,65,54,54,54,54,43,43,43],"gold":121,"neow_bonus":"THREE_ENEMY_KILL","is_daily":false,"chose_seed":false,"campfire_upgraded":2,"win_rate":0.0,"timestamp":1612702776,"path_taken":["M","M","?","?","?","R","M","M","T","M","R","?","E"],"items_purchased_type":[],"build_version":"2020-12-22","purchased_purges":1,"victory":false,"max_hp_per_floor":[65,65,65,65,65,65,65,65,65,65,65,65,65,65],"card_choices":[{"not_picked":["Reset","Spin"],"picked":"Ricochet","floor":1},{"not_picked":["Ricochet","Defy"],"picked":"SurpressingFire","floor":2},{"not_picked":["Starlight","Revamp"],"picked":"ShatteredReality","floor":7},{"not_picked":["ShatteredReality","Misdirection"],"picked":"ShiftingGears","floor":8},{"not_picked":["ShiftingGears","SoulSculpture"],"picked":"Spin","floor":10},{"not_picked":["DoubleEdge","Defy"],"picked":"Starlight","floor":12}],"player_experience":40487,"relics_obtained":[],"event_choices":[],"is_beta":false,"boss_relics":[],"items_purged_floors":[5],"is_endless":false,"potions_floor_spawned":[8,12],"killed_by":"Gensokyo:Cirno","ascension_level":0}}