{"host":"f0dbpmn0khgeoqc0","time":1612657163,"event":{"mods":["2.2 Compatiblity","AchievementEnabler","Act Like it!","Ascension Unlocker","Aspiration","BaseMod","Better Altar","Better Match","Better Sensory Stone","Better Skull","Better Third Choice","BetterRewards","Block Reminder","Colored Map","Colored Powertips","Conspire","DNKmod","Disable Question Mark Monsters","Displayed Cursed Tome","Evolution","Friendly Minions","Hermit","Highlight Path","Humility","Infinite Spire","Jorbs\u0027s Wanderer Trilogy","Koishi","Marisa????????","Minty Spire (QoL Compilation)","Monster B Gone","MostiFishMod","Permanent Neow","Random Character Button","Relic Filter","Relic Stats","Replay The Spire","Spicy Shops","Spire Arcade","StSLib","Td1madao Mod","The Gatherer","Treasure Hunter","Wandering Minibosses","??????REMEMod"],"gold_per_floor":[356,372,400,278,298,326,326,326,326,326,405,405,446,518,546,565,565,642,642,652,632,647,647,647,676,676,688,768,798,809,809,839,496,496,876,876,901,811,994,944,959,959,992,992,992,992,1022,1038,1038,1083,1083,1086,1096,1096,1096,934,971,972],"floor_reached":59,"language":"ENG","playtime":3529,"items_purged":["Voices"],"score":4537,"play_id":"a54cbbad-ae8d-4fc7-952d-b46e1f3c5d24","local_time":"20210206191923","is_ascension_mode":true,"campfire_choices":[{"data":"DeepEcoloBomb","floor":10,"key":"SMITH"},{"data":"MachineGunSpark","floor":17,"key":"SMITH"},{"data":"BigCrunch","floor":26,"key":"SMITH"},{"data":"stsjorbsmod:OldPocket","floor":31,"key":"SMITH"},{"data":"wanderingMiniBosses:FinaleOfPromise","floor":34,"key":"SMITH"},{"data":"BlazeAway","floor":42,"key":"SMITH"},{"data":"BigCrunch","floor":44,"key":"SMITH"},{"floor":49,"key":"RECALL"},{"data":"stsjorbsmod:OldPocket","floor":51,"key":"SMITH"},{"data":"Eruption","floor":55,"key":"SMITH"}],"circlet_count":0,"master_deck":["AscendersBane","stsjorbsmod:ForbiddenGrimoire+1","stsjorbsmod:ChainLightning","stsjorbsmod:ChainLightning","stsjorbsmod:ChainLightning","stsjorbsmod:ChainLightning+1","stsjorbsmod:DisguiseSelf","stsjorbsmod:Defend_Wanderer","stsjorbsmod:Defend_Wanderer","stsjorbsmod:Defend_Wanderer","stsjorbsmod:FreshAdventure","stsjorbsmod:EyeOfTheStorm","DevaForm+1","Eruption+1","stsjorbsmod:Prestidigitation+1","stsjorbsmod:TollTheDead","stsjorbsmod:MirrorImage+1","stsjorbsmod:FlameWard+1","stsjorbsmod:ArcaneWeapon","Pot Of Greed","Pot Of Greed","DeepEcoloBomb+1","IllusionStar","stsjorbsmod:Channel","conspire:Banana+1","UnstableBomb","Pot Of Greed","EarthLightRay","WitchOfGreed","FairyDestructionRay","DC","stsjorbsmod:ParryingBlow","6A","6A","stsjorbsmod:Stalwart","stsjorbsmod:WanderingMind","MachineGunSpark+1","TH:CursedSword","TreasureHunter","Pot Of Greed","TH:TreasureMap","TH:CopperCoins","stsjorbsmod:ArcaneForm","TH:TreasureMap","GravityBeat","TH:CursedSword","BigCrunch+1","stsjorbsmod:ArcaneWeapon","stsjorbsmod:UnseenServant","Delirium","TH:CopperCoins","stsjorbsmod:ArcaneWeapon","Pot Of Greed+1","stsjorbsmod:MageArmor","TH:CursedSword","TH:CopperCoins","stsjorbsmod:OldPocket+1","wanderingMiniBosses:FinaleOfPromise+1","stsjorbsmod:FindFamiliar","TH:TreasureMap","BigCrunch+1","stsjorbsmod:OldPocket+1","Looming Evil","SporeBomb","Pot Of Greed","BlazeAway+1","TH:CopperCoins","UnstableBomb","Clumsy","TH:CopperCoins","Shame","TH:CopperCoins","TH:CursedSword","stsjorbsmod:ArcaneWeapon","TH:CopperCoins","TH:CopperCoins"],"relics":["stsjorbsmod:GrimoireRelic","EVO:Axolotl","DaveBox","REME_ComplimentaryCards","Jackal-EndForJourney","Lee\u0027s Waffle","Prayer Wheel","aspiration:MarisaSkillbook","OrangePellets","Replay:Bottled Flurry","Replay:Wax Seal","Grinning Jar","War Paint","Dead Branch","Bag of Preparation","Replay:Ringing Soul","Guide Book","SynthV:TestCard","Anchor","Bottled Tornado","Shuriken","Kunai","Singing Bowl","Black Star","Cursed Key","Ring of Fury","Bloody Idol","ReplayTheSpireMod:Lightbulb","Gremlin Food","aspiration:FetidBarrel","Replay:Mystery Machine","Simple Rune","wanderingMiniBosses:Blackblade","DianPoetry","Old Coin","GuanYuAspect","ReplayTheSpireMod:CursedCoin","Akabeko","Gambling Chip","Smiling Mask","Replay:Rubber Ducky","Blood Vial","Mercury Hourglass","Boot","infinitespire:Bottled Soul","Vajra","Blue Doll","Toy Ornithopter"],"acts_visited":["Exordium","TheCity","TheBeyond","TheEnding"],"potions_floor_usage":[3,6,15,32,37,58,58],"damage_taken":[{"damage":1,"enemies":"conspire:RoseBush","floor":1,"turns":2},{"damage":0,"enemies":"Small Slimes","floor":2,"turns":2},{"damage":13,"enemies":"Jaw Worm","floor":3,"turns":3},{"damage":3,"enemies":"2 Fungi Beasts","floor":5,"turns":2},{"damage":20,"enemies":"3 Sentries","floor":6,"turns":3},{"damage":0,"enemies":"Lagavulin","floor":13,"turns":7},{"damage":13,"enemies":"Gremlin Nob","floor":15,"turns":3},{"damage":0,"enemies":"Exordium Thugs","floor":16,"turns":2},{"damage":14,"enemies":"The Guardian","floor":18,"turns":4},{"damage":0,"enemies":"Chosen","floor":20,"turns":3},{"damage":0,"enemies":"conspire:FuzzyDice","floor":22,"turns":4},{"damage":1,"enemies":"conspire:Head Lice","floor":25,"turns":3},{"damage":0,"enemies":"3 Cultists","floor":27,"turns":1},{"damage":0,"enemies":"Book of Stabbing","floor":29,"turns":1},{"damage":0,"enemies":"Cultist and Chosen","floor":30,"turns":2},{"damage":29,"enemies":"Shelled Parasite and Fungi","floor":32,"turns":5},{"damage":0,"enemies":"Collector","floor":35,"turns":4},{"damage":0,"enemies":"Orb Walker","floor":37,"turns":2},{"damage":21,"enemies":"3 Shapes","floor":41,"turns":2},{"damage":0,"enemies":"R_Hoarder","floor":43,"turns":2},{"damage":0,"enemies":"Reptomancer","floor":47,"turns":1},{"damage":0,"enemies":"Jaw Worm Horde","floor":48,"turns":2},{"damage":0,"enemies":"R_Hoarder","floor":50,"turns":2},{"damage":0,"enemies":"Time Eater","floor":52,"turns":4},{"damage":4,"enemies":"Awakened One","floor":53,"turns":5},{"damage":0,"enemies":"Shield and Spear","floor":57,"turns":2},{"damage":0,"enemies":"The Heart","floor":58,"turns":5}],"seed_played":"-8054416508313274691","potions_obtained":[{"floor":1,"key":"Swift Potion"},{"floor":3,"key":"REME_GoldPotion"},{"floor":6,"key":"REME_GoldPotion"},{"floor":13,"key":"ColorlessPotion"},{"floor":13,"key":"stsjorbsmod:LiquidVirtue"},{"floor":15,"key":"Elixir"},{"floor":20,"key":"FearPotion"},{"floor":32,"key":"GamblersBrew"},{"floor":35,"key":"Strength Potion"},{"floor":37,"key":"REME_GoldPotion"},{"floor":37,"key":"PowerPotion"}],"is_trial":false,"path_per_floor":["M","M","M","$","M","E","?","PTL","PTL","R","T","?","E","?","E","M","R","B",null,"M","?","M","?","?","E","R","M","T","E","M","R","M","$","R","B",null,"M","$","?","?","M","R","E","R","T","T","E","M","R","E","R","B","B",null,"R","$","E","B",null],"character_chosen":"WANDERER","items_purchased":["Lee\u0027s Waffle","Prayer Wheel","stsjorbsmod:Prestidigitation+1","aspiration:MarisaSkillbook","OrangePellets","stsjorbsmod:TollTheDead","stsjorbsmod:MirrorImage","stsjorbsmod:FlameWard","Replay:Bottled Flurry","Replay:Wax Seal","stsjorbsmod:ArcaneWeapon","Grinning Jar","DeepEcoloBomb","War Paint","IllusionStar","stsjorbsmod:Channel","conspire:Banana","Dead Branch","Bag of Preparation","Replay:Ringing Soul","Guide Book","6A","stsjorbsmod:Stalwart","DianPoetry","ReplayTheSpireMod:CursedCoin","Akabeko","Vajra"],"campfire_rested":0,"item_purchase_floors":[0,0,0,0,0,0,0,0,0,0,0,0,0,0,0,0,0,0,0,0,0,4,4,33,38,38,56],"current_hp_per_floor":[74,78,69,72,77,61,61,61,61,61,64,69,80,80,72,83,83,79,113,122,122,129,132,56,67,67,77,85,93,102,102,90,90,90,115,83,86,90,59,59,57,57,70,70,72,74,92,107,107,121,121,125,127,127,127,127,130,134],"gold":972,"neow_bonus":"","is_daily":false,"chose_seed":false,"campfire_upgraded":9,"win_rate":0.0,"timestamp":1612657163,"path_taken":["M","M","M","$","M","E","?","PTL","PTL","R","T","?","E","?","E","?","R","BOSS","M","?","?","?","?","E","R","M","T","E","M","R","M","$","R","BOSS","M","$","?","?","?","R","E","R","T","?","E","?","R","E","R","BOSS","BOSS","R","$","E","BOSS"],"items_purchased_type":["Relic","Relic","Card","Relic","Relic","Card","Card","Card","Relic","Relic","Card","Relic","Card","Relic","Card","Card","Card","Relic","Relic","Relic","Relic","Card","Card","Relic","Relic","Relic","Relic"],"build_version":"2020-12-22","purchased_purges":1,"victory":true,"max_hp_per_floor":[75,79,83,86,90,94,94,94,94,94,97,102,107,107,112,119,119,124,124,129,129,136,139,139,142,142,147,150,153,157,157,162,162,162,165,83,88,91,94,94,99,99,102,102,105,108,113,118,118,123,123,125,127,127,127,127,132,134],"relic_stats":{"Lee\u0027s Waffle":13,"Singing Bowl":42,"counters":[176,738],"Dead Branch":[429],"Bag of Preparation":[54],"War Paint":["stsjorbsmod:MageArmor","Ghostly","stsjorbsmod:FlameWard","stsjorbsmod:Defend_Wanderer"],"Cursed Key":3,"Smiling Mask":0,"Boot":[0],"Mercury Hourglass":[69],"Blood Vial":35,"OrangePellets":[41],"Shuriken":[21],"Bloody Idol":91,"Gambling Chip":[6],"Prayer Wheel":13,"Black Star":10,"Kunai":[21],"obtain_stats":[{"Whetstone":12,"Bottled Tornado":11,"Boot":19,"Sling":38,"Old Coin":0,"Blood Vial":47,"Replay:Ringing Soul":17,"conspire:GlowingRock":41,"Sundial":34,"MealTicket":10,"Replay:Bottled Flurry":0,"Kunai":13,"Replay:Wax Seal":0,"aspiration:Headhunter":30,"DianDianMeat":0,"Cola":33,"conspire:TreasureMap":0,"Pear":6,"Eternal Feather":45,"Pen Nib":41,"REME_LimitBreaker":31,"Akabeko":0,"EGODaCapo":3,"MutagenicStrength":19,"BionicSphere":17,"Pandora\u0027s Box":17,"aspiration:Lifesprig":54,"Lantern":41,"TH:Anvil":0,"DaveBox":0,"Singing Bowl":9,"DianPoetry":8,"Blue Doll":57,"wanderingMiniBosses:AbyssPearl":35,"Bag of Preparation":0,"Ancient Tea Set":47,"Smiling Mask":13,"Cursed Key":2,"Replay:Rubber Ducky":26,"Matryoshka":19,"infinitespire:Bottled Soul":27,"WingedGreaves":34,"Chemical X":21,"REME_LowDesire":19,"InkBottle":42,"aspiration:ChemicalBlood":25,"Lee\u0027s Waffle":0,"NeowsBlessing":0,"Damaru":9,"The Courier":35,"Omamori":48,"Geode":26,"infinitespire:CheckeredPen":50,"Frozen Egg 2":0,"GoldenEye":6,"HaiYi:Twilight":19,"Ornamental Fan":46,"Bloody Idol":20,"Orrery":0,"REME_HandOfSuture":34,"Turnip":51,"Bottled Lightning":43,"Apod":8,"conspire:DeflatedDodgeball":44,"ReplayTheSpireMod:Lightbulb":25,"Toy Ornithopter":33,"REME_ComplimentaryCards":0,"infinitespire:Freezer":2,"aspiration:Stellarator":45,"CeramicFish":24,"Vajra":56,"TH:Strongbox":0,"Runic Capacitor":0,"EVO:Axolotl":0,"Raider\u0027s Mask":39,"Sozu":17,"Centennial Puzzle":8,"HornCleat":0,"infinitespire:SolderingIron":0,"GuanYuAspect":17,"Philosopher\u0027s Stone":34,"Prayer Wheel":0,"Toxic Egg 2":0,"Jackal-EndForJourney":13,"Girya":50,"stsjorbsmod:BottledMemoryRelic":55,"wanderingMiniBosses:ThiefScarf":30,"Happy Flower":7,"ReplayTheSpireMod:CursedCoin":38,"Dead Branch":0,"wanderingMiniBosses:MasterThiefsPresence":24,"stsjorbsmod:GrimoireRelic":17,"conspire:SlowCooker":48,"infinitespire:Beetle Shell":55,"Ring of Chaos":34,"conspire:Boomerang":31,"aspiration:SeaSaltIceCream":6,"Letter Opener":9,"War Paint":13,"Question Card":23,"aspiration:HiddenCompartment":55,"OrangePellets":0,"Bottled Flame":28,"wanderingMiniBosses:Blackblade":35,"REME_HourglassOfDeath":15,"Shuriken":35,"Bronze Scales":26,"ChiXiaoBlade":38,"Molten Egg 2":43,"Simple Rune":37,"infinitespire:EmpoweringShard":46,"ReplayTheSpireMod:TigerMarble":10,"Black Star":17,"xbg":17,"Grinning Jar":0,"Symbiotic Virus":10,"NlothsMask":2,"Iron Core":14,"bronze:BronzeCore":0,"MostiFishMod:Haymaker":6,"Juzu Bracelet":0,"TeardropLocket":0,"Replay:Mystery Machine":29,"Empty Cage":34,"conspire:TopHat":41,"ClockworkSouvenir":37,"Replay:Bandana":9,"Mummified Hand":27,"Gambling Chip":43,"Red Mask":20,"Cracked Core":2,"Gremlin Food":25,"BargainBundle":29,"aspiration:FetidBarrel":28,"aspiration:RunicSpoon":51,"Guide Book":0,"ShadowXiaoBlade":17,"infinitespire:FocusingShard":31,"aspiration:HummingbirdHeart":48,"Orichalcum":37,"White Beast Statue":47,"Mercury Hourglass":13,"Calling Bell":34,"Anchor":19,"DataDisk":26,"SynthV:TestCard":1,"infinitespire:WardingShard":9,"wanderingMiniBosses:CarrionFlame":35,"ChewingGum":17,"Ring of Fury":23,"Bag of Marbles":39,"Membership Card":0,"REME_CardOfGreed":39,"aspiration:RitualDagger":47,"TungstenRod":12,"FossilizedHelix":31,"aspiration:MarisaSkillbook":0},{"Whetstone":23,"Bottled Tornado":154,"Boot":9,"Sling":11,"Old Coin":0,"Blood Vial":170,"Replay:Ringing Soul":128,"conspire:GlowingRock":60,"Sundial":59,"MealTicket":22,"Replay:Bottled Flurry":149,"Kunai":155,"Replay:Wax Seal":67,"aspiration:Headhunter":97,"DianDianMeat":98,"Cola":58,"conspire:TreasureMap":123,"Pear":3,"Eternal Feather":61,"Pen Nib":12,"REME_LimitBreaker":57,"Akabeko":16,"EGODaCapo":100,"MutagenicStrength":27,"BionicSphere":128,"Pandora\u0027s Box":50,"aspiration:Lifesprig":41,"Lantern":60,"TH:Anvil":84,"DaveBox":0,"Singing Bowl":72,"DianPoetry":48,"Blue Doll":175,"wanderingMiniBosses:AbyssPearl":115,"Bag of Preparation":149,"Ancient Tea Set":14,"Smiling Mask":24,"Cursed Key":85,"Replay:Rubber Ducky":110,"Matryoshka":93,"infinitespire:Bottled Soul":97,"WingedGreaves":59,"Chemical X":78,"REME_LowDesire":158,"InkBottle":118,"aspiration:ChemicalBlood":110,"Lee\u0027s Waffle":149,"NeowsBlessing":0,"Damaru":21,"The Courier":59,"Omamori":39,"Geode":96,"infinitespire:CheckeredPen":65,"Frozen Egg 2":43,"GoldenEye":20,"HaiYi:Twilight":9,"Ornamental Fan":62,"Bloody Idol":107,"Orrery":16,"REME_HandOfSuture":59,"Turnip":66,"Bottled Lightning":12,"Apod":48,"conspire:DeflatedDodgeball":13,"ReplayTheSpireMod:Lightbulb":161,"Toy Ornithopter":58,"REME_ComplimentaryCards":0,"infinitespire:Freezer":99,"aspiration:Stellarator":61,"CeramicFish":96,"Vajra":174,"TH:Strongbox":43,"Runic Capacitor":67,"EVO:Axolotl":0,"Raider\u0027s Mask":116,"Sozu":8,"Centennial Puzzle":4,"HornCleat":67,"infinitespire:SolderingIron":98,"GuanYuAspect":76,"Philosopher\u0027s Stone":32,"Prayer Wheel":149,"Toxic Egg 2":43,"Jackal-EndForJourney":155,"Girya":65,"stsjorbsmod:BottledMemoryRelic":148,"wanderingMiniBosses:ThiefScarf":57,"Happy Flower":102,"ReplayTheSpireMod:CursedCoin":167,"Dead Branch":149,"wanderingMiniBosses:MasterThiefsPresence":80,"stsjorbsmod:GrimoireRelic":128,"conspire:SlowCooker":39,"infinitespire:Beetle Shell":42,"Ring of Chaos":135,"conspire:Boomerang":134,"aspiration:SeaSaltIceCream":3,"Letter Opener":88,"War Paint":49,"Question Card":132,"aspiration:HiddenCompartment":148,"OrangePellets":149,"Bottled Flame":112,"wanderingMiniBosses:Blackblade":136,"REME_HourglassOfDeath":156,"Shuriken":59,"Bronze Scales":55,"ChiXiaoBlade":11,"Molten Egg 2":37,"Simple Rune":115,"infinitespire:EmpoweringShard":62,"ReplayTheSpireMod:TigerMarble":103,"Black Star":128,"xbg":91,"Grinning Jar":149,"Symbiotic Virus":89,"NlothsMask":85,"Iron Core":90,"bronze:BronzeCore":0,"MostiFishMod:Haymaker":47,"Juzu Bracelet":16,"TeardropLocket":16,"Replay:Mystery Machine":163,"Empty Cage":114,"conspire:TopHat":140,"ClockworkSouvenir":34,"Replay:Bandana":102,"Mummified Hand":55,"Gambling Chip":169,"Red Mask":53,"Cracked Core":85,"Gremlin Food":161,"BargainBundle":112,"aspiration:FetidBarrel":162,"aspiration:RunicSpoon":66,"Guide Book":149,"ShadowXiaoBlade":26,"infinitespire:FocusingShard":58,"aspiration:HummingbirdHeart":65,"Orichalcum":34,"White Beast Statue":63,"Mercury Hourglass":155,"Calling Bell":59,"Anchor":52,"DataDisk":96,"SynthV:TestCard":1,"infinitespire:WardingShard":4,"wanderingMiniBosses:CarrionFlame":33,"ChewingGum":105,"Ring of Fury":160,"Bag of Marbles":60,"Membership Card":43,"REME_CardOfGreed":60,"aspiration:RitualDagger":63,"TungstenRod":23,"FossilizedHelix":57,"aspiration:MarisaSkillbook":149},{"Whetstone":85,"Bottled Tornado":672,"Boot":32,"Sling":47,"Old Coin":0,"Blood Vial":718,"Replay:Ringing Soul":548,"conspire:GlowingRock":219,"Sundial":217,"MealTicket":83,"Replay:Bottled Flurry":660,"Kunai":679,"Replay:Wax Seal":256,"aspiration:Headhunter":395,"DianDianMeat":398,"Cola":210,"conspire:TreasureMap":529,"Pear":3,"Eternal Feather":224,"Pen Nib":52,"REME_LimitBreaker":206,"Akabeko":68,"EGODaCapo":403,"MutagenicStrength":101,"BionicSphere":548,"Pandora\u0027s Box":179,"aspiration:Lifesprig":141,"Lantern":219,"TH:Anvil":332,"DaveBox":0,"Singing Bowl":269,"DianPoetry":164,"Blue Doll":733,"wanderingMiniBosses:AbyssPearl":475,"Bag of Preparation":660,"Ancient Tea Set":58,"Smiling Mask":88,"Cursed Key":335,"Replay:Rubber Ducky":451,"Matryoshka":377,"infinitespire:Bottled Soul":395,"WingedGreaves":217,"Chemical X":300,"REME_LowDesire":688,"InkBottle":492,"aspiration:ChemicalBlood":451,"Lee\u0027s Waffle":660,"NeowsBlessing":0,"Damaru":80,"The Courier":217,"Omamori":136,"Geode":391,"infinitespire:CheckeredPen":243,"Frozen Egg 2":146,"GoldenEye":78,"HaiYi:Twilight":32,"Ornamental Fan":228,"Bloody Idol":435,"Orrery":68,"REME_HandOfSuture":217,"Turnip":250,"Bottled Lightning":52,"Apod":164,"conspire:DeflatedDodgeball":55,"ReplayTheSpireMod:Lightbulb":698,"Toy Ornithopter":210,"REME_ComplimentaryCards":0,"infinitespire:Freezer":400,"aspiration:Stellarator":224,"CeramicFish":391,"Vajra":731,"TH:Strongbox":146,"Runic Capacitor":256,"EVO:Axolotl":0,"Raider\u0027s Mask":480,"Sozu":27,"Centennial Puzzle":6,"HornCleat":256,"infinitespire:SolderingIron":398,"GuanYuAspect":293,"Philosopher\u0027s Stone":117,"Prayer Wheel":660,"Toxic Egg 2":146,"Jackal-EndForJourney":679,"Girya":243,"stsjorbsmod:BottledMemoryRelic":650,"wanderingMiniBosses:ThiefScarf":206,"Happy Flower":410,"ReplayTheSpireMod:CursedCoin":713,"Dead Branch":660,"wanderingMiniBosses:MasterThiefsPresence":312,"stsjorbsmod:GrimoireRelic":548,"conspire:SlowCooker":136,"infinitespire:Beetle Shell":144,"Ring of Chaos":588,"conspire:Boomerang":581,"aspiration:SeaSaltIceCream":3,"Letter Opener":345,"War Paint":171,"Question Card":568,"aspiration:HiddenCompartment":650,"OrangePellets":660,"Bottled Flame":459,"wanderingMiniBosses:Blackblade":593,"REME_HourglassOfDeath":682,"Shuriken":217,"Bronze Scales":195,"ChiXiaoBlade":47,"Molten Egg 2":130,"Simple Rune":475,"infinitespire:EmpoweringShard":228,"ReplayTheSpireMod:TigerMarble":415,"Black Star":548,"xbg":365,"Grinning Jar":660,"Symbiotic Virus":351,"NlothsMask":335,"Iron Core":357,"bronze:BronzeCore":0,"MostiFishMod:Haymaker":163,"Juzu Bracelet":68,"TeardropLocket":68,"Replay:Mystery Machine":700,"Empty Cage":470,"conspire:TopHat":609,"ClockworkSouvenir":123,"Replay:Bandana":410,"Mummified Hand":195,"Gambling Chip":717,"Red Mask":188,"Cracked Core":335,"Gremlin Food":698,"BargainBundle":459,"aspiration:FetidBarrel":699,"aspiration:RunicSpoon":250,"Guide Book":660,"ShadowXiaoBlade":97,"infinitespire:FocusingShard":210,"aspiration:HummingbirdHeart":243,"Orichalcum":123,"White Beast Statue":235,"Mercury Hourglass":679,"Calling Bell":217,"Anchor":186,"DataDisk":391,"SynthV:TestCard":1,"infinitespire:WardingShard":6,"wanderingMiniBosses:CarrionFlame":121,"ChewingGum":427,"Ring of Fury":695,"Bag of Marbles":219,"Membership Card":146,"REME_CardOfGreed":219,"aspiration:RitualDagger":235,"TungstenRod":85,"FossilizedHelix":206,"aspiration:MarisaSkillbook":660}],"Toy Ornithopter":16},"card_choices":[{"not_picked":["stsjorbsmod:Rest","OneTimeOff","DoubleSpark"],"picked":"UnstableBomb","floor":1},{"not_picked":["stsjorbsmod:Inferno","stsjorbsmod:ChatteringStrike","stsjorbsmod:BurningFlask"],"picked":"EarthLightRay","floor":1},{"not_picked":["stsjorbsmod:Rest","stsjorbsmod:Prepare","stsjorbsmod:Patron","DarkMatter","stsjorbsmod:Inferno"],"picked":"WitchOfGreed","floor":2},{"not_picked":["stsjorbsmod:MagicMissiles","FinalSpark","stsjorbsmod:TollTheDead","stsjorbsmod:AnimateObjects","stsjorbsmod:FracturedMind"],"picked":"FairyDestructionRay","floor":2},{"not_picked":["stsjorbsmod:FranticSearch","ChargeUpSpray","6A","BlazeAway","OpenUniverse"],"picked":"DC","floor":3},{"not_picked":["stsjorbsmod:Hurt","GrandCross","stsjorbsmod:Will","ShootingEcho","EarthLightRay"],"picked":"stsjorbsmod:ParryingBlow","floor":3},{"not_picked":["EventHorizon","6A","NonDirectionalLaser","stsjorbsmod:LoseGrip","stsjorbsmod:BurningFlask"],"picked":"stsjorbsmod:WanderingMind","floor":5},{"not_picked":["stsjorbsmod:BlackTentacles","PowerUp","stsjorbsmod:IvoryTower","BlazeAway","stsjorbsmod:Introspection"],"picked":"MachineGunSpark","floor":5},{"not_picked":["TH:ElvenBoots","TH:Mimic","TH:TreasureMap","TH:DeckOfManyThings"],"picked":"TH:CursedSword","floor":6},{"not_picked":["MilkyWay","stsjorbsmod:FaerieFire","IllusionStar","UnstableBomb","6A"],"picked":"TreasureHunter","floor":6},{"not_picked":["TH:ArmorSpikes","TH:BikiniMail","TH:PixieDust","TH:CopperCoins"],"picked":"TH:TreasureMap","floor":11},{"not_picked":["TH:TreasureMap","TH:ElvenBoots","TH:Mimic","TH:DeckOfManyThings"],"picked":"TH:CopperCoins","floor":13},{"not_picked":["stsjorbsmod:ThirstingSword","stsjorbsmod:Hurt","DragonMeteor","WitchLeyline","WitchOfGreed"],"picked":"stsjorbsmod:ArcaneForm","floor":13},{"not_picked":["TH:Mimic","TH:ElvenBoots","TH:ArmorSpikes","TH:CopperCoins"],"picked":"TH:TreasureMap","floor":15},{"not_picked":["SuperNova","EnergyRecoil","stsjorbsmod:ChainLightning","DC","stsjorbsmod:Rest","stsjorbsmod:Message"],"picked":"Singing Bowl","floor":15},{"not_picked":["SporeBomb","IllusionStar","stsjorbsmod:Prestidigitation","stsjorbsmod:ScorchingRay","stsjorbsmod:Index"],"picked":"GravityBeat","floor":16},{"not_picked":["GasGiant","StarBarrage","stsjorbsmod:DisguiseSelf","AsteroidBelt","ChargingUp","MilkyWay"],"picked":"Singing Bowl","floor":16},{"not_picked":["TH:ArmorSpikes","TH:EnergyPotion","TH:TreasureMap","TH:ElvenBoots"],"picked":"TH:CursedSword","floor":18},{"not_picked":["stsjorbsmod:DeathThroes","StarDustReverie","MillisecondPulsars","stsjorbsmod:Determination","stsjorbsmod:Withdraw"],"picked":"BigCrunch","floor":18},{"not_picked":["Occultation","stsjorbsmod:RefuseToForget","OpenUniverse","stsjorbsmod:MagicMirror","UnstableBomb"],"picked":"stsjorbsmod:ArcaneWeapon","floor":20},{"not_picked":["stsjorbsmod:Prestidigitation","stsjorbsmod:ParryingBlow","stsjorbsmod:Hurt","Orbital","UnstableBomb","stsjorbsmod:Channel"],"picked":"Singing Bowl","floor":20},{"not_picked":["DoubleSpark","stsjorbsmod:FracturedMind","stsjorbsmod:BurningFlask","stsjorbsmod:Prepare","AsteroidBelt","stsjorbsmod:ChainLightning"],"picked":"Singing Bowl","floor":22},{"not_picked":["stsjorbsmod:Index","GasGiant","DarkSpark","IllusionStar+1","MilkyWay"],"picked":"stsjorbsmod:UnseenServant","floor":22},{"not_picked":["TH:ElvenBoots","TH:BikiniMail","TH:PixieDust","TH:TreasureMap"],"picked":"TH:CopperCoins","floor":25},{"not_picked":["stsjorbsmod:RefuseToForget","MeteoricShower","stsjorbsmod:BlackTentacles","stsjorbsmod:Thorns","stsjorbsmod:Firebolt"],"picked":"stsjorbsmod:ArcaneWeapon","floor":25},{"not_picked":["stsjorbsmod:BurningFlask","stsjorbsmod:LoseGrip","ChargingUp","MagicChant","NonDirectionalLaser"],"picked":"stsjorbsmod:MageArmor","floor":27},{"not_picked":["DoubleSpark","WitchOfGreed","stsjorbsmod:DisguiseSelf","PowerUp","stsjorbsmod:TollTheDead","stsjorbsmod:RayOfFrost"],"picked":"Singing Bowl","floor":27},{"not_picked":["TH:EnergyPotion","TH:TreasureMap","TH:BikiniMail","TH:ElvenBoots"],"picked":"TH:CursedSword","floor":28},{"not_picked":["TH:ArmorSpikes","TH:EnergyPotion","TH:TreasureMap","TH:ElvenBoots"],"picked":"TH:CopperCoins","floor":29},{"not_picked":["LuminesStrike","stsjorbsmod:Prepare","stsjorbsmod:HedgeWizard+1","stsjorbsmod:WanderingMind","stsjorbsmod:Channel"],"picked":"stsjorbsmod:OldPocket","floor":29},{"not_picked":["DarkSpark","MachineGunSpark","stsjorbsmod:Hibernate","UnstableBomb+1","AsteroidBelt","GalacticHalo"],"picked":"Singing Bowl","floor":30},{"not_picked":["stsjorbsmod:Thorns","Singularity","MachineGunSpark","DoubleSpark","stsjorbsmod:Prepare","stsjorbsmod:FaerieFire"],"picked":"Singing Bowl","floor":30},{"not_picked":[],"picked":"wanderingMiniBosses:FinaleOfPromise","floor":32},{"not_picked":["stsjorbsmod:LocateObject","stsjorbsmod:Message","stsjorbsmod:Prestidigitation","MagicAbsorber","IllusionStar","stsjorbsmod:DoubleCheck"],"picked":"Singing Bowl","floor":32},{"not_picked":["DarkSpark","stsjorbsmod:Mindworm","stsjorbsmod:Hibernate","ManaConvection","GalacticHalo"],"picked":"stsjorbsmod:FindFamiliar","floor":32},{"not_picked":["TH:PixieDust","TH:EnergyPotion","TH:BikiniMail","TH:DeckOfManyThings"],"picked":"TH:TreasureMap","floor":35},{"not_picked":["stsjorbsmod:Trauma","JA","MillisecondPulsars","UltimateShortwave","stsjorbsmod:Banish"],"picked":"BigCrunch","floor":35},{"not_picked":["stsjorbsmod:Message","stsjorbsmod:HedgeWizard","DarkMatter","MagicAbsorber","stsjorbsmod:TrueStrike"],"picked":"stsjorbsmod:OldPocket","floor":37},{"not_picked":["ShootingEcho","stsjorbsmod:ChatteringStrike","stsjorbsmod:Index","stsjorbsmod:Hibernate","StarBarrage","GalacticHalo"],"picked":"Singing Bowl","floor":37},{"not_picked":["stsjorbsmod:Message","stsjorbsmod:BookOfTongues","Acceleration","PowerUp","stsjorbsmod:WanderingMind"],"picked":"SporeBomb","floor":39},{"not_picked":["stsjorbsmod:ChainLightning","DoubleSpark+1","GravityBeat","stsjorbsmod:FracturedMind+1","6A"],"picked":"BlazeAway","floor":41},{"not_picked":["stsjorbsmod:DoubleCheck","stsjorbsmod:Withdraw","WitchLeyline","DoubleSpark","StarlightTyphoon+1","stsjorbsmod:ChatteringStrike"],"picked":"Singing Bowl","floor":41},{"not_picked":["TH:ArmorSpikes","TH:Mimic","TH:TreasureMap","TH:ElvenBoots"],"picked":"TH:CopperCoins","floor":43},{"not_picked":["OrrerysSun","stsjorbsmod:Prepare","stsjorbsmod:ArcaneWeapon+1","TreasureHunter","stsjorbsmod:Will+1"],"picked":"UnstableBomb","floor":43},{"not_picked":["TH:DeckOfManyThings","TH:CursedSword","TH:EnergyPotion","TH:ArmorSpikes"],"picked":"TH:CopperCoins","floor":45},{"not_picked":["TH:Mimic","TH:BikiniMail","TH:DeckOfManyThings","TH:PixieDust"],"picked":"TH:CopperCoins","floor":46},{"not_picked":["TH:EnergyPotion","TH:DeckOfManyThings","TH:PixieDust","TH:ElvenBoots"],"picked":"TH:CursedSword","floor":47},{"not_picked":["stsjorbsmod:Rest","Singularity","ShootTheMoon","stsjorbsmod:SchoolsOfMagic","stsjorbsmod:ParryingBlow+1","stsjorbsmod:FaerieFire"],"picked":"Singing Bowl","floor":47},{"not_picked":["stsjorbsmod:FlameWard+1","stsjorbsmod:Channel","Acceleration+1","UnstableBomb+1","Occultation+1"],"picked":"stsjorbsmod:ArcaneWeapon","floor":48},{"not_picked":["stsjorbsmod:LoseGrip","stsjorbsmod:ColorSpray","OpenUniverse","stsjorbsmod:Channel","GravityBeat+1","ChargeUpSpray"],"picked":"Singing Bowl","floor":48},{"not_picked":["TH:ElvenBoots","TH:PixieDust","TH:BikiniMail","TH:Mimic"],"picked":"TH:CopperCoins","floor":50},{"not_picked":["LuminesStrike+1","DoubleSpark","stsjorbsmod:TrueStrike","Singularity","Acceleration","GravityBeat"],"picked":"Singing Bowl","floor":50},{"not_picked":["TH:DeckOfManyThings","TH:PixieDust","TH:TreasureMap","TH:ArmorSpikes"],"picked":"TH:CopperCoins","floor":57},{"not_picked":["stsjorbsmod:BookOfTongues","DragonMeteor+1","PowerUp+1","IllusionStar+1","OrrerysSun+1","stsjorbsmod:Entangle"],"picked":"Singing Bowl","floor":57}],"player_experience":567170,"relics_obtained":[{"floor":1,"key":"SynthV:TestCard"},{"floor":6,"key":"Anchor"},{"floor":11,"key":"Bottled Tornado"},{"floor":13,"key":"Shuriken"},{"floor":15,"key":"Singing Bowl"},{"floor":15,"key":"REME_HourglassOfDeath"},{"floor":19,"key":"Lantern"},{"floor":19,"key":"Pen Nib"},{"floor":23,"key":"Ring of Fury"},{"floor":25,"key":"ReplayTheSpireMod:Lightbulb"},{"floor":25,"key":"Gremlin Food"},{"floor":28,"key":"aspiration:FetidBarrel"},{"floor":29,"key":"Replay:Mystery Machine"},{"floor":29,"key":"Simple Rune"},{"floor":32,"key":"wanderingMiniBosses:Blackblade"},{"floor":35,"key":"Old Coin"},{"floor":43,"key":"Gambling Chip"},{"floor":43,"key":"Smiling Mask"},{"floor":46,"key":"Replay:Rubber Ducky"},{"floor":47,"key":"Blood Vial"},{"floor":47,"key":"Mercury Hourglass"},{"floor":50,"key":"Boot"},{"floor":50,"key":"infinitespire:Bottled Soul"},{"floor":57,"key":"Blue Doll"},{"floor":57,"key":"Toy Ornithopter"}],"event_choices":[{"damage_healed":0,"gold_gain":0,"player_choice":"Grow","damage_taken":0,"max_hp_gain":0,"max_hp_loss":0,"event_name":"Living Wall","floor":7,"gold_loss":0,"cards_upgraded":["conspire:Banana"]},{"damage_healed":0,"gold_gain":0,"player_choice":"Donut","damage_taken":0,"max_hp_gain":5,"max_hp_loss":0,"event_name":"Big Fish","floor":12,"gold_loss":0},{"damage_healed":0,"gold_gain":72,"player_choice":"Gained Gold","damage_taken":0,"max_hp_gain":0,"max_hp_loss":0,"event_name":"Golden Wing","floor":14,"gold_loss":0},{"damage_healed":0,"gold_gain":0,"player_choice":"Bought 1 Potion","damage_taken":0,"max_hp_gain":0,"max_hp_loss":0,"event_name":"The Woman in Blue","floor":21,"gold_loss":0},{"damage_healed":0,"gold_gain":0,"player_choice":" Idol ","damage_taken":76,"relics_obtained":["Bloody Idol"],"max_hp_gain":132,"max_hp_loss":56,"event_name":"betterAltar:BetterAltar","floor":24,"potions_obtained":[],"relics_lost":[],"gold_loss":0},{"damage_healed":0,"gold_gain":0,"player_choice":"Upgraded Two","damage_taken":0,"max_hp_gain":0,"max_hp_loss":0,"event_name":"Designer","floor":40,"gold_loss":50,"cards_upgraded":["Pot Of Greed","stsjorbsmod:ChainLightning"]}],"is_beta":false,"boss_relics":[{"not_picked":["SacredBark","Velvet Choker"],"picked":"REME_LowDesire"},{"not_picked":["Snecko Eye","aspiration:PoetsPen"],"picked":"GuanYuAspect"}],"items_purged_floors":[38],"is_endless":false,"potions_floor_spawned":[1,3,6,13,15,20,25,30,32,35,37,48],"ascension_level":20,"is_humility":true}}