{"host":"nwjx7hbomubpmo86","time":1612659795,"event":{"mods":["AchievementEnabler","BaseMod","Better Note","Better Third Choice","Downfall","Hermit","Hubris","Minty Spire (QoL Compilation)","Replay The Spire","StSLib","The Blackbeard","The Necromancer","The Saiyan","slay the spire mod where everything is the same but ironclad has a cowboy hat"],"gold_per_floor":[87,87,87,100,100,129,139,165,189,207,207,223,223,236,236,331,381,393,663,109,38,55,89,89,89,101,113,151,179,151,196,208,318,330,356,53,65,65,65,94,111,13,87,87,87,101,101,114,114,114,114,114,45,80,80],"floor_reached":56,"language":"ENG","playtime":4088,"items_purged":["Burn","Saiyan:SAIYA_Strike"],"score":1493,"play_id":"6ad61551-e77b-4183-917e-282566604efe","local_time":"20210207020315","is_ascension_mode":false,"campfire_choices":[{"data":"Saiyan:Afterimage","floor":13,"key":"SMITH"},{"data":"Saiyan:CCCapsule","floor":15,"key":"SMITH"},{"data":"Saiyan:Honing","floor":24,"key":"SMITH"},{"data":"Saiyan:KameHameHa","floor":32,"key":"SMITH"},{"data":"Saiyan:PlotArmor","floor":47,"key":"SMITH"},{"floor":49,"key":"RECALL"},{"data":"Saiyan:DragonFist","floor":52,"key":"SMITH"}],"circlet_count":0,"master_deck":["Saiyan:SAIYA_Strike","Saiyan:SAIYA_Strike","Saiyan:SAIYA_Strike","Saiyan:SAIYA_Defend","Saiyan:SAIYA_Defend","Saiyan:SAIYA_Defend","Saiyan:SAIYA_Defend","Saiyan:EnergyBlast","Saiyan:KaioKen+1","Saiyan:RuthlessBlow","Replay:GuardianBash","Saiyan:Afterimage+1","Saiyan:DragonFist+1","Saiyan:CCCapsule+1","Saiyan:Afterimage+1","Saiyan:FingerParry","Saiyan:KiExplosion","Saiyan:Quickening","Saiyan:SolarFlare+1","Saiyan:Kienzan+1","Dramatic Entrance","Saiyan:Honing+1","Saiyan:FingerParry","Saiyan:FingerParry+1","Pain","Saiyan:TurtleShell+1","Saiyan:KameHameHa+1","Saiyan:KiStrike","Saiyan:Rekindle+1","Saiyan:PowerUp","Saiyan:SenzuBean","Saiyan:BurningSoul","Saiyan:AugmentedBlast+1","Saiyan:TurtleShell+1","Saiyan:PlotArmor+1","Saiyan:DragonFist+1","Saiyan:Scouter","Saiyan:TurtleShell+1","Saiyan:UltraInstinct","Saiyan:WarmUp+1"],"relics":["SaiyanSoul","SaiyanHeart","TungstenRod","Nunchaku","Bronze Scales","Tiny House","Letter Opener","Guide Book","Replay:Wax Seal","hubris:FruitBowl","White Beast Statue","hubris:EvacipatedBox","hubris:EmptyBottle","Replay:Rubber Ducky","Torii","StrikeDummy","Whetstone","Iron Hammer","Shuriken","PreservedInsect","Juzu Bracelet","Anchor","Potion Belt","Quantum Egg","MawBank","Incense Burner","Replay:Ringing Soul","WarpedTongs","hubris:ToyBattleship","Tiny Chest","SlaversCollar","Simple Rune","Ancient Tea Set","Vajra","Kunai","Ice Cream","Omamori","Orichalcum","Pear"],"acts_visited":["Exordium","TheCity","TheBeyond","TheEnding"],"potions_floor_usage":[7,8,8,16,16,23,23,40,40,41,41,46,50,50,50,50,55,55,55,55,55,55,55],"damage_taken":[{"damage":9,"enemies":"2 Louse","floor":1,"turns":6},{"damage":0,"enemies":"Small Slimes","floor":4,"turns":4},{"damage":13,"enemies":"3 Sentries","floor":6,"turns":10},{"damage":1,"enemies":"Cultist","floor":7,"turns":4},{"damage":0,"enemies":"Gremlin Nob","floor":8,"turns":4},{"damage":8,"enemies":"2 Fungi Beasts","floor":10,"turns":4},{"damage":0,"enemies":"Large Slime","floor":12,"turns":5},{"damage":5,"enemies":"Exordium Thugs","floor":14,"turns":6},{"damage":20,"enemies":"Hexaghost","floor":16,"turns":9},{"damage":8,"enemies":"Shell Parasite","floor":18,"turns":7},{"damage":2,"enemies":"Chosen","floor":22,"turns":3},{"damage":0,"enemies":"Gremlin Leader","floor":23,"turns":7},{"damage":31,"enemies":"Slavers","floor":28,"turns":5},{"damage":0,"enemies":"Shelled Parasite and Fungi","floor":29,"turns":6},{"damage":0,"enemies":"Replay:Snechameleon","floor":31,"turns":7},{"damage":4,"enemies":"hubris:MusketHawk","floor":33,"turns":8},{"damage":0,"enemies":"3 Shapes","floor":35,"turns":3},{"damage":0,"enemies":"3 Darklings","floor":37,"turns":13},{"damage":0,"enemies":"Nemesis","floor":40,"turns":6},{"damage":0,"enemies":"Writhing Mass","floor":41,"turns":6},{"damage":24,"enemies":"Transient","floor":46,"turns":5},{"damage":0,"enemies":"Jaw Worm Horde","floor":48,"turns":6},{"damage":69,"enemies":"Awakened One","floor":50,"turns":19},{"damage":0,"enemies":"Shield and Spear","floor":54,"turns":7},{"damage":67,"enemies":"The Heart","floor":55,"turns":16}],"seed_played":"7196575298094713256","potions_obtained":[{"floor":1,"key":"PowerPotion"},{"floor":3,"key":"EssenceOfSteel"},{"floor":3,"key":"CultistPotion"},{"floor":8,"key":"champ:CounterPotion"},{"floor":10,"key":"PowerPotion"},{"floor":14,"key":"Energy Potion"},{"floor":17,"key":"DistilledChaos"},{"floor":28,"key":"Regen Potion"},{"floor":29,"key":"champ:CounterPotion"},{"floor":30,"key":"Ancient Potion"},{"floor":30,"key":"ColorlessPotion"},{"floor":30,"key":"sneckomod:MuddlingPotion"},{"floor":31,"key":"LiquidMemories"},{"floor":33,"key":"DistilledChaos"},{"floor":37,"key":"Adrenaline Potion"},{"floor":40,"key":"Weak Potion"},{"floor":41,"key":"Dexterity Potion"},{"floor":46,"key":"PowerPotion"},{"floor":48,"key":"Fire Potion"},{"floor":54,"key":"ColorlessPotion"}],"is_trial":false,"path_per_floor":["M","?","?","M","?","E","M","E","T","M","?","M","R","M","R","B",null,"M","?","$","$","M","E","R","$","T","?","E","M","?","E","R","B",null,"M","$","M","?","?","E","M","$","T","$","T","M","R","M","R","B",null,"R","$","E","B",null],"character_chosen":"SAIYAJIN","items_purchased":["Letter Opener","Guide Book","Dramatic Entrance","Saiyan:Honing","hubris:FruitBowl","White Beast Statue","hubris:EvacipatedBox","hubris:EmptyBottle","Replay:Rubber Ducky","Torii","StrikeDummy","Whetstone","Iron Hammer","Shuriken","PreservedInsect","Juzu Bracelet","Anchor","Potion Belt","Quantum Egg","MawBank","Incense Burner","Saiyan:SenzuBean","Simple Rune","Saiyan:PlotArmor","Saiyan:DragonFist","Ice Cream","Saiyan:UltraInstinct"],"campfire_rested":0,"item_purchase_floors":[20,20,20,21,25,25,25,25,25,25,25,25,25,25,25,25,25,25,25,25,25,36,36,42,42,44,53],"current_hp_per_floor":[52,46,46,48,48,37,37,40,40,34,34,35,35,32,32,14,81,76,53,53,53,53,56,56,1777,1777,93,99,106,106,117,117,121,125,130,134,141,141,141,149,155,159,159,138,138,119,119,123,123,71,170,170,174,195,137],"gold":80,"neow_bonus":"ONE_RARE_RELIC","is_daily":false,"chose_seed":false,"campfire_upgraded":6,"win_rate":0.0,"timestamp":1612659795,"path_taken":["M","?","?","?","?","E","M","E","T","M","?","M","R","M","R","BOSS","M","?","?","$","M","E","R","?","T","?","E","M","?","E","R","BOSS","M","$","M","?","?","E","M","$","T","?","?","M","R","M","R","BOSS","R","$","E","BOSS"],"items_purchased_type":["Relic","Relic","Card","Card","Relic","Relic","Relic","Relic","Relic","Relic","Relic","Relic","Relic","Relic","Relic","Relic","Relic","Relic","Relic","Relic","Relic","Card","Relic","Card","Card","Relic","Card"],"build_version":"2020-12-22","purchased_purges":2,"victory":true,"max_hp_per_floor":[61,61,61,63,63,65,66,69,69,71,71,72,72,74,74,76,81,84,84,84,84,86,89,89,89,89,93,99,106,106,117,117,125,125,130,134,141,141,141,149,155,159,159,159,159,164,164,168,168,170,170,170,174,195,195],"card_choices":[{"not_picked":["Saiyan:BackAttack","Saiyan:KiStrike"],"picked":"Saiyan:Afterimage","floor":1},{"not_picked":["Saiyan:RemoveWeights","Saiyan:BackAttack"],"picked":"Saiyan:DragonFist","floor":4},{"not_picked":["Saiyan:SaiyanHubris","Saiyan:ExpandingShockwave"],"picked":"Saiyan:CCCapsule","floor":6},{"not_picked":["Saiyan:TheBomb","Saiyan:RemoveWeights"],"picked":"Saiyan:Afterimage","floor":7},{"not_picked":["Saiyan:KameHameHa","Saiyan:Planning"],"picked":"Saiyan:FingerParry","floor":8},{"not_picked":["Saiyan:Pacing","Saiyan:TheBomb"],"picked":"Saiyan:KiExplosion","floor":10},{"not_picked":["Saiyan:Endure","Saiyan:RemoveWeights","Saiyan:PowerPole"],"picked":"SKIP","floor":12},{"not_picked":["Saiyan:DoubleMasenko","Saiyan:SpiritSword"],"picked":"Saiyan:Quickening","floor":14},{"not_picked":["Saiyan:MonkeyTail","Saiyan:Momentum"],"picked":"Saiyan:SolarFlare","floor":16},{"not_picked":["Saiyan:SaiyanHubris","Saiyan:Flurry"],"picked":"Saiyan:Kienzan","floor":17},{"not_picked":["Saiyan:SaiyanHubris","Saiyan:ExpandingShockwave","Saiyan:Endure"],"picked":"SKIP","floor":18},{"not_picked":["Saiyan:RemoveWeights","Saiyan:DoubleMasenko"],"picked":"Saiyan:FingerParry","floor":22},{"not_picked":["Saiyan:Flurry","Saiyan:BackAttack"],"picked":"Saiyan:FingerParry+1","floor":23},{"not_picked":["Saiyan:Honing+1","Saiyan:Quickening"],"picked":"Saiyan:TurtleShell+1","floor":28},{"not_picked":["Saiyan:SoulSpice","Saiyan:KiStrike+1"],"picked":"Saiyan:KameHameHa","floor":29},{"not_picked":["Saiyan:Quickening","Saiyan:ExtremeSpeed"],"picked":"Saiyan:KiStrike","floor":31},{"not_picked":["Saiyan:MonkeyTail","Saiyan:GenkiDama"],"picked":"Saiyan:Rekindle","floor":33},{"not_picked":["Saiyan:Kienzan+1","Saiyan:SaiyanHubris"],"picked":"Saiyan:PowerUp","floor":35},{"not_picked":["Saiyan:ExpandingShockwave+1","Saiyan:ExtremeSpeed"],"picked":"Saiyan:BurningSoul","floor":37},{"not_picked":["Saiyan:GhostAttack","Saiyan:FinalFlash+1"],"picked":"Saiyan:AugmentedBlast+1","floor":40},{"not_picked":["Saiyan:SaiyanHubris","Saiyan:KameHameHa"],"picked":"Saiyan:TurtleShell+1","floor":41},{"not_picked":["Saiyan:Planning","Saiyan:FinalFlash"],"picked":"Saiyan:Scouter","floor":46},{"not_picked":["Saiyan:PowerPole","Saiyan:ExpandingShockwave"],"picked":"Saiyan:TurtleShell+1","floor":48},{"not_picked":["Saiyan:Furor","Saiyan:Afterimage"],"picked":"Saiyan:WarmUp+1","floor":54}],"player_experience":600214,"relics_obtained":[{"floor":8,"key":"Nunchaku"},{"floor":9,"key":"Bronze Scales"},{"floor":23,"key":"Replay:Wax Seal"},{"floor":26,"key":"Replay:Ringing Soul"},{"floor":28,"key":"hubris:ToyBattleship"},{"floor":31,"key":"Tiny Chest"},{"floor":37,"key":"Ancient Tea Set"},{"floor":40,"key":"Vajra"},{"floor":43,"key":"Kunai"},{"floor":46,"key":"Omamori"},{"floor":48,"key":"Orichalcum"},{"floor":54,"key":"Pear"}],"event_choices":[{"cards_removed":["champ:Defend"],"damage_healed":0,"gold_gain":0,"player_choice":"Card Removal","damage_taken":7,"max_hp_gain":0,"max_hp_loss":0,"event_name":"Golden Wing","floor":2,"gold_loss":0},{"damage_healed":0,"gold_gain":0,"player_choice":"Got Potions","damage_taken":0,"max_hp_gain":0,"max_hp_loss":0,"event_name":"Lab","floor":3,"gold_loss":0},{"damage_healed":0,"gold_gain":0,"player_choice":"Grow","damage_taken":0,"max_hp_gain":0,"max_hp_loss":0,"event_name":"Living Wall","floor":5,"gold_loss":0,"cards_upgraded":["Saiyan:KaioKen"]},{"damage_healed":34,"gold_gain":0,"player_choice":"Embrace Burn","damage_taken":0,"max_hp_gain":0,"max_hp_loss":71,"event_name":"betterThird:BetterShining","floor":11,"gold_loss":0},{"damage_healed":0,"gold_gain":270,"player_choice":"GOLD GOLD GOLD ","damage_taken":27,"max_hp_gain":0,"max_hp_loss":0,"event_name":"Knowing Skull","floor":19,"potions_obtained":[],"gold_loss":0,"cards_obtained":[]},{"damage_healed":0,"gold_gain":0,"player_choice":"Rummage","damage_taken":0,"relics_obtained":["WarpedTongs"],"max_hp_gain":0,"max_hp_loss":0,"event_name":"Accursed Blacksmith","floor":27,"gold_loss":0,"cards_obtained":["Pain"]},{"damage_healed":0,"gold_gain":0,"player_choice":"Bought 3 Potions","damage_taken":0,"max_hp_gain":0,"max_hp_loss":0,"event_name":"The Woman in Blue","floor":30,"gold_loss":0},{"damage_healed":0,"gold_gain":0,"player_choice":"Upgraded","damage_taken":0,"max_hp_gain":0,"max_hp_loss":0,"event_name":"Upgrade Shrine","floor":38,"gold_loss":0,"cards_upgraded":["Saiyan:Rekindle"]},{"cards_removed":["Pain"],"damage_healed":0,"gold_gain":0,"player_choice":"Give","damage_taken":0,"max_hp_gain":0,"max_hp_loss":0,"event_name":"betterNote:BetterNote","floor":39,"gold_loss":0,"cards_obtained":["Strike_B"]}],"is_beta":false,"boss_relics":[{"not_picked":["Busted Crown","Black Star"],"picked":"Tiny House"},{"not_picked":["Ring of Chaos","hubris:ScarierMask","SacredBark"],"picked":"SlaversCollar"}],"items_purged_floors":[20,25],"is_endless":false,"potions_floor_spawned":[1,4,8,10,14,28,29,31,33,35,37,40,41,46,48,54],"ascension_level":0}}