{"host":"mqhvlr3kpxebko0t","time":1612683504,"event":{"mods":["AchievementEnabler","BaseMod","Colored Map","Colored Powertips","KOR Keyword Fix","Keyboard Shortcuts","Minty Spire (QoL Compilation)","StSLib","SuperFastMode"],"gold_per_floor":[112,37,37,112,112,153,153,188,259,303,303,317,338,318,318,411,411,424,444,444,479,503,503,503,522,549,549,562,562,562,562,562],"floor_reached":31,"language":"KOR","playtime":308,"items_purged":["Strike_R"],"score":652,"play_id":"2598e865-c26d-4362-a3dd-78b23ce71d5d","local_time":"20210207163824","is_ascension_mode":true,"campfire_choices":[{"data":"Bash","floor":7.0,"key":"SMITH"},{"data":"Perfected Strike","floor":11.0,"key":"SMITH"},{"data":"Uppercut","floor":15.0,"key":"SMITH"},{"data":"Twin Strike","floor":23.0,"key":"SMITH"},{"data":"Offering","floor":27,"key":"SMITH"},{"data":"Pommel Strike","floor":29,"key":"SMITH"}],"circlet_count":0,"master_deck":["AscendersBane","Strike_R","Strike_R","Strike_R","Strike_R","Defend_R","Defend_R","Defend_R","Defend_R","Bash+1","Wild Strike","Perfected Strike+1","Flame Barrier","Uppercut+1","Offering","Twin Strike+1","Shrug It Off","Shockwave","Offering+1","Shrug It Off+1","Pommel Strike+1"],"relics":["Burning Blood","NeowsBlessing","Bronze Scales","Golden Idol","Ginger","Bag of Marbles","Lizard Tail","Coffee Dripper","Red Mask","Tiny Chest"],"acts_visited":["Exordium","TheCity"],"potions_floor_usage":[31],"damage_taken":[{"damage":0.0,"enemies":"2 Louse","floor":1.0,"turns":1.0},{"damage":0.0,"enemies":"Gremlin Nob","floor":6.0,"turns":1.0},{"damage":0.0,"enemies":"Lagavulin","floor":8.0,"turns":1.0},{"damage":0.0,"enemies":"Gremlin Nob","floor":10.0,"turns":2.0},{"damage":7.0,"enemies":"Jaw Worm","floor":12.0,"turns":2.0},{"damage":0.0,"enemies":"Small Slimes","floor":13.0,"turns":2.0},{"damage":35.0,"enemies":"The Guardian","floor":16.0,"turns":11.0},{"damage":34.0,"enemies":"Shell Parasite","floor":18.0,"turns":3.0},{"damage":6.0,"enemies":"Chosen","floor":19.0,"turns":3.0},{"damage":4.0,"enemies":"Masked Bandits","floor":21.0,"turns":2.0},{"damage":38.0,"enemies":"Sentry and Sphere","floor":22.0,"turns":5.0},{"damage":27,"enemies":"Cultist and Chosen","floor":25,"turns":4},{"damage":12,"enemies":"Snake Plant","floor":28,"turns":2},{"damage":33,"enemies":"Shelled Parasite and Fungi","floor":31,"turns":2}],"seed_played":"-8318194109976110043","potions_obtained":[{"floor":6.0,"key":"AttackPotion"},{"floor":10.0,"key":"DistilledChaos"},{"floor":12.0,"key":"PowerPotion"},{"floor":18.0,"key":"Explosive Potion"},{"floor":25,"key":"Swift Potion"}],"is_trial":false,"path_per_floor":["M","$","?","?","?","E","R","E","T","E","R","M","M","?","R","B",null,"M","M","?","?","M","R","?","M","T","R","M","R","?","M"],"character_chosen":"IRONCLAD","items_purchased":[],"campfire_rested":0,"item_purchase_floors":[],"current_hp_per_floor":[74,74,63,52,26,32,32,38,38,44,44,43,49,49,49,20,61,33,33,33,35,43,43,43,22,22,22,16,16,31,0,0],"gold":562,"neow_bonus":"THREE_ENEMY_KILL","is_daily":false,"chose_seed":false,"campfire_upgraded":6,"win_rate":0.0,"timestamp":1612683504,"path_taken":["M","$","?","?","?","E","R","E","T","E","R","M","M","?","R","BOSS","M","?","?","?","M","R","?","?","T","R","M","R","?","M"],"items_purchased_type":[],"build_version":"2020-12-22","purchased_purges":1,"victory":false,"max_hp_per_floor":[75,75,75,75,75,75,75,75,75,75,75,75,75,75,75,75,75,75,75,75,75,75,75,75,75,75,75,75,75,75,75,75],"card_choices":[{"not_picked":["Twin Strike","Burning Pact"],"picked":"Wild Strike","floor":1.0},{"not_picked":["Combust","Perfected Strike","Headbutt"],"picked":"SKIP","floor":6.0},{"not_picked":["Headbutt","Dual Wield"],"picked":"Perfected Strike","floor":8.0},{"not_picked":["Dark Embrace","True Grit"],"picked":"Flame Barrier","floor":10.0},{"not_picked":["Hemokinesis","Thunderclap"],"picked":"Uppercut","floor":12.0},{"not_picked":["Clash","Searing Blow","Iron Wave"],"picked":"SKIP","floor":13.0},{"not_picked":["Exhume","Fiend Fire"],"picked":"Offering","floor":16.0},{"not_picked":["Cleave","Fire Breathing"],"picked":"Twin Strike","floor":18.0},{"not_picked":["Spot Weakness","Headbutt"],"picked":"Shrug It Off","floor":19.0},{"not_picked":["Anger","Sever Soul"],"picked":"Shockwave","floor":21.0},{"not_picked":["Seeing Red","Heavy Blade","Iron Wave"],"picked":"SKIP","floor":22.0},{"not_picked":["Fiend Fire","Warcry+1"],"picked":"Shrug It Off+1","floor":25},{"not_picked":["Body Slam","Metallicize"],"picked":"Pommel Strike","floor":28}],"player_experience":691479,"relics_obtained":[{"floor":6.0,"key":"Ginger"},{"floor":8.0,"key":"Bag of Marbles"},{"floor":10.0,"key":"Lizard Tail"},{"floor":21.0,"key":"Red Mask"},{"floor":26,"key":"Tiny Chest"}],"event_choices":[{"damage_healed":0.0,"max_hp_gain":0.0,"max_hp_loss":0.0,"gold_gain":0.0,"event_name":"Scrap Ooze","player_choice":"Success","floor":3.0,"gold_loss":0.0,"damage_taken":11.0,"relics_obtained":["Bronze Scales"]},{"damage_healed":0.0,"max_hp_gain":0.0,"max_hp_loss":0.0,"gold_gain":75.0,"event_name":"World of Goop","player_choice":"Gather Gold","floor":4.0,"gold_loss":0.0,"damage_taken":11.0},{"damage_healed":0.0,"max_hp_gain":0.0,"max_hp_loss":0.0,"gold_gain":0.0,"event_name":"Golden Idol","player_choice":"Take Damage","floor":5.0,"gold_loss":0.0,"damage_taken":26.0,"relics_obtained":["Golden Idol"]},{"damage_healed":0.0,"max_hp_gain":0.0,"max_hp_loss":0.0,"gold_gain":0.0,"event_name":"The Woman in Blue","player_choice":"Bought 1 Potion","floor":14.0,"gold_loss":0.0,"damage_taken":0.0},{"damage_healed":0.0,"max_hp_gain":0.0,"max_hp_loss":0.0,"gold_gain":0.0,"event_name":"Vampires","player_choice":"Ignored","floor":20.0,"gold_loss":0.0,"damage_taken":0.0},{"damage_healed":0.0,"max_hp_gain":0.0,"max_hp_loss":0.0,"gold_gain":0.0,"event_name":"Masked Bandits","player_choice":"Fought Bandits","floor":21.0,"gold_loss":0.0,"damage_taken":0.0},{"damage_healed":0,"gold_gain":0,"player_choice":"1 cards matched","damage_taken":0,"max_hp_gain":0,"max_hp_loss":0,"event_name":"Match and Keep!","floor":24,"gold_loss":0,"cards_obtained":["Offering"]},{"damage_healed":15,"gold_gain":0,"player_choice":"Heal","damage_taken":0,"max_hp_gain":0,"max_hp_loss":0,"event_name":"The Library","floor":30,"gold_loss":0}],"is_beta":false,"boss_relics":[{"not_picked":["SacredBark","Runic Cube"],"picked":"Coffee Dripper"}],"items_purged_floors":[2],"is_endless":false,"potions_floor_spawned":[6,10,12,18,25],"killed_by":"Shelled Parasite and Fungi","ascension_level":20}}