{"host":"9n6i2vl93jt4o42q","time":1612691724,"event":{"mods":["BaseMod","Minty Spire (QoL Compilation)","Relic Stats"],"gold_per_floor":[119,132,132,145,145,145,158,158,181,181,17,17,35,58,58,58,58],"floor_reached":16,"language":"ENG","playtime":727,"items_purged":["Strike_G"],"score":184,"play_id":"24ac18cd-ff38-4232-b786-bd79e404a231","local_time":"20210207105524","is_ascension_mode":true,"campfire_choices":[{"data":"Deadly Poison","floor":6.0,"key":"SMITH"},{"data":"Bane","floor":12.0,"key":"SMITH"},{"data":"Crippling Poison","floor":15.0,"key":"SMITH"}],"circlet_count":0,"master_deck":["AscendersBane","Strike_G","Strike_G","Strike_G+1","Defend_G","Defend_G","Defend_G","Survivor","Neutralize+1","Slice","Deadly Poison+1","Expertise","Bane+1","Quick Slash","Leg Sweep","PiercingWail","Crippling Poison+1"],"relics":["Ring of the Snake","Tiny Chest","Golden Idol"],"acts_visited":["Exordium"],"potions_floor_usage":[16],"damage_taken":[{"damage":8.0,"enemies":"Small Slimes","floor":1.0,"turns":5.0},{"damage":8.0,"enemies":"Jaw Worm","floor":2.0,"turns":5.0},{"damage":2.0,"enemies":"2 Louse","floor":4.0,"turns":3.0},{"damage":12.0,"enemies":"Exordium Thugs","floor":7.0,"turns":5.0},{"damage":8.0,"enemies":"Lots of Slimes","floor":13.0,"turns":5.0},{"damage":8.0,"enemies":"Gremlin Gang","floor":14.0,"turns":5.0},{"damage":16,"enemies":"Hexaghost","floor":16,"turns":9}],"seed_played":"9046934527059349833","potions_obtained":[{"floor":2.0,"key":"Block Potion"},{"floor":4.0,"key":"ColorlessPotion"},{"floor":13.0,"key":"Swift Potion"}],"is_trial":false,"path_per_floor":["M","M","?","M","?","R","M","?","T","?","$","R","M","M","R","B"],"character_chosen":"THE_SILENT","items_purchased":["Leg Sweep"],"campfire_rested":0,"item_purchase_floors":[11],"current_hp_per_floor":[51,43,43,41,23,23,11,31,31,31,31,31,23,15,15,0,0],"gold":58,"neow_bonus":"REMOVE_TWO","is_daily":false,"chose_seed":false,"campfire_upgraded":3,"win_rate":0.0,"timestamp":1612691724,"path_taken":["M","M","?","M","?","R","M","?","T","?","?","R","M","M","R","BOSS"],"items_purchased_type":["Card"],"build_version":"2020-12-22","purchased_purges":1,"victory":false,"max_hp_per_floor":[60,60,60,60,60,60,60,60,60,54,54,54,54,54,54,54,54],"relic_stats":{"counters":[7,37],"Golden Idol":9,"Tiny Chest":0,"obtain_stats":[{"Golden Idol":10,"Tiny Chest":9,"Ring of the Snake":0},{"Golden Idol":4,"Tiny Chest":4,"Ring of the Snake":0},{"Golden Idol":18,"Tiny Chest":18,"Ring of the Snake":0}],"Ring of the Snake":[14]},"card_choices":[{"not_picked":["Concentrate","Outmaneuver"],"picked":"Slice","floor":1.0},{"not_picked":["Dodge and Roll","Deflect"],"picked":"Deadly Poison","floor":2.0},{"not_picked":["Cloak And Dagger","Reflex"],"picked":"Bane","floor":4.0},{"not_picked":["Infinite Blades","Choke"],"picked":"Quick Slash","floor":7.0},{"not_picked":["Bane","Choke"],"picked":"PiercingWail","floor":13.0},{"not_picked":["Sucker Punch","Predator"],"picked":"Crippling Poison","floor":14.0}],"player_experience":2506452,"relics_obtained":[{"floor":9.0,"key":"Tiny Chest"}],"event_choices":[{"damage_healed":0.0,"max_hp_gain":0.0,"max_hp_loss":0.0,"gold_gain":0.0,"cards_transformed":["Defend_G"],"event_name":"Living Wall","player_choice":"Change","floor":3.0,"gold_loss":0.0,"damage_taken":0.0,"cards_obtained":["Expertise"]},{"damage_healed":0.0,"max_hp_gain":0.0,"max_hp_loss":0.0,"gold_gain":0.0,"event_name":"Shining Light","player_choice":"Entered Light","floor":5.0,"gold_loss":0.0,"damage_taken":18.0,"cards_upgraded":["Neutralize","Strike_G"]},{"damage_healed":20.0,"max_hp_gain":0.0,"max_hp_loss":0.0,"gold_gain":0.0,"event_name":"Big Fish","player_choice":"Banana","floor":8.0,"gold_loss":0.0,"damage_taken":0.0},{"damage_healed":0.0,"max_hp_gain":0.0,"max_hp_loss":6.0,"gold_gain":0.0,"event_name":"Golden Idol","player_choice":"Lose Max HP","floor":10.0,"gold_loss":0.0,"damage_taken":0.0,"relics_obtained":["Golden Idol"]}],"is_beta":false,"boss_relics":[],"items_purged_floors":[11],"is_endless":false,"potions_floor_spawned":[2,4,13],"killed_by":"Hexaghost","ascension_level":20}}