{"host":"mezn5mp2lor05apb","time":1612680044,"event":{"mods":["BaseMod","Block Reminder","Colored Map","Colored Powertips","Minty Spire (QoL Compilation)","Relic Stats","StSLib"],"gold_per_floor":[118,118,137,156,176,206,224,251,251,265,340,352,386,405,405,502,502,522,533,546,546,130,130,142,156,210,25,25,45,145,66,66,171,171,187,187,187,204,204,204,20,37,37,37,66,78,92,52,52,52],"floor_reached":51,"language":"ENG","playtime":5477,"items_purged":[],"score":803,"play_id":"d0fc734c-2d2b-4f7a-b310-1bee96a48d94","local_time":"20210207014044","is_ascension_mode":false,"campfire_choices":[{"floor":15,"key":"RECALL"},{"floor":23,"key":"REST"},{"data":"Bludgeon","floor":28,"key":"SMITH"},{"floor":32,"key":"REST"},{"floor":40,"key":"REST"},{"floor":44,"key":"REST"},{"floor":49,"key":"REST"}],"circlet_count":0,"master_deck":["Strike_R","Strike_R","Strike_R","Strike_R","Strike_R","Defend_R","Defend_R","Defend_R","Defend_R","Bash","Bandage Up","Twin Strike+1","Flex","Immolate","Shrug It Off","Feed","Anger","Metallicize","Warcry","Twin Strike","Bludgeon+1","Iron Wave","Feed","Perfected Strike","Pommel Strike+1","Bloodletting","Flame Barrier","Blind","Feel No Pain","Entrench","Metallicize","Flex","Apotheosis","Twin Strike","True Grit","Second Wind+1","Double Tap","Havoc+1","Shockwave+1","Madness","Madness","Fire Breathing+1","Perfected Strike","Panacea","Warcry+1","Twin Strike+1","Flame Barrier+1","Pummel+1","Parasite","Seeing Red+1","Heavy Blade"],"relics":["Burning Blood","Magic Flower","Tiny Chest","Ornamental Fan","Prayer Wheel","Incense Burner","Vajra","Shovel","Frozen Egg 2","Black Star","White Beast Statue","Pocketwatch","Red Skull","Ancient Tea Set"],"acts_visited":["Exordium","TheCity","TheBeyond"],"potions_floor_usage":[14,16,30,33,33,33,45,45,47,50],"damage_taken":[{"damage":5,"enemies":"Small Slimes","floor":1,"turns":4},{"damage":5,"enemies":"Cultist","floor":3,"turns":4},{"damage":6,"enemies":"Jaw Worm","floor":4,"turns":2},{"damage":2,"enemies":"Large Slime","floor":5,"turns":6},{"damage":13,"enemies":"3 Sentries","floor":6,"turns":5},{"damage":0,"enemies":"Exordium Wildlife","floor":7,"turns":2},{"damage":35,"enemies":"Lagavulin","floor":8,"turns":7},{"damage":4,"enemies":"Blue Slaver","floor":10,"turns":3},{"damage":0,"enemies":"3 Louse","floor":12,"turns":2},{"damage":25,"enemies":"3 Sentries","floor":13,"turns":7},{"damage":0,"enemies":"Large Slime","floor":14,"turns":4},{"damage":84,"enemies":"Hexaghost","floor":16,"turns":12},{"damage":42,"enemies":"Chosen","floor":18,"turns":8},{"damage":27,"enemies":"Shell Parasite","floor":19,"turns":9},{"damage":40,"enemies":"Snecko","floor":20,"turns":8},{"damage":16,"enemies":"Centurion and Healer","floor":24,"turns":4},{"damage":3,"enemies":"Snake Plant","floor":25,"turns":4},{"damage":15,"enemies":"3 Cultists","floor":29,"turns":5},{"damage":25,"enemies":"Colosseum Slavers","floor":30,"turns":3},{"damage":68,"enemies":"Colosseum Nobs","floor":30,"turns":8},{"damage":24,"enemies":"Automaton","floor":33,"turns":15},{"damage":54,"enemies":"3 Darklings","floor":35,"turns":9},{"damage":18,"enemies":"Orb Walker","floor":38,"turns":5},{"damage":28,"enemies":"4 Shapes","floor":42,"turns":5},{"damage":33,"enemies":"Giant Head","floor":45,"turns":9},{"damage":32,"enemies":"Jaw Worm Horde","floor":46,"turns":5},{"damage":24,"enemies":"Writhing Mass","floor":47,"turns":7},{"damage":77,"enemies":"Awakened One","floor":50,"turns":17}],"seed_played":"-8314238723909770415","potions_obtained":[{"floor":1,"key":"Energy Potion"},{"floor":4,"key":"DuplicationPotion"},{"floor":8,"key":"ElixirPotion"},{"floor":10,"key":"SkillPotion"},{"floor":13,"key":"Fruit Juice"},{"floor":19,"key":"BlessingOfTheForge"},{"floor":24,"key":"PowerPotion"},{"floor":38,"key":"Strength Potion"},{"floor":42,"key":"Explosive Potion"},{"floor":45,"key":"EntropicBrew"},{"floor":46,"key":"Dexterity Potion"},{"floor":47,"key":"FairyPotion"},{"floor":48,"key":"EssenceOfSteel"}],"is_trial":false,"path_per_floor":["M","?","M","M","M","E","M","E","T","M","?","M","E","M","R","B",null,"M","M","M","?","$","R","M","M","T","$","R","M","?","$","R","B",null,"M","T","?","M","?","R","$","M","T","R","E","M","M","?","R","B",null],"character_chosen":"IRONCLAD","items_purchased":["Flame Barrier","Blind","Incense Burner","Apotheosis","Regen Potion","Panacea","FairyPotion"],"campfire_rested":5,"item_purchase_floors":[22,22,22,27,31,41,41],"current_hp_per_floor":[80,80,80,80,80,77,83,63,63,79,68,83,73,91,91,22,91,69,62,37,37,37,66,70,76,76,76,76,87,29,29,62,77,110,65,65,51,47,47,80,80,67,67,100,82,70,66,66,101,39],"gold":52,"neow_bonus":"RANDOM_COLORLESS","is_daily":false,"chose_seed":false,"campfire_upgraded":1,"win_rate":0.0,"timestamp":1612680044,"path_taken":["M","?","M","M","?","E","M","E","T","M","?","M","E","M","R","BOSS","M","M","M","?","$","R","M","M","T","$","R","M","?","$","R","BOSS","M","?","?","M","?","R","$","M","T","R","E","M","M","?","R","BOSS"],"items_purchased_type":["Card","Card","Relic","Card","Potion","Card","Potion"],"build_version":"2020-12-22","purchased_purges":0,"victory":true,"max_hp_per_floor":[80,80,80,80,80,80,83,83,83,86,86,86,86,91,91,91,91,94,97,97,97,97,97,100,100,100,100,100,107,110,110,110,110,110,110,110,110,113,113,113,113,113,113,113,113,116,119,119,119,119],"relic_stats":{"Shovel":0,"counters":[28,179],"Ornamental Fan":[116],"Magic Flower":[135],"Tiny Chest":1,"Prayer Wheel":8,"Black Star":1,"obtain_stats":[{"Magic Flower":6,"Vajra":26,"Incense Burner":22,"Frozen Egg 2":30,"Ancient Tea Set":45,"Burning Blood":0,"White Beast Statue":36,"Shovel":30,"Ornamental Fan":13,"Tiny Chest":8,"Prayer Wheel":21,"Black Star":34,"Red Skull":45,"Pocketwatch":43},{"Magic Flower":5,"Vajra":17,"Incense Burner":15,"Frozen Egg 2":20,"Ancient Tea Set":25,"Burning Blood":0,"White Beast Statue":22,"Shovel":20,"Ornamental Fan":10,"Tiny Chest":7,"Prayer Wheel":15,"Black Star":21,"Red Skull":25,"Pocketwatch":24},{"Magic Flower":21,"Vajra":91,"Incense Burner":83,"Frozen Egg 2":107,"Ancient Tea Set":150,"Burning Blood":0,"White Beast Statue":131,"Shovel":107,"Ornamental Fan":42,"Tiny Chest":30,"Prayer Wheel":83,"Black Star":122,"Red Skull":150,"Pocketwatch":141}],"Burning Blood":214,"Pocketwatch":[36]},"card_choices":[{"not_picked":["Madness","Finesse"],"picked":"Bandage Up","floor":0},{"not_picked":["Perfected Strike","Cleave"],"picked":"Twin Strike","floor":1},{"not_picked":["Battle Trance","Sword Boomerang"],"picked":"Flex","floor":3},{"not_picked":["Heavy Blade","Headbutt"],"picked":"Immolate","floor":4},{"not_picked":["Evolve","Iron Wave"],"picked":"Shrug It Off","floor":5},{"not_picked":["Impervious","Thunderclap"],"picked":"Feed","floor":6},{"not_picked":["Clash","Carnage"],"picked":"Anger","floor":7},{"not_picked":["Burning Pact","Flex"],"picked":"Metallicize","floor":8},{"not_picked":["Flex","Searing Blow"],"picked":"Warcry","floor":10},{"not_picked":["Flex","Perfected Strike"],"picked":"Twin Strike","floor":12},{"not_picked":["Berserk","Disarm"],"picked":"Bludgeon","floor":13},{"not_picked":["Havoc","Headbutt"],"picked":"Iron Wave","floor":14},{"not_picked":["Corruption","Fiend Fire"],"picked":"Feed","floor":16},{"not_picked":["Anger","Entrench"],"picked":"Perfected Strike","floor":18},{"not_picked":["Flex","Fire Breathing"],"picked":"Pommel Strike+1","floor":19},{"not_picked":["Headbutt","Cleave"],"picked":"Bloodletting","floor":20},{"not_picked":["Clothesline","Heavy Blade+1"],"picked":"Feel No Pain","floor":24},{"not_picked":["Shrug It Off","Dual Wield"],"picked":"Entrench","floor":24},{"not_picked":["Pommel Strike+1","Dropkick+1"],"picked":"Metallicize","floor":25},{"not_picked":["Heavy Blade","Demon Form"],"picked":"Flex","floor":25},{"not_picked":["Cleave","Clash"],"picked":"Twin Strike","floor":29},{"not_picked":["Iron Wave","Warcry"],"picked":"True Grit","floor":29},{"not_picked":["Wild Strike","Shockwave+1"],"picked":"Second Wind+1","floor":30},{"not_picked":["Barricade+1","Immolate"],"picked":"Double Tap","floor":33},{"not_picked":["Sword Boomerang","Flex"],"picked":"Havoc+1","floor":35},{"not_picked":["Thunderclap+1","Anger"],"picked":"Shockwave+1","floor":35},{"not_picked":["Iron Wave","Armaments"],"picked":"Fire Breathing+1","floor":38},{"not_picked":["Sword Boomerang","Flex"],"picked":"Perfected Strike","floor":38},{"not_picked":["Pommel Strike","Berserk+1"],"picked":"Warcry+1","floor":42},{"not_picked":["Disarm+1","Clash"],"picked":"Twin Strike+1","floor":42},{"not_picked":["Anger+1","Entrench+1"],"picked":"Flame Barrier+1","floor":45},{"not_picked":["Heavy Blade+1","Body Slam+1"],"picked":"Pummel+1","floor":46},{"not_picked":["Iron Wave","Reckless Charge","Clothesline"],"picked":"SKIP","floor":46},{"not_picked":["Burning Pact+1","Headbutt"],"picked":"Seeing Red+1","floor":47},{"not_picked":["Bloodletting+1","Exhume"],"picked":"Heavy Blade","floor":47}],"player_experience":94467,"relics_obtained":[{"floor":6,"key":"Magic Flower"},{"floor":8,"key":"Tiny Chest"},{"floor":13,"key":"Ornamental Fan"},{"floor":26,"key":"Vajra"},{"floor":30,"key":"Shovel"},{"floor":30,"key":"Frozen Egg 2"},{"floor":36,"key":"White Beast Statue"},{"floor":43,"key":"Pocketwatch"},{"floor":45,"key":"Red Skull"},{"floor":45,"key":"Ancient Tea Set"}],"event_choices":[{"damage_healed":0,"gold_gain":0,"player_choice":"Upgraded","damage_taken":0,"max_hp_gain":0,"max_hp_loss":0,"event_name":"Upgrade Shrine","floor":2,"gold_loss":0,"cards_upgraded":["Twin Strike"]},{"damage_healed":0,"gold_gain":75,"player_choice":"Gather Gold","damage_taken":11,"max_hp_gain":0,"max_hp_loss":0,"event_name":"World of Goop","floor":11,"gold_loss":0},{"damage_healed":0,"gold_gain":0,"player_choice":"Opened","damage_taken":0,"relics_obtained":["Prayer Wheel"],"max_hp_gain":0,"max_hp_loss":0,"event_name":"The Mausoleum","floor":21,"gold_loss":0},{"damage_healed":0,"gold_gain":0,"player_choice":"Fight","damage_taken":0,"max_hp_gain":0,"max_hp_loss":0,"event_name":"Colosseum","floor":30,"gold_loss":0},{"damage_healed":0,"gold_gain":0,"player_choice":"Fought Nobs","damage_taken":0,"max_hp_gain":0,"max_hp_loss":0,"event_name":"Colosseum","floor":30,"gold_loss":0},{"damage_healed":0,"gold_gain":0,"player_choice":"Embrace Madness","damage_taken":14,"max_hp_gain":0,"max_hp_loss":0,"event_name":"Winding Halls","floor":37,"gold_loss":0,"cards_obtained":["Madness","Madness"]},{"damage_healed":0,"gold_gain":0,"player_choice":"Ignored","damage_taken":0,"max_hp_gain":0,"max_hp_loss":0,"event_name":"Mysterious Sphere","floor":39,"gold_loss":0},{"damage_healed":0,"gold_gain":0,"player_choice":"Bought 3 Potions","damage_taken":0,"max_hp_gain":0,"max_hp_loss":0,"event_name":"The Woman in Blue","floor":48,"gold_loss":0}],"is_beta":false,"boss_relics":[{"not_picked":["Ectoplasm","Mark of Pain","Cursed Key"]},{"not_picked":["Busted Crown","Sozu"],"picked":"Black Star"}],"items_purged_floors":[],"is_endless":false,"potions_floor_spawned":[1,4,8,10,12,13,19,24,25,30,38,42,45,46,47],"ascension_level":0}}