{"host":"8ki4rp59nppvqwda","time":1612661493,"event":{"mods":["AlwaysNeverKeys","BaseMod","Hermit","Minty Spire (QoL Compilation)","Robot Space Explorer","SacredBarkPlus","StSLib","The Cursed","The Necromancer","The Trickster"],"gold_per_floor":[119,119,137,137,149,177,187,187,213,224,224,242,242,265,265,395,395,410,441,441,455,455,455,455],"floor_reached":23,"language":"ENG","playtime":1373,"items_purged":[],"score":276,"play_id":"75ecb49e-6851-456e-b40b-72ea1830b4ed","local_time":"20210206203133","is_ascension_mode":true,"campfire_choices":[{"data":"RobotSpaceExplorer:MiniLasers","floor":8,"key":"SMITH"},{"floor":11,"key":"REST"},{"data":"RobotSpaceExplorer:PlasmaMissile","floor":15,"key":"SMITH"}],"circlet_count":0,"master_deck":["RobotSpaceExplorer:Strike+1","RobotSpaceExplorer:Strike","RobotSpaceExplorer:Strike","RobotSpaceExplorer:Defend+1","RobotSpaceExplorer:Defend","RobotSpaceExplorer:Scan","RobotSpaceExplorer:MiniLasers+1","RobotSpaceExplorer:IronShell","RobotSpaceExplorer:PowerGlove","RobotSpaceExplorer:ScrapToss","RobotSpaceExplorer:Jetpack","RobotSpaceExplorer:DroneSwarm","RobotSpaceExplorer:GearShield","RobotSpaceExplorer:IronShell","RobotSpaceExplorer:PlasmaMissile+1","RobotSpaceExplorer:Comet","RobotSpaceExplorer:IronShell+1","RobotSpaceExplorer:Blaster","RobotSpaceExplorer:IronShell","RobotSpaceExplorer:RigExplosive"],"relics":["RobotSpaceExplorer:RoboCore","Juzu Bracelet","Omamori","Bloody Idol","RobotSpaceExplorer:SearchSpecs","Red Mask"],"acts_visited":["Exordium","TheCity"],"potions_floor_usage":[16,16,18,19,23,23],"damage_taken":[{"damage":0.0,"enemies":"Small Slimes","floor":1.0,"turns":3.0},{"damage":0.0,"enemies":"2 Louse","floor":3.0,"turns":3.0},{"damage":0.0,"enemies":"Jaw Worm","floor":5.0,"turns":3.0},{"damage":19,"enemies":"3 Sentries","floor":6,"turns":7},{"damage":7,"enemies":"Exordium Wildlife","floor":7,"turns":4},{"damage":8,"enemies":"2 Fungi Beasts","floor":10,"turns":4},{"damage":0,"enemies":"Blue Slaver","floor":12,"turns":3},{"damage":0,"enemies":"Looter","floor":14,"turns":2},{"damage":3,"enemies":"The Guardian","floor":16,"turns":9},{"damage":19,"enemies":"Spheric Guardian","floor":18,"turns":5},{"damage":19,"enemies":"Masked Bandits","floor":19,"turns":5},{"damage":12,"enemies":"Chosen","floor":21,"turns":5},{"damage":16,"enemies":"Gremlin Leader","floor":23,"turns":4}],"seed_played":"2075694197699614416","potions_obtained":[{"floor":7,"key":"BlessingOfTheForge"},{"floor":12,"key":"FearPotion"},{"floor":14,"key":"SpeedPotion"},{"floor":16,"key":"AttackPotion"},{"floor":18,"key":"Fruit Juice"},{"floor":19,"key":"GamblersBrew"},{"floor":21,"key":"DuplicationPotion"}],"is_trial":false,"path_per_floor":["M","?","M","?","M","E","M","R","T","M","R","M","?","M","R","B",null,"M","?","?","M","?","E"],"character_chosen":"RobotSpaceExplorer","items_purchased":[],"campfire_rested":1,"item_purchase_floors":[],"current_hp_per_floor":[75,59,59,52,52,33,26,26,26,18,42,42,22,22,22,19,66,52,33,33,21,21,5,5],"gold":455,"neow_bonus":"TEN_PERCENT_HP_BONUS","is_daily":false,"chose_seed":false,"campfire_upgraded":2,"win_rate":0.0,"timestamp":1612661493,"path_taken":["M","?","M","?","M","E","M","R","T","M","R","M","?","M","R","BOSS","M","?","?","M","?","E"],"items_purchased_type":[],"build_version":"2020-12-22","purchased_purges":0,"victory":false,"max_hp_per_floor":[82,82,82,82,82,82,82,82,82,82,82,82,82,82,82,82,82,87,87,87,87,87,87,87],"card_choices":[{"not_picked":["RobotSpaceExplorer:Pulsar","RobotSpaceExplorer:Counterblock"],"picked":"RobotSpaceExplorer:IronShell","floor":1.0},{"not_picked":["RobotSpaceExplorer:GlueShot","RobotSpaceExplorer:FrostMissile"],"picked":"RobotSpaceExplorer:PowerGlove","floor":3.0},{"not_picked":["RobotSpaceExplorer:SurgingStrike","RobotSpaceExplorer:ToxicBomb"],"picked":"RobotSpaceExplorer:ScrapToss","floor":5.0},{"not_picked":["RobotSpaceExplorer:SwiftStep","RobotSpaceExplorer:Ammunition"],"picked":"RobotSpaceExplorer:Jetpack","floor":6},{"not_picked":["RobotSpaceExplorer:ShovelStrike","RobotSpaceExplorer:Probe"],"picked":"RobotSpaceExplorer:DroneSwarm","floor":7},{"not_picked":["RobotSpaceExplorer:Discharger","RobotSpaceExplorer:FrostMissile"],"picked":"RobotSpaceExplorer:GearShield","floor":10},{"not_picked":["RobotSpaceExplorer:MiniDrones","RobotSpaceExplorer:SwiftStep"],"picked":"RobotSpaceExplorer:IronShell","floor":12},{"not_picked":["RobotSpaceExplorer:Jetpack","RobotSpaceExplorer:SurgingStrike"],"picked":"RobotSpaceExplorer:PlasmaMissile","floor":14},{"not_picked":["RobotSpaceExplorer:TrailblazerForm","RobotSpaceExplorer:Exploration"],"picked":"RobotSpaceExplorer:Comet","floor":16},{"not_picked":["RobotSpaceExplorer:SurgingStrike","RobotSpaceExplorer:Probe"],"picked":"RobotSpaceExplorer:IronShell+1","floor":18},{"not_picked":["RobotSpaceExplorer:ScrapMissile","RobotSpaceExplorer:ToxicBomb+1"],"picked":"RobotSpaceExplorer:RigExplosive","floor":21}],"player_experience":1288623,"relics_obtained":[{"floor":6,"key":"Juzu Bracelet"},{"floor":9,"key":"Omamori"},{"floor":19,"key":"Red Mask"}],"event_choices":[{"damage_healed":0.0,"max_hp_gain":0.0,"max_hp_loss":0.0,"gold_gain":0.0,"event_name":"Shining Light","player_choice":"Entered Light","floor":2.0,"gold_loss":0.0,"damage_taken":16.0,"cards_upgraded":["RobotSpaceExplorer:Defend","RobotSpaceExplorer:Strike"]},{"cards_removed":["RobotSpaceExplorer:Defend"],"damage_healed":0.0,"max_hp_gain":0.0,"max_hp_loss":0.0,"gold_gain":0.0,"event_name":"Golden Wing","player_choice":"Card Removal","floor":4.0,"gold_loss":0.0,"damage_taken":7.0},{"damage_healed":0,"gold_gain":0,"player_choice":"Take Damage","damage_taken":20,"relics_obtained":["Golden Idol"],"max_hp_gain":0,"max_hp_loss":0,"event_name":"Golden Idol","floor":13,"gold_loss":0},{"damage_healed":0,"gold_gain":0,"player_choice":"Fought Bandits","damage_taken":0,"max_hp_gain":0,"max_hp_loss":0,"event_name":"Masked Bandits","floor":19,"gold_loss":0},{"damage_healed":0,"gold_gain":0,"cards_transformed":["RobotSpaceExplorer:Defend","RobotSpaceExplorer:Strike"],"player_choice":"Became Test Subject","damage_taken":0,"max_hp_gain":0,"max_hp_loss":0,"event_name":"Drug Dealer","floor":20,"gold_loss":0,"cards_obtained":["RobotSpaceExplorer:Blaster","RobotSpaceExplorer:IronShell"]},{"damage_healed":0,"gold_gain":0,"player_choice":"Gave Idol","damage_taken":0,"relics_obtained":["Bloody Idol"],"max_hp_gain":0,"max_hp_loss":0,"event_name":"Forgotten Altar","floor":22,"relics_lost":["Golden Idol"],"gold_loss":0}],"is_beta":false,"boss_relics":[{"not_picked":["Tiny House","RobotSpaceExplorer:Reprocessor"],"picked":"RobotSpaceExplorer:SearchSpecs"}],"items_purged_floors":[],"is_endless":false,"potions_floor_spawned":[7,12,14,16,18,19,21],"killed_by":"Gremlin Leader","ascension_level":6}}