{"host":"w3q5ijqu8eoknil3","time":1612730000,"event":{"mods":["AchievementEnabler","BaseMod","Block Reminder","Colored Map","Colored Powertips","Curses Come First","Dark Map","Minty Spire (QoL Compilation)","Quick Restart","Relic Stats","StSLib","ojb\u0027s Better Paths Mod","ojb\u0027s Info Mod","slay the spire mod where everything is the same but ironclad has a cowboy hat"],"gold_per_floor":[364,70,145,145,165,180,198,229,229,239,274,288,288,308,308,379,379,391,391,406,62,62,62,137,165,191,224,237,248,248,263,263,342,342,355,370,340,357,357,357],"floor_reached":39,"language":"ENG","playtime":1704,"items_purged":["Bite"],"score":922,"play_id":"9d380975-3f53-4465-98a7-f66e6140fba5","local_time":"20210207203320","is_ascension_mode":true,"campfire_choices":[{"data":"Skewer","floor":13,"key":"SMITH"},{"data":"Blade Dance","floor":15,"key":"SMITH"},{"data":"Doppelganger","floor":23,"key":"SMITH"},{"data":"Phantasmal Killer","floor":32,"key":"SMITH"}],"circlet_count":0,"master_deck":["AscendersBane","Defend_G+1","Defend_G+1","Defend_G+1","Defend_G+1","Defend_G+1","Survivor","Neutralize","Dagger Spray","Backstab","Footwork","Flying Knee","Dash","Leg Sweep","Storm of Steel","Skewer+1","Phantasmal Killer+1","Blade Dance+1","Tools of the Trade","Doppelganger+1","All Out Attack","Bite","Bite","Bite","Bite","Footwork+1","Poisoned Stab","Acrobatics","PiercingWail","Riddle With Holes+1","Bullet Time","Finisher","Caltrops+1"],"relics":["Ring of the Snake","Chemical X","Ornamental Fan","Strawberry","Akabeko","Blue Candle","SacredBark","Membership Card","Pear","Pantograph","Bag of Marbles","Lantern","Mummified Hand","Nilry\u0027s Codex","Black Star"],"acts_visited":["Exordium","TheCity","TheBeyond"],"potions_floor_usage":[8,16,20,25,31,33,35,38,38],"damage_taken":[{"damage":6,"enemies":"Cultist","floor":1,"turns":5},{"damage":0,"enemies":"Jaw Worm","floor":5,"turns":4},{"damage":0,"enemies":"Small Slimes","floor":6,"turns":3},{"damage":0,"enemies":"Blue Slaver","floor":7,"turns":4},{"damage":7,"enemies":"Lagavulin","floor":8,"turns":7},{"damage":0,"enemies":"3 Louse","floor":10,"turns":1},{"damage":4,"enemies":"Gremlin Nob","floor":11,"turns":3},{"damage":11,"enemies":"Gremlin Gang","floor":12,"turns":4},{"damage":0,"enemies":"Blue Slaver","floor":14,"turns":1},{"damage":6,"enemies":"The Guardian","floor":16,"turns":13},{"damage":8,"enemies":"Chosen","floor":18,"turns":4},{"damage":0,"enemies":"3 Byrds","floor":20,"turns":3},{"damage":21,"enemies":"Gremlin Leader","floor":25,"turns":4},{"damage":0,"enemies":"Book of Stabbing","floor":27,"turns":1},{"damage":6,"enemies":"Centurion and Healer","floor":28,"turns":5},{"damage":0,"enemies":"3 Cultists","floor":29,"turns":3},{"damage":0,"enemies":"Snecko","floor":31,"turns":1},{"damage":19,"enemies":"Automaton","floor":33,"turns":5},{"damage":13,"enemies":"3 Shapes","floor":35,"turns":4},{"damage":3,"enemies":"3 Darklings","floor":36,"turns":3},{"damage":32,"enemies":"Transient","floor":38,"turns":6},{"damage":26,"enemies":"Maw","floor":39,"turns":5}],"seed_played":"-3967790194707201356","potions_obtained":[{"floor":1,"key":"LiquidBronze"},{"floor":6,"key":"CultistPotion"},{"floor":8,"key":"GamblersBrew"},{"floor":16,"key":"AttackPotion"},{"floor":20,"key":"Dexterity Potion"},{"floor":29,"key":"CunningPotion"},{"floor":31,"key":"DistilledChaos"},{"floor":37,"key":"CultistPotion"},{"floor":37,"key":"BlessingOfTheForge"}],"is_trial":false,"path_per_floor":["M","$","?","T","M","M","M","E","T","M","E","M","R","M","R","B",null,"M","?","M","$","?","R","T","E","T","E","M","M","?","M","R","B",null,"M","M","?","M","M"],"character_chosen":"THE_SILENT","items_purchased":["Chemical X","Backstab","Footwork","Membership Card","Pear"],"campfire_rested":0,"item_purchase_floors":[2,2,2,21,21],"current_hp_per_floor":[53,53,42,42,42,42,42,42,42,42,38,27,27,27,27,21,56,48,46,46,56,56,56,56,43,43,43,43,49,28,30,30,39,52,45,42,42,16,0,0],"gold":357,"neow_bonus":"TWO_FIFTY_GOLD","is_daily":false,"chose_seed":false,"campfire_upgraded":4,"win_rate":0.0,"timestamp":1612730000,"path_taken":["M","$","?","?","?","M","M","E","T","M","E","M","R","M","R","BOSS","M","?","M","$","?","R","?","E","T","E","M","M","?","M","R","BOSS","M","M","?","M","M"],"items_purchased_type":["Relic","Card","Card","Relic","Relic"],"build_version":"2020-12-22","purchased_purges":1,"victory":false,"max_hp_per_floor":[60,60,60,60,60,60,60,67,67,67,67,67,67,67,67,67,67,67,46,46,56,56,56,56,56,56,56,56,56,56,56,56,56,56,56,56,56,56,56,56],"relic_stats":{"counters":[22,89],"Ornamental Fan":[168],"Mummified Hand":[8],"Blue Candle":[0],"Pantograph":25,"Black Star":0,"Chemical X":[23],"obtain_stats":[{"Lantern":26,"Pear":21,"Nilry\u0027s Codex":30,"Blue Candle":11,"SacredBark":17,"Akabeko":9,"Ornamental Fan":4,"Mummified Hand":27,"Strawberry":8,"Pantograph":24,"Bag of Marbles":25,"Black Star":34,"Chemical X":2,"Membership Card":21,"Ring of the Snake":0},{"Lantern":13,"Pear":12,"Nilry\u0027s Codex":16,"Blue Candle":7,"SacredBark":10,"Akabeko":5,"Ornamental Fan":1,"Mummified Hand":14,"Strawberry":5,"Pantograph":12,"Bag of Marbles":13,"Black Star":18,"Chemical X":1,"Membership Card":12,"Ring of the Snake":0},{"Lantern":56,"Pear":52,"Nilry\u0027s Codex":65,"Blue Candle":27,"SacredBark":45,"Akabeko":23,"Ornamental Fan":5,"Mummified Hand":57,"Strawberry":23,"Pantograph":52,"Bag of Marbles":56,"Black Star":71,"Chemical X":5,"Membership Card":52,"Ring of the Snake":0}],"Ring of the Snake":[44]},"card_choices":[{"not_picked":["Endless Agony","Setup"],"picked":"Dagger Spray","floor":1},{"not_picked":["Sucker Punch","Concentrate"],"picked":"Flying Knee","floor":5},{"not_picked":["Dagger Throw","Cloak And Dagger"],"picked":"Dash","floor":6},{"not_picked":["Blur","Masterful Stab"],"picked":"Leg Sweep","floor":7},{"not_picked":["Dagger Throw","Flechettes"],"picked":"Storm of Steel","floor":8},{"not_picked":["Infinite Blades","Bane"],"picked":"Skewer","floor":10},{"not_picked":["Deadly Poison","Terror"],"picked":"Phantasmal Killer","floor":11},{"not_picked":["Deflect","Underhanded Strike"],"picked":"Blade Dance","floor":12},{"not_picked":["Tactician","Flying Knee"],"picked":"Tools of the Trade","floor":14},{"not_picked":["Wraith Form v2","Unload"],"picked":"Doppelganger","floor":16},{"not_picked":["Backflip","Underhanded Strike"],"picked":"All Out Attack","floor":18},{"not_picked":["Distraction","Underhanded Strike"],"picked":"Footwork+1","floor":20},{"not_picked":["Cloak And Dagger","Sucker Punch"],"picked":"Poisoned Stab","floor":25},{"not_picked":["Dash","Bane"],"picked":"Acrobatics","floor":27},{"not_picked":["Deflect","Infinite Blades","Underhanded Strike"],"picked":"SKIP","floor":28},{"not_picked":["Blur","Bane"],"picked":"PiercingWail","floor":29},{"not_picked":["Quick Slash","Dagger Throw"],"picked":"Riddle With Holes+1","floor":31},{"not_picked":["Storm of Steel","Die Die Die"],"picked":"Bullet Time","floor":33},{"not_picked":["Quick Slash","Slice+1","Cloak And Dagger"],"picked":"SKIP","floor":35},{"not_picked":["Concentrate","Leg Sweep"],"picked":"Finisher","floor":36},{"not_picked":["Flying Knee","Leg Sweep"],"picked":"Caltrops+1","floor":38}],"player_experience":1036690,"relics_obtained":[{"floor":4,"key":"Ornamental Fan"},{"floor":8,"key":"Strawberry"},{"floor":9,"key":"Akabeko"},{"floor":11,"key":"Blue Candle"},{"floor":24,"key":"Pantograph"},{"floor":25,"key":"Bag of Marbles"},{"floor":26,"key":"Lantern"},{"floor":27,"key":"Mummified Hand"},{"floor":30,"key":"Nilry\u0027s Codex"}],"event_choices":[{"damage_healed":0,"gold_gain":75,"player_choice":"Gather Gold","damage_taken":11,"max_hp_gain":0,"max_hp_loss":0,"event_name":"World of Goop","floor":3,"gold_loss":0},{"damage_healed":0,"gold_gain":0,"player_choice":"Became a vampire","damage_taken":0,"max_hp_gain":0,"max_hp_loss":21,"event_name":"Vampires","floor":19,"gold_loss":0,"cards_obtained":["Bite","Bite","Bite","Bite","Bite"]},{"damage_healed":0,"gold_gain":0,"player_choice":"Simplicity","damage_taken":0,"max_hp_gain":0,"max_hp_loss":0,"event_name":"Back to Basics","floor":22,"gold_loss":0,"cards_upgraded":["Defend_G","Defend_G","Defend_G","Defend_G","Defend_G"]},{"damage_healed":0,"gold_gain":0,"player_choice":"Obtained Book","damage_taken":21,"max_hp_gain":0,"max_hp_loss":0,"event_name":"Cursed Tome","floor":30,"gold_loss":0},{"damage_healed":0,"gold_gain":0,"player_choice":"Bought 2 Potions","damage_taken":0,"max_hp_gain":0,"max_hp_loss":0,"event_name":"The Woman in Blue","floor":37,"gold_loss":0}],"is_beta":false,"boss_relics":[{"not_picked":["Sozu","Busted Crown"],"picked":"SacredBark"},{"not_picked":["SlaversCollar","Fusion Hammer"],"picked":"Black Star"}],"items_purged_floors":[21],"is_endless":false,"potions_floor_spawned":[1,6,8,11,12,16,20,29,31],"killed_by":"Maw","ascension_level":19}}