{"host":"sum4dy402bbv9y4o","time":1612742244,"event":{"mods":["Aspiration","BaseMod","Conspire","Highlight Path","Minty Spire (QoL Compilation)","StSLib"],"gold_per_floor":[118,131,131,131,131,131,172,172,172,0,0,15,15,38,38,38,38],"floor_reached":16,"language":"ENG","playtime":448,"items_purged":["Defend_P"],"score":196,"play_id":"2dbb3c45-602c-4c5e-8ceb-e416f48cbbae","local_time":"20210208025724","is_ascension_mode":true,"campfire_choices":[{"floor":6,"key":"REST"},{"floor":8,"key":"REST"},{"data":"Eruption","floor":11,"key":"SMITH"},{"data":"WheelKick","floor":15,"key":"SMITH"}],"circlet_count":0,"master_deck":["AscendersBane","Strike_P","Strike_P","Defend_P","Defend_P","Defend_P","Eruption+1","Vigilance","PathToVictory","WheelKick+1","LikeWater","BowlingBash","Perseverance","EmptyBody","Vengeance","Tantrum"],"relics":["PureWater","Golden Idol","TeardropLocket","conspire:BottledYoYo"],"acts_visited":["Exordium"],"potions_floor_usage":[16],"damage_taken":[{"damage":0,"enemies":"Small Slimes","floor":1,"turns":2},{"damage":0,"enemies":"2 Louse","floor":2,"turns":3},{"damage":32,"enemies":"3 Sentries","floor":7,"turns":11},{"damage":0,"enemies":"Jaw Worm","floor":12,"turns":5},{"damage":0,"enemies":"Looter","floor":14,"turns":2},{"damage":56,"enemies":"Hexaghost","floor":16,"turns":7}],"seed_played":"-4363486304385930917","potions_obtained":[{"floor":1,"key":"Ancient Potion"},{"floor":7,"key":"SteroidPotion"}],"is_trial":false,"path_per_floor":["M","M","?","?","?","R","E","R","T","$","R","M","$","M","R","B"],"character_chosen":"WATCHER","items_purchased":["Perseverance","EmptyBody"],"campfire_rested":2,"item_purchase_floors":[10,10],"current_hp_per_floor":[61,61,66,41,34,55,23,44,44,44,44,44,44,44,44,0,0],"gold":38,"neow_bonus":"TRANSFORM_CARD","is_daily":false,"chose_seed":false,"campfire_upgraded":2,"win_rate":0.0,"timestamp":1612742244,"path_taken":["M","M","?","?","?","R","E","R","T","$","R","M","$","?","R","BOSS"],"items_purchased_type":["Card","Card"],"build_version":"2020-12-22","purchased_purges":1,"victory":false,"max_hp_per_floor":[68,68,73,73,73,73,73,73,73,73,73,73,73,73,73,73,73],"card_choices":[{"not_picked":["Pray","FlyingSleeves"],"picked":"WheelKick","floor":1},{"not_picked":["EmptyMind","BattleHymn"],"picked":"LikeWater","floor":2},{"not_picked":["Protect","SashWhip"],"picked":"BowlingBash","floor":7},{"not_picked":["Meditate","JustLucky"],"picked":"Vengeance","floor":12},{"not_picked":["Evaluate","EmptyBody"],"picked":"Tantrum","floor":14}],"player_experience":3065279,"relics_obtained":[{"floor":7,"key":"TeardropLocket"},{"floor":9,"key":"conspire:BottledYoYo"}],"event_choices":[{"damage_healed":0,"gold_gain":0,"player_choice":"Donut","damage_taken":0,"max_hp_gain":5,"max_hp_loss":0,"event_name":"Big Fish","floor":3,"gold_loss":0},{"damage_healed":0,"gold_gain":0,"player_choice":"Take Damage","damage_taken":25,"relics_obtained":["Golden Idol"],"max_hp_gain":0,"max_hp_loss":0,"event_name":"Golden Idol","floor":4,"gold_loss":0},{"cards_removed":["Strike_P"],"damage_healed":0,"gold_gain":0,"player_choice":"Card Removal","damage_taken":7,"max_hp_gain":0,"max_hp_loss":0,"event_name":"Golden Wing","floor":5,"gold_loss":0}],"is_beta":false,"boss_relics":[],"items_purged_floors":[10],"is_endless":false,"potions_floor_spawned":[1,7],"killed_by":"Hexaghost","ascension_level":20}}