{"host":"cfv8orgc8997ql4r","time":1612677240,"event":{"mods":["AchievementEnabler","BaseMod","DeckTracker","Keyboard Shortcuts","Minty Spire (QoL Compilation)"],"gold_per_floor":[113,188,40,52,52,82,82,113,413,413,335,353,278,291,291,392,392,405,330,330],"floor_reached":19,"language":"KOR","playtime":364,"items_purged":["Strike_G"],"score":260,"play_id":"a3f42da4-f47c-4884-836c-5a59cff95b04","local_time":"20210207145400","is_ascension_mode":true,"campfire_choices":[{"data":"Poisoned Stab","floor":7,"key":"SMITH"},{"data":"Bouncing Flask","floor":10,"key":"SMITH"},{"data":"Noxious Fumes","floor":15,"key":"SMITH"}],"circlet_count":0,"master_deck":["Strike_G","Strike_G","Strike_G","Strike_G","Defend_G","Defend_G","Defend_G","Defend_G","Defend_G","Survivor","Neutralize","Acrobatics","Poisoned Stab+1","Deadly Poison","Bouncing Flask+1","Noxious Fumes+1","Prepared","Crippling Poison"],"relics":["Ring of the Snake","NeowsBlessing","Snake Skull","White Beast Statue","MealTicket","Old Coin","Philosopher\u0027s Stone"],"acts_visited":["Exordium","TheCity"],"potions_floor_usage":[8,19],"damage_taken":[{"damage":0,"enemies":"2 Louse","floor":1,"turns":1},{"damage":0,"enemies":"Small Slimes","floor":4,"turns":1},{"damage":0,"enemies":"Lagavulin","floor":6,"turns":1},{"damage":24,"enemies":"Gremlin Nob","floor":8,"turns":4},{"damage":7,"enemies":"Jaw Worm","floor":12,"turns":2},{"damage":4,"enemies":"2 Fungi Beasts","floor":14,"turns":2},{"damage":17,"enemies":"The Guardian","floor":16,"turns":7},{"damage":41,"enemies":"3 Byrds","floor":18,"turns":5},{"damage":22,"enemies":"2 Thieves","floor":19,"turns":4}],"seed_played":"4787281306266380877","potions_obtained":[{"floor":1,"key":"SteroidPotion"},{"floor":8,"key":"Fire Potion"},{"floor":12,"key":"FearPotion"},{"floor":14,"key":"LiquidMemories"},{"floor":16,"key":"Explosive Potion"}],"is_trial":false,"path_per_floor":["M","?","$","M","?","E","R","E","T","R","$","M","$","M","R","B",null,"M","M"],"character_chosen":"THE_SILENT","items_purchased":["Snake Skull","Noxious Fumes"],"campfire_rested":0,"item_purchase_floors":[3,11],"current_hp_per_floor":[63,52,52,52,57,57,57,33,33,33,48,41,56,52,52,35,65,24,2,2],"gold":330,"neow_bonus":"THREE_ENEMY_KILL","is_daily":false,"chose_seed":false,"campfire_upgraded":3,"win_rate":0.0,"timestamp":1612677240,"path_taken":["M","?","$","M","?","E","R","E","T","R","$","M","$","M","R","BOSS","M","M"],"items_purchased_type":["Relic","Card"],"build_version":"2020-12-22","purchased_purges":1,"victory":false,"max_hp_per_floor":[70,70,70,70,75,75,75,75,75,75,75,75,75,75,75,75,75,75,75,75],"card_choices":[{"not_picked":["Bouncing Flask","Slice"],"picked":"Acrobatics","floor":1},{"not_picked":["Cloak And Dagger","Dash"],"picked":"Poisoned Stab","floor":4},{"not_picked":["Blade Dance","PiercingWail"],"picked":"Deadly Poison","floor":6},{"not_picked":["Wraith Form v2","Flechettes"],"picked":"Bouncing Flask","floor":8},{"not_picked":["Heel Hook","Cloak And Dagger"],"picked":"Prepared","floor":12},{"not_picked":["Dagger Spray","Flying Knee","Well Laid Plans"],"picked":"SKIP","floor":14},{"not_picked":["Cloak And Dagger","Acrobatics"],"picked":"Crippling Poison","floor":18}],"player_experience":194558,"relics_obtained":[{"floor":6,"key":"White Beast Statue"},{"floor":8,"key":"MealTicket"},{"floor":9,"key":"Old Coin"}],"event_choices":[{"damage_healed":0,"gold_gain":75,"player_choice":"Gather Gold","damage_taken":11,"max_hp_gain":0,"max_hp_loss":0,"event_name":"World of Goop","floor":2,"gold_loss":0},{"damage_healed":0,"gold_gain":0,"player_choice":"Donut","damage_taken":0,"max_hp_gain":5,"max_hp_loss":0,"event_name":"Big Fish","floor":5,"gold_loss":0}],"is_beta":false,"boss_relics":[{"not_picked":["Tiny House","HoveringKite"],"picked":"Philosopher\u0027s Stone"}],"items_purged_floors":[13],"is_endless":false,"potions_floor_spawned":[1,8,12,14,16,18],"killed_by":"2 Thieves","ascension_level":6}}