{"host":"3qkmyeoym75lj4wn","time":1612701791,"event":{"mods":["2.2 Compatiblity","BaseMod","Block Reminder","Colored Powertips","Highlight Path","Minty Spire (QoL Compilation)","Permanent Neow","Potion Indicator Mod","Rare Cards Sparkle","Relic Stats","StSLib","Unceasing Turn Reminder"],"gold_per_floor":[119,119,119,169,1,31,31,64,142,142,162,176,83,102,102,180,180,192,192,192,27,46,46,46],"floor_reached":23,"language":"ENG","playtime":522,"items_purged":["Shame"],"score":494,"play_id":"64b3db2e-cb3d-4f86-b4c8-3b0b494695de","local_time":"20210207124311","is_ascension_mode":true,"campfire_choices":[{"data":"Hologram","floor":7,"key":"SMITH"},{"data":"Dualcast","floor":10,"key":"SMITH"},{"data":"Defragment","floor":15,"key":"SMITH"}],"circlet_count":0,"master_deck":["AscendersBane","Zap+1","Dualcast+1","Hologram+1","Defragment+1","Steam","Chaos","Streamline","Melter","Rainbow","Steam","Recycle","Reprogram","Force Field","Gash","Genetic Algorithm","Blizzard","Conserve Battery","Darkness","Writhe","Darkness"],"relics":["Cracked Core","NeowsBlessing","Lee\u0027s Waffle","Gremlin Horn","Cables","Letter Opener","Pandora\u0027s Box","Nunchaku","InkBottle"],"acts_visited":["Exordium","TheCity"],"potions_floor_usage":[22],"damage_taken":[{"damage":0.0,"enemies":"Small Slimes","floor":1.0,"turns":1.0},{"damage":0,"enemies":"Gremlin Nob","floor":6,"turns":1},{"damage":0,"enemies":"Lagavulin","floor":8,"turns":1},{"damage":0,"enemies":"Cultist","floor":11,"turns":2},{"damage":3,"enemies":"2 Louse","floor":12,"turns":3},{"damage":0,"enemies":"Red Slaver","floor":14,"turns":3},{"damage":15,"enemies":"The Guardian","floor":16,"turns":7},{"damage":0,"enemies":"Spheric Guardian","floor":18,"turns":2},{"damage":0,"enemies":"3 Byrds","floor":22,"turns":2},{"damage":78,"enemies":"Book of Stabbing","floor":23,"turns":5}],"seed_played":"-4419515554585668932","potions_obtained":[{"floor":8,"key":"PowerPotion"},{"floor":11,"key":"BlessingOfTheForge"}],"is_trial":false,"path_per_floor":["M","?","$","?","$","E","R","E","T","R","M","M","$","M","R","B",null,"M","?","?","$","M","E"],"character_chosen":"DEFECT","items_purchased":["Lee\u0027s Waffle","Chaos","Streamline","Darkness"],"campfire_rested":0,"item_purchase_floors":[5,13,13,21],"current_hp_per_floor":[64,64,64,57,78,78,78,78,78,78,78,75,75,75,75,60,74,74,74,74,74,74,0,0],"gold":46,"neow_bonus":"THREE_ENEMY_KILL","is_daily":false,"chose_seed":false,"campfire_upgraded":3,"win_rate":0.0,"timestamp":1612701791,"path_taken":["M","?","?","?","$","E","R","E","T","R","?","M","?","M","R","BOSS","M","?","?","$","?","E"],"items_purchased_type":["Relic","Card","Card","Card"],"build_version":"2020-12-22","purchased_purges":1,"victory":false,"max_hp_per_floor":[71,71,71,71,78,78,78,78,78,78,78,78,78,78,78,78,78,78,78,78,78,78,78,78],"relic_stats":{"Lee\u0027s Waffle":21,"Nunchaku":[0],"Gremlin Horn":[3,3],"counters":[10,27],"Pandora\u0027s Box":["Steam","Recycle","Reprogram","Force Field","Gash","Genetic Algorithm","Blizzard","Conserve Battery"],"Letter Opener":[40],"obtain_stats":[{"Lee\u0027s Waffle":5,"Nunchaku":19,"NeowsBlessing":0,"Gremlin Horn":6,"Pandora\u0027s Box":17,"Letter Opener":9,"Cracked Core":0,"InkBottle":20,"Cables":8},{"Lee\u0027s Waffle":1,"Nunchaku":8,"NeowsBlessing":0,"Gremlin Horn":2,"Pandora\u0027s Box":7,"Letter Opener":3,"Cracked Core":0,"InkBottle":8,"Cables":3},{"Lee\u0027s Waffle":1,"Nunchaku":20,"NeowsBlessing":0,"Gremlin Horn":2,"Pandora\u0027s Box":18,"Letter Opener":3,"Cracked Core":0,"InkBottle":20,"Cables":3}],"InkBottle":[2],"Cables":[17,12,1,4,0]},"card_choices":[{"not_picked":["Recycle","Fusion"],"picked":"Hologram","floor":1.0},{"not_picked":["Undo","Barrage","Stack"],"picked":"SKIP","floor":6},{"not_picked":["Amplify","Static Discharge","Stack"],"picked":"SKIP","floor":8},{"not_picked":["Stack","Rebound"],"picked":"Defragment","floor":11},{"not_picked":["Skim","Redo"],"picked":"Steam","floor":12},{"not_picked":["Sweeping Beam","Compile Driver"],"picked":"Melter","floor":14},{"not_picked":["Multi-Cast","Hyperbeam"],"picked":"Rainbow","floor":16},{"not_picked":["Streamline","Turbo"],"picked":"Darkness","floor":18},{"not_picked":["Turbo","Consume","Stack"],"picked":"SKIP","floor":22}],"player_experience":1734866,"relics_obtained":[{"floor":6,"key":"Gremlin Horn"},{"floor":8,"key":"Cables"},{"floor":9,"key":"Letter Opener"}],"event_choices":[{"damage_healed":0.0,"max_hp_gain":0.0,"max_hp_loss":0.0,"gold_gain":0.0,"event_name":"Upgrade Shrine","player_choice":"Upgraded","floor":2.0,"gold_loss":0.0,"damage_taken":0.0,"cards_upgraded":["Zap"]},{"damage_healed":0,"gold_gain":50,"player_choice":"Touch","damage_taken":7,"max_hp_gain":0,"max_hp_loss":0,"event_name":"FaceTrader","floor":4,"gold_loss":0},{"damage_healed":0,"gold_gain":0,"player_choice":"Stole Relic","damage_taken":0,"relics_obtained":["Nunchaku"],"max_hp_gain":0,"max_hp_loss":0,"event_name":"Addict","floor":19,"gold_loss":0,"cards_obtained":["Shame"]},{"damage_healed":0,"gold_gain":0,"player_choice":"Opened","damage_taken":0,"relics_obtained":["InkBottle"],"max_hp_gain":0,"max_hp_loss":0,"event_name":"The Mausoleum","floor":20,"gold_loss":0,"cards_obtained":["Writhe"]}],"is_beta":false,"boss_relics":[{"not_picked":["Runic Dome","Ectoplasm"],"picked":"Pandora\u0027s Box"}],"items_purged_floors":[21],"is_endless":false,"potions_floor_spawned":[8,11,14,16],"killed_by":"Book of Stabbing","ascension_level":20}}