{"host":"u1ystlfkdtaqkn2r","time":1612705107,"event":{"mods":["ATMod(阿瑾Mod)","Act Like it!","Arknights","BaseMod","Colored Powertips","Downfall","Friendly Minions","Gensokyo","GifTheSpireLib","Jedi Mod","Luminous","Minty Spire (QoL Compilation)","Replay The Spire","RumiaBox-露米娅的神秘盒子","Spicy Shops","StSLib","SuperFastMode","UnlockEverythingMod","Waifu the Spire","WarShipGirlsR/战舰少女R mod","Warlord Emblem","Yakumo Yukari mod","【遗物卡牌】REMEMod"],"gold_per_floor":[108,33,133,146,160,188,188,223,249,249,249,249,89,106,106,210,210,224,224,788,788,805,835,835,866,866,866,892,907,933,933,933,965,965],"floor_reached":33,"language":"ZHS","playtime":1326,"items_purged":["REME_DataAnalysis"],"score":386,"play_id":"9dad6972-6266-4b7d-be77-15db2d4d0f03","local_time":"20210207213827","is_ascension_mode":false,"campfire_choices":[{"data":"rmod:steelsupply","floor":7.0,"key":"SMITH"},{"data":"rmod:wolves","floor":12.0,"key":"SMITH"},{"data":"rmod:intelligenceanalysis","floor":15.0,"key":"SMITH"},{"data":"rmod:openingtorpedo","floor":24.0,"key":"SMITH"},{"floor":32.0,"key":"REST"}],"circlet_count":0,"master_deck":["rmod:strick","rmod:strick","rmod:strick","rmod:strick","rmod:defend","rmod:defend","rmod:defend","rmod:defend","rmod:basicallowance","rmod:maingunfire","rmod:steelsupply+1","rmod:mineteam","rmod:wolves+1","rmod:intelligenceanalysis+1","rmod:timeschanged","rmod:diaomin","rmod:abidefaith","rmod:openingtorpedo+1","rmod:firesupport","rmod:firesupport","Gensokyo:AllTheWorldsEvil","rmod:slowdown"],"relics":["rmod:firstchargereward","AT_ATBox","REME_ComplimentaryCards","MealTicket","Lantern","jedi:cryingmask","Happy Flower","Gensokyo:OccultBall","Philosopher\u0027s Stone","Blue Candle","Tiny Chest","Gambling Chip","jedi:arcanewood","GodSword7","Pear","AT_SpeedBoots","Replay:Bandana","AT_ForceNature"],"acts_visited":["Gensokyo:Gensokyo","Gensokyo:Gensokyoer"],"potions_floor_usage":[33,33],"damage_taken":[{"damage":0.0,"enemies":"Gensokyo:Python","floor":1.0,"turns":3.0},{"damage":7.0,"enemies":"Gensokyo:Gryphon","floor":4.0,"turns":3.0},{"damage":0.0,"enemies":"Gensokyo:3_Fairies","floor":5.0,"turns":5.0},{"damage":24.0,"enemies":"Gensokyo:Aya","floor":6.0,"turns":4.0},{"damage":8.0,"enemies":"Gensokyo:Mamizou","floor":8.0,"turns":6.0},{"damage":0.0,"enemies":"Gensokyo:LivingMonolith","floor":14.0,"turns":3.0},{"damage":18.0,"enemies":"Gensokyo:Reimu","floor":16.0,"turns":6.0},{"damage":0.0,"enemies":"Gensokyo:CosmicMonolith","floor":18.0,"turns":1.0},{"damage":45.0,"enemies":"Gensokyo:Chomper","floor":20.0,"turns":4.0},{"damage":0.0,"enemies":"Gensokyo:Monolith_and_Dog","floor":22.0,"turns":3.0},{"damage":0.0,"enemies":"Gensokyo:Reisen","floor":23.0,"turns":2.0},{"damage":21.0,"enemies":"Gensokyo:Tenshi","floor":25.0,"turns":2.0},{"damage":0.0,"enemies":"Gensokyo:Reisen","floor":28.0,"turns":3.0},{"damage":0.0,"enemies":"Gensokyo:Slime_Group","floor":29.0,"turns":1.0},{"damage":43,"enemies":"Gensokyo:Eternal_Rivals","floor":33,"turns":5}],"seed_played":"-5802693263248810187","potions_obtained":[{"floor":1.0,"key":"jedi:holywater"},{"floor":6.0,"key":"SteroidPotion"},{"floor":18.0,"key":"Block Potion"},{"floor":20.0,"key":"Swift Potion"},{"floor":22.0,"key":"Adrenaline Potion"},{"floor":23.0,"key":"SkillPotion"},{"floor":29.0,"key":"Adrenaline Potion"}],"is_trial":false,"path_per_floor":["M","$","?","M","M","E","R","E","T","?","?","R","COS","M","R","B",null,"M","?","M","?","M","E","R","E","T","?","E","M","T","T","R","B"],"character_chosen":"PRAEFECT","items_purchased":[],"campfire_rested":1,"item_purchase_floors":[],"current_hp_per_floor":[75,75,75,68,68,44,44,36,36,36,36,36,36,36,36,18,75,75,70,25,25,25,25,25,4,14,14,14,14,14,14,39,0,0],"gold":965,"neow_bonus":"RANDOM_EVENT","is_daily":false,"chose_seed":false,"campfire_upgraded":4,"win_rate":0.0,"timestamp":1612705107,"path_taken":["M","$","?","M","?","E","R","E","T","?","?","R","COS","M","R","BOSS","M","?","M","?","M","E","R","E","T","?","E","M","?","?","R","BOSS"],"items_purchased_type":[],"build_version":"2020-12-22","purchased_purges":1,"victory":false,"max_hp_per_floor":[75,75,75,75,75,75,75,75,75,75,75,75,75,75,75,75,75,75,75,75,75,75,75,75,75,85,85,85,85,85,85,85,85,85],"card_choices":[{"not_picked":[],"picked":"rmod:steelsupply","floor":0.0},{"not_picked":[],"picked":"rmod:desperatesituation","floor":0.0},{"not_picked":["rmod:fuelsupply","rmod:guardianhero","rmod:diamondstrike"],"picked":"SKIP","floor":1.0},{"not_picked":["rmod:fuelsupply","rmod:guardianhero","rmod:diamondstrike"],"picked":"SKIP","floor":1.0},{"not_picked":["rmod:sl","rmod:unsinkable","rmod:slowdown"],"picked":"SKIP","floor":4.0},{"not_picked":["rmod:victimresponsibility","rmod:luckystar"],"picked":"rmod:rockthrower","floor":5.0},{"not_picked":["rmod:launchingtorpedo","rmod:gendarmerie"],"picked":"rmod:mineteam","floor":6.0},{"not_picked":["rmod:tearstotiara","rmod:luckystar"],"picked":"rmod:wolves","floor":8.0},{"not_picked":["rmod:aluminumsupply","rmod:rockthrower"],"picked":"rmod:intelligenceanalysis","floor":14.0},{"not_picked":["rmod:fletcher","rmod:secretscript"],"picked":"rmod:timeschanged","floor":16.0},{"not_picked":["rmod:aggressivemary","rmod:rockthrower"],"picked":"rmod:diaomin","floor":18.0},{"not_picked":["rmod:supportescort+1","rmod:aggressivemary","rmod:garrisonisland"],"picked":"SKIP","floor":20.0},{"not_picked":[],"picked":"rmod:abidefaith","floor":21.0},{"not_picked":["rmod:fuelsupply","rmod:supportaircraftcarrier+1"],"picked":"rmod:openingtorpedo","floor":22.0},{"not_picked":["rmod:maintain","rmod:fuelsupply"],"picked":"rmod:firesupport","floor":23.0},{"not_picked":["rmod:aluminumsupply","rmod:tearstotiara"],"picked":"rmod:firesupport","floor":25.0},{"not_picked":["rmod:combined","rmod:lonelyqueen","rmod:victimresponsibility"],"picked":"SKIP","floor":28.0},{"not_picked":["rmod:victimresponsibility","rmod:slowdown","rmod:luckystar+1"],"picked":"SKIP","floor":29.0},{"not_picked":["rmod:victimresponsibility","rmod:luckystar+1"],"picked":"rmod:slowdown","floor":29.0}],"player_experience":100466,"relics_obtained":[{"floor":6.0,"key":"MealTicket"},{"floor":8.0,"key":"Lantern"},{"floor":9.0,"key":"jedi:cryingmask"},{"floor":16.0,"key":"Gensokyo:OccultBall"},{"floor":18.0,"key":"Gensokyo:OccultBall"},{"floor":23.0,"key":"jedi:arcanewood"},{"floor":25.0,"key":"GodSword7"},{"floor":26.0,"key":"Pear"},{"floor":28.0,"key":"AT_SpeedBoots"},{"floor":29.0,"key":"Gensokyo:OccultBall"},{"floor":30.0,"key":"Replay:Bandana"},{"floor":31.0,"key":"AT_ForceNature"}],"event_choices":[],"is_beta":false,"boss_relics":[{"not_picked":["Kintsugi","Replay:Wanted Poster"],"picked":"Philosopher\u0027s Stone"}],"items_purged_floors":[2],"is_endless":false,"potions_floor_spawned":[1,6,18,20,22,23,29],"killed_by":"Gensokyo:Eternal_Rivals","ascension_level":0}}