{"host":"np4f5reu8f2vit8r","time":1612694512,"event":{"mods":["BaseMod","Bestiary","Curses Come First","Minty Spire (QoL Compilation)","Permanent Neow","Relic Stats","StSLib"],"gold_per_floor":[115,126,126,140,151,151,182,182,182,182,182,107,117,146,146,222,222,237,252,252,252],"floor_reached":20,"language":"ENG","playtime":894,"items_purged":["Strike_R"],"score":368,"play_id":"75db0f9c-50ef-447c-b7fa-507cba82f3a0","local_time":"20210207234152","is_ascension_mode":true,"campfire_choices":[{"data":"Inflame","floor":6,"key":"SMITH"},{"data":"Bash","floor":8,"key":"SMITH"},{"data":"Clothesline","floor":10,"key":"SMITH"},{"floor":15,"key":"REST"}],"circlet_count":0,"master_deck":["AscendersBane","Strike_R","Strike_R","Strike_R","Defend_R","Defend_R","Defend_R","Defend_R","Bash+1","Shrug It Off","Clothesline+1","Inflame+1","Burning Pact","Exhume","Twin Strike"],"relics":["Busted Crown","Eternal Feather","White Beast Statue","Bottled Flame","InkBottle","Snecko Eye"],"acts_visited":["Exordium","TheCity"],"potions_floor_usage":[7,13,14,16,18,19,19],"damage_taken":[{"damage":1,"enemies":"Cultist","floor":1,"turns":3},{"damage":7,"enemies":"Jaw Worm","floor":2,"turns":2},{"damage":0,"enemies":"Small Slimes","floor":4,"turns":3},{"damage":1,"enemies":"Blue Slaver","floor":5,"turns":4},{"damage":7,"enemies":"Lagavulin","floor":7,"turns":6},{"damage":17,"enemies":"Gremlin Gang","floor":13,"turns":5},{"damage":22,"enemies":"3 Sentries","floor":14,"turns":8},{"damage":7,"enemies":"The Guardian","floor":16,"turns":12},{"damage":40,"enemies":"3 Byrds","floor":18,"turns":9},{"damage":11,"enemies":"2 Thieves","floor":19,"turns":3}],"seed_played":"3778879645661343077","potions_obtained":[{"floor":1,"key":"AttackPotion"},{"floor":2,"key":"Fire Potion"},{"floor":7,"key":"Strength Potion"},{"floor":13,"key":"Dexterity Potion"},{"floor":14,"key":"Block Potion"},{"floor":16,"key":"DuplicationPotion"},{"floor":18,"key":"AttackPotion"},{"floor":19,"key":"CultistPotion"}],"is_trial":false,"path_per_floor":["M","M","?","M","M","R","E","R","T","R","T","$","M","E","R","B",null,"M","M","?"],"character_chosen":"IRONCLAD","items_purchased":[],"campfire_rested":1,"item_purchase_floors":[],"current_hp_per_floor":[67,60,53,53,52,52,45,51,51,57,57,57,40,18,46,39,66,26,15,0,0],"gold":252,"neow_bonus":"BOSS_RELIC","is_daily":false,"chose_seed":false,"campfire_upgraded":3,"win_rate":0.0,"timestamp":1612694512,"path_taken":["M","?","?","M","M","R","E","R","T","R","?","?","M","E","R","BOSS","M","M","?"],"items_purchased_type":[],"build_version":"2020-12-22","purchased_purges":1,"victory":false,"max_hp_per_floor":[75,75,75,75,75,75,75,75,75,75,75,75,75,75,75,75,75,75,75,80,80],"relic_stats":{"Busted Crown":20,"counters":[10,55],"Snecko Eye":[19,22,24,33],"Eternal Feather":18,"obtain_stats":[{"Bottled Flame":11,"Busted Crown":0,"Snecko Eye":17,"Eternal Feather":7,"Burning Blood":0,"White Beast Statue":9,"InkBottle":14},{"Bottled Flame":5,"Busted Crown":0,"Snecko Eye":8,"Eternal Feather":5,"Burning Blood":0,"White Beast Statue":5,"InkBottle":7},{"Bottled Flame":18,"Busted Crown":0,"Snecko Eye":43,"Eternal Feather":18,"Burning Blood":0,"White Beast Statue":18,"InkBottle":31}],"InkBottle":[7]},"card_choices":[{"not_picked":["Evolve"],"picked":"SKIP","floor":1},{"not_picked":[],"picked":"Shrug It Off","floor":2},{"not_picked":[],"picked":"Clothesline","floor":4},{"not_picked":[],"picked":"Inflame","floor":5},{"not_picked":[],"picked":"Burning Pact","floor":7},{"not_picked":["Heavy Blade"],"picked":"SKIP","floor":13},{"not_picked":["Sentinel"],"picked":"SKIP","floor":14},{"not_picked":[],"picked":"Exhume","floor":16},{"not_picked":[],"picked":"Twin Strike","floor":18},{"not_picked":["Sentinel+1"],"picked":"SKIP","floor":19}],"player_experience":929054,"relics_obtained":[{"floor":7,"key":"Eternal Feather"},{"floor":9,"key":"White Beast Statue"},{"floor":11,"key":"Bottled Flame"},{"floor":14,"key":"InkBottle"}],"event_choices":[{"cards_removed":["Strike_R"],"damage_healed":0,"gold_gain":0,"player_choice":"Card Removal","damage_taken":7,"max_hp_gain":0,"max_hp_loss":0,"event_name":"Golden Wing","floor":3,"gold_loss":0}],"is_beta":false,"boss_relics":[{"not_picked":["Cursed Key","Ectoplasm"],"picked":"Snecko Eye"}],"items_purged_floors":[12],"is_endless":false,"potions_floor_spawned":[1,2,7,13,14,16,18,19],"ascension_level":20}}