{"host":"c35j6tsoy7cxzn43","time":1612717912,"event":{"mods":["BaseMod","Better Third Choice","BetterRewards","Colored Map","Colored Powertips","Conspire","Highlight Path","Hubris","Infinite Spire","Minty Spire (QoL Compilation)","Quick Restart","Replay The Spire","Shop Mod","StSLib"],"gold_per_floor":[118,144,144,155,171,171,204,129,129,29,29,29,57,74,74,74,74],"floor_reached":16,"language":"ENG","playtime":420,"items_purged":["Defend_R","Defend_R"],"score":108,"play_id":"95a74493-4eb1-454e-ae41-1d2bad196dc1","local_time":"20210207181152","is_ascension_mode":false,"campfire_choices":[{"data":"infinitespire:OneForAll","floor":6,"key":"SMITH"},{"data":"Perfected Strike","floor":12,"key":"SMITH"}],"circlet_count":0,"master_deck":["Strike_R","Strike_R","Strike_R","Strike_R","Strike_R","Defend_R","Defend_R","Bash","Thunderclap","Perfected Strike+1","infinitespire:OneForAll+1","Pummel+1"],"relics":["Burning Blood","NeowsBlessing","infinitespire:Joker Card","Orichalcum","hubris:AstralHammer","hubris:Icosahedron","Centennial Puzzle"],"acts_visited":["Exordium"],"potions_floor_usage":[16,16],"damage_taken":[{"damage":0,"enemies":"Jaw Worm","floor":1,"turns":1},{"damage":0,"enemies":"conspire:MimicChest","floor":2,"turns":1},{"damage":0,"enemies":"2 Louse","floor":4,"turns":1},{"damage":5,"enemies":"Cultist","floor":5,"turns":4},{"damage":14,"enemies":"Gremlin Nob","floor":7,"turns":3},{"damage":12,"enemies":"Lagavulin","floor":13,"turns":3},{"damage":0,"enemies":"Large Slime","floor":14,"turns":3},{"damage":81,"enemies":"Hexaghost","floor":16,"turns":10}],"seed_played":"7675100661670260531","potions_obtained":[{"floor":2,"key":"LiquidMemories"},{"floor":7,"key":"SteroidPotion"}],"is_trial":false,"path_per_floor":["M","?","?","M","M","R","E","$","T","$","?","R","E","M","R_BF","B"],"character_chosen":"IRONCLAD","items_purchased":[],"campfire_rested":0,"item_purchase_floors":[],"current_hp_per_floor":[80,80,80,80,80,80,72,72,72,72,72,72,66,72,80,0,0],"gold":74,"neow_bonus":"THREE_ENEMY_KILL","is_daily":false,"chose_seed":false,"campfire_upgraded":2,"win_rate":0.0,"timestamp":1612717912,"path_taken":["M","?","?","M","M","R","E","?","T","$","?","R","E","M","R_BF","BOSS"],"items_purchased_type":[],"build_version":"2020-12-22","purchased_purges":2,"victory":false,"max_hp_per_floor":[80,80,80,80,80,80,80,80,80,80,80,80,80,80,80,80,80],"card_choices":[{"not_picked":["Warcry","Body Slam"],"picked":"Thunderclap","floor":1},{"not_picked":["Body Slam","Intimidate"],"picked":"Perfected Strike","floor":4},{"not_picked":["Exhume","Clothesline"],"picked":"infinitespire:OneForAll","floor":5},{"not_picked":["Battle Trance","Warcry","Anger"],"picked":"SKIP","floor":7},{"not_picked":["Armaments","Fire Breathing","True Grit"],"picked":"SKIP","floor":13},{"not_picked":["True Grit","Twin Strike"],"picked":"Pummel","floor":14}],"player_experience":457024,"relics_obtained":[{"floor":2,"key":"infinitespire:Joker Card"},{"floor":7,"key":"Orichalcum"},{"floor":9,"key":"hubris:AstralHammer"},{"floor":13,"key":"Centennial Puzzle"}],"event_choices":[],"is_beta":false,"boss_relics":[],"items_purged_floors":[8,10],"is_endless":false,"potions_floor_spawned":[2,7],"killed_by":"Hexaghost","ascension_level":0}}