{"host":"i2ntsfwoh5q5m216","time":1612728744,"event":{"mods":["BaseMod","Colored Map","Downfall","Minty Spire (QoL Compilation)","StSLib"],"gold_per_floor":[114,131,149,55,66,66,77,89,89,89,106,119,119,130,130,234,234,234,234,234],"floor_reached":19,"language":"ENG","playtime":402,"items_purged":[],"score":165,"play_id":"e9fb1ab0-7e60-46ac-a04a-554ee2c80a57","local_time":"20210207141224","is_ascension_mode":false,"campfire_choices":[{"data":"Zap","floor":6,"key":"SMITH"},{"data":"FTL","floor":10,"key":"SMITH"},{"data":"Dualcast","floor":13,"key":"SMITH"},{"data":"Streamline","floor":15,"key":"SMITH"}],"circlet_count":0,"master_deck":["Strike_B","Strike_B","Strike_B","Strike_B","Defend_B","Defend_B","Defend_B","Defend_B","Zap+1","Dualcast+1","FTL+1","Beam Cell","Good Instincts","Gash","Streamline+1"],"relics":["Cracked Core","NeowsBlessing","Happy Flower","Ectoplasm"],"acts_visited":["Exordium","TheCity"],"potions_floor_usage":[5,16],"damage_taken":[{"damage":0,"enemies":"Cultist","floor":1,"turns":1},{"damage":0,"enemies":"2 Louse","floor":2,"turns":1},{"damage":0,"enemies":"Small Slimes","floor":3,"turns":1},{"damage":0,"enemies":"2 Fungi Beasts","floor":5,"turns":2},{"damage":5,"enemies":"Large Slime","floor":7,"turns":5},{"damage":5,"enemies":"Looter","floor":8,"turns":3},{"damage":1,"enemies":"3 Louse","floor":11,"turns":3},{"damage":4,"enemies":"2 Fungi Beasts","floor":12,"turns":3},{"damage":11,"enemies":"Gremlin Gang","floor":14,"turns":4},{"damage":39,"enemies":"Slime Boss","floor":16,"turns":8},{"damage":4,"enemies":"Shell Parasite","floor":18,"turns":3}],"seed_played":"-2231578555219901975","potions_obtained":[{"floor":1,"key":"Fire Potion"},{"floor":7,"key":"LiquidBronze"},{"floor":8,"key":"LiquidBronze"},{"floor":12,"key":"Energy Potion"},{"floor":18,"key":"Energy Potion"}],"is_trial":false,"path_per_floor":["M","M","M","$","M","R","M","M","T","R","M","M","R","M","R","B",null,"M","$"],"character_chosen":"DEFECT","items_purchased":["Good Instincts"],"campfire_rested":0,"item_purchase_floors":[4],"current_hp_per_floor":[75,75,75,75,75,75,70,65,65,65,64,60,60,49,49,10,75,71,71,71],"gold":234,"neow_bonus":"THREE_ENEMY_KILL","is_daily":false,"chose_seed":false,"campfire_upgraded":4,"win_rate":0.0,"timestamp":1612728744,"path_taken":["M","M","M","?","M","R","M","M","T","R","M","M","R","?","R","BOSS","M","$"],"items_purchased_type":["Card"],"build_version":"2020-12-22","purchased_purges":0,"victory":false,"max_hp_per_floor":[75,75,75,75,75,75,75,75,75,75,75,75,75,75,75,75,75,75,75,75],"card_choices":[{"not_picked":["Aggregate","Heatsinks","Barrage"],"picked":"SKIP","floor":1},{"not_picked":["Steam","Defragment"],"picked":"FTL","floor":2},{"not_picked":["Coolheaded","Storm"],"picked":"Beam Cell","floor":3},{"not_picked":["Chaos","Go for the Eyes"],"picked":"Gash","floor":5},{"not_picked":["Leap","Genetic Algorithm"],"picked":"Streamline","floor":7},{"not_picked":["Storm","Ball Lightning","Melter"],"picked":"SKIP","floor":8},{"not_picked":["Force Field","Lockon","Coolheaded"],"picked":"SKIP","floor":11},{"not_picked":["Defragment","Melter","Coolheaded"],"picked":"SKIP","floor":12},{"not_picked":["Consume","Streamline","Storm"],"picked":"SKIP","floor":14},{"not_picked":["Sweeping Beam","Barrage+1","Hologram"],"picked":"SKIP","floor":18}],"player_experience":49579,"relics_obtained":[{"floor":9,"key":"Happy Flower"}],"event_choices":[],"is_beta":false,"boss_relics":[{"not_picked":["SlaversCollar","Calling Bell"],"picked":"Ectoplasm"}],"items_purged_floors":[],"is_endless":false,"potions_floor_spawned":[1,7,8,12,14,18],"ascension_level":0}}