{"host":"utqe55yv0jihe4d6","time":1612675006,"event":{"mods":["2.2 Compatiblity","AchievementEnabler","BaseMod","Block Reminder","Colored Map","Colored Powertips","Minty Spire (QoL Compilation)","Quick Restart","Rare Cards Sparkle","Relic Stats","SuperFastMode"],"gold_per_floor":[116,62,62,81,81,106,106,106,154,192,192,228,228,246,246,246,246],"floor_reached":16,"language":"ENG","playtime":264,"items_purged":[],"score":282,"play_id":"2100286d-d327-4fe2-a8bd-b8fabbba7f9f","local_time":"20210207001646","is_ascension_mode":true,"campfire_choices":[{"data":"Bash","floor":8.0,"key":"SMITH"},{"data":"Carnage","floor":11.0,"key":"SMITH"},{"data":"True Grit","floor":13.0,"key":"SMITH"},{"data":"Rampage","floor":15,"key":"SMITH"}],"circlet_count":0,"master_deck":["AscendersBane","Strike_R","Strike_R","Strike_R","Strike_R","Defend_R","Defend_R","Defend_R","Defend_R","Bash+1","Rampage+1","Carnage+1","Rupture","True Grit+1","Rage"],"relics":["Burning Blood","NeowsBlessing","Charon\u0027s Ashes","Golden Idol","Toy Ornithopter","Red Skull","Eternal Feather"],"acts_visited":["Exordium"],"potions_floor_usage":[16],"damage_taken":[{"damage":0.0,"enemies":"Small Slimes","floor":1.0,"turns":1.0},{"damage":0.0,"enemies":"Jaw Worm","floor":4.0,"turns":1.0},{"damage":0.0,"enemies":"3 Sentries","floor":6.0,"turns":2.0},{"damage":20.0,"enemies":"Lagavulin","floor":10.0,"turns":6.0},{"damage":32.0,"enemies":"Gremlin Nob","floor":12.0,"turns":4.0},{"damage":1.0,"enemies":"Cultist","floor":14.0,"turns":3.0},{"damage":59,"enemies":"Hexaghost","floor":16,"turns":9}],"seed_played":"8242223252420318545","potions_obtained":[{"floor":4.0,"key":"SpeedPotion"},{"floor":6.0,"key":"Explosive Potion"},{"floor":12.0,"key":"Explosive Potion"}],"is_trial":false,"path_per_floor":["M","$","?","M","?","E","?","R","T","E","R","E","R","M","R","B"],"character_chosen":"IRONCLAD","items_purchased":["AttackPotion"],"campfire_rested":0,"item_purchase_floors":[2],"current_hp_per_floor":[74,74,74,75,68,74,68,68,68,59,59,33,39,44,53,0,0],"gold":246,"neow_bonus":"THREE_ENEMY_KILL","is_daily":false,"chose_seed":false,"campfire_upgraded":4,"win_rate":0.0,"timestamp":1612675006,"path_taken":["M","$","?","M","?","E","?","R","T","E","R","E","R","M","R","BOSS"],"items_purchased_type":["Potion"],"build_version":"2020-12-22","purchased_purges":0,"victory":false,"max_hp_per_floor":[75,75,75,75,75,75,68,68,68,68,68,68,68,68,68,68,68],"relic_stats":{"counters":[7,26],"Golden Idol":23,"Eternal Feather":15,"Charon\u0027s Ashes":[18],"obtain_stats":[{"NeowsBlessing":0,"Golden Idol":7,"Eternal Feather":12,"Charon\u0027s Ashes":6,"Burning Blood":0,"Toy Ornithopter":9,"Red Skull":10},{"NeowsBlessing":0,"Golden Idol":3,"Eternal Feather":5,"Charon\u0027s Ashes":3,"Burning Blood":0,"Toy Ornithopter":3,"Red Skull":4},{"NeowsBlessing":0,"Golden Idol":4,"Eternal Feather":14,"Charon\u0027s Ashes":4,"Burning Blood":0,"Toy Ornithopter":4,"Red Skull":10}],"Burning Blood":31,"Toy Ornithopter":10},"card_choices":[{"not_picked":["Perfected Strike","Flex"],"picked":"Rampage","floor":1.0},{"not_picked":["Thunderclap","Infernal Blade"],"picked":"Carnage","floor":4.0},{"not_picked":["Iron Wave","Twin Strike"],"picked":"Rupture","floor":6.0},{"not_picked":["Heavy Blade","Body Slam","Intimidate"],"picked":"SKIP","floor":10.0},{"not_picked":["Blood for Blood","Dark Embrace"],"picked":"True Grit","floor":12.0},{"not_picked":["Metallicize","Twin Strike"],"picked":"Rage","floor":14}],"player_experience":3045552,"relics_obtained":[{"floor":6.0,"key":"Charon\u0027s Ashes"},{"floor":9.0,"key":"Toy Ornithopter"},{"floor":10.0,"key":"Red Skull"},{"floor":12.0,"key":"Eternal Feather"}],"event_choices":[{"damage_healed":0.0,"max_hp_gain":0.0,"max_hp_loss":0.0,"gold_gain":0.0,"event_name":"Liars Game","player_choice":"Ignored","floor":3.0,"gold_loss":0.0,"damage_taken":0.0},{"cards_removed":["Strike_R"],"damage_healed":0.0,"max_hp_gain":0.0,"max_hp_loss":0.0,"gold_gain":0.0,"event_name":"Golden Wing","player_choice":"Card Removal","floor":5.0,"gold_loss":0.0,"damage_taken":7.0},{"damage_healed":0.0,"max_hp_gain":0.0,"max_hp_loss":7.0,"gold_gain":0.0,"event_name":"Golden Idol","player_choice":"Lose Max HP","floor":7.0,"gold_loss":0.0,"damage_taken":0.0,"relics_obtained":["Golden Idol"]}],"is_beta":false,"boss_relics":[],"items_purged_floors":[],"is_endless":false,"potions_floor_spawned":[4,6,12],"killed_by":"Hexaghost","ascension_level":20}}