{"host":"h76yu0vut4agyz9i","time":1612693206,"event":{"mods":["Act Like it!","Aspiration","BaseMod","Better Note","Colored Powertips","Conspire","DeckTracker","Downfall","GifTheSpireLib","Hubris","Infinite Spire","Minty Spire (QoL Compilation)","Replay The Spire","Shade Mod","Spire Arcade","StSLib","The Marked"],"gold_per_floor":[119,129,129,28,48,83,83,83,83,83,98,98,61,72,72,173,173,183,183,183,196,246,246,275,285,285,319,332,332,332,342,342,447,447,459,47,61,72,83,83,83,83],"floor_reached":41,"language":"ENG","playtime":4743,"items_purged":["Shade:GoDigging"],"score":508,"play_id":"f8f8283c-ec57-4640-83de-32c84aa3e1b5","local_time":"20210207112006","is_ascension_mode":false,"campfire_choices":[{"data":"Shade:AnimateDead","floor":8,"key":"SMITH"},{"data":"Shade:OpenGraves","floor":10,"key":"SMITH"},{"data":"Shade:SensePrey","floor":12,"key":"SMITH"},{"floor":15,"key":"REST"},{"data":"Shade:Coordination","floor":23,"key":"SMITH"},{"floor":32,"key":"REST"},{"floor":40,"key":"REST"}],"circlet_count":0,"master_deck":["Shade:Strike_Shade","Shade:Strike_Shade","Shade:Strike_Shade","Shade:Defend_Shade","Shade:Defend_Shade","Shade:Defend_Shade","Shade:Defend_Shade","Shade:AnimateDead+1","Shade:CarefulCut","Shade:FuneraryJewels","Shade:ScuttlingHand","Shade:SkeletonHug","Shade:OpenGraves+1","Shade:FuneraryArmor","Shade:RavenousHorde","Shade:SensePrey+1","Shade:SpectralStrikes","Shade:Coordination+1","Shade:FleshOffering+1","Shade:OpenGraves+1","Shade:CoffinDance","Shade:SensePrey","Shade:GreyBargain","Shade:CommandSoldier+1","Shade:CommandSoldier","Shade:AuraOfUnlife+1","Shade:OpenGraves","Shade:SpectralStrikes","Shade:SpectralStrikes","Shade:Carnophage","Shade:OpenGraves","Shade:Carnophage","Shade:CommandSoldier+1","Shade:Bonestorm+1","Shade:Carnophage"],"relics":["Shade:YorickSkull","NeowsBlessing","Replay:WaspNest","infinitespire:Satchel","aspiration:FutureDiary","conspire:TopHat","The Courier","Molten Egg 2","infinitespire:PuzzleCube","Blue Doll","conspire:SlowCooker"],"acts_visited":["Exordium","TheCity","TheBeyond"],"potions_floor_usage":[21,24,27,31,39,41],"damage_taken":[{"damage":0,"enemies":"Small Slimes","floor":1,"turns":1},{"damage":0,"enemies":"Cultist","floor":2,"turns":1},{"damage":0,"enemies":"2 Louse","floor":5,"turns":1},{"damage":17,"enemies":"3 Sentries","floor":6,"turns":11},{"damage":12,"enemies":"Gremlin Gang","floor":11,"turns":4},{"damage":0,"enemies":"Blue Slaver","floor":14,"turns":3},{"damage":7,"enemies":"The Guardian","floor":16,"turns":10},{"damage":2,"enemies":"3 Byrds","floor":18,"turns":5},{"damage":0,"enemies":"Shell Parasite","floor":21,"turns":6},{"damage":8,"enemies":"conspire:Head Lice","floor":24,"turns":10},{"damage":5,"enemies":"Snake Plant","floor":25,"turns":5},{"damage":8,"enemies":"Replay:Snechameleon","floor":27,"turns":6},{"damage":3,"enemies":"Shelled Parasite and Fungi","floor":28,"turns":6},{"damage":2,"enemies":"Centurion and Healer","floor":31,"turns":7},{"damage":30,"enemies":"Automaton","floor":33,"turns":9},{"damage":11,"enemies":"3 Shapes","floor":35,"turns":4},{"damage":29,"enemies":"3 Darklings","floor":37,"turns":4},{"damage":6,"enemies":"Maw","floor":38,"turns":7},{"damage":12,"enemies":"Sphere and 2 Shapes","floor":39,"turns":4},{"damage":33,"enemies":"Nemesis","floor":41,"turns":2}],"seed_played":"-4378571296838463268","potions_obtained":[{"floor":2,"key":"FearPotion"},{"floor":6,"key":"Milkshake"},{"floor":14,"key":"hexamod:SoulburnPotion"},{"floor":25,"key":"BlessingOfTheForge"},{"floor":27,"key":"FearPotion"},{"floor":33,"key":"Strength Potion"},{"floor":35,"key":"SneckoOil"},{"floor":39,"key":"Elixir"}],"is_trial":false,"path_per_floor":["M","M","?","$","M","E","?","R","T","R","M","R","$","M","R","B",null,"M","?","AVR","M","?","R","E","M","T","E","M","?","?","M","R","B",null,"M","$","M","M","M","R","E"],"character_chosen":"SHADE","items_purchased":["Shade:SkeletonHug","Shade:OpenGraves","Shade:SpectralStrikes","Shade:AuraOfUnlife+1","Shade:OpenGraves","Shade:SpectralStrikes","Shade:SpectralStrikes","Shade:Carnophage","Shade:OpenGraves","Shade:Carnophage"],"campfire_rested":3,"item_purchase_floors":[4,4,13,36,36,36,36,36,36,36],"current_hp_per_floor":[65,65,65,65,65,48,48,48,48,48,36,36,36,36,55,48,65,63,63,63,63,63,63,55,50,50,42,39,39,39,37,56,26,65,54,54,25,19,7,26,0,0],"gold":83,"neow_bonus":"THREE_ENEMY_KILL","is_daily":false,"chose_seed":false,"campfire_upgraded":4,"win_rate":0.0,"timestamp":1612693206,"path_taken":["M","M","?","?","M","E","?","R","T","R","M","R","$","?","R","BOSS","M","?","AVR","M","?","R","E","?","T","E","M","?","?","M","R","BOSS","M","$","M","?","M","R","E"],"items_purchased_type":["Card","Card","Card","Card","Card","Card","Card","Card","Card","Card"],"build_version":"2020-12-22","purchased_purges":1,"victory":false,"max_hp_per_floor":[65,65,65,65,65,65,65,65,65,65,65,65,65,65,65,65,65,65,65,65,65,65,65,65,65,65,65,65,65,65,65,65,65,65,65,65,65,65,65,65,65,65],"card_choices":[{"not_picked":["Shade:FingerOfDeath","Shade:Bonestorm"],"picked":"Shade:FuneraryJewels","floor":1},{"not_picked":["Shade:Asphyxiate","Shade:ExtraLimbs"],"picked":"Shade:ScuttlingHand","floor":2},{"not_picked":["Shade:Doomsay","Shade:FeralStrike"],"picked":"Shade:FuneraryArmor","floor":5},{"not_picked":["Shade:CommandSoldier","Shade:GreyBargain"],"picked":"Shade:RavenousHorde","floor":6},{"not_picked":["Shade:WallOfFlesh","Shade:SoulToxin"],"picked":"Shade:SensePrey","floor":11},{"not_picked":["Shade:RavenousHorde","Shade:FeralStrike"],"picked":"Shade:GoDigging","floor":14},{"not_picked":["Shade:Tombstone","Shade:MadHubris"],"picked":"Shade:Coordination","floor":16},{"not_picked":["Shade:FleshToFlesh","Shade:CloudOfShrapnel+1"],"picked":"Shade:FleshOffering+1","floor":18},{"not_picked":["Shade:SkeletonHug+1","Shade:FeralStrike+1","Shade:Brains"],"picked":"SKIP","floor":21},{"not_picked":["Shade:ClawBack","Shade:Brains"],"picked":"Shade:OpenGraves+1","floor":24},{"not_picked":["Shade:ExtraLimbs","Shade:FreshBones"],"picked":"Shade:CoffinDance","floor":25},{"not_picked":["Shade:GreaterAnimation","Shade:FleshOffering"],"picked":"Shade:SensePrey","floor":27},{"not_picked":["Shade:FeralStrike+1","Shade:Premonition+1"],"picked":"Shade:GreyBargain","floor":28},{"not_picked":["Shade:FreshBones","Shade:SensePrey"],"picked":"Shade:CommandSoldier+1","floor":31},{"not_picked":["Shade:CoffinDance+1","Shade:FingerOfDeath+1"],"picked":"Shade:CommandSoldier","floor":35},{"not_picked":["Shade:CoffinDance+1","Shade:LyeBath"],"picked":"Shade:CommandSoldier+1","floor":37},{"not_picked":["Shade:BoneShards+1","Shade:OfferingToTheBeyond"],"picked":"Shade:Bonestorm+1","floor":38},{"not_picked":["Shade:FleshLikeOak+1","Shade:Patience"],"picked":"Shade:Carnophage","floor":39}],"player_experience":182675,"relics_obtained":[{"floor":6,"key":"Replay:WaspNest"},{"floor":9,"key":"infinitespire:Satchel"},{"floor":24,"key":"The Courier"},{"floor":26,"key":"Molten Egg 2"},{"floor":27,"key":"infinitespire:PuzzleCube"}],"event_choices":[{"cards_removed":["Shade:Strike_Shade"],"damage_healed":0,"gold_gain":0,"player_choice":"Offered Basic","damage_taken":0,"max_hp_gain":0,"max_hp_loss":0,"event_name":"Bonfire Elementals","floor":3,"gold_loss":0},{"cards_removed":["Shade:Strike_Shade"],"damage_healed":0,"gold_gain":0,"player_choice":"Give","damage_taken":0,"max_hp_gain":0,"max_hp_loss":0,"event_name":"betterNote:BetterNote","floor":7,"gold_loss":0,"cards_obtained":["Injury"]},{"damage_healed":0,"gold_gain":100,"player_choice":"Bet on Murderer","damage_taken":0,"max_hp_gain":0,"max_hp_loss":0,"event_name":"The Joust","floor":22,"gold_loss":50},{"damage_healed":0,"gold_gain":0,"player_choice":"Leave","damage_taken":0,"max_hp_gain":0,"max_hp_loss":0,"event_name":"conspire:Investor","floor":29,"gold_loss":0},{"damage_healed":0,"gold_gain":0,"player_choice":"Gave Potion","damage_taken":0,"relics_obtained":["Blue Doll"],"max_hp_gain":0,"max_hp_loss":0,"event_name":"WeMeetAgain","floor":30,"gold_loss":0}],"is_beta":false,"boss_relics":[{"not_picked":["Honey Jar","hubris:GrandSneckoEye"],"picked":"aspiration:FutureDiary"},{"not_picked":["Replay:Grab Bag","Velvet Choker"],"picked":"conspire:SlowCooker"}],"items_purged_floors":[20],"is_endless":false,"potions_floor_spawned":[2,6,14,16,18,25,27,33,35,39],"killed_by":"Nemesis","ascension_level":0}}