{"host":"6a9c3xws62y7efyw","time":1612675132,"event":{"mods":["BaseMod","Colored Map","Minty Spire (QoL Compilation)","Relic Stats","StSLib"],"gold_per_floor":[114,114,114,28,28,54,54,71,122,182,182,182,200,231,231,308,308,326,87,87,98,111,143,155,184,208,241,253,253,267,167,167,244,244,258,268,106,106,117,117,144,144,144,160,185,196,196,196,196,196,196,196,196,35,64,64],"floor_reached":57,"language":"ENG","playtime":7641,"items_purged":["Strike_G","Strike_G"],"score":3031,"play_id":"25b3757d-9835-4f12-b38f-dd117619211f","local_time":"20210206211852","is_ascension_mode":true,"campfire_choices":[{"data":"Bouncing Flask","floor":7.0,"key":"SMITH"},{"floor":12.0,"key":"REST"},{"data":"Bullet Time","floor":15.0,"key":"SMITH"},{"data":"Wraith Form v2","floor":32.0,"key":"SMITH"},{"data":"Wraith Form v2","floor":40.0,"key":"SMITH"},{"data":"Bouncing Flask","floor":42.0,"key":"SMITH"},{"floor":47.0,"key":"RECALL"},{"data":"Noxious Fumes","floor":49.0,"key":"SMITH"},{"data":"Adrenaline","floor":53,"key":"SMITH"}],"circlet_count":0,"master_deck":["AscendersBane","Strike_G+1","Defend_G","Defend_G","Defend_G","Defend_G","Defend_G+1","Survivor","Neutralize","Blade Dance","Bouncing Flask+1","Backstab","Bullet Time+1","Blade Dance","Backflip","Bouncing Flask+1","Wraith Form v2+1","Backflip","Caltrops+1","Backflip","Predator+1","Adrenaline+1","Noxious Fumes+1","Leg Sweep","Ghostly","Ghostly","Ghostly","Wraith Form v2+1","Flying Knee+1","Predator+1","Corpse Explosion","Blur","Sucker Punch+1","Glass Knife+1","Prepared+1"],"relics":["Ring of the Snake","NeowsBlessing","Gremlin Horn","Happy Flower","Bronze Scales","Bag of Preparation","Meat on the Bone","Coffee Dripper","OrangePellets","MutagenicStrength","Blood Vial","MealTicket","Lantern","Runic Pyramid","Molten Egg 2","Incense Burner","Omamori","Strawberry","Orichalcum"],"acts_visited":["Exordium","TheCity","TheBeyond","TheEnding"],"potions_floor_usage":[56,56],"damage_taken":[{"damage":0.0,"enemies":"2 Louse","floor":1.0,"turns":1.0},{"damage":0.0,"enemies":"Gremlin Nob","floor":6.0,"turns":1.0},{"damage":0.0,"enemies":"Small Slimes","floor":8.0,"turns":1.0},{"damage":3.0,"enemies":"Gremlin Nob","floor":10.0,"turns":3.0},{"damage":0.0,"enemies":"Jaw Worm","floor":13.0,"turns":2.0},{"damage":5.0,"enemies":"Lagavulin","floor":14.0,"turns":4.0},{"damage":0.0,"enemies":"Slime Boss","floor":16.0,"turns":7.0},{"damage":0.0,"enemies":"Chosen","floor":18.0,"turns":3.0},{"damage":0.0,"enemies":"2 Thieves","floor":21.0,"turns":3.0},{"damage":3.0,"enemies":"Snake Plant","floor":22.0,"turns":2.0},{"damage":0.0,"enemies":"Slavers","floor":23.0,"turns":4.0},{"damage":0.0,"enemies":"Snecko","floor":24.0,"turns":3.0},{"damage":9.0,"enemies":"Book of Stabbing","floor":25.0,"turns":4.0},{"damage":0.0,"enemies":"Slavers","floor":27.0,"turns":2.0},{"damage":8.0,"enemies":"Sentry and Sphere","floor":28.0,"turns":3.0},{"damage":0.0,"enemies":"Snake Plant","floor":30.0,"turns":2.0},{"damage":28.0,"enemies":"Collector","floor":33.0,"turns":8.0},{"damage":0.0,"enemies":"3 Darklings","floor":35.0,"turns":4.0},{"damage":1.0,"enemies":"3 Shapes","floor":36.0,"turns":5.0},{"damage":0.0,"enemies":"Sphere and 2 Shapes","floor":39.0,"turns":4.0},{"damage":0.0,"enemies":"Nemesis","floor":41.0,"turns":7.0},{"damage":0.0,"enemies":"Writhing Mass","floor":44.0,"turns":5.0},{"damage":0.0,"enemies":"Reptomancer","floor":45.0,"turns":7.0},{"damage":0.0,"enemies":"Transient","floor":46.0,"turns":6.0},{"damage":2.0,"enemies":"Time Eater","floor":50.0,"turns":11.0},{"damage":5,"enemies":"Awakened One","floor":51,"turns":14},{"damage":3,"enemies":"Shield and Spear","floor":55,"turns":7},{"damage":20,"enemies":"The Heart","floor":56,"turns":8}],"seed_played":"-4959041169502400904","potions_obtained":[{"floor":6.0,"key":"BlessingOfTheForge"},{"floor":10.0,"key":"Fire Potion"},{"floor":14.0,"key":"EssenceOfSteel"},{"floor":22.0,"key":"GhostInAJar"},{"floor":24.0,"key":"Explosive Potion"},{"floor":28.0,"key":"DuplicationPotion"},{"floor":30.0,"key":"FearPotion"},{"floor":33.0,"key":"Poison Potion"},{"floor":41.0,"key":"PowerPotion"}],"is_trial":false,"path_per_floor":["M","?","?","$","?","E","R","M","T","?","?","R","M","E","R","B",null,"M","$","?","M","M","E","M","E","T","E","M","?","M","$","R","B",null,"M","M","$","?","M","R","E","R","T","M","E","M","R","?","R","B","B",null,"R","$","E","B",null],"character_chosen":"THE_SILENT","items_purchased":["Bouncing Flask","OrangePellets","Corpse Explosion","Strawberry"],"campfire_rested":1,"item_purchase_floors":[4,19,37,54],"current_hp_per_floor":[59,52,32,32,21,21,21,21,21,18,18,37,37,32,32,44,61,61,61,61,61,58,58,60,53,53,55,49,33,33,33,33,17,29,31,32,33,33,33,33,33,33,33,33,33,33,33,33,33,31,28,32,32,40,37,31],"gold":64,"neow_bonus":"THREE_ENEMY_KILL","is_daily":false,"chose_seed":false,"campfire_upgraded":7,"win_rate":0.0,"timestamp":1612675132,"path_taken":["M","?","?","$","?","E","R","?","T","?","?","R","M","E","R","BOSS","M","$","?","M","M","E","M","E","T","E","M","?","M","$","R","BOSS","M","M","$","?","?","R","E","R","T","M","E","M","R","?","R","BOSS","BOSS","R","$","E","BOSS"],"items_purchased_type":["Card","Relic","Card","Relic"],"build_version":"2020-12-22","purchased_purges":2,"victory":true,"max_hp_per_floor":[66,66,66,66,66,66,66,66,66,66,66,66,66,66,66,66,66,66,66,66,66,66,66,66,66,66,66,66,33,33,33,33,33,33,33,33,33,33,33,33,33,33,33,33,33,33,33,33,33,33,33,33,33,40,40,40],"relic_stats":{"Blood Vial":16,"OrangePellets":[47],"Gremlin Horn":[29,30],"Happy Flower":[43],"counters":[28,131],"Bronze Scales":[449],"MealTicket":2,"Bag of Preparation":[50],"Orichalcum":[12],"obtain_stats":[{"Lantern":27,"NeowsBlessing":0,"Gremlin Horn":5,"Happy Flower":6,"Bag of Preparation":10,"Incense Burner":43,"Omamori":45,"Orichalcum":55,"Blood Vial":23,"OrangePellets":19,"Bronze Scales":9,"MutagenicStrength":20,"Strawberry":54,"MealTicket":25,"Molten Egg 2":41,"Coffee Dripper":17,"Ring of the Snake":0,"Meat on the Bone":14,"Runic Pyramid":34},{"Lantern":14,"NeowsBlessing":0,"Gremlin Horn":1,"Happy Flower":2,"Bag of Preparation":3,"Incense Burner":21,"Omamori":23,"Orichalcum":27,"Blood Vial":11,"OrangePellets":8,"Bronze Scales":3,"MutagenicStrength":8,"Strawberry":26,"MealTicket":13,"Molten Egg 2":21,"Coffee Dripper":7,"Ring of the Snake":0,"Meat on the Bone":6,"Runic Pyramid":17},{"Lantern":40,"NeowsBlessing":0,"Gremlin Horn":1,"Happy Flower":2,"Bag of Preparation":3,"Incense Burner":73,"Omamori":85,"Orichalcum":123,"Blood Vial":31,"OrangePellets":22,"Bronze Scales":3,"MutagenicStrength":22,"Strawberry":116,"MealTicket":38,"Molten Egg 2":73,"Coffee Dripper":19,"Ring of the Snake":0,"Meat on the Bone":12,"Runic Pyramid":53}],"Ring of the Snake":[56],"Meat on the Bone":36},"card_choices":[{"not_picked":["Flechettes","Expertise"],"picked":"Blade Dance","floor":1.0},{"not_picked":["Bane","Backflip"],"picked":"Backstab","floor":6.0},{"not_picked":["Acrobatics","Dagger Throw"],"picked":"Bullet Time","floor":8.0},{"not_picked":["Calculated Gamble","Dagger Throw"],"picked":"Blade Dance","floor":10.0},{"not_picked":["Deadly Poison","Dagger Throw"],"picked":"Backflip","floor":13.0},{"not_picked":["Acrobatics","Endless Agony"],"picked":"Bouncing Flask","floor":14.0},{"not_picked":["Storm of Steel","After Image"],"picked":"Wraith Form v2","floor":16.0},{"not_picked":["Sucker Punch","Flying Knee"],"picked":"Backflip","floor":18.0},{"not_picked":["Outmaneuver","Dodge and Roll"],"picked":"Caltrops+1","floor":21.0},{"not_picked":["Heel Hook","Flying Knee"],"picked":"Backflip","floor":22.0},{"not_picked":["Flechettes","Backstab"],"picked":"Predator+1","floor":23.0},{"not_picked":["Heel Hook","Flying Knee","Backflip"],"picked":"SKIP","floor":24.0},{"not_picked":["Outmaneuver","Flechettes"],"picked":"Adrenaline","floor":25.0},{"not_picked":["Deflect+1","Reflex"],"picked":"Noxious Fumes","floor":27.0},{"not_picked":["Tactician","Bane"],"picked":"Leg Sweep","floor":28.0},{"not_picked":["Choke","Skewer","Dodge and Roll"],"picked":"SKIP","floor":30.0},{"not_picked":["Doppelganger","Venomology"],"picked":"Wraith Form v2","floor":33.0},{"not_picked":["Dodge and Roll","PiercingWail"],"picked":"Flying Knee+1","floor":35.0},{"not_picked":["Eviscerate","Deadly Poison"],"picked":"Predator+1","floor":36.0},{"not_picked":["Heel Hook","Eviscerate"],"picked":"Blur","floor":39.0},{"not_picked":["Caltrops","Outmaneuver"],"picked":"Sucker Punch+1","floor":41.0},{"not_picked":["Slice+1","Deflect","Bane+1"],"picked":"SKIP","floor":44.0},{"not_picked":["Sucker Punch+1","Dagger Throw+1"],"picked":"Glass Knife+1","floor":45.0},{"not_picked":["Sucker Punch+1","Outmaneuver","Blur+1"],"picked":"SKIP","floor":46.0},{"not_picked":["Expertise","Dagger Throw+1"],"picked":"Prepared+1","floor":55}],"player_experience":1495428,"relics_obtained":[{"floor":6.0,"key":"Happy Flower"},{"floor":9.0,"key":"Bronze Scales"},{"floor":14.0,"key":"Meat on the Bone"},{"floor":23.0,"key":"Blood Vial"},{"floor":25.0,"key":"MealTicket"},{"floor":27.0,"key":"Lantern"},{"floor":41.0,"key":"Molten Egg 2"},{"floor":43.0,"key":"Incense Burner"},{"floor":45.0,"key":"Omamori"},{"floor":55,"key":"Orichalcum"}],"event_choices":[{"cards_removed":["Strike_G"],"damage_healed":0.0,"max_hp_gain":0.0,"max_hp_loss":0.0,"gold_gain":0.0,"event_name":"Golden Wing","player_choice":"Card Removal","floor":2.0,"gold_loss":0.0,"damage_taken":7.0},{"damage_healed":0.0,"max_hp_gain":0.0,"max_hp_loss":0.0,"gold_gain":0.0,"event_name":"Shining Light","player_choice":"Entered Light","floor":3.0,"gold_loss":0.0,"damage_taken":20.0,"cards_upgraded":["Strike_G","Defend_G"]},{"damage_healed":0.0,"max_hp_gain":0.0,"max_hp_loss":0.0,"gold_gain":0.0,"event_name":"Scrap Ooze","player_choice":"Success","floor":5.0,"gold_loss":0.0,"damage_taken":11.0,"relics_obtained":["Gremlin Horn"]},{"damage_healed":0.0,"max_hp_gain":0.0,"max_hp_loss":0.0,"gold_gain":30.0,"event_name":"Dead Adventurer","player_choice":"Searched \u00273\u0027 times","floor":10.0,"gold_loss":0.0,"damage_taken":0.0,"relics_obtained":["Bag of Preparation"]},{"damage_healed":0.0,"max_hp_gain":0.0,"max_hp_loss":0.0,"gold_gain":0.0,"event_name":"Liars Game","player_choice":"Ignored","floor":11.0,"gold_loss":0.0,"damage_taken":0.0},{"damage_healed":0.0,"max_hp_gain":0.0,"max_hp_loss":0.0,"gold_gain":0.0,"event_name":"Drug Dealer","player_choice":"Inject Mutagens","floor":20.0,"gold_loss":0.0,"damage_taken":0.0,"relics_obtained":["MutagenicStrength"]},{"damage_healed":0.0,"max_hp_gain":0.0,"max_hp_loss":33.0,"gold_gain":0.0,"event_name":"Ghosts","player_choice":"Became a Ghost","floor":29.0,"gold_loss":0.0,"damage_taken":0.0,"cards_obtained":["Ghostly","Ghostly","Ghostly"]},{"cards_removed":["Strike_G"],"damage_healed":0.0,"max_hp_gain":0.0,"max_hp_loss":0.0,"gold_gain":0.0,"event_name":"Bonfire Elementals","player_choice":"Offered Basic","floor":38.0,"gold_loss":0.0,"damage_taken":0.0},{"damage_healed":0.0,"max_hp_gain":0.0,"max_hp_loss":0.0,"gold_gain":0.0,"event_name":"Tomb of Lord Red Mask","player_choice":"Ignored","floor":48.0,"gold_loss":0.0,"damage_taken":0.0}],"is_beta":false,"boss_relics":[{"not_picked":["HoveringKite","Calling Bell"],"picked":"Coffee Dripper"},{"not_picked":["Busted Crown","Snecko Eye"],"picked":"Runic Pyramid"}],"items_purged_floors":[19,31],"is_endless":false,"potions_floor_spawned":[6,10,14,22,24,28,30,33,35,41],"ascension_level":20}}