{"host":"tzwikg9s6mkzv6w0","time":1612665981,"event":{"mods":["BaseMod","Good Game Mod","Minty Spire (QoL Compilation)","Spicy Shops","StSLib"],"gold_per_floor":[113,38,38,49,63,63,63,63,110,110,127,127,144,162,162,262,262,273,273,291,291,291,321,337,337,361,361,361,381,381,396,396,501,501,513,102,102,102,112,147,147,182,182,182,232,242,267,285,285,285,285,285,14,48,48],"floor_reached":56,"language":"ZHS","playtime":2217,"items_purged":["Strike_G","Defend_G","Defend_G"],"score":1501,"play_id":"db518d85-df4a-40cf-a2d9-98cd0c2101a0","local_time":"20210207104621","is_ascension_mode":true,"campfire_choices":[{"data":"Prepared","floor":6.0,"key":"SMITH"},{"data":"Worship","floor":8.0,"key":"SMITH"},{"data":"Neutralize","floor":12.0,"key":"SMITH"},{"floor":15.0,"key":"RECALL"},{"data":"Blade Dance","floor":25.0,"key":"SMITH"},{"data":"Adrenaline","floor":27.0,"key":"SMITH"},{"data":"After Image","floor":30.0,"key":"SMITH"},{"data":"Die Die Die","floor":32.0,"key":"SMITH"},{"data":"Phantasmal Killer","floor":41.0,"key":"SMITH"},{"data":"Acrobatics","floor":49.0,"key":"SMITH"},{"data":"Adrenaline","floor":52.0,"key":"SMITH"}],"circlet_count":0,"master_deck":["Defend_G","Defend_G","Defend_G","Survivor+1","Worship+1","Flechettes+1","Infinite Blades","Prepared+1","Adrenaline+1","Escape Plan+1","After Image+1","Malaise+1","Quick Slash+1","Calculated Gamble+1","Acrobatics+1","Blade Dance+1","Die Die Die+1","Phantasmal Killer+1","Madness","Madness","Acrobatics+1","Adrenaline+1","Tactician+1","Reflex+1","Expertise+1"],"relics":["Ring of the Snake","REME:ComplimentaryCards","Omamori","Lantern","Astrolabe","Nloth\u0027s Gift","Mummified Hand","War Paint","Sozu","PreservedInsect","Kunai","Ancient Tea Set","White Beast Statue","Ice Cream","Juzu Bracelet","OrangePellets","Lizard Tail"],"acts_visited":["Exordium","TheCity","TheBeyond","TheEnding"],"potions_floor_usage":[55,55,55],"damage_taken":[{"damage":0.0,"enemies":"Jaw Worm","floor":1.0,"turns":1.0},{"damage":0.0,"enemies":"Cultist","floor":4.0,"turns":1.0},{"damage":0.0,"enemies":"Small Slimes","floor":5.0,"turns":1.0},{"damage":4.0,"enemies":"2 Fungi Beasts","floor":11.0,"turns":3.0},{"damage":16.0,"enemies":"Exordium Thugs","floor":13.0,"turns":4.0},{"damage":5.0,"enemies":"Blue Slaver","floor":14.0,"turns":3.0},{"damage":23.0,"enemies":"The Guardian","floor":16.0,"turns":13.0},{"damage":2.0,"enemies":"Chosen","floor":18.0,"turns":3.0},{"damage":3.0,"enemies":"Shell Parasite","floor":20.0,"turns":4.0},{"damage":5.0,"enemies":"Gremlin Leader","floor":23.0,"turns":10.0},{"damage":3.0,"enemies":"Shelled Parasite and Fungi","floor":24.0,"turns":5.0},{"damage":0.0,"enemies":"Sentry and Sphere","floor":29.0,"turns":3.0},{"damage":0.0,"enemies":"Snake Plant","floor":31.0,"turns":3.0},{"damage":31.0,"enemies":"Collector","floor":33.0,"turns":5.0},{"damage":0.0,"enemies":"3 Darklings","floor":35.0,"turns":2.0},{"damage":1.0,"enemies":"3 Shapes","floor":39.0,"turns":3.0},{"damage":0.0,"enemies":"Giant Head","floor":40.0,"turns":3.0},{"damage":0.0,"enemies":"Nemesis","floor":42.0,"turns":3.0},{"damage":0.0,"enemies":"Mind Bloom Boss Battle","floor":45.0,"turns":1.0},{"damage":0.0,"enemies":"Sphere and 2 Shapes","floor":46.0,"turns":3.0},{"damage":0.0,"enemies":"Giant Head","floor":47.0,"turns":3.0},{"damage":0.0,"enemies":"Transient","floor":48.0,"turns":4.0},{"damage":0.0,"enemies":"Awakened One","floor":50.0,"turns":3.0},{"damage":0,"enemies":"Shield and Spear","floor":54,"turns":1},{"damage":3,"enemies":"The Heart","floor":55,"turns":4}],"seed_played":"-1407590469880944401","potions_obtained":[{"floor":4.0,"key":"ColorlessPotion"},{"floor":11.0,"key":"AttackPotion"},{"floor":16.0,"key":"ColorlessPotion"},{"floor":23.0,"key":"ColorlessPotion"},{"floor":24.0,"key":"DistilledChaos"}],"is_trial":false,"path_per_floor":["M","$","?","M","M","R","$","R","T","?","M","R","M","M","R","B",null,"M","?","M","?","?","E","M","R","T","R","?","M","R","M","R","B",null,"M","$","?","?","M","E","R","E","T","?","?","M","E","M","R","B",null,"R","$","E","B",null],"character_chosen":"THE_SILENT","items_purchased":["PreservedInsect","Kunai","OrangePellets"],"campfire_rested":0,"item_purchase_floors":[36,36,53],"current_hp_per_floor":[70,70,70,70,70,70,70,70,70,70,66,66,50,45,45,22,70,68,68,65,65,65,60,57,57,57,57,57,57,57,57,57,26,70,70,70,70,61,60,60,60,60,60,60,60,60,60,60,60,60,70,70,70,70,67],"gold":48,"neow_bonus":"THREE_ENEMY_KILL","is_daily":false,"chose_seed":false,"campfire_upgraded":10,"win_rate":0.0,"timestamp":1612665981,"path_taken":["M","$","?","?","?","R","?","R","T","?","M","R","M","M","R","BOSS","M","?","M","?","?","E","?","R","T","R","?","?","R","M","R","BOSS","M","$","?","?","M","E","R","E","T","?","?","M","E","M","R","BOSS","R","$","E","BOSS"],"items_purchased_type":["Relic","Relic","Relic"],"build_version":"2020-12-22","purchased_purges":3,"victory":true,"max_hp_per_floor":[70,70,70,70,70,70,70,70,70,70,70,70,70,70,70,70,70,70,70,70,70,70,70,70,70,70,70,70,70,70,70,70,70,70,70,70,70,70,70,70,70,70,70,70,70,70,70,70,70,70,70,70,70,70,70],"card_choices":[{"not_picked":["Dagger Spray","Riddle With Holes"],"picked":"Flechettes","floor":1.0},{"not_picked":["Deadly Poison","Backflip"],"picked":"Infinite Blades","floor":4.0},{"not_picked":["Endless Agony","Dagger Throw"],"picked":"Prepared","floor":5.0},{"not_picked":["Poisoned Stab","Distraction","Flying Knee"],"picked":"SKIP","floor":11.0},{"not_picked":["Poisoned Stab","Distraction","Flying Knee"],"picked":"SKIP","floor":11.0},{"not_picked":["Dagger Spray","Flying Knee"],"picked":"Adrenaline","floor":13.0},{"not_picked":["Flying Knee","Backflip"],"picked":"Escape Plan","floor":14.0},{"not_picked":["Burst","Adrenaline"],"picked":"After Image","floor":16.0},{"not_picked":["PiercingWail+1","Dagger Spray"],"picked":"Acrobatics","floor":18.0},{"not_picked":["Sucker Punch","Bouncing Flask+1","PiercingWail"],"picked":"SKIP","floor":20.0},{"not_picked":["Corpse Explosion","Deflect+1","Outmaneuver+1"],"picked":"SKIP","floor":23.0},{"not_picked":["Deflect","Slice","Dagger Throw+1"],"picked":"SKIP","floor":24.0},{"not_picked":["Blade Dance","Catalyst","Bane+1"],"picked":"SKIP","floor":29.0},{"not_picked":["Quick Slash","Sucker Punch"],"picked":"Die Die Die","floor":31.0},{"not_picked":["Venomology","Corpse Explosion"],"picked":"Phantasmal Killer","floor":33.0},{"not_picked":["Flying Knee","Backstab","Caltrops+1"],"picked":"SKIP","floor":35.0},{"not_picked":["Noxious Fumes","Escape Plan+1"],"picked":"Acrobatics","floor":39.0},{"not_picked":["Masterful Stab+1","Flying Knee","Prepared+1"],"picked":"SKIP","floor":40.0},{"not_picked":["Die Die Die","Slice"],"picked":"Adrenaline","floor":42.0},{"not_picked":["Dagger Throw+1","Outmaneuver+1"],"picked":"Tactician+1","floor":46.0},{"not_picked":["Choke+1","Tactician"],"picked":"Reflex+1","floor":47.0},{"not_picked":["Reflex+1","Deflect","Poisoned Stab"],"picked":"SKIP","floor":48.0},{"not_picked":["Caltrops","Outmaneuver"],"picked":"Expertise+1","floor":54}],"player_experience":54874,"relics_obtained":[{"floor":9.0,"key":"Omamori"},{"floor":23.0,"key":"Mummified Hand"},{"floor":26.0,"key":"War Paint"},{"floor":40.0,"key":"Ancient Tea Set"},{"floor":42.0,"key":"White Beast Statue"},{"floor":45.0,"key":"Ice Cream"},{"floor":47.0,"key":"Juzu Bracelet"},{"floor":54,"key":"Lizard Tail"}],"event_choices":[{"damage_healed":0.0,"max_hp_gain":0.0,"max_hp_loss":0.0,"gold_gain":0.0,"event_name":"Upgrade Shrine","player_choice":"Upgraded","floor":3.0,"gold_loss":0.0,"damage_taken":0.0,"cards_upgraded":["Flechettes"]},{"damage_healed":0.0,"max_hp_gain":0.0,"max_hp_loss":0.0,"gold_gain":0.0,"event_name":"WeMeetAgain","player_choice":"Gave Potion","floor":10.0,"gold_loss":0.0,"damage_taken":0.0,"relics_obtained":["Lantern"]},{"cards_removed":["Strike_G"],"damage_healed":0.0,"max_hp_gain":0.0,"max_hp_loss":0.0,"gold_gain":0.0,"event_name":"Back to Basics","player_choice":"Elegance","floor":19.0,"gold_loss":0.0,"damage_taken":0.0},{"damage_healed":0.0,"max_hp_gain":0.0,"max_hp_loss":0.0,"gold_gain":0.0,"event_name":"The Library","player_choice":"Read","floor":21.0,"gold_loss":0.0,"damage_taken":0.0,"cards_obtained":["Blade Dance"]},{"damage_healed":0.0,"max_hp_gain":0.0,"max_hp_loss":0.0,"gold_gain":0.0,"event_name":"N\u0027loth","player_choice":"Traded Relic","floor":22.0,"relics_lost":["NeowsBlessing"],"gold_loss":0.0,"damage_taken":0.0,"relics_obtained":["Nloth\u0027s Gift"]},{"damage_healed":0.0,"max_hp_gain":0.0,"max_hp_loss":0.0,"gold_gain":0.0,"event_name":"Upgrade Shrine","player_choice":"Upgraded","floor":28.0,"gold_loss":0.0,"damage_taken":0.0,"cards_upgraded":["Survivor"]},{"cards_removed":["Neutralize"],"damage_healed":0.0,"max_hp_gain":0.0,"max_hp_loss":0.0,"gold_gain":0.0,"event_name":"Falling","player_choice":"Removed Attack","floor":37.0,"gold_loss":0.0,"damage_taken":0.0},{"damage_healed":0.0,"max_hp_gain":0.0,"max_hp_loss":0.0,"gold_gain":0.0,"event_name":"Winding Halls","player_choice":"Embrace Madness","floor":38.0,"gold_loss":0.0,"damage_taken":9.0,"cards_obtained":["Madness","Madness"]},{"damage_healed":0.0,"max_hp_gain":0.0,"max_hp_loss":0.0,"gold_gain":0.0,"event_name":"Tomb of Lord Red Mask","player_choice":"Ignored","floor":44.0,"gold_loss":0.0,"damage_taken":0.0},{"damage_healed":0.0,"max_hp_gain":0.0,"max_hp_loss":0.0,"gold_gain":0.0,"event_name":"MindBloom","player_choice":"Fight","floor":45.0,"gold_loss":0.0,"damage_taken":0.0}],"is_beta":false,"boss_relics":[{"not_picked":["Empty Cage","Runic Pyramid"],"picked":"Astrolabe"},{"not_picked":["Philosopher\u0027s Stone","Runic Dome"],"picked":"Sozu"}],"items_purged_floors":[2,36,53],"is_endless":false,"potions_floor_spawned":[4,11,16,23,24,39,45,46,47,48,54],"ascension_level":1}}