{"host":"sgwqwgbtco1nn2mb","time":1612702115,"event":{"mods":["ATMod(°¢èªMod)","Act Like it!","BaseMod","Downfall","Gensokyo","Hermit","Minty Spire (QoL Compilation)","MostiFishMod","Quick Restart","Replay The Spire","RumiaBox-Â¶Ã×æ«µÄÉñÃØºÐ×Ó","StSLib","The Cursed","Waifu the Spire","¡¾¹¦ÄÜMod¡¿»ìãçÖ®»·ÐÞ¸´²¹¶¡","¡¾ÒÅÎï¿¨ÅÆ¡¿REMEMod"],"gold_per_floor":[117,117,131,131,131,161,180,213,285,43,78,1,17,35,35,133,133,148,165,176,101,26,26,55,55,55,71,71,83,102,112,112,216,216,235,246,1,0,16,41,59,123,123,123,133,148,148,158,158,158],"floor_reached":51,"language":"ZHS","playtime":1673,"items_purged":["Defend_P","Defend_P"],"score":993,"play_id":"19f1e115-a6d8-4e18-80b0-832327811d44","local_time":"20210207204835","is_ascension_mode":true,"campfire_choices":[{"data":"Eruption","floor":15,"key":"SMITH"},{"data":"WindmillStrike","floor":23,"key":"SMITH"},{"data":"Replay:DivineShield","floor":28,"key":"SMITH"},{"data":"MostiFishMod:Minus","floor":44,"key":"SMITH"},{"data":"PathToVictory","floor":47,"key":"SMITH"},{"data":"REME_Repentance","floor":49,"key":"SMITH"}],"circlet_count":0,"master_deck":["Strike_P","Strike_P","Defend_P","Eruption+1","Vigilance","AT_OneInchPunch+1","AT_FalsePromise","Replay:DivineShield+1","REME_Repentance+1","Judgement","WindmillStrike+1","MentalFortress","AT_DivineConfetti","BattleHymn","Perseverance","PathToVictory","AT_MachinaRedman","PathToVictory+1","Prostrate","AT_ChampionStep","Replay:LoomingThreat","MostiFishMod:Minus+1","Replay:Cycle+1","MentalFortress","PathToVictory+1","MostiFishMod:Nomercy+1","REME_MusicOfDeath+1"],"relics":["PureWater","DaveBox","AT_ATBox","REME_ComplimentaryCards","FeatherPendant","NeowsBlessing","SynthV:TestCard","ThornShield","SynthV:C4","Ornamental Fan","Mummified Hand","Replay:Bottled Flurry","ChiXiaoBlade","Nunchaku","Shuriken","RhineSuit","AT_SpeedBoots","Red Mask","REME_HourglassOfDeath","Dream Catcher","Pondfish Scales"],"acts_visited":["Exordium","TheCity","TheBeyond"],"potions_floor_usage":[20,20,30,45,45,50,50],"damage_taken":[{"damage":0,"enemies":"2 Louse","floor":1,"turns":1},{"damage":0,"enemies":"Small Slimes","floor":3,"turns":2},{"damage":0,"enemies":"Gremlin Nob","floor":6,"turns":1},{"damage":0,"enemies":"Cultist","floor":7,"turns":2},{"damage":1,"enemies":"Lagavulin","floor":8,"turns":6},{"damage":0,"enemies":"3 Sentries","floor":11,"turns":3},{"damage":0,"enemies":"Looter","floor":13,"turns":2},{"damage":0,"enemies":"3 Louse","floor":14,"turns":2},{"damage":0,"enemies":"Slime Boss","floor":16,"turns":2},{"damage":0,"enemies":"Shell Parasite","floor":18,"turns":2},{"damage":0,"enemies":"3 Byrds","floor":19,"turns":3},{"damage":6,"enemies":"Snecko","floor":20,"turns":4},{"damage":0,"enemies":"Book of Stabbing","floor":24,"turns":2},{"damage":17,"enemies":"Centurion and Healer","floor":27,"turns":4},{"damage":0,"enemies":"Chosen and Byrds","floor":29,"turns":2},{"damage":7,"enemies":"Snake Plant","floor":30,"turns":2},{"damage":8,"enemies":"Centurion and Healer","floor":31,"turns":2},{"damage":0,"enemies":"Automaton","floor":33,"turns":5},{"damage":0,"enemies":"Orb Walker","floor":35,"turns":2},{"damage":3,"enemies":"3 Shapes","floor":36,"turns":2},{"damage":0,"enemies":"Jaw Worm Horde","floor":39,"turns":1},{"damage":0,"enemies":"Reptomancer","floor":40,"turns":3},{"damage":0,"enemies":"Sphere and 2 Shapes","floor":41,"turns":2},{"damage":0,"enemies":"Spire Growth","floor":45,"turns":2},{"damage":0,"enemies":"3 Darklings","floor":46,"turns":2},{"damage":0,"enemies":"Maw","floor":48,"turns":2},{"damage":17,"enemies":"Time Eater","floor":50,"turns":4}],"seed_played":"-7503732837645320285","potions_obtained":[{"floor":7,"key":"SteroidPotion"},{"floor":11,"key":"BottledMiracle"},{"floor":14,"key":"Fire Potion"},{"floor":16,"key":"BlessingOfTheForge"},{"floor":20,"key":"REME_GoldPotion"},{"floor":24,"key":"DistilledChaos"},{"floor":31,"key":"Weak Potion"},{"floor":42,"key":"Adrenaline Potion"},{"floor":46,"key":"ColorlessPotion"},{"floor":48,"key":"BottledMiracle"}],"is_trial":false,"path_per_floor":["M","?","M","?","?","E","M","E","T","$","E","$","M","M","R","B",null,"M","M","M","$","?","R","E","$","T","M","R","M","M","M","R","B",null,"M","M","$","?","M","E","M","?","T","R","M","M","R","M","R","B",null],"character_chosen":"WATCHER","items_purchased":["Mummified Hand","BattleHymn","AT_SpeedBoots"],"campfire_rested":0,"item_purchase_floors":[10,12,37],"current_hp_per_floor":[72,65,65,65,65,65,65,64,64,64,64,64,64,64,64,64,72,72,72,66,66,66,66,66,66,66,49,49,49,42,34,55,55,72,72,69,69,69,69,69,69,41,41,41,41,41,41,41,41,24],"gold":158,"neow_bonus":"THREE_ENEMY_KILL","is_daily":false,"chose_seed":false,"campfire_upgraded":6,"win_rate":0.0,"timestamp":1612702115,"path_taken":["M","?","M","?","?","E","M","E","T","$","E","$","M","M","R","BOSS","M","?","M","$","?","R","E","$","T","M","R","M","M","M","R","BOSS","M","M","$","?","M","E","M","?","T","R","?","M","R","M","R","BOSS"],"items_purchased_type":["Relic","Card","Relic"],"build_version":"2020-12-22","purchased_purges":2,"victory":true,"max_hp_per_floor":[72,72,72,72,72,72,72,72,72,72,72,72,72,72,72,72,72,72,72,72,72,72,72,72,72,72,72,72,72,72,72,72,72,72,72,72,72,72,72,72,72,72,72,72,72,72,72,72,72,72],"card_choices":[{"not_picked":["Protect","FlyingSleeves"],"picked":"Replay:DivineShield","floor":1},{"not_picked":["CrushJoints","Evaluate","EmptyMind","ThirdEye"],"picked":"REME_Repentance","floor":3},{"not_picked":["FlyingSleeves","FlurryOfBlows","Protect","Replay:Vibes"],"picked":"WindmillStrike","floor":6},{"not_picked":["LikeWater","JustLucky","MostiFishMod:ScryFuture","Evaluate"],"picked":"MentalFortress","floor":7},{"not_picked":["FollowUp","ThirdEye","ConjureBlade","JustLucky","Replay:BluntJabs"],"picked":"SKIP","floor":8},{"not_picked":["FlurryOfBlows","EmptyFist","CrushJoints","DeceiveReality"],"picked":"AT_DivineConfetti","floor":11},{"not_picked":["Evaluate","Protect","JustLucky","REME_Repentance"],"picked":"Perseverance","floor":13},{"not_picked":["Sanctity","WheelKick","Protect","AT_IrregularMenstruation"],"picked":"PathToVictory","floor":14},{"not_picked":["Alpha","Scrawl","Vault","MostiFishMod:Moonprays"],"picked":"AT_MachinaRedman","floor":16},{"not_picked":["BowlingBash+1","JustLucky+1","Evaluate","Swivel"],"picked":"PathToVictory+1","floor":18},{"not_picked":["Replay:BluntJabs+1","MostiFishMod:Clarity","FollowUp","Wireheading","EmptyBody"],"picked":"SKIP","floor":19},{"not_picked":["ForeignInfluence","Evaluate","Replay:ManipulateFuture","MostiFishMod:ScryFuture"],"picked":"Prostrate","floor":20},{"not_picked":["MostiFishMod:Moonprays","WheelKick","FlurryOfBlows","SignatureMove"],"picked":"AT_ChampionStep","floor":24},{"not_picked":["EmptyBody","JustLucky","FlyingSleeves","CarveReality","Crescendo"],"picked":"SKIP","floor":27},{"not_picked":["AT_ChampionStep","ReachHeaven+1","BowlingBash+1","InnerPeace","FlurryOfBlows"],"picked":"SKIP","floor":29},{"not_picked":["Prostrate","REME_MusicOfDeath","CutThroughFate","LikeWater"],"picked":"Replay:LoomingThreat","floor":30},{"not_picked":["CrushJoints","Replay:BluntJabs","FlurryOfBlows","Weave","FearNoEvil"],"picked":"SKIP","floor":31},{"not_picked":["LessonLearned","Scrawl","Blasphemy","Replay:LoomingThreat"],"picked":"MostiFishMod:Minus","floor":33},{"not_picked":["Replay:Hum+1","Replay:BluntJabs+1","Meditate+1","FollowUp","DeceiveReality+1"],"picked":"SKIP","floor":35},{"not_picked":["Evaluate","Swivel","CutThroughFate+1","Meditate"],"picked":"Replay:Cycle+1","floor":36},{"not_picked":["ClearTheMind","TalkToTheHand","FollowUp+1","BowlingBash"],"picked":"MentalFortress","floor":39},{"not_picked":["Crescendo","CrushJoints+1","Wireheading","ClearTheMind+1","AT_SoftenMuscles+1"],"picked":"SKIP","floor":40},{"not_picked":["Weave+1","Protect+1","InnerPeace","Halt+1","Replay:ManipulateFuture"],"picked":"SKIP","floor":41},{"not_picked":["FollowUp","Scrawl","Replay:BluntJabs+1","Evaluate+1"],"picked":"PathToVictory","floor":42},{"not_picked":["ReachHeaven","Halt","Evaluate","Worship"],"picked":"MostiFishMod:Nomercy+1","floor":42},{"not_picked":["Protect","MostiFishMod:Nomercy","DeceiveReality","FlurryOfBlows+1","Evaluate+1"],"picked":"SKIP","floor":45},{"not_picked":["Evaluate","Replay:DivineShield","FlurryOfBlows","Replay:AtTheReady+1"],"picked":"REME_MusicOfDeath+1","floor":46},{"not_picked":["FlurryOfBlows+1","WindmillStrike","AT_SoftenMuscles+1","JustLucky","TalkToTheHand"],"picked":"SKIP","floor":48}],"player_experience":511747,"relics_obtained":[{"floor":1,"key":"SynthV:TestCard"},{"floor":6,"key":"ThornShield"},{"floor":8,"key":"SynthV:C4"},{"floor":9,"key":"Ornamental Fan"},{"floor":11,"key":"Replay:Bottled Flurry"},{"floor":24,"key":"Nunchaku"},{"floor":26,"key":"Shuriken"},{"floor":40,"key":"REME_HourglassOfDeath"},{"floor":42,"key":"Dream Catcher"},{"floor":43,"key":"Pondfish Scales"}],"event_choices":[{"cards_removed":["Strike_P"],"damage_healed":0,"gold_gain":0,"player_choice":"Card Removal","damage_taken":7,"max_hp_gain":0,"max_hp_loss":0,"event_name":"Golden Wing","floor":2,"gold_loss":0},{"damage_healed":0,"gold_gain":0,"player_choice":"1 cards matched","damage_taken":0,"max_hp_gain":0,"max_hp_loss":0,"event_name":"Match and Keep!","floor":5,"gold_loss":0,"cards_obtained":["Judgement"]},{"cards_removed":["Defend_P"],"damage_healed":0,"gold_gain":0,"player_choice":"Gave Gold","damage_taken":0,"max_hp_gain":0,"max_hp_loss":0,"event_name":"Beggar","floor":22,"gold_loss":75},{"damage_healed":0,"gold_gain":0,"player_choice":"Paid","damage_taken":0,"relics_obtained":["Red Mask"],"max_hp_gain":0,"max_hp_loss":0,"event_name":"Tomb of Lord Red Mask","floor":38,"gold_loss":1}],"is_beta":false,"boss_relics":[{"not_picked":["Coffee Dripper","xbg"],"picked":"ChiXiaoBlade"},{"not_picked":["MoonlightInvasionPlan","EE1DDrone"],"picked":"RhineSuit"}],"items_purged_floors":[21,37],"is_endless":false,"potions_floor_spawned":[7,11,14,16,20,24,27,31,33,35,40,46,48],"ascension_level":1}}