{"host":"ewns8ifhbubwkcum","time":1612678840,"event":{"mods":["BaseMod","Block Reminder","Colored Map","Colored Powertips","Downfall","Highlight Path","Minty Spire (QoL Compilation)","Permanent Neow","Quick Restart","Random Character Button","StSLib"],"gold_per_floor":[99,114,114,114,24,24,75,101,111,111,140,150,170,270,281,381,381,281,294,308,323,350,375,425,425,525,539,539,17,29,47,58,156,156,156,170,186,206,206,206,206,231,277,295,325,345,355,384,403,403],"floor_reached":51,"language":"ENG","playtime":3429,"items_purged":["Regret","bronze:Optimize"],"score":962,"play_id":"f706dc46-7c78-4b3c-8f1c-48008fcd74a0","local_time":"20210207002040","is_ascension_mode":true,"campfire_choices":[{"data":"bronze:Break","floor":1.0,"key":"SMITH"},{"data":"bronze:Repulsor","floor":6.0,"key":"SMITH"},{"data":"bronze:CleanCode","floor":18.0,"key":"SMITH"},{"data":"bronze:DecaBeam","floor":28,"key":"SMITH"},{"floor":35,"key":"RECALL"},{"data":"bronze:Terminator","floor":40,"key":"SMITH"}],"circlet_count":0,"master_deck":["bronze:Strike+1","bronze:Strike+1","bronze:Defend+1","bronze:Defend+1","bronze:Defend+1","bronze:Defend+1","bronze:Replicate","bronze:Goto","bronze:Break+1","bronze:BuggyMess","bronze:Repulsor+1","bronze:GetLatest","bronze:OilSpill+1","bronze:Separator+1","bronze:ChosenStrike+1","bronze:BugBarrage+1","bronze:CleanCode+1","bronze:Repulsor+1","bronze:Invalidate","bronze:Overheat+1","bronze:DonuBeam+1","bronze:DecaBeam+1","bronze:BronzeOrb+1","bronze:Terminator+1","bronze:MaxOutput","bronze:Branch+1","bronze:FollowUp+1","bronze:DelayedGuard+1","bronze:DelayedSlice+1","bronze:NullPointer+1","bronze:Return","bronze:Shield+1"],"relics":["bronze:BronzeCore","MealTicket","Orichalcum","PreservedInsect","Molten Egg 2","HornCleat","downfall:GremlinWheel","Busted Crown","bronze:ProtectiveGoggles","downfall:HeartBlessingGreen","Red Mask","Tiny Chest","Nunchaku","Bird Faced Urn","sneckomod:SneckoTalon","InkBottle","Guardian:PocketSentry","Unceasing Top","Vajra","Prayer Wheel"],"acts_visited":["Exordium","TheCity","TheBeyond"],"potions_floor_usage":[26,33,44,48,50,50,50],"damage_taken":[{"damage":0.0,"enemies":"2 Louse","floor":2.0,"turns":2.0},{"damage":8.0,"enemies":"downfall:FleeingMerchant","floor":5.0,"turns":4.0},{"damage":17.0,"enemies":"Lagavulin","floor":8.0,"turns":4.0},{"damage":2.0,"enemies":"Jaw Worm","floor":9.0,"turns":2.0},{"damage":0.0,"enemies":"3 Sentries","floor":11.0,"turns":2.0},{"damage":0.0,"enemies":"Cultist","floor":12.0,"turns":3.0},{"damage":0.0,"enemies":"2 Fungi Beasts","floor":13.0,"turns":2.0},{"damage":4.0,"enemies":"2 Fungi Beasts","floor":14.0,"turns":3.0},{"damage":0.0,"enemies":"Large Slime","floor":15.0,"turns":2.0},{"damage":27.0,"enemies":"WA_ARCHETYPE_RETAIN","floor":16.0,"turns":6.0},{"damage":8.0,"enemies":"Shell Parasite","floor":19.0,"turns":2.0},{"damage":4.0,"enemies":"Snecko","floor":20.0,"turns":3.0},{"damage":0.0,"enemies":"Cultist and Chosen","floor":21.0,"turns":4.0},{"damage":6.0,"enemies":"Masked Bandits","floor":22.0,"turns":3.0},{"damage":7.0,"enemies":"Book of Stabbing","floor":23.0,"turns":3.0},{"damage":11,"enemies":"Book of Stabbing","floor":26,"turns":3},{"damage":8,"enemies":"Snake Plant","floor":27,"turns":2},{"damage":0,"enemies":"downfall:FleeingMerchant","floor":29,"turns":4},{"damage":0,"enemies":"Sentry and Sphere","floor":30,"turns":2},{"damage":0,"enemies":"Centurion and Healer","floor":31,"turns":2},{"damage":0,"enemies":"3 Cultists","floor":32,"turns":4},{"damage":12,"enemies":"IC_MUSHROOM_ARCHETYPE","floor":33,"turns":5},{"damage":0,"enemies":"3 Darklings","floor":36,"turns":4},{"damage":2,"enemies":"3 Shapes","floor":37,"turns":2},{"damage":0,"enemies":"Sphere and 2 Shapes","floor":38,"turns":4},{"damage":0,"enemies":"2 Orb Walkers","floor":43,"turns":4},{"damage":5,"enemies":"Jaw Worm Horde","floor":44,"turns":3},{"damage":1,"enemies":"Nemesis","floor":45,"turns":3},{"damage":0,"enemies":"Writhing Mass","floor":46,"turns":4},{"damage":5,"enemies":"Sphere and 2 Shapes","floor":47,"turns":4},{"damage":0,"enemies":"Reptomancer","floor":48,"turns":2},{"damage":7,"enemies":"4 Shapes","floor":49,"turns":4},{"damage":13,"enemies":"SI_POISON_ARCHETYPE","floor":50,"turns":7}],"seed_played":"4584035433392027059","potions_obtained":[{"floor":2.0,"key":"AttackPotion"},{"floor":9.0,"key":"Explosive Potion"},{"floor":11.0,"key":"Explosive Potion"},{"floor":14.0,"key":"AttackPotion"},{"floor":15.0,"key":"BlessingOfTheForge"},{"floor":19.0,"key":"Fire Potion"},{"floor":20.0,"key":"LiquidBronze"},{"floor":21.0,"key":"champ:CounterPotion"},{"floor":30,"key":"Slimebound:ThreeZeroPotion"},{"floor":33,"key":"Explosive Potion"},{"floor":36,"key":"Fruit Juice"},{"floor":38,"key":"EssenceOfSteel"},{"floor":44,"key":"LiquidBronze"},{"floor":48,"key":"BlessingOfTheForge"},{"floor":49,"key":"ColorlessPotion"}],"is_trial":false,"path_per_floor":["R","M","?","?","$","R","T","E","M","?","E","M","M","?","M","B",null,"R","M","M","M","?","E","T","?","?","M","R","$","M","M","M","B",null,"R","M","M","M","?","R","T","T","?","M","E","M","M","E","M","B",null],"character_chosen":"THE_AUTOMATON","items_purchased":["Bird Faced Urn","bronze:MaxOutput","bronze:Branch+1"],"campfire_rested":0,"item_purchase_floors":[29,29,29],"current_hp_per_floor":[70,70,70,70,62,62,62,45,43,43,43,43,43,39,39,12,70,70,62,58,58,52,45,45,45,34,26,26,41,41,43,47,41,70,70,70,68,70,70,70,70,70,70,65,70,70,69,75,70,65],"gold":403,"neow_bonus":"ONE_RANDOM_RARE_CARD","is_daily":false,"chose_seed":false,"campfire_upgraded":5,"win_rate":0.0,"timestamp":1612678840,"path_taken":["R","M","?","?","?","R","T","E","M","?","E","?","M","?","M","BOSS","R","M","M","M","?","E","T","?","?","M","R","$","M","M","M","BOSS","R","M","M","M","?","R","T","?","?","M","E","M","M","E","M","BOSS"],"items_purchased_type":["Relic","Card","Card"],"build_version":"2020-12-22","purchased_purges":2,"victory":true,"max_hp_per_floor":[70,70,70,70,70,70,70,70,70,70,70,70,70,70,70,70,70,70,70,70,70,70,70,70,70,70,70,70,70,70,70,70,70,70,70,70,70,70,70,70,70,70,70,70,70,70,70,75,75,75],"card_choices":[{"not_picked":["bronze:Boost","bronze:Flail"],"picked":"bronze:BuggyMess","floor":2.0},{"not_picked":["bronze:BitShift","bronze:Frontload"],"picked":"bronze:Repulsor","floor":5.0},{"not_picked":["bronze:Boost","bronze:FineTuning"],"picked":"bronze:GetLatest","floor":8.0},{"not_picked":["bronze:Fortify+1","bronze:Constructor"],"picked":"bronze:OilSpill+1","floor":9.0},{"not_picked":["bronze:DarkDash+1","bronze:Mutator"],"picked":"bronze:Separator+1","floor":11.0},{"not_picked":["bronze:Shield","bronze:Terminator"],"picked":"bronze:Optimize","floor":12.0},{"not_picked":["bronze:Frontload","bronze:WhirlingStrike+1"],"picked":"bronze:ChosenStrike+1","floor":13.0},{"not_picked":["bronze:Shell","bronze:Terminator"],"picked":"bronze:BugBarrage+1","floor":15.0},{"not_picked":["bronze:ShipIt+1","bronze:Break+1"],"picked":"bronze:CleanCode","floor":16.0},{"not_picked":[],"picked":"bronze:Repulsor+1","floor":19.0},{"not_picked":[],"picked":"bronze:Invalidate","floor":20.0},{"not_picked":["bronze:Refactor"],"picked":"SKIP","floor":21.0},{"not_picked":[],"picked":"bronze:Overheat+1","floor":23.0},{"not_picked":[],"picked":"bronze:DonuBeam","floor":26},{"not_picked":[],"picked":"bronze:DecaBeam","floor":26},{"not_picked":[],"picked":"bronze:BronzeOrb+1","floor":26},{"not_picked":["bronze:Fortify+1"],"picked":"SKIP","floor":27},{"not_picked":[],"picked":"bronze:Terminator","floor":29},{"not_picked":[],"picked":"bronze:FollowUp+1","floor":30},{"not_picked":["bronze:Separator+1"],"picked":"SKIP","floor":31},{"not_picked":["bronze:BitShift"],"picked":"SKIP","floor":32},{"not_picked":[],"picked":"bronze:DelayedGuard+1","floor":36},{"not_picked":["bronze:BugBarrage+1"],"picked":"SKIP","floor":37},{"not_picked":["bronze:Turbo"],"picked":"SKIP","floor":38},{"not_picked":[],"picked":"bronze:NullPointer+1","floor":44},{"not_picked":["bronze:Turbo"],"picked":"SKIP","floor":45},{"not_picked":[],"picked":"bronze:Return","floor":46},{"not_picked":["bronze:Constructor"],"picked":"SKIP","floor":47},{"not_picked":[],"picked":"bronze:Shield+1","floor":48},{"not_picked":["bronze:Invalidate"],"picked":"SKIP","floor":49},{"not_picked":["bronze:BugBarrage+1"],"picked":"SKIP","floor":49}],"player_experience":1113058,"relics_obtained":[{"floor":7.0,"key":"PreservedInsect"},{"floor":8.0,"key":"Molten Egg 2"},{"floor":11.0,"key":"HornCleat"},{"floor":14.0,"key":"downfall:GremlinWheel"},{"floor":18.0,"key":"bronze:ProtectiveGoggles"},{"floor":22.0,"key":"Red Mask"},{"floor":23.0,"key":"Tiny Chest"},{"floor":24.0,"key":"Nunchaku"},{"floor":41,"key":"InkBottle"},{"floor":42,"key":"Guardian:PocketSentry"},{"floor":43,"key":"Unceasing Top"},{"floor":45,"key":"Vajra"},{"floor":48,"key":"Prayer Wheel"}],"event_choices":[{"damage_healed":0.0,"max_hp_gain":0.0,"max_hp_loss":0.0,"gold_gain":0.0,"event_name":"Big Fish","player_choice":"Box","floor":4.0,"gold_loss":0.0,"damage_taken":0.0,"relics_obtained":["Orichalcum"],"cards_obtained":["Regret"]},{"cards_removed":["bronze:Strike"],"damage_healed":0.0,"max_hp_gain":0.0,"max_hp_loss":0.0,"gold_gain":0.0,"event_name":"The Cleric","player_choice":"Card Removal","floor":10.0,"gold_loss":0.0,"damage_taken":0.0},{"damage_healed":0.0,"max_hp_gain":0.0,"max_hp_loss":0.0,"gold_gain":0.0,"event_name":"Wheel of Change","player_choice":"Relic","floor":18.0,"gold_loss":0.0,"damage_taken":0.0},{"damage_healed":0.0,"max_hp_gain":0.0,"max_hp_loss":0.0,"gold_gain":0.0,"event_name":"Masked Bandits","player_choice":"Fought Bandits","floor":22.0,"gold_loss":0.0,"damage_taken":0.0},{"damage_healed":0,"gold_gain":0,"player_choice":"Fight","damage_taken":0,"max_hp_gain":0,"max_hp_loss":0,"event_name":"Mysterious Sphere","floor":43,"gold_loss":0}],"is_beta":false,"boss_relics":[{"not_picked":["Fusion Hammer","Pandora\u0027s Box"],"picked":"Busted Crown"},{"not_picked":["Cursed Key","Snecko Eye"],"picked":"sneckomod:SneckoTalon"}],"items_purged_floors":[5,29],"is_endless":false,"potions_floor_spawned":[2,9,11,14,15,19,20,21,30,33,36,38,44,48,49],"ascension_level":3}}