{"host":"1ooxfz79hmpvpehx","time":1612660251,"event":{"mods":["BaseMod","Minty Spire (QoL Compilation)","Quick Restart","Replay The Spire","StSLib","SuperFastMode"],"gold_per_floor":[118,118,43,43,64,64,103,103,103,134,134,209,243,243,243,243,243],"floor_reached":16,"language":"ENG","playtime":198,"items_purged":["Defend_B"],"score":139,"play_id":"1472b3b3-d4f7-492a-8643-c9c10c1ef32a","local_time":"20210206221051","is_ascension_mode":false,"campfire_choices":[{"floor":6,"key":"RECALL"},{"floor":8,"key":"REST"},{"floor":11,"key":"DIG"},{"floor":15,"key":"DIG"}],"circlet_count":0,"master_deck":["Strike_B","Strike_B","Strike_B","Defend_B","Defend_B","Defend_B","Zap","Dualcast","Pot Of Greed"],"relics":["Cracked Core","NeowsBlessing","Golden Idol","Bird Faced Urn","Shovel","Pet Ghost","Chameleon Ring","HornCleat","Golden Egg","Grinning Jar"],"acts_visited":["Exordium"],"potions_floor_usage":[10,10,10],"damage_taken":[{"damage":0,"enemies":"Jaw Worm","floor":1,"turns":1},{"damage":0,"enemies":"2 Louse","floor":5,"turns":1},{"damage":0,"enemies":"Gremlin Nob","floor":7,"turns":1},{"damage":22,"enemies":"3 Sentries","floor":10,"turns":7},{"damage":31,"enemies":"Lagavulin","floor":13,"turns":7},{"damage":0,"enemies":"Hexaghost","floor":16,"turns":1}],"seed_played":"-1919122507555635416","potions_obtained":[{"floor":1,"key":"BlessingOfTheForge"},{"floor":5,"key":"Milkshake"},{"floor":7,"key":"Languid Potion"}],"is_trial":false,"path_per_floor":["M","?","$","?","M","R","E","R","T","E","R","?","E","T","R","B"],"character_chosen":"DEFECT","items_purchased":[],"campfire_rested":1,"item_purchase_floors":[],"current_hp_per_floor":[75,75,75,57,57,57,57,75,75,53,53,42,11,11,11,11,11],"gold":243,"neow_bonus":"THREE_ENEMY_KILL","is_daily":false,"chose_seed":false,"campfire_upgraded":0,"win_rate":0.0,"timestamp":1612660251,"path_taken":["M","?","$","?","M","R","E","R","T","E","R","?","E","?","R","BOSS"],"items_purchased_type":[],"build_version":"2020-12-22","purchased_purges":1,"victory":false,"max_hp_per_floor":[75,75,75,75,75,75,75,75,75,75,75,75,75,75,75,75,75],"card_choices":[{"not_picked":["Steam Power","Beam Cell","Sweeping Beam"],"picked":"SKIP","floor":1},{"not_picked":["Cold Snap","Reprogram","Stack"],"picked":"SKIP","floor":5},{"not_picked":["Undo","FIFO Queue","Compile Driver"],"picked":"SKIP","floor":7},{"not_picked":["Undo","FIFO Queue","Compile Driver"],"picked":"SKIP","floor":7},{"not_picked":["Coolheaded","BasicCrystalCard","Consume"],"picked":"SKIP","floor":10},{"not_picked":["Coolheaded","All For One","Amplify"],"picked":"SKIP","floor":13}],"player_experience":23475,"relics_obtained":[{"floor":7,"key":"Bird Faced Urn"},{"floor":9,"key":"Shovel"},{"floor":10,"key":"Pet Ghost"},{"floor":11,"key":"Chameleon Ring"},{"floor":13,"key":"HornCleat"},{"floor":14,"key":"Golden Egg"},{"floor":15,"key":"Grinning Jar"}],"event_choices":[{"damage_healed":0,"gold_gain":0,"player_choice":"Take Damage","damage_taken":18,"relics_obtained":["Golden Idol"],"max_hp_gain":0,"max_hp_loss":0,"event_name":"Golden Idol","floor":4,"gold_loss":0},{"damage_healed":0,"gold_gain":75,"player_choice":"Gather Gold","damage_taken":11,"max_hp_gain":0,"max_hp_loss":0,"event_name":"World of Goop","floor":12,"gold_loss":0}],"is_beta":false,"boss_relics":[],"items_purged_floors":[3],"is_endless":false,"potions_floor_spawned":[1,5,7],"killed_by":"Hexaghost","ascension_level":0}}