{"host":"CMSolomon","time":1612705203,"event":{"mods":["Act Like it!","BaseMod","Downfall","Minty Spire (QoL Compilation)","StSLib"],"gold_per_floor":[99,114,114,114,125,138,215,264,281,307,457,492,492,505,520,520,520,520],"floor_reached":16,"language":"ZHS","playtime":1100,"items_purged":[],"score":112,"play_id":"3426302c-b962-41ff-aedf-818b0d8de263","local_time":"20210207214003","is_ascension_mode":false,"campfire_choices":[{"data":"bronze:HardenedForm","floor":1,"key":"SMITH"}],"circlet_count":0,"master_deck":["bronze:Strike","bronze:Strike+1","bronze:Strike","bronze:Strike","bronze:Defend","bronze:Defend","bronze:Defend","bronze:Defend+1","bronze:Replicate","bronze:Goto+1","bronze:HardenedForm+1","bronze:CutThrough","downfall:Malfunctioning","bronze:Return","bronze:NullPointer","bronze:Repair","bronze:GetLatest","downfall:Icky","bronze:Iterate","bronze:WhirlingStrike","bronze:Overload"],"relics":["bronze:BronzeCore","Question Card","Anchor","PreservedInsect","Singing Bowl","Dream Catcher"],"acts_visited":["Exordium"],"potions_floor_usage":[14,16,16],"damage_taken":[{"damage":8,"enemies":"Small Slimes","floor":2,"turns":4},{"damage":6,"enemies":"Cultist","floor":5,"turns":3},{"damage":3,"enemies":"Jaw Worm","floor":6,"turns":4},{"damage":0,"enemies":"2 Fungi Beasts","floor":9,"turns":5},{"damage":8,"enemies":"Lagavulin","floor":10,"turns":6},{"damage":37,"enemies":"3 Sentries","floor":12,"turns":13},{"damage":0,"enemies":"Large Slime","floor":14,"turns":5},{"damage":0,"enemies":"3 Louse","floor":15,"turns":3},{"damage":36,"enemies":"IC_STATUS_ARCHETYPE","floor":16,"turns":8}],"seed_played":"-2300996257474186251","potions_obtained":[{"floor":10,"key":"FearPotion"},{"floor":14,"key":"Fire Potion"},{"floor":15,"key":"DuplicationPotion"}],"is_trial":false,"path_per_floor":["R","M","?","?","M","M","T","T","M","E","?","E","?","M","M","B"],"character_chosen":"THE_AUTOMATON","items_purchased":[],"campfire_rested":0,"item_purchase_floors":[],"current_hp_per_floor":[63,55,55,55,49,46,46,46,46,45,45,15,15,22,29,0,0,0],"gold":520,"neow_bonus":"THREE_RARE_CARDS","is_daily":false,"chose_seed":false,"campfire_upgraded":1,"win_rate":0.0,"timestamp":1612705203,"path_taken":["R","M","?","?","M","?","T","?","M","E","?","E","?","M","M","BOSS"],"items_purchased_type":[],"build_version":"2020-12-18","purchased_purges":0,"victory":false,"max_hp_per_floor":[63,63,63,63,63,63,63,63,63,63,63,63,63,63,63,63,63,63],"card_choices":[{"not_picked":["bronze:FindAndReplace","bronze:ShipIt"],"picked":"bronze:HardenedForm","floor":0},{"not_picked":["bronze:Invalidate","bronze:BitShift"],"picked":"bronze:CutThrough","floor":2},{"not_picked":["bronze:DelayedGuard","bronze:ItsAFeature"],"picked":"bronze:Return","floor":5},{"not_picked":["bronze:Break","bronze:WhirlingStrike"],"picked":"bronze:NullPointer","floor":6},{"not_picked":["bronze:Branch","bronze:Shell","bronze:Frontload"],"picked":"bronze:Repair","floor":9},{"not_picked":["bronze:CloningBeam","bronze:NullPointer","bronze:ForLoop"],"picked":"bronze:GetLatest","floor":10},{"not_picked":["bronze:NullPointer","bronze:DelayedSlice","bronze:ChildClass"],"picked":"bronze:Iterate","floor":12},{"not_picked":["bronze:NullPointer","bronze:Frontload","bronze:BronzeOrb"],"picked":"bronze:WhirlingStrike","floor":14},{"not_picked":["bronze:Return","bronze:CutThrough","bronze:Shield"],"picked":"bronze:Overload","floor":15}],"player_experience":1492302,"relics_obtained":[{"floor":7,"key":"Question Card"},{"floor":8,"key":"Anchor"},{"floor":10,"key":"PreservedInsect"},{"floor":12,"key":"Singing Bowl"}],"event_choices":[{"cards_removed":["sneckomod:TailWhip"],"damage_healed":0,"gold_gain":0,"player_choice":"Took Card","damage_taken":0,"max_hp_gain":0,"max_hp_loss":0,"event_name":"NoteForYourself","floor":4,"gold_loss":0,"cards_obtained":["sneckomod:TailWhip"]}],"is_beta":true,"boss_relics":[],"items_purged_floors":[],"is_endless":false,"potions_floor_spawned":[10,14,15],"killed_by":"IC_STATUS_ARCHETYPE","ascension_level":0}}