{"host":"oehe2dxjvdgux73m","time":1612709668,"event":{"mods":["AchievementEnabler","BaseMod","Colored Map","Colored Powertips","DeckTracker","Keyboard Shortcuts","Minty Spire (QoL Compilation)","Permanent Neow","Quick Restart","StSLib","SuperFastMode"],"gold_per_floor":[119,44,61,61,211,211,227,127,152,164,189,220,255,278,290,302,302],"floor_reached":16,"language":"KOR","playtime":273,"items_purged":["Doubt","Doubt"],"score":184,"play_id":"feaf4551-bf09-47b3-86c5-fc059f6bce9c","local_time":"20210207235428","is_ascension_mode":true,"campfire_choices":[{"data":"Skewer","floor":6.0,"key":"SMITH"},{"data":"Neutralize","floor":10.0,"key":"SMITH"},{"data":"Noxious Fumes","floor":15,"key":"SMITH"}],"circlet_count":0,"master_deck":["AscendersBane","Strike_G","Strike_G","Strike_G","Strike_G","Strike_G","Defend_G","Defend_G","Defend_G","Defend_G","Defend_G+1","Survivor+1","Neutralize+1","Tactician","Skewer+1","Dagger Spray","PiercingWail","Noxious Fumes+1"],"relics":["Ring of the Snake","MawBank","Odd Mushroom"],"acts_visited":["Exordium"],"potions_floor_usage":[13],"damage_taken":[{"damage":3.0,"enemies":"2 Louse","floor":1.0,"turns":4.0},{"damage":7.0,"enemies":"Jaw Worm","floor":3.0,"turns":4.0},{"damage":3.0,"enemies":"Small Slimes","floor":7.0,"turns":5.0},{"damage":0.0,"enemies":"2 Fungi Beasts","floor":11.0,"turns":4.0},{"damage":7,"enemies":"Exordium Wildlife","floor":12,"turns":4},{"damage":4,"enemies":"The Mushroom Lair","floor":13,"turns":4},{"damage":3,"enemies":"Looter","floor":14,"turns":5},{"damage":45,"enemies":"Hexaghost","floor":16,"turns":9}],"seed_played":"47425249720789024","potions_obtained":[{"floor":1.0,"key":"SpeedPotion"},{"floor":3.0,"key":"DistilledChaos"},{"floor":14,"key":"FairyPotion"}],"is_trial":false,"path_per_floor":["M","$","M","?","?","R","M","$","T","R","M","M","?","M","R","B"],"character_chosen":"THE_SILENT","items_purchased":[],"campfire_rested":0,"item_purchase_floors":[],"current_hp_per_floor":[68,68,61,38,38,38,35,35,35,35,35,28,24,21,21,0,0],"gold":302,"neow_bonus":"TWENTY_PERCENT_HP_BONUS","is_daily":false,"chose_seed":false,"campfire_upgraded":3,"win_rate":0.0,"timestamp":1612709668,"path_taken":["M","$","M","?","?","R","M","$","T","R","M","M","?","M","R","BOSS"],"items_purchased_type":[],"build_version":"2020-12-22","purchased_purges":2,"victory":false,"max_hp_per_floor":[78,78,78,78,78,78,78,78,78,78,78,78,78,78,78,78,78],"card_choices":[{"not_picked":["Heel Hook","Acrobatics"],"picked":"Tactician","floor":1.0},{"not_picked":["Backflip","Footwork"],"picked":"Skewer","floor":3.0},{"not_picked":["Quick Slash","Acrobatics"],"picked":"Dagger Spray","floor":7.0},{"not_picked":["Deflect","Distraction","Backflip"],"picked":"SKIP","floor":11.0},{"not_picked":["Cloak And Dagger","Slice"],"picked":"PiercingWail","floor":12},{"not_picked":["Caltrops","Heel Hook"],"picked":"Noxious Fumes","floor":13},{"not_picked":["PiercingWail","Corpse Explosion","Tactician"],"picked":"SKIP","floor":14}],"player_experience":415447,"relics_obtained":[{"floor":9.0,"key":"MawBank"},{"floor":13,"key":"Odd Mushroom"}],"event_choices":[{"damage_healed":0.0,"max_hp_gain":0.0,"max_hp_loss":0.0,"gold_gain":0.0,"event_name":"Shining Light","player_choice":"Entered Light","floor":4.0,"gold_loss":0.0,"damage_taken":23.0,"cards_upgraded":["Defend_G","Survivor"]},{"damage_healed":0.0,"max_hp_gain":0.0,"max_hp_loss":0.0,"gold_gain":150.0,"event_name":"Liars Game","player_choice":"AGREE","floor":5.0,"gold_loss":0.0,"damage_taken":0.0,"cards_obtained":["Doubt"]},{"damage_healed":0,"gold_gain":0,"player_choice":"Fought Mushrooms","damage_taken":0,"max_hp_gain":0,"max_hp_loss":0,"event_name":"Mushrooms","floor":13,"gold_loss":0}],"is_beta":false,"boss_relics":[],"items_purged_floors":[2,8],"is_endless":false,"potions_floor_spawned":[1,3,11,14],"killed_by":"Hexaghost","ascension_level":20}}