{"host":"bzdetxjlj4j9z4ce","time":1612710545,"event":{"mods":["BaseMod","Bestiary","Colored Map","Colored Powertips","DeckTracker","Minty Spire (QoL Compilation)"],"gold_per_floor":[109,125,75,90,104,104,104,121,121,121,46,75,89,103,103,201,251,263,623,636,654,562,580,580,580],"floor_reached":24,"language":"ENG","playtime":1425,"items_purged":["Pain"],"score":202,"play_id":"ee9946ab-cf26-4270-8a26-cf28f960ffe1","local_time":"20210207170905","is_ascension_mode":false,"campfire_choices":[{"data":"Flying Knee","floor":6,"key":"SMITH"},{"floor":10,"key":"REST"},{"data":"Dagger Spray","floor":15,"key":"SMITH"}],"circlet_count":0,"master_deck":["Strike_G","Strike_G","Strike_G","Strike_G","Defend_G","Defend_G","Defend_G","Defend_G","Survivor","Neutralize","Caltrops","Blade Dance","Flying Knee+1","Escape Plan","Blade Dance","Dagger Spray+1","All Out Attack+1","Die Die Die","Prepared","Noxious Fumes+1","Flying Knee+1","Enlightenment","Noxious Fumes"],"relics":["Ring of the Snake","WarpedTongs","Snake Skull","Bronze Scales","Tiny House"],"acts_visited":["Exordium","TheCity"],"potions_floor_usage":[16,16,16],"damage_taken":[{"damage":0,"enemies":"2 Louse","floor":1,"turns":3},{"damage":0,"enemies":"Cultist","floor":2,"turns":3},{"damage":0,"enemies":"Small Slimes","floor":4,"turns":2},{"damage":17,"enemies":"Gremlin Gang","floor":5,"turns":3},{"damage":17,"enemies":"Looter","floor":8,"turns":3},{"damage":4,"enemies":"3 Sentries","floor":12,"turns":8},{"damage":4,"enemies":"2 Fungi Beasts","floor":13,"turns":2},{"damage":9,"enemies":"3 Louse","floor":14,"turns":2},{"damage":19,"enemies":"Slime Boss","floor":16,"turns":6},{"damage":5,"enemies":"Chosen","floor":18,"turns":4},{"damage":9,"enemies":"Shell Parasite","floor":20,"turns":4},{"damage":12,"enemies":"3 Cultists","floor":21,"turns":3},{"damage":9,"enemies":"Centurion and Healer","floor":23,"turns":6},{"damage":7,"enemies":"Snake Plant","floor":24,"turns":2}],"seed_played":"-680092089163751751","potions_obtained":[{"floor":1,"key":"LiquidMemories"},{"floor":4,"key":"Dexterity Potion"},{"floor":13,"key":"Energy Potion"},{"floor":16,"key":"SpeedPotion"},{"floor":17,"key":"CunningPotion"}],"is_trial":false,"path_per_floor":["M","M","?","M","M","R","?","M","T","R","$","E","M","M","R","B",null,"M","?","M","M","$","M","M"],"character_chosen":"THE_SILENT","items_purchased":["Enlightenment"],"campfire_rested":1,"item_purchase_floors":[22],"current_hp_per_floor":[70,70,70,70,53,53,53,36,36,57,57,53,49,40,40,21,75,70,34,25,13,13,4,0,0],"gold":580,"neow_bonus":"TRANSFORM_CARD","is_daily":false,"chose_seed":false,"campfire_upgraded":2,"win_rate":0.0,"timestamp":1612710545,"path_taken":["M","M","?","M","M","R","?","M","T","R","$","E","M","?","R","BOSS","M","?","M","M","$","M","M"],"items_purchased_type":["Card"],"build_version":"2020-12-22","purchased_purges":1,"victory":false,"max_hp_per_floor":[70,70,70,70,70,70,70,70,70,70,70,70,70,70,70,70,75,75,75,75,75,75,75,75,75],"card_choices":[{"not_picked":["Caltrops","Backflip"],"picked":"Blade Dance","floor":1},{"not_picked":["Outmaneuver","Dagger Spray"],"picked":"Flying Knee","floor":2},{"not_picked":["Outmaneuver","Sucker Punch","Distraction"],"picked":"SKIP","floor":4},{"not_picked":["Flying Knee","Dodge and Roll","Envenom"],"picked":"SKIP","floor":5},{"not_picked":["Reflex","Outmaneuver"],"picked":"Escape Plan","floor":8},{"not_picked":["Slice","Quick Slash"],"picked":"Blade Dance","floor":12},{"not_picked":["Outmaneuver","Dodge and Roll"],"picked":"Dagger Spray","floor":13},{"not_picked":["Expertise","Outmaneuver"],"picked":"All Out Attack","floor":14},{"not_picked":["Wraith Form v2","Malaise"],"picked":"Die Die Die","floor":16},{"not_picked":["Distraction","Slice"],"picked":"Prepared","floor":17},{"not_picked":["Heel Hook+1","PiercingWail"],"picked":"Noxious Fumes+1","floor":18},{"not_picked":["Dagger Spray","Caltrops"],"picked":"Flying Knee+1","floor":20},{"not_picked":["Expertise","Distraction+1","Flechettes"],"picked":"SKIP","floor":21},{"not_picked":["Sucker Punch","Tactician"],"picked":"Noxious Fumes","floor":23}],"player_experience":2344,"relics_obtained":[{"floor":9,"key":"Snake Skull"},{"floor":12,"key":"Bronze Scales"}],"event_choices":[{"cards_removed":["Strike_G"],"damage_healed":0,"gold_gain":0,"player_choice":"Card Removal","damage_taken":0,"max_hp_gain":0,"max_hp_loss":0,"event_name":"The Cleric","floor":3,"gold_loss":50},{"damage_healed":0,"gold_gain":0,"player_choice":"Rummage","damage_taken":0,"relics_obtained":["WarpedTongs"],"max_hp_gain":0,"max_hp_loss":0,"event_name":"Accursed Blacksmith","floor":7,"gold_loss":0,"cards_obtained":["Pain"]},{"damage_healed":0,"gold_gain":360,"player_choice":"GOLD GOLD GOLD GOLD ","damage_taken":36,"max_hp_gain":0,"max_hp_loss":0,"event_name":"Knowing Skull","floor":19,"potions_obtained":[],"gold_loss":0,"cards_obtained":[]}],"is_beta":false,"boss_relics":[{"not_picked":["SacredBark","Philosopher\u0027s Stone"],"picked":"Tiny House"}],"items_purged_floors":[11],"is_endless":false,"potions_floor_spawned":[1,4,13,16],"killed_by":"Snake Plant","ascension_level":0}}