{"host":"takgv9cv6xf64vhq","time":1612662273,"event":{"mods":["BaseMod","Colored Powertips","Conspire","Decade(王小明)","Downfall","Energized Spire","Hermit","Hubris","LagranYue(拉格朗・月)","Marisa（F雨　魔理沙）","Minty Spire (QoL Compilation)","Replay The Spire","StSLib","The Cursed","The Hierophant","The Jungle","The Servant 0.9.4","TheHeartMod"],"gold_per_floor":[114,114,124,124,139,139,154,187,233,233,243,243,262,276,276,276,276],"floor_reached":16,"language":"ZHS","playtime":515,"items_purged":[],"score":130,"play_id":"626fe407-c977-4a32-803d-a69c69e63c18","local_time":"20210207094433","is_ascension_mode":true,"campfire_choices":[{"data":"Defragment","floor":6.0,"key":"SMITH"},{"data":"BasicCrystalCard","floor":12.0,"key":"SMITH"},{"data":"Chaos","floor":12.0,"key":"SMITH"},{"floor":15,"key":"REST"}],"circlet_count":0,"master_deck":["Strike_B","Strike_B+1","Strike_B","Defend_B","Defend_B","Defend_B","Defend_B+1","Zap","Dualcast","Panic Button","Ball Lightning","Defragment+1","Chaos+1","BasicCrystalCard+1","Static Discharge","Compile Driver","Darkness"],"relics":["Cracked Core","NeowsBlessing","Pocketwatch","Replay:Arrowhead"],"acts_visited":["Exordium"],"potions_floor_usage":[16,16],"damage_taken":[{"damage":0.0,"enemies":"Cultist","floor":1.0,"turns":1.0},{"damage":0.0,"enemies":"Jaw Worm","floor":3.0,"turns":1.0},{"damage":0.0,"enemies":"Small Slimes","floor":5.0,"turns":1.0},{"damage":14.0,"enemies":"Red Slaver","floor":7.0,"turns":2.0},{"damage":25.0,"enemies":"3 Sentries","floor":8.0,"turns":6.0},{"damage":6.0,"enemies":"3 Louse","floor":11.0,"turns":4.0},{"damage":0.0,"enemies":"Blue Slaver","floor":13.0,"turns":2.0},{"damage":13.0,"enemies":"2 Fungi Beasts","floor":14.0,"turns":4.0},{"damage":27,"enemies":"Hexaghost","floor":16,"turns":7}],"seed_played":"-2087021867159779860","potions_obtained":[{"floor":3.0,"key":"bronze:BurnAndBuffPotion"},{"floor":7.0,"key":"SmokeBomb"},{"floor":8.0,"key":"Venom Potion"},{"floor":14.0,"key":"FearPotion"}],"is_trial":false,"path_per_floor":["M","?","M","T","M","R","M","E","T","?","M","R","M","M","R","B"],"character_chosen":"DEFECT","items_purchased":[],"campfire_rested":1,"item_purchase_floors":[],"current_hp_per_floor":[75,60,60,60,60,60,46,21,21,21,15,15,15,2,24,0,0],"gold":276,"neow_bonus":"THREE_ENEMY_KILL","is_daily":false,"chose_seed":false,"campfire_upgraded":3,"win_rate":0.0,"timestamp":1612662273,"path_taken":["M","?","M","?","?","R","M","E","T","?","M","R","M","?","R","BOSS"],"items_purchased_type":[],"build_version":"2020-12-22","purchased_purges":0,"victory":false,"max_hp_per_floor":[75,75,75,75,75,75,75,75,75,75,75,75,75,75,75,75,75],"card_choices":[{"not_picked":["Stack","Steam"],"picked":"Panic Button","floor":1.0},{"not_picked":["Stack","Conserve Battery"],"picked":"Ball Lightning","floor":3.0},{"not_picked":["Leap","Hologram"],"picked":"Defragment","floor":5.0},{"not_picked":["FTL","Reprogram"],"picked":"Chaos","floor":7.0},{"not_picked":["Cold Snap","Steam Power"],"picked":"BasicCrystalCard","floor":8.0},{"not_picked":["Beam Cell","Leap"],"picked":"Static Discharge","floor":11.0},{"not_picked":["Rebound","ReplaySort"],"picked":"Compile Driver","floor":13.0},{"not_picked":["Amplify","ReplayTheSpireMod:GoodbyeWorld"],"picked":"Darkness","floor":14.0}],"player_experience":454504,"relics_obtained":[{"floor":4.0,"key":"Pocketwatch"},{"floor":8.0,"key":"Replay:Arrowhead"}],"event_choices":[{"damage_healed":0.0,"max_hp_gain":0.0,"max_hp_loss":0.0,"gold_gain":0.0,"event_name":"Shining Light","player_choice":"Entered Light","floor":2.0,"gold_loss":0.0,"damage_taken":15.0,"cards_upgraded":["Strike_B","Defend_B"]},{"cards_removed":["Strike_B"],"damage_healed":0.0,"max_hp_gain":0.0,"max_hp_loss":0.0,"gold_gain":0.0,"event_name":"Purifier","player_choice":"Purged","floor":10.0,"gold_loss":0.0,"damage_taken":0.0}],"is_beta":false,"boss_relics":[],"items_purged_floors":[],"is_endless":false,"potions_floor_spawned":[3,7,8,14],"killed_by":"Hexaghost","ascension_level":5}}