{"host":"815dqs41i1y8uxms","time":1612695467,"event":{"mods":["A Penny For Your Troubles","Act Like it!","BaseMod","GungeonMod","Minty Spire (QoL Compilation)","Rare Cards Sparkle","Shop Mod","Spire Arcade","StSLib"],"gold_per_floor":[111,111,111,130,144,171,171,219,243,38,54,54,109,121,121,224,224,244,256,256,16,68,68,68,68,68],"floor_reached":25,"language":"ENG","playtime":2170,"items_purged":[],"score":211,"play_id":"aaf8e2f2-a39f-416b-b7f7-13549a0c5bc8","local_time":"20210207115747","is_ascension_mode":false,"campfire_choices":[{"data":"DemoMod:AC15","floor":7,"key":"SMITH"},{"floor":15,"key":"REST"},{"floor":23,"key":"REST"}],"circlet_count":0,"master_deck":["DemoMod:Strike_Huntress","DemoMod:Strike_Huntress","DemoMod:Defend_Huntress","DemoMod:Defend_Huntress","DemoMod:Defend_Huntress","DemoMod:Defend_Huntress","DemoMod:Roll","DemoMod:ManualReload+1","DemoMod:RustySidearm","DemoMod:CrossBow","DemoMod:ShadowBullets","DemoMod:Unity","DemoMod:FeignSurrender","DemoMod:TeaPot","DemoMod:AC15+1","DemoMod:AbyssalTentacle","DemoMod:PotionOfGunFriendShip","DemoMod:StickyCrossBow","DemoMod:Casey","DemoMod:Slinger","DemoMod:BulletBore","DemoMod:CursedBullets+1","DemoMod:HuntsMan","DemoMod:Invincible","DemoMod:GunShield","DemoMod:TableSutra","DemoMod:Casey+1"],"relics":["DemoMod:Dog","Ornamental Fan","Singing Bowl","DemoMod:Metronome","MerchantsRug","PreservedInsect","DemoMod:ElasticCartridgeClip"],"acts_visited":["Exordium","TheCity"],"potions_floor_usage":[6,16,25],"damage_taken":[{"damage":4,"enemies":"Cultist","floor":1,"turns":4},{"damage":0,"enemies":"Jaw Worm","floor":4,"turns":4},{"damage":0,"enemies":"2 Louse","floor":5,"turns":3},{"damage":8,"enemies":"3 Sentries","floor":6,"turns":8},{"damage":22,"enemies":"Gremlin Nob","floor":8,"turns":4},{"damage":14,"enemies":"Blue Slaver","floor":11,"turns":3},{"damage":0,"enemies":"3 Louse","floor":14,"turns":2},{"damage":38,"enemies":"Slime Boss","floor":16,"turns":9},{"damage":5,"enemies":"Spheric Guardian","floor":18,"turns":3},{"damage":4,"enemies":"Chosen","floor":19,"turns":4},{"damage":42,"enemies":"Centurion and Healer","floor":22,"turns":5},{"damage":27,"enemies":"3 Cultists","floor":25,"turns":4}],"seed_played":"-1577097404815244147","potions_obtained":[{"floor":1,"key":"Explosive Potion"},{"floor":8,"key":"DistilledChaos"},{"floor":11,"key":"ColorlessPotion"},{"floor":19,"key":"Strength Potion"}],"is_trial":false,"path_per_floor":["M","$","?","M","M","E","R","E","T","$","M","?","T","M","R","B",null,"M","M","?","$","M","R","?","M"],"character_chosen":"HUNTRESS","items_purchased":["MerchantsRug","DemoMod:PotionOfGunFriendShip","DemoMod:StickyCrossBow","DemoMod:Invincible","DemoMod:GunShield","DemoMod:TableSutra"],"campfire_rested":2,"item_purchase_floors":[10,10,10,21,21,21],"current_hp_per_floor":[66,66,66,66,66,58,58,36,36,36,22,22,22,22,41,3,65,60,56,45,45,3,24,24,0,0],"gold":68,"neow_bonus":"UPGRADE_CARD","is_daily":false,"chose_seed":false,"campfire_upgraded":1,"win_rate":0.0,"timestamp":1612695467,"path_taken":["M","?","?","M","M","E","R","E","T","$","?","?","?","M","R","BOSS","M","M","?","$","M","R","?","M"],"items_purchased_type":["Relic","Card","Card","Card","Card","Card"],"build_version":"2020-12-22","purchased_purges":0,"victory":false,"max_hp_per_floor":[70,70,70,70,70,70,70,70,70,70,70,65,65,65,65,65,65,65,65,70,70,70,70,70,70,70],"card_choices":[{"not_picked":["DemoMod:Ejector","DemoMod:DirectionalPad"],"picked":"DemoMod:ShadowBullets","floor":1},{"not_picked":["DemoMod:ProbeStrike","DemoMod:HighKaliber"],"picked":"DemoMod:FeignSurrender","floor":4},{"not_picked":["DemoMod:FeignSurrender","DemoMod:Ejector"],"picked":"DemoMod:TeaPot","floor":5},{"not_picked":["DemoMod:BattleInHaste","DemoMod:AWP"],"picked":"DemoMod:AC15","floor":6},{"not_picked":["DemoMod:CombinedRifle","DemoMod:FastSwitch"],"picked":"DemoMod:AbyssalTentacle","floor":8},{"not_picked":["DemoMod:Evolver","DemoMod:FastSwitch"],"picked":"DemoMod:Casey","floor":11},{"not_picked":["DemoMod:FeignSurrender","DemoMod:Ejector"],"picked":"DemoMod:Slinger","floor":14},{"not_picked":["DemoMod:ThirdPartyController","DemoMod:Desperate"],"picked":"DemoMod:BulletBore","floor":16},{"not_picked":["DemoMod:GunstockTap","DemoMod:SAA"],"picked":"DemoMod:CursedBullets+1","floor":18},{"not_picked":["DemoMod:JK47","DemoMod:SAA"],"picked":"DemoMod:HuntsMan","floor":19},{"not_picked":["DemoMod:Unmoved","DemoMod:HardPowerCard"],"picked":"DemoMod:Casey+1","floor":22}],"player_experience":3754897,"relics_obtained":[{"floor":6,"key":"Ornamental Fan"},{"floor":8,"key":"Singing Bowl"},{"floor":9,"key":"DemoMod:Metronome"},{"floor":13,"key":"PreservedInsect"}],"event_choices":[{"damage_healed":0,"gold_gain":0,"cards_transformed":["DemoMod:Strike_Huntress"],"player_choice":"Transformed","damage_taken":0,"max_hp_gain":0,"max_hp_loss":0,"event_name":"Transmorgrifier","floor":3,"gold_loss":0,"cards_obtained":["DemoMod:Unity"]},{"damage_healed":0,"gold_gain":0,"player_choice":"Shed Blood","damage_taken":16,"max_hp_gain":5,"max_hp_loss":0,"event_name":"Forgotten Altar","floor":20,"gold_loss":0},{"damage_healed":0,"gold_gain":0,"player_choice":"Ignored","damage_taken":0,"max_hp_gain":0,"max_hp_loss":0,"event_name":"Cursed Tome","floor":24,"gold_loss":0}],"is_beta":false,"boss_relics":[{"not_picked":["Philosopher\u0027s Stone","Runic Dome"],"picked":"DemoMod:ElasticCartridgeClip"}],"items_purged_floors":[],"is_endless":false,"potions_floor_spawned":[1,8,11,19],"killed_by":"3 Cultists","ascension_level":0}}