{"host":"8d3fefv2347kqkpz","time":1612737327,"event":{"mods":["AchievementEnabler","Act Like it!","Aspiration","BaseMod","Better Vampires","Colored Map","Colored Powertips","Conspire","Downfall","GifTheSpireLib","Highlight Path","Hubris","Mimic Mod","Minty Spire (QoL Compilation)","Quick Restart","Rare Cards Sparkle","Relic Stats","Replay The Spire","Spicy Shops","StSLib","The Jungle","Waifu the Spire"],"gold_per_floor":[99,118,129,129,146,146,219,230,249,424,441,45,60,60,79,181,181,181,196,196,209,221,221,300,300,317,335,335,335,360,374,394,394,394,394],"floor_reached":33,"language":"ZHS","playtime":1394,"items_purged":["Guardian:CurlUp","Doubt"],"score":265,"play_id":"b22d9738-98c6-4c65-887e-23bf84873c19","local_time":"20210208063527","is_ascension_mode":false,"campfire_choices":[{"data":"Guardian:FloatingOrbs","floor":1.0,"key":"SMITH"},{"data":"Guardian:RefractedBeam","floor":6.0,"key":"SMITH"},{"data":"Guardian:Strike_Guardian","floor":18.0,"key":"PURGE"},{"floor":23.0,"key":"REST"},{"data":"expansioncontent:AwakenDeath","floor":25.0,"key":"SMITH"},{"floor":29,"key":"REST"}],"circlet_count":0,"master_deck":["Guardian:Strike_Guardian","Guardian:Strike_Guardian","Guardian:Strike_Guardian","Guardian:Defend_Guardian","Guardian:Defend_Guardian","Guardian:Defend_Guardian","Guardian:TwinSlam","Guardian:FloatingOrbs+1","Guardian:RefractedBeam+1","Guardian:MultiBeam","Guardian:VentSteam+1","expansioncontent:AwakenDeath+1","Guardian:SentryBeam","Guardian:Recover+1","Guardian:TimeBomb+1","Guardian:ExploitGems+1","Guardian:Incinerate","Guardian:TemporalStrike","Guardian:Clone+1"],"relics":["Guardian:ModeShifter","Pen Nib","Toxic Egg 2","Painkiller Herb","Mirror","Replay:Bottled Snecko"],"acts_visited":["Exordium","TheCity"],"potions_floor_usage":[],"damage_taken":[{"damage":6.0,"enemies":"2 Louse","floor":2.0,"turns":3.0},{"damage":1.0,"enemies":"Jaw Worm","floor":3.0,"turns":3.0},{"damage":1.0,"enemies":"Cultist","floor":5.0,"turns":3.0},{"damage":1.0,"enemies":"Gremlin Gang","floor":8.0,"turns":5.0},{"damage":6.0,"enemies":"Red Slaver","floor":9.0,"turns":3.0},{"damage":21.0,"enemies":"Exordium Wildlife","floor":11.0,"turns":4.0},{"damage":10.0,"enemies":"downfall:FleeingMerchant","floor":12.0,"turns":4.0},{"damage":0.0,"enemies":"3 Louse","floor":13.0,"turns":1.0},{"damage":7.0,"enemies":"Exordium Thugs","floor":15.0,"turns":5.0},{"damage":29.0,"enemies":"DF_ARCHETYPE_STREAMLINE","floor":16.0,"turns":8.0},{"damage":20.0,"enemies":"Spheric Guardian","floor":19.0,"turns":4.0},{"damage":17.0,"enemies":"Chosen","floor":21.0,"turns":4.0},{"damage":24.0,"enemies":"Snake Plant","floor":22.0,"turns":3.0},{"damage":21.0,"enemies":"Snecko","floor":26.0,"turns":4.0},{"damage":12.0,"enemies":"conspire:HollyBat","floor":27.0,"turns":5.0},{"damage":36,"enemies":"Gremlin Leader","floor":30,"turns":7},{"damage":8,"enemies":"Centurion and Healer","floor":31,"turns":5},{"damage":10,"enemies":"Cultist and Chosen","floor":32,"turns":4},{"damage":14,"enemies":"SI_MIRROR_ARCHETYPE","floor":33,"turns":2}],"seed_played":"-4713928269470808982","potions_obtained":[{"floor":2.0,"key":"Death Potion"},{"floor":5.0,"key":"Fire Potion"},{"floor":9.0,"key":"SneckoOil"}],"is_trial":false,"path_per_floor":["R","M","M","?","M","R","T","M","M","?","M","$","M","?","M","B",null,"T","?","?","?","?","T","T","T","?","?","?","T","E","?","?","B"],"character_chosen":"GUARDIAN","items_purchased":["expansioncontent:AwakenDeath","Guardian:SentryBeam"],"campfire_rested":2,"item_purchase_floors":[12,12],"current_hp_per_floor":[80,74,73,70,69,69,69,68,62,62,41,31,31,57,50,21,80,80,60,60,43,19,43,43,43,22,10,10,34,30,22,12,0,0,0],"gold":394,"neow_bonus":"THREE_CARDS","is_daily":false,"chose_seed":false,"campfire_upgraded":3,"win_rate":0.0,"timestamp":1612737327,"path_taken":["R","M","M","?","M","R","T","M","M","?","M","$","M","?","M","BOSS","T","?","?","?","?","T","T","T","?","?","?","T","E","?","?","BOSS"],"items_purchased_type":["Card","Card"],"build_version":"2020-12-22","purchased_purges":2,"victory":false,"max_hp_per_floor":[80,80,80,80,80,80,80,80,80,80,80,80,80,80,80,80,80,80,80,80,80,80,80,80,80,80,80,80,80,80,80,80,80,80,80],"relic_stats":{"counters":[19,77],"Pen Nib":[14],"obtain_stats":[{"Guardian:ModeShifter":0,"Painkiller Herb":17,"Pen Nib":4,"Replay:Bottled Snecko":30,"Toxic Egg 2":7,"Mirror":24},{"Guardian:ModeShifter":0,"Painkiller Herb":10,"Pen Nib":2,"Replay:Bottled Snecko":16,"Toxic Egg 2":3,"Mirror":13},{"Guardian:ModeShifter":0,"Painkiller Herb":39,"Pen Nib":6,"Replay:Bottled Snecko":66,"Toxic Egg 2":9,"Mirror":50}]},"card_choices":[{"not_picked":["Guardian:VentSteam","Guardian:BronzeArmor"],"picked":"Guardian:FloatingOrbs","floor":0.0},{"not_picked":["Guardian:Gem_Fragmented","Guardian:Suspension"],"picked":"Guardian:Gem_Crimson","floor":2.0},{"not_picked":["Guardian:Suspension","Guardian:VentSteam"],"picked":"Guardian:RefractedBeam","floor":3.0},{"not_picked":["Guardian:BronzeArmor","Guardian:Planning"],"picked":"Guardian:MultiBeam","floor":5.0},{"not_picked":["Guardian:CrystalBeam","Guardian:Gem_White"],"picked":"Guardian:Gem_Yellow","floor":8.0},{"not_picked":["Guardian:TemporalStrike","Guardian:RollAttack"],"picked":"Guardian:Gem_Red","floor":9.0},{"not_picked":["Guardian:Incinerate","Guardian:Recover+1"],"picked":"Guardian:VentSteam+1","floor":11.0},{"not_picked":["Guardian:PolyBeam","Guardian:ChargeCore"],"picked":"Guardian:Gem_Orange","floor":12.0},{"not_picked":["Guardian:TemporalShield+1","Guardian:ChargeCore"],"picked":"Guardian:Recover+1","floor":13.0},{"not_picked":["Guardian:EvasiveProtocol","Guardian:PiercingHide+1"],"picked":"Guardian:TimeBomb+1","floor":15.0},{"not_picked":["Guardian:SphericShield+1","Guardian:RevengeProtocol"],"picked":"Guardian:ExploitGems+1","floor":16.0},{"not_picked":["Guardian:ShieldCharger+1","Guardian:TemporalShield+1","Guardian:Recover+1"],"picked":"SKIP","floor":19.0},{"not_picked":["Guardian:ArmoredProtocol","Guardian:Gem_Cyan"],"picked":"Guardian:Incinerate","floor":21.0},{"not_picked":["Guardian:Harden+1","Guardian:ChargeCore+1","Guardian:WalkerClaw+1"],"picked":"SKIP","floor":22.0},{"not_picked":["Guardian:VentSteam+1","Guardian:Gem_Lightblue"],"picked":"Guardian:Gem_Cyan","floor":26.0},{"not_picked":["Guardian:Reroute","Guardian:Gem_Green"],"picked":"Guardian:TemporalStrike","floor":27.0},{"not_picked":["Guardian:Gem_Fragmented","Guardian:TimeBomb+1"],"picked":"Guardian:Clone+1","floor":30},{"not_picked":["Guardian:ChargeCore","Guardian:TimeCapacitor","Guardian:RefractedBeam+1"],"picked":"SKIP","floor":31},{"not_picked":["Guardian:VentSteam+1","Guardian:ShieldCharger+1","Guardian:Gem_Lightblue"],"picked":"SKIP","floor":32}],"player_experience":295851,"relics_obtained":[{"floor":7.0,"key":"Toxic Egg 2"},{"floor":24.0,"key":"Mirror"},{"floor":30,"key":"Replay:Bottled Snecko"}],"event_choices":[{"damage_healed":0.0,"max_hp_gain":0.0,"max_hp_loss":0.0,"gold_gain":0.0,"event_name":"Scrap Ooze","player_choice":"Success","floor":4.0,"gold_loss":0.0,"damage_taken":3.0,"relics_obtained":["Pen Nib"]},{"damage_healed":26.0,"max_hp_gain":0.0,"max_hp_loss":0.0,"gold_gain":0.0,"event_name":"Big Fish","player_choice":"Banana","floor":14.0,"gold_loss":0.0,"damage_taken":0.0}],"is_beta":false,"boss_relics":[{"not_picked":["hubris:CrackedHourglass","Abe\u0027s Treasure"],"picked":"Painkiller Herb"}],"items_purged_floors":[12,12],"is_endless":false,"potions_floor_spawned":[2,5,9,13,15,16,21,27],"killed_by":"SI_MIRROR_ARCHETYPE","ascension_level":0}}