{"host":"g907ck67u7c3hrs6","time":1612691640,"event":{"mods":["BaseMod","Colored Map","DeckTracker","Highlight Path","Keyboard Shortcuts","Minty Spire (QoL Compilation)","Permanent Neow","Say the Spire","SuperFastMode"],"gold_per_floor":[116,129,404,135,98,98,98,98,125,150,50,50,83,83,83,183,183,199,199,199,199,225,225,256,268,305,332,344,356,368,368],"floor_reached":30,"language":"KOR","playtime":591,"items_purged":["Regret","Strike_R"],"score":273,"play_id":"6c0c1b67-435f-40dd-9bb0-e0ab8c8ee319","local_time":"20210207185400","daily_mods":["Heirloom","Flight"],"is_ascension_mode":false,"campfire_choices":[{"data":"Searing Blow","floor":6,"key":"SMITH"},{"data":"Searing Blow+1","floor":7,"key":"SMITH"},{"data":"Searing Blow+2","floor":8,"key":"SMITH"},{"data":"Searing Blow+3","floor":12,"key":"SMITH"},{"data":"Searing Blow+4","floor":15,"key":"SMITH"},{"data":"Searing Blow+5","floor":23,"key":"SMITH"},{"data":"Searing Blow+6","floor":25,"key":"SMITH"},{"data":"Searing Blow+7","floor":28,"key":"SMITH"},{"data":"Searing Blow+8","floor":29,"key":"SMITH"}],"circlet_count":0,"master_deck":["Strike_R","Defend_R","Defend_R","Defend_R","Defend_R","Bash","Fire Breathing","Evolve","Second Wind","Searing Blow+9","Double Tap","Evolve","Power Through","True Grit+1","Iron Wave","Demon Form","Ghostly Armor"],"relics":["Burning Blood","Prayer Wheel","Strawberry","Pear","Dream Catcher","Mark of Pain","Akabeko","MawBank","Vajra"],"acts_visited":["Exordium","TheCity"],"potions_floor_usage":[16],"damage_taken":[{"damage":1,"enemies":"Jaw Worm","floor":1,"turns":5},{"damage":6,"enemies":"Cultist","floor":2,"turns":3},{"damage":31,"enemies":"Lagavulin","floor":10,"turns":6},{"damage":17,"enemies":"3 Sentries","floor":13,"turns":6},{"damage":38,"enemies":"Hexaghost","floor":16,"turns":9},{"damage":10,"enemies":"2 Thieves","floor":18,"turns":4},{"damage":14,"enemies":"Book of Stabbing","floor":24,"turns":5},{"damage":5,"enemies":"Shell Parasite","floor":27,"turns":4},{"damage":86,"enemies":"Gremlin Leader","floor":30,"turns":5}],"seed_played":"4939387734118633007","potions_obtained":[{"floor":10,"key":"FearPotion"},{"floor":13,"key":"LiquidMemories"},{"floor":18,"key":"Strength Potion"}],"is_trial":true,"path_per_floor":["M","M","?","$","$","R","R","R","T","E","$","R","E","?","R","B",null,"M","?","?","?","T","R","E","R","T","M","R","R","E"],"character_chosen":"IRONCLAD","items_purchased":["Searing Blow","Double Tap","Evolve"],"campfire_rested":0,"item_purchase_floors":[4,4,5],"current_hp_per_floor":[80,80,80,80,80,80,80,80,87,72,72,72,61,54,54,22,97,93,93,93,93,93,93,85,85,85,86,86,86,0,0],"gold":368,"neow_bonus":"","is_daily":false,"chose_seed":false,"campfire_upgraded":9,"win_rate":0.0,"timestamp":1612691640,"path_taken":["M","M","?","$","$","R","R","R","T","E","?","R","E","?","R","BOSS","M","?","?","?","?","R","E","R","T","?","R","R","E"],"items_purchased_type":["Card","Card","Card"],"build_version":"2020-12-22","purchased_purges":2,"victory":false,"max_hp_per_floor":[80,80,80,80,80,80,80,80,87,97,97,97,97,97,97,97,97,97,97,97,97,97,97,97,97,97,97,97,97,97,97],"card_choices":[{"not_picked":["Ghostly Armor","Shockwave"],"picked":"Fire Breathing","floor":1},{"not_picked":["Flex","Pummel"],"picked":"Whirlwind","floor":1},{"not_picked":["Perfected Strike","Twin Strike"],"picked":"Evolve","floor":2},{"not_picked":["Body Slam","Warcry"],"picked":"Second Wind","floor":2},{"not_picked":["True Grit","Iron Wave"],"picked":"Power Through","floor":10},{"not_picked":["Double Tap","Flex","True Grit"],"picked":"SKIP","floor":13},{"not_picked":["Blood for Blood","Second Wind+1"],"picked":"True Grit+1","floor":18},{"not_picked":["Body Slam","Perfected Strike","Clash"],"picked":"SKIP","floor":18},{"not_picked":["Clash+1","Reckless Charge+1","Limit Break"],"picked":"SKIP","floor":24},{"not_picked":["Thunderclap+1","Fire Breathing","Rage"],"picked":"SKIP","floor":27},{"not_picked":["Seeing Red","Havoc","Blood for Blood"],"picked":"SKIP","floor":27}],"player_experience":263539,"relics_obtained":[{"floor":9,"key":"Strawberry"},{"floor":10,"key":"Pear"},{"floor":13,"key":"Dream Catcher"},{"floor":22,"key":"Akabeko"},{"floor":24,"key":"MawBank"},{"floor":26,"key":"Vajra"}],"event_choices":[{"damage_healed":0,"gold_gain":275,"player_choice":"Desecrate","damage_taken":0,"max_hp_gain":0,"max_hp_loss":0,"event_name":"Golden Shrine","floor":3,"gold_loss":0,"cards_obtained":["Regret"]},{"cards_removed":["Strike_R"],"damage_healed":0,"gold_gain":0,"player_choice":"Card Removal","damage_taken":7,"max_hp_gain":0,"max_hp_loss":0,"event_name":"Golden Wing","floor":14,"gold_loss":0},{"damage_healed":0,"gold_gain":0,"cards_transformed":["Whirlwind","Strike_R"],"player_choice":"Became Test Subject","damage_taken":0,"max_hp_gain":0,"max_hp_loss":0,"event_name":"Drug Dealer","floor":19,"gold_loss":0,"cards_obtained":["Iron Wave","Demon Form"]},{"damage_healed":0,"gold_gain":0,"player_choice":"Read","damage_taken":0,"max_hp_gain":0,"max_hp_loss":0,"event_name":"The Library","floor":20,"gold_loss":0,"cards_obtained":["Ghostly Armor"]},{"cards_removed":["Strike_R"],"damage_healed":0,"gold_gain":0,"player_choice":"Elegance","damage_taken":0,"max_hp_gain":0,"max_hp_loss":0,"event_name":"Back to Basics","floor":21,"gold_loss":0}],"is_beta":false,"boss_relics":[{"not_picked":["Black Blood","SlaversCollar"],"picked":"Mark of Pain"}],"items_purged_floors":[4,11],"is_endless":false,"potions_floor_spawned":[10,13,18],"killed_by":"Gremlin Leader","ascension_level":0}}