{"host":"cb9xh4d0ss8ax8yb","time":1612685072,"event":{"mods":["100% Spire Juice","BaseMod","Fox Events","Good Game Mod","Jess\u0027s Bottle","Minty Spire (QoL Compilation)","StSLib","The Dragon Tamer","The Gatherer"],"gold_per_floor":[112,32,66,117,117,162,80,80,80,80,97,155,155,78,78,201,81,119,41,78,89,128,185,185,213,213,213,213,63,63,101,101,196,196,207,61,107,124,142,142,172,0,0,0,0,25,25,50,50,50],"floor_reached":51,"language":"KOR","playtime":2977,"items_purged":[],"score":1172,"play_id":"f9faebf8-8320-44a9-8e59-0d2a70005124","local_time":"20210207170432","is_ascension_mode":true,"campfire_choices":[{"floor":10,"key":"REST"},{"data":"HandOfGreed","floor":13,"key":"SMITH"},{"data":"Moonworks:ScrambledEve","floor":15,"key":"SMITH"},{"data":"Moonworks:Wanted","floor":24,"key":"SMITH"},{"data":"Moonworks:BigMagnum","floor":27,"key":"SMITH"},{"data":"Moonworks:DevilHand","floor":32,"key":"SMITH"},{"data":"1","floor":40,"key":"LIFT"},{"data":"2","floor":47,"key":"LIFT"},{"data":"3","floor":49,"key":"LIFT"}],"circlet_count":0,"master_deck":["Moonworks:Strike","Moonworks:Strike","Moonworks:Strike","Moonworks:Defend","Moonworks:Defend","Moonworks:Defend","Moonworks:Defend","Moonworks:Ambush+1","Moonworks:LongDistanceShot","HandOfGreed+1","Moonworks:NicePresent","Moonworks:BigMagnum+1","Moonworks:DeployBits","Moonworks:UnluckyCharm","Moonworks:Wanted+1","Moonworks:LuckyCharm","Moonworks:ScrambledEve+1","Moonworks:ForcedRevival","Moonworks:DevilHand+1","Moonworks:AnotherUltimateWeapon+1","Moonworks:ExtendedPhotonRifle+1","Moonworks:EvilSpyWorkPreparation+1","Moonworks:IndiscriminateFireSupport","Moonworks:RedAndBlue+1","Moonworks:PlushieMaster","Moonworks:WindyEnchantment+1","Moonworks:WeAreWaruda","Moonworks:CrystalBarrier+1"],"relics":["Moonworks:SBBomb","Moonworks:Homemark","REME:ComplimentaryCards","Bag of Marbles","Ornamental Fan","SlaversCollar","MealTicket","Torii","Meat on the Bone","Strawberry","Regal Pillow","Moonworks:GoldenDie","Girya","Happy Flower","Red Mask","Mummified Hand","Gambling Chip","Toy Ornithopter","Frozen Egg 2"],"acts_visited":["Exordium","TheCity","TheBeyond"],"potions_floor_usage":[6,6,8,14,23,25,25,33],"damage_taken":[{"damage":8,"enemies":"Jaw Worm","floor":1,"turns":6},{"damage":0,"enemies":"Cultist","floor":2,"turns":2},{"damage":5,"enemies":"Small Slimes","floor":3,"turns":2},{"damage":5,"enemies":"Exordium Thugs","floor":4,"turns":4},{"damage":26,"enemies":"Gremlin Nob","floor":6,"turns":2},{"damage":6,"enemies":"Looter","floor":7,"turns":3},{"damage":0,"enemies":"Lagavulin","floor":8,"turns":2},{"damage":0,"enemies":"Blue Slaver","floor":11,"turns":2},{"damage":3,"enemies":"2 Fungi Beasts","floor":12,"turns":5},{"damage":0,"enemies":"Looter","floor":14,"turns":1},{"damage":14,"enemies":"Hexaghost","floor":16,"turns":8},{"damage":0,"enemies":"Spheric Guardian","floor":18,"turns":3},{"damage":5,"enemies":"Chosen","floor":19,"turns":4},{"damage":5,"enemies":"Snake Plant","floor":20,"turns":3},{"damage":27,"enemies":"Centurion and Healer","floor":21,"turns":4},{"damage":19,"enemies":"Cultist and Chosen","floor":22,"turns":6},{"damage":5,"enemies":"Gremlin Leader","floor":23,"turns":3},{"damage":10,"enemies":"Slavers","floor":25,"turns":4},{"damage":6,"enemies":"Snecko","floor":31,"turns":2},{"damage":6,"enemies":"Automaton","floor":33,"turns":4},{"damage":6,"enemies":"3 Shapes","floor":35,"turns":3},{"damage":6,"enemies":"2 Orb Walkers","floor":37,"turns":1},{"damage":0,"enemies":"Orb Walker","floor":38,"turns":2},{"damage":0,"enemies":"3 Darklings","floor":39,"turns":3},{"damage":0,"enemies":"Reptomancer","floor":41,"turns":3},{"damage":0,"enemies":"Nemesis","floor":46,"turns":3},{"damage":7,"enemies":"Giant Head","floor":48,"turns":5},{"damage":14,"enemies":"Donu and Deca","floor":50,"turns":4}],"seed_played":"3664612301474465696","potions_obtained":[{"floor":2,"key":"Moonworks:OneHundredPercentOrangeJuicePotion"},{"floor":3,"key":"SneckoOil"},{"floor":7,"key":"SmokeBomb"},{"floor":12,"key":"GamblersBrew"},{"floor":19,"key":"SpeedPotion"},{"floor":21,"key":"SteroidPotion"},{"floor":22,"key":"BlessingOfTheForge"},{"floor":25,"key":"Strength Potion"},{"floor":33,"key":"Strength Potion"},{"floor":39,"key":"FairyPotion"},{"floor":41,"key":"Regen Potion"}],"is_trial":false,"path_per_floor":["M","M","M","M","?","E","M","E","T","R","M","M","R","M","R","B",null,"M","M","M","M","M","E","R","E","T","R","?","$","T","M","R","B",null,"M","$","?","M","M","R","E","?","T","T","?","E","R","E","R","B",null],"character_chosen":"THE_STARBREAKER","items_purchased":["Strawberry","Moonworks:GoldenDie"],"campfire_rested":1,"item_purchase_floors":[29,36],"current_hp_per_floor":[52,52,47,42,42,16,10,10,10,28,28,25,25,30,30,21,60,60,60,55,33,19,22,22,17,17,17,17,39,39,45,45,44,67,66,67,61,61,61,61,61,61,61,61,61,66,66,60,60,51],"gold":50,"neow_bonus":"UPGRADE_CARD","is_daily":false,"chose_seed":false,"campfire_upgraded":5,"win_rate":0.0,"timestamp":1612685072,"path_taken":["M","M","M","M","?","E","M","E","T","R","M","M","R","?","R","BOSS","M","M","M","M","M","E","R","E","T","R","?","$","?","M","R","BOSS","M","$","?","M","M","R","E","?","T","?","?","E","R","E","R","BOSS"],"items_purchased_type":["Relic","Relic"],"build_version":"2020-12-22","purchased_purges":0,"victory":true,"max_hp_per_floor":[60,60,60,60,60,60,60,60,60,60,60,60,60,60,60,60,60,60,60,60,60,60,60,60,60,60,60,60,67,67,67,67,67,67,67,67,67,67,67,67,67,67,67,67,67,67,67,67,67,67],"card_choices":[{"not_picked":["Moonworks:JonathanRush","Moonworks:ImOnFire"],"picked":"Moonworks:NicePresent","floor":1},{"not_picked":["Moonworks:ReproductionOfRecords","Moonworks:ImOnFire"],"picked":"Moonworks:BigMagnum","floor":2},{"not_picked":["Moonworks:IndiscriminateFireSupport","Moonworks:DevilHand"],"picked":"Moonworks:DeployBits","floor":3},{"not_picked":["Moonworks:SinkOrSwim","Moonworks:TreasureThief"],"picked":"Moonworks:UnluckyCharm","floor":4},{"not_picked":["Moonworks:BigMagnum","Moonworks:RedAndBlue"],"picked":"Moonworks:Wanted","floor":6},{"not_picked":["Moonworks:JonathanRush","Moonworks:DevilHand"],"picked":"Moonworks:LuckyCharm","floor":7},{"not_picked":["Moonworks:JonathanRush","Moonworks:DeployBits"],"picked":"Moonworks:ScrambledEve","floor":11},{"not_picked":["Moonworks:DeployBits","Moonworks:IntelligenceOfficer"],"picked":"Moonworks:ForcedRevival","floor":12},{"not_picked":["Moonworks:ForcedRevival","Moonworks:ImOnFire"],"picked":"Moonworks:DevilHand","floor":14},{"not_picked":["Moonworks:SinkOrSwim","Moonworks:ShieldCounter"],"picked":"Moonworks:AnotherUltimateWeapon","floor":16},{"not_picked":["Moonworks:EvilSpyWorkPreparation+1","Moonworks:Heat300Percent"],"picked":"Moonworks:ExtendedPhotonRifle+1","floor":18},{"not_picked":["Moonworks:JonathanRush","Moonworks:ImOnFire"],"picked":"Moonworks:EvilSpyWorkPreparation+1","floor":19},{"not_picked":["Moonworks:EvilSpyWorkPreparation","Moonworks:DevilHand","Moonworks:ReproductionOfRecords"],"picked":"SKIP","floor":20},{"not_picked":["Moonworks:SakisCookie","Moonworks:x16BigRocket","Moonworks:JonathanRush"],"picked":"SKIP","floor":21},{"not_picked":["Moonworks:CloudOfSeagulls+1","Moonworks:Flamethrower","Moonworks:JonathanRush"],"picked":"SKIP","floor":22},{"not_picked":["Moonworks:UnpaidWork","Moonworks:IntelligenceOfficer"],"picked":"Moonworks:IndiscriminateFireSupport","floor":23},{"not_picked":["Moonworks:NicePresent","Moonworks:SakisCookie"],"picked":"Moonworks:RedAndBlue+1","floor":25},{"not_picked":["Moonworks:ImOnFire","Moonworks:x16BigRocket","Moonworks:SakisCookie"],"picked":"SKIP","floor":31},{"not_picked":["Moonworks:StarBlastingFuse","Moonworks:Encore"],"picked":"Moonworks:PlushieMaster","floor":33},{"not_picked":["Moonworks:LulusLuckyEgg","Moonworks:DeployBits","Moonworks:Assault+1"],"picked":"SKIP","floor":35},{"not_picked":["Moonworks:SealedMemories","Moonworks:LulusLuckyEgg","Moonworks:TacticalRetreat"],"picked":"SKIP","floor":38},{"not_picked":["Moonworks:BigMagnum","Moonworks:x16BigRocket"],"picked":"Moonworks:WindyEnchantment+1","floor":39},{"not_picked":["Moonworks:AngelHand","Moonworks:BigMagnum+1","Moonworks:RedAndBlue"],"picked":"SKIP","floor":41},{"not_picked":["Moonworks:RagingMadness","Moonworks:DeployBits"],"picked":"Moonworks:WeAreWaruda","floor":46},{"not_picked":["Moonworks:LulusLuckyEgg+1","Moonworks:BigMagnum+1"],"picked":"Moonworks:CrystalBarrier+1","floor":48}],"player_experience":453870,"relics_obtained":[{"floor":6,"key":"Bag of Marbles"},{"floor":9,"key":"Ornamental Fan"},{"floor":23,"key":"MealTicket"},{"floor":25,"key":"Torii"},{"floor":26,"key":"Meat on the Bone"},{"floor":30,"key":"Regal Pillow"},{"floor":37,"key":"Girya"},{"floor":41,"key":"Happy Flower"},{"floor":43,"key":"Mummified Hand"},{"floor":44,"key":"Gambling Chip"},{"floor":46,"key":"Toy Ornithopter"},{"floor":48,"key":"Frozen Egg 2"}],"event_choices":[{"damage_healed":0,"gold_gain":0,"player_choice":"Bought 0 Potions","damage_taken":0,"max_hp_gain":0,"max_hp_loss":0,"event_name":"The Woman in Blue","floor":5,"gold_loss":0},{"damage_healed":0,"gold_gain":0,"player_choice":"Upgraded","damage_taken":0,"max_hp_gain":0,"max_hp_loss":0,"event_name":"Upgrade Shrine","floor":28,"gold_loss":0,"cards_upgraded":["Moonworks:AnotherUltimateWeapon"]},{"damage_healed":0,"gold_gain":0,"player_choice":"Fight","damage_taken":0,"max_hp_gain":0,"max_hp_loss":0,"event_name":"Mysterious Sphere","floor":37,"gold_loss":0},{"damage_healed":0,"gold_gain":0,"player_choice":"Paid","damage_taken":0,"relics_obtained":["Red Mask"],"max_hp_gain":0,"max_hp_loss":0,"event_name":"Tomb of Lord Red Mask","floor":42,"gold_loss":172},{"cards_removed":["Moonworks:Strike"],"damage_healed":0,"gold_gain":0,"player_choice":"Removed Attack","damage_taken":0,"max_hp_gain":0,"max_hp_loss":0,"event_name":"Falling","floor":45,"gold_loss":0}],"is_beta":false,"boss_relics":[{"not_picked":["Tiny House","Runic Pyramid"],"picked":"SlaversCollar"},{"not_picked":["Pandora\u0027s Box","SacredBark"],"picked":"Moonworks:SBBomb"}],"items_purged_floors":[],"is_endless":false,"potions_floor_spawned":[2,3,7,12,19,21,22,25,33,39,41],"ascension_level":3}}