{"host":"dn2xyj3kd3d9cfyb","time":1612682043,"event":{"mods":["BaseMod","Conspire","Hero for Fun","Hubris","Marisa£®ÏF”Í°°ƒß¿Ì…≥£©","Minty Spire (QoL Compilation)","Remilia£®¿Ÿ√◊¿Ú—«£©","Replay The Spire","Shop Mod","StSLib","The Animator","The Construct","The Cursed","The Mystic","Youmu£®ªÍ∆«—˝√Œ£©","Yuri Mod","Yuyuko"],"gold_per_floor":[14,33,45,58,68,100,100,127,127,155,184,202,217,230,230,334,334,353,296,296,296],"floor_reached":20,"language":"ZHS","playtime":253,"items_purged":[],"score":383,"play_id":"e5094e9e-6aaf-46a4-816f-7580cb6070d5","local_time":"20210207151403","daily_mods":["Vintage","Flight"],"is_ascension_mode":false,"campfire_choices":[{"data":"Consecutive_Normal_Punch","floor":15,"key":"SMITH"}],"circlet_count":0,"master_deck":["Strike_Y","Strike_Y","Strike_Y","Strike_Y","Strike_Y","Defend_Y","Defend_Y","Defend_Y","Defend_Y","Defend_Y","Serious_Punch","Slap","Consecutive_Normal_Punch+1","Terrifying_Presence","Toss_Stone","Toss_Stone"],"relics":["Cape","ScarletDevilRocket","Pear","Pocketwatch","ReplayTheSpireMod:TigerMarble","Garlic","Nunchaku","hubris:ToyBattleship","ReplayTheSpireMod:Shallot","Ornamental Fan","hubris:Reverence","Blood Vial","Pet Ghost","BranchBurnRelic","Philosopher\u0027s Stone","hubris:TinFlute"],"acts_visited":["Exordium","TheCity"],"potions_floor_usage":[],"damage_taken":[{"damage":0,"enemies":"conspire:RoseBush","floor":1,"turns":1},{"damage":0,"enemies":"Small Slimes","floor":2,"turns":1},{"damage":0,"enemies":"Cultist","floor":3,"turns":1},{"damage":0,"enemies":"Exordium Wildlife","floor":4,"turns":1},{"damage":0,"enemies":"2 Fungi Beasts","floor":5,"turns":2},{"damage":0,"enemies":"3 Sentries","floor":6,"turns":2},{"damage":0,"enemies":"Gremlin Nob","floor":8,"turns":1},{"damage":0,"enemies":"Lagavulin","floor":10,"turns":1},{"damage":0,"enemies":"3 Sentries","floor":11,"turns":1},{"damage":0,"enemies":"Blue Slaver","floor":12,"turns":1},{"damage":0,"enemies":"3 Louse","floor":13,"turns":1},{"damage":0,"enemies":"2 Fungi Beasts","floor":14,"turns":1},{"damage":0,"enemies":"Slime Boss","floor":16,"turns":1},{"damage":0,"enemies":"Chosen","floor":18,"turns":1},{"damage":0,"enemies":"Shell Parasite","floor":20,"turns":1}],"seed_played":"3595962540760617216","potions_obtained":[{"floor":1,"key":"Weak Potion"},{"floor":2,"key":"SpeedPotion"},{"floor":5,"key":"Fire Potion"}],"is_trial":true,"path_per_floor":["M","M","M","M","M","E","$","E","T","E","E","M","M","M","R","B",null,"M","$","M"],"character_chosen":"OPM","items_purchased":["Toss_Stone"],"campfire_rested":0,"item_purchase_floors":[19],"current_hp_per_floor":[999,999,1009,1009,1009,1009,1009,1009,1009,1009,1009,1009,1009,1009,1009,1009,1009,1009,1009,1009,1009],"gold":296,"neow_bonus":"","is_daily":false,"chose_seed":false,"campfire_upgraded":1,"win_rate":0.0,"timestamp":1612682043,"path_taken":["M","M","?","M","M","E","$","E","T","E","E","M","M","M","R","BOSS","M","$","M"],"items_purchased_type":["Card"],"build_version":"2020-12-22","purchased_purges":0,"victory":false,"max_hp_per_floor":[999,999,1009,1009,1009,1009,1009,1009,1009,1009,1009,1009,1009,1009,1009,1009,1009,1009,1009,1009,1009],"card_choices":[{"not_picked":["Consecutive_Normal_Punch","Ignore"],"picked":"Serious_Punch","floor":6},{"not_picked":["Do_Nothing","Yawn","Ignore"],"picked":"SKIP","floor":8},{"not_picked":["Toss_Stone","Do_Nothing"],"picked":"Slap","floor":10},{"not_picked":["Side_Hop","Hop"],"picked":"Consecutive_Normal_Punch","floor":11},{"not_picked":["Hip_Strike","Serious_Punch"],"picked":"Terrifying_Presence","floor":16}],"player_experience":625625,"relics_obtained":[{"floor":1,"key":"Dead Branch"},{"floor":2,"key":"ScarletDevilRocket"},{"floor":3,"key":"Pear"},{"floor":4,"key":"Pocketwatch"},{"floor":5,"key":"ReplayTheSpireMod:TigerMarble"},{"floor":6,"key":"Garlic"},{"floor":8,"key":"Nunchaku"},{"floor":9,"key":"hubris:ToyBattleship"},{"floor":10,"key":"ReplayTheSpireMod:Shallot"},{"floor":11,"key":"Ornamental Fan"},{"floor":12,"key":"hubris:Reverence"},{"floor":13,"key":"Blood Vial"},{"floor":14,"key":"Pet Ghost"},{"floor":18,"key":"hubris:TinFlute"}],"event_choices":[],"is_beta":false,"boss_relics":[{"not_picked":["hubris:HollowSoul","SacredBark"],"picked":"Philosopher\u0027s Stone"}],"items_purged_floors":[],"is_endless":true,"potions_floor_spawned":[1,2,5,6,13,14],"killed_by":"Shell Parasite","ascension_level":0}}