{"host":"seujf6kmfn3ctpoe","time":1612714690,"event":{"mods":["BaseMod","Colored Map","Minty Spire (QoL Compilation)","Permanent Neow","Relic Sorter","Relic Stats","StSLib"],"gold_per_floor":[115,115,115,130,147,177,277,290,338,367,367,379,379,399,399,502,502,519,519,444,456,154,188,188,213,236,236,249,249,3,35,35,136,136,152,102,115,115,125,125,85,85,85,113,113,125,144,161,161,161],"floor_reached":51,"language":"ENG","playtime":2699,"items_purged":["Dodge and Roll+1"],"score":1069,"play_id":"dfb667c3-5a8b-4fa5-8d40-ff33bec3d0e1","local_time":"20210207171810","daily_mods":["SealedDeck"],"is_ascension_mode":true,"campfire_choices":[{"data":"Catalyst","floor":11,"key":"SMITH"},{"data":"Deadly Poison","floor":13,"key":"SMITH"},{"data":"Bane","floor":15,"key":"SMITH"},{"data":"Bane","floor":24,"key":"SMITH"},{"data":"Poisoned Stab","floor":29,"key":"SMITH"},{"data":"Deadly Poison","floor":32,"key":"SMITH"},{"data":"Catalyst","floor":40,"key":"SMITH"},{"data":"Footwork","floor":42,"key":"SMITH"},{"data":"Footwork","floor":45,"key":"SMITH"},{"floor":49,"key":"REST"}],"circlet_count":0,"master_deck":["Footwork+1","Poisoned Stab+1","Bane+1","Blur","Backflip+1","Catalyst+1","Bane+1","Deadly Poison+1","Poisoned Stab","Escape Plan+1","Deflect","Deflect+1","Calculated Gamble+1","Footwork+1","Finesse","Deadly Poison+1","Blur","Trip","Catalyst+1","Corpse Explosion","Noxious Fumes"],"relics":["Ring of the Serpent","Ninja Scroll","Omamori","Strawberry","War Paint","ClockworkSouvenir","Boot","Blood Vial","Smiling Mask","Orrery","Bronze Scales","Calling Bell","PreservedInsect","White Beast Statue","Pocketwatch","The Courier","InkBottle"],"acts_visited":["Exordium","TheCity","TheBeyond"],"potions_floor_usage":[16,25,44,44,44,50,50],"damage_taken":[{"damage":0,"enemies":"2 Louse","floor":1,"turns":2},{"damage":0,"enemies":"Small Slimes","floor":4,"turns":2},{"damage":0,"enemies":"Cultist","floor":5,"turns":2},{"damage":18,"enemies":"Lagavulin","floor":6,"turns":4},{"damage":0,"enemies":"Red Slaver","floor":8,"turns":2},{"damage":0,"enemies":"Gremlin Nob","floor":10,"turns":3},{"damage":0,"enemies":"Blue Slaver","floor":12,"turns":3},{"damage":0,"enemies":"2 Fungi Beasts","floor":14,"turns":3},{"damage":0,"enemies":"Slime Boss","floor":16,"turns":9},{"damage":8,"enemies":"Shell Parasite","floor":18,"turns":3},{"damage":6,"enemies":"2 Thieves","floor":21,"turns":3},{"damage":0,"enemies":"Slavers","floor":23,"turns":10},{"damage":6,"enemies":"Book of Stabbing","floor":25,"turns":4},{"damage":0,"enemies":"Centurion and Healer","floor":28,"turns":6},{"damage":4,"enemies":"Slavers","floor":31,"turns":4},{"damage":0,"enemies":"Champ","floor":33,"turns":13},{"damage":0,"enemies":"Orb Walker","floor":35,"turns":3},{"damage":0,"enemies":"3 Darklings","floor":37,"turns":6},{"damage":0,"enemies":"Transient","floor":39,"turns":5},{"damage":33,"enemies":"Reptomancer","floor":44,"turns":7},{"damage":0,"enemies":"Jaw Worm Horde","floor":46,"turns":3},{"damage":1,"enemies":"Maw","floor":47,"turns":5},{"damage":16,"enemies":"4 Shapes","floor":48,"turns":5},{"damage":0,"enemies":"Donu and Deca","floor":50,"turns":6}],"seed_played":"-7915276407663176776","potions_obtained":[{"floor":4,"key":"GhostInAJar"},{"floor":6,"key":"Poison Potion"},{"floor":8,"key":"PowerPotion"},{"floor":18,"key":"Fire Potion"},{"floor":33,"key":"Swift Potion"},{"floor":44,"key":"EssenceOfSteel"},{"floor":46,"key":"CunningPotion"},{"floor":47,"key":"FairyPotion"},{"floor":48,"key":"SkillPotion"}],"is_trial":true,"path_per_floor":["M","?","?","M","M","E","?","M","T","E","R","M","R","M","R","B",null,"M","T","?","M","$","E","R","E","T","?","M","R","$","E","R","B",null,"M","$","M","?","M","R","$","R","T","E","R","M","M","M","R","B",null],"character_chosen":"THE_SILENT","items_purchased":["Footwork","Finesse","ClockworkSouvenir","Orrery","Trip","Noxious Fumes"],"campfire_rested":1,"item_purchase_floors":[22,22,22,30,30,41],"current_hp_per_floor":[70,70,63,63,63,45,45,45,45,52,52,52,52,52,52,52,77,69,69,69,63,63,63,63,57,57,57,59,59,59,57,57,59,77,77,77,77,77,77,77,77,77,77,44,44,46,47,33,56,58],"gold":161,"neow_bonus":"","is_daily":false,"chose_seed":false,"campfire_upgraded":9,"win_rate":0.0,"timestamp":1612714690,"path_taken":["M","?","?","M","M","E","?","?","T","E","R","M","R","M","R","BOSS","M","?","?","M","$","E","R","E","T","?","?","R","$","E","R","BOSS","M","$","M","?","M","R","$","R","T","E","R","M","M","?","R","BOSS"],"items_purchased_type":["Card","Card","Relic","Relic","Card","Card"],"build_version":"2020-12-22","purchased_purges":1,"victory":true,"max_hp_per_floor":[70,70,70,70,70,70,70,70,70,77,77,77,77,77,77,77,77,77,77,77,77,77,77,77,77,77,77,77,77,77,77,77,77,77,77,77,77,77,77,77,77,77,77,77,77,77,77,77,77,77],"relic_stats":{"Blood Vial":14,"counters":[24,113],"Bronze Scales":[157],"PreservedInsect":60,"War Paint":["Backflip","Escape Plan"],"Boot":[30],"Smiling Mask":25,"obtain_stats":[{"PreservedInsect":34,"The Courier":43,"Omamori":9,"War Paint":19,"Boot":23,"Smiling Mask":26,"White Beast Statue":34,"ClockworkSouvenir":22,"Blood Vial":25,"Calling Bell":34,"Ninja Scroll":6,"Strawberry":10,"Bronze Scales":31,"Orrery":30,"Ring of the Serpent":17,"InkBottle":44,"Ring of the Snake":0,"Pocketwatch":34},{"PreservedInsect":16,"The Courier":19,"Omamori":5,"War Paint":10,"Boot":12,"Smiling Mask":13,"White Beast Statue":16,"ClockworkSouvenir":11,"Blood Vial":13,"Calling Bell":16,"Ninja Scroll":4,"Strawberry":6,"Bronze Scales":15,"Orrery":14,"Ring of the Serpent":9,"InkBottle":20,"Ring of the Snake":0,"Pocketwatch":16},{"PreservedInsect":73,"The Courier":87,"Omamori":12,"War Paint":33,"Boot":46,"Smiling Mask":50,"White Beast Statue":73,"ClockworkSouvenir":36,"Blood Vial":50,"Calling Bell":73,"Ninja Scroll":10,"Strawberry":15,"Bronze Scales":60,"Orrery":56,"Ring of the Serpent":30,"InkBottle":94,"Ring of the Snake":0,"Pocketwatch":73}],"InkBottle":[11],"Pocketwatch":[6]},"card_choices":[{"not_picked":["Deflect","Cloak And Dagger"],"picked":"Poisoned Stab","floor":1},{"not_picked":["Quick Slash","Cloak And Dagger","Prepared"],"picked":"SKIP","floor":4},{"not_picked":["Quick Slash","Acrobatics"],"picked":"Escape Plan","floor":5},{"not_picked":["Outmaneuver","Backstab","Masterful Stab"],"picked":"SKIP","floor":6},{"not_picked":["Slice","PiercingWail"],"picked":"Deflect","floor":8},{"not_picked":["Blade Dance","Bane"],"picked":"Leg Sweep","floor":10},{"not_picked":["Acrobatics","Poisoned Stab","Dagger Throw"],"picked":"SKIP","floor":12},{"not_picked":["Quick Slash","PiercingWail","Outmaneuver"],"picked":"SKIP","floor":14},{"not_picked":["Accuracy","PiercingWail"],"picked":"Deflect+1","floor":18},{"not_picked":["Accuracy","Cloak And Dagger"],"picked":"Calculated Gamble+1","floor":21},{"not_picked":["Adrenaline","Escape Plan+1","Finisher"],"picked":"SKIP","floor":23},{"not_picked":["Prepared","Poisoned Stab","Heel Hook+1"],"picked":"SKIP","floor":25},{"not_picked":["Flying Knee+1","Cloak And Dagger+1","Prepared"],"picked":"SKIP","floor":28},{"not_picked":["Blur","Poisoned Stab"],"picked":"Deadly Poison","floor":30},{"not_picked":["Caltrops+1","Cloak And Dagger"],"picked":"Blur","floor":30},{"not_picked":["Acrobatics","Prepared"],"picked":"Catalyst","floor":31},{"not_picked":["Adrenaline","Burst"],"picked":"Corpse Explosion","floor":33},{"not_picked":["Prepared+1","Outmaneuver"],"picked":"Dodge and Roll+1","floor":35},{"not_picked":["Slice","Caltrops+1","Tactician+1"],"picked":"SKIP","floor":37},{"not_picked":["A Thousand Cuts","Cloak And Dagger+1","PiercingWail+1"],"picked":"SKIP","floor":39},{"not_picked":["Riddle With Holes+1","Dagger Spray","Blade Dance+1"],"picked":"SKIP","floor":44},{"not_picked":["Predator+1","Bane+1","Dodge and Roll+1"],"picked":"SKIP","floor":46},{"not_picked":["Flying Knee+1","PiercingWail+1","Slice+1"],"picked":"SKIP","floor":47},{"not_picked":["Backstab+1","Cloak And Dagger","Heel Hook"],"picked":"SKIP","floor":48}],"player_experience":423599,"relics_obtained":[{"floor":6,"key":"Ninja Scroll"},{"floor":9,"key":"Omamori"},{"floor":10,"key":"Strawberry"},{"floor":19,"key":"War Paint"},{"floor":23,"key":"Boot"},{"floor":25,"key":"Blood Vial"},{"floor":26,"key":"Smiling Mask"},{"floor":31,"key":"Bronze Scales"},{"floor":34,"key":"PreservedInsect"},{"floor":34,"key":"White Beast Statue"},{"floor":34,"key":"Pocketwatch"},{"floor":43,"key":"The Courier"},{"floor":44,"key":"InkBottle"}],"event_choices":[{"damage_healed":0,"gold_gain":0,"player_choice":"Ignored","damage_taken":0,"max_hp_gain":0,"max_hp_loss":0,"event_name":"Liars Game","floor":2,"gold_loss":0},{"cards_removed":["PiercingWail"],"damage_healed":0,"gold_gain":0,"player_choice":"Card Removal","damage_taken":7,"max_hp_gain":0,"max_hp_loss":0,"event_name":"Golden Wing","floor":3,"gold_loss":0},{"damage_healed":0,"gold_gain":100,"player_choice":"Pray","damage_taken":0,"max_hp_gain":0,"max_hp_loss":0,"event_name":"Golden Shrine","floor":7,"gold_loss":0},{"cards_removed":["Deflect"],"damage_healed":0,"gold_gain":0,"player_choice":"Gave Gold","damage_taken":0,"max_hp_gain":0,"max_hp_loss":0,"event_name":"Beggar","floor":20,"gold_loss":75},{"damage_healed":0,"gold_gain":0,"player_choice":"Simplicity","damage_taken":0,"max_hp_gain":0,"max_hp_loss":0,"event_name":"Back to Basics","floor":27,"gold_loss":0,"cards_upgraded":[]},{"cards_removed":["Leg Sweep"],"damage_healed":0,"gold_gain":0,"player_choice":"Offered Uncommon","damage_taken":0,"max_hp_gain":0,"max_hp_loss":0,"event_name":"Bonfire Elementals","floor":38,"gold_loss":0}],"is_beta":false,"boss_relics":[{"not_picked":["HoveringKite","SacredBark"],"picked":"Ring of the Serpent"},{"not_picked":["Astrolabe","Runic Dome"],"picked":"Calling Bell"}],"items_purged_floors":[36],"is_endless":false,"potions_floor_spawned":[4,6,8,14,18,21,33,35,37,39,44,46,47,48],"ascension_level":1}}