{"host":"skr63qsdfgeey3it","time":1612676564,"event":{"mods":["BaseMod","Colored Map","Hubris","Minty Spire (QoL Compilation)","Monster B Gone","Reliquary","Replay The Spire","Spicy Shops","StSLib"],"gold_per_floor":[117,33,33,33,44,44,79,97,145,176,251,18,18,34,34,111,111,124,0,0,20,62,62,95,95,121,121,121],"floor_reached":27,"language":"ENG","playtime":1634,"items_purged":["hubris:Lust"],"score":474,"play_id":"add2a1c9-9aca-4552-92a8-bc8be7fc55fd","local_time":"20210206234244","is_ascension_mode":true,"campfire_choices":[{"data":"Scrape","floor":6.0,"key":"SMITH"},{"data":"ReplayTheSpireMod:Calculation Training","floor":15.0,"key":"SMITH"},{"data":"Rainbow","floor":23,"key":"SMITH"},{"data":"Go for the Eyes","floor":25,"key":"SMITH"}],"circlet_count":0,"master_deck":["AscendersBane","Strike_B","Strike_B","Strike_B+1","Defend_B","Defend_B","Defend_B","Zap","Dualcast","Scrape+1","ReplayGash","Rebound","Leap","Doom and Gloom+1","Go for the Eyes+1","Rainbow+1","Consume","ReplayTheSpireMod:Calculation Training+1","Reboot","Redo","Loop","Skim"],"relics":["Cracked Core","NeowsBlessing","hubris:Icosahedron","Replay:Towering Pillar of Hats","Replay:Antivirus Software","Whetstone","Geode","Lee\u0027s Waffle","Empty Cage","hubris:BottledHeart","ReplayTheSpireMod:CursedCoin","DataDisk","hubris:SlimyHat"],"acts_visited":["Exordium","TheCity"],"potions_floor_usage":[24,27],"damage_taken":[{"damage":0.0,"enemies":"Jaw Worm","floor":1.0,"turns":1.0},{"damage":0.0,"enemies":"2 Louse","floor":5.0,"turns":1.0},{"damage":0.0,"enemies":"Gremlin Nob","floor":7.0,"turns":1.0},{"damage":0.0,"enemies":"Cultist","floor":8.0,"turns":2.0},{"damage":42.0,"enemies":"Lagavulin","floor":10.0,"turns":5.0},{"damage":7.0,"enemies":"Blue Slaver","floor":14.0,"turns":3.0},{"damage":46.0,"enemies":"Fading Forest","floor":16.0,"turns":11.0},{"damage":63,"enemies":"Chosen","floor":18,"turns":7},{"damage":0,"enemies":"3 Byrds","floor":21,"turns":3},{"damage":0,"enemies":"Replay:Snechameleon","floor":24,"turns":7},{"damage":9,"enemies":"Gremlin Leader","floor":27,"turns":2}],"seed_played":"-71501564692108267","potions_obtained":[{"floor":1.0,"key":"DuplicationPotion"},{"floor":8.0,"key":"Death Potion"},{"floor":16.0,"key":"Languid Potion"},{"floor":21,"key":"Block Potion"}],"is_trial":false,"path_per_floor":["M","$","?","T","M","R","E","M","T","E","?","$","$","M","R","B",null,"M","?","?","M","$","R","E","R","T","E"],"character_chosen":"DEFECT","items_purchased":["ReplayGash","Rebound","Lee\u0027s Waffle","Consume","ReplayTheSpireMod:CursedCoin","Loop"],"campfire_rested":0,"item_purchase_floors":[2,2,12,12,22,22],"current_hp_per_floor":[68,68,68,68,68,68,68,68,68,26,15,82,82,75,75,44,73,10,10,1,1,1,1,1,1,1,0,0],"gold":121,"neow_bonus":"THREE_ENEMY_KILL","is_daily":false,"chose_seed":false,"campfire_upgraded":4,"win_rate":0.0,"timestamp":1612676564,"path_taken":["M","$","?","?","M","R","E","M","T","E","?","?","$","?","R","BOSS","M","?","?","?","$","R","E","R","T","E"],"items_purchased_type":["Card","Card","Relic","Card","Relic","Card"],"build_version":"2020-12-22","purchased_purges":1,"victory":false,"max_hp_per_floor":[75,75,75,75,75,75,75,75,75,75,75,82,82,82,82,82,82,82,82,1,1,1,1,1,1,1,1,1],"card_choices":[{"not_picked":["Turbo","Ball Lightning"],"picked":"Scrape","floor":1.0},{"not_picked":["Steam","Ball Lightning"],"picked":"Leap","floor":5.0},{"not_picked":["Ball Lightning","Stack"],"picked":"Doom and Gloom","floor":7.0},{"not_picked":["Stack","Redo"],"picked":"Go for the Eyes","floor":8.0},{"not_picked":["Rip and Tear","Loop"],"picked":"Rainbow","floor":10.0},{"not_picked":["Stack","Undo"],"picked":"ReplayTheSpireMod:Calculation Training","floor":14.0},{"not_picked":["ReplayTheSpireMod:Omega Cannon","Core Surge"],"picked":"Reboot","floor":16.0},{"not_picked":["Stack","Sweeping Beam"],"picked":"Redo","floor":18},{"not_picked":["Compile Driver","ReplaySort","Force Field"],"picked":"SKIP","floor":21},{"not_picked":["ReplayTheSpireMod:Omega Cannon","Coolheaded"],"picked":"Skim","floor":24}],"player_experience":899210,"relics_obtained":[{"floor":4.0,"key":"Replay:Towering Pillar of Hats"},{"floor":7.0,"key":"Replay:Antivirus Software"},{"floor":9.0,"key":"Whetstone"},{"floor":10.0,"key":"Geode"},{"floor":24,"key":"DataDisk"},{"floor":26,"key":"hubris:SlimyHat"}],"event_choices":[{"damage_healed":0.0,"max_hp_gain":0.0,"max_hp_loss":0.0,"gold_gain":75.0,"event_name":"World of Goop","player_choice":"Gather Gold","floor":11.0,"gold_loss":0.0,"damage_taken":11.0},{"damage_healed":0,"gold_gain":0,"player_choice":"Paid Fearfully","damage_taken":0,"max_hp_gain":0,"max_hp_loss":0,"event_name":"Masked Bandits","floor":19,"gold_loss":124}],"is_beta":false,"boss_relics":[{"not_picked":["Busted Crown","FrozenCore"],"picked":"Empty Cage"}],"items_purged_floors":[22],"is_endless":false,"potions_floor_spawned":[1,8,16,21],"killed_by":"Gremlin Leader","ascension_level":13}}