{"host":"hjajo0rafoe1e6c4","time":1612676736,"event":{"mods":["AchievementEnabler","BaseMod","Bestiary","Colored Map","Colored Powertips","Downfall","Highlight Path","Minty Spire (QoL Compilation)","Relic Stats","StSLib"],"gold_per_floor":[118,49,69,69,144,144,182,182,182,202,202,237,257,54,54,184,184,209,209,209,224,239,239,239,239],"floor_reached":24,"language":"ENG","playtime":796,"items_purged":[],"score":263,"play_id":"cbb38340-eada-45b6-baf5-83b18fec9474","local_time":"20210207004536","is_ascension_mode":true,"campfire_choices":[{"data":"Bash","floor":6.0,"key":"SMITH"},{"data":"Shrug It Off","floor":8.0,"key":"SMITH"},{"data":"Shockwave","floor":11.0,"key":"SMITH"},{"floor":15.0,"key":"REST"},{"data":"RitualDagger","floor":23,"key":"SMITH"}],"circlet_count":0,"master_deck":["Strike_R","Strike_R","Strike_R","Strike_R","Strike_R","Defend_R","Defend_R","Defend_R","Defend_R","Bash+1","Rampage","Dropkick","Shrug It Off+1","Double Tap","Shockwave+1","Rampage","Armaments","Flex+1","Reaper","Metallicize","RitualDagger+1","Flame Barrier"],"relics":["Burning Blood","NeowsBlessing","Golden Idol","Question Card","Gambling Chip","Regal Pillow","ClockworkSouvenir","SlaversCollar"],"acts_visited":["Exordium","TheCity"],"potions_floor_usage":[16,22,22,22],"damage_taken":[{"damage":0.0,"enemies":"Cultist","floor":1.0,"turns":1.0},{"damage":0.0,"enemies":"2 Louse","floor":3.0,"turns":1.0},{"damage":0.0,"enemies":"3 Sentries","floor":7.0,"turns":2.0},{"damage":8.0,"enemies":"Small Slimes","floor":10.0,"turns":3.0},{"damage":30.0,"enemies":"Lagavulin","floor":12.0,"turns":5.0},{"damage":13.0,"enemies":"Red Slaver","floor":13.0,"turns":3.0},{"damage":27,"enemies":"The Guardian","floor":16,"turns":7},{"damage":9,"enemies":"Chosen","floor":18,"turns":4},{"damage":30,"enemies":"3 Byrds","floor":21,"turns":5},{"damage":35,"enemies":"Centurion and Healer","floor":22,"turns":10},{"damage":66,"enemies":"3 Cultists","floor":24,"turns":4}],"seed_played":"1258766174547183041","potions_obtained":[{"floor":7.0,"key":"ColorlessPotion"},{"floor":10.0,"key":"Regen Potion"},{"floor":12.0,"key":"Ancient Potion"},{"floor":16,"key":"EssenceOfSteel"},{"floor":22,"key":"ElixirPotion"}],"is_trial":false,"path_per_floor":["M","$","M","?","?","R","E","R","T","M","R","E","M","$","R","B",null,"M","?","?","M","M","R","M"],"character_chosen":"IRONCLAD","items_purchased":["Dropkick","ClockworkSouvenir","Flex"],"campfire_rested":1,"item_purchase_floors":[2,14,14],"current_hp_per_floor":[80,80,80,60,49,49,55,55,55,53,53,29,22,22,61,40,80,77,71,71,56,42,42,0,0],"gold":239,"neow_bonus":"THREE_ENEMY_KILL","is_daily":false,"chose_seed":false,"campfire_upgraded":4,"win_rate":0.0,"timestamp":1612676736,"path_taken":["M","?","M","?","?","R","E","R","T","M","R","E","M","$","R","BOSS","M","?","?","?","M","R","?"],"items_purchased_type":["Card","Relic","Card"],"build_version":"2020-12-22","purchased_purges":0,"victory":false,"max_hp_per_floor":[80,80,80,80,80,80,80,80,80,80,80,80,80,80,80,80,80,80,80,80,80,80,80,80,80],"relic_stats":{"Regal Pillow":15,"counters":[11,45],"Golden Idol":60,"Gambling Chip":[20],"Question Card":7,"obtain_stats":[{"SlaversCollar":17,"Regal Pillow":12,"NeowsBlessing":0,"Golden Idol":4,"Gambling Chip":9,"Question Card":7,"Burning Blood":0,"ClockworkSouvenir":14},{"SlaversCollar":7,"Regal Pillow":5,"NeowsBlessing":0,"Golden Idol":2,"Gambling Chip":3,"Question Card":3,"Burning Blood":0,"ClockworkSouvenir":6},{"SlaversCollar":22,"Regal Pillow":12,"NeowsBlessing":0,"Golden Idol":2,"Gambling Chip":4,"Question Card":4,"Burning Blood":0,"ClockworkSouvenir":15}],"Burning Blood":48},"card_choices":[{"not_picked":["Clash","Body Slam"],"picked":"Rampage","floor":1.0},{"not_picked":["Havoc","Pummel"],"picked":"Shrug It Off","floor":3.0},{"not_picked":["Clothesline","Blood for Blood"],"picked":"Double Tap","floor":7.0},{"not_picked":["Clash","Fire Breathing","Clothesline"],"picked":"Shockwave","floor":10.0},{"not_picked":["Pummel","Blood for Blood","Disarm"],"picked":"Rampage","floor":12.0},{"not_picked":["True Grit","Flex","Cleave"],"picked":"Armaments","floor":13.0},{"not_picked":["Demon Form","Offering","Corruption"],"picked":"Reaper","floor":16},{"not_picked":["Intimidate","Carnage","Hemokinesis"],"picked":"Metallicize","floor":18},{"not_picked":["Cleave","Flex+1","Headbutt+1"],"picked":"Flame Barrier","floor":21},{"not_picked":["Thunderclap","Havoc+1","Perfected Strike","Bloodletting"],"picked":"SKIP","floor":22}],"player_experience":254572,"relics_obtained":[{"floor":7.0,"key":"Question Card"},{"floor":9.0,"key":"Gambling Chip"},{"floor":12.0,"key":"Regal Pillow"}],"event_choices":[{"damage_healed":0.0,"max_hp_gain":0.0,"max_hp_loss":0.0,"gold_gain":0.0,"event_name":"Golden Idol","player_choice":"Take Damage","floor":4.0,"gold_loss":0.0,"damage_taken":20.0,"relics_obtained":["Golden Idol"]},{"damage_healed":0.0,"max_hp_gain":0.0,"max_hp_loss":0.0,"gold_gain":75.0,"event_name":"World of Goop","player_choice":"Gather Gold","floor":5.0,"gold_loss":0.0,"damage_taken":11.0},{"damage_healed":0,"gold_gain":0,"player_choice":"Joined the Cult","damage_taken":6,"max_hp_gain":0,"max_hp_loss":0,"event_name":"Nest","floor":19,"gold_loss":0,"cards_obtained":["RitualDagger"]},{"damage_healed":0,"gold_gain":0,"player_choice":"Forge","damage_taken":0,"max_hp_gain":0,"max_hp_loss":0,"event_name":"Accursed Blacksmith","floor":20,"gold_loss":0,"cards_upgraded":["Flex"]}],"is_beta":false,"boss_relics":[{"not_picked":["Busted Crown","SacredBark"],"picked":"SlaversCollar"}],"items_purged_floors":[],"is_endless":false,"potions_floor_spawned":[7,10,12,16,21,22],"killed_by":"3 Cultists","ascension_level":3}}