{"host":"sc0o2qwpf9j16a4i","time":1612716306,"event":{"mods":["AchievementEnabler","BaseMod","BetterRewards","Block Reminder","Colored Map","Colored Powertips","Custom Start","Highlight Path","Minty Spire (QoL Compilation)","Relic Stats"],"gold_per_floor":[115,130,149,161,161,161,191,19,19,194,206,223,223,223,223,322,322,334,353,365,381,381,381,416,416,416,435,435,0,20,46,46,46,46],"floor_reached":33,"language":"ENG","playtime":1108,"items_purged":[],"score":319,"play_id":"f449783c-a99d-4485-a557-0f2a04c47a35","local_time":"20210207184506","daily_mods":["Draft","Uncertain Future","Night Terrors"],"is_ascension_mode":false,"campfire_choices":[{"data":"SashWhip","floor":6,"key":"SMITH"},{"data":"ClearTheMind","floor":13,"key":"SMITH"},{"data":"Crescendo","floor":15,"key":"SMITH"},{"floor":23,"key":"REST"},{"floor":25,"key":"REST"},{"data":"Apotheosis","floor":32,"key":"SMITH"}],"circlet_count":0,"master_deck":["SandsOfTime","FollowUp","Protect","CutThroughFate","Meditate","Evaluate","BattleHymn","Crescendo+1","Consecrate","Crescendo","Crescendo","Protect","CutThroughFate","MentalFortress","SashWhip+1","FlurryOfBlows","Regret","ClearTheMind+1","LikeWater","Doubt","SpiritShield","Establishment","Brilliance+1","SashWhip+1","Nirvana+1","SandsOfTime+1","Tantrum","Writhe","TalkToTheHand+1","ThirdEye","Apotheosis+1"],"relics":["PureWater","The Courier","InkBottle","Bronze Scales","StrikeDummy","Singing Bowl","Astrolabe","Sundial","Pen Nib","Yang","Membership Card","Bottled Lightning","Bag of Marbles","Vajra","PreservedInsect"],"acts_visited":["Exordium","TheCity"],"potions_floor_usage":[12,20,20,30,30,30,30,33,33],"damage_taken":[{"damage":0,"enemies":"Cultist","floor":1,"turns":2},{"damage":0,"enemies":"Small Slimes","floor":2,"turns":2},{"damage":0,"enemies":"2 Louse","floor":3,"turns":3},{"damage":0,"enemies":"Red Slaver","floor":4,"turns":4},{"damage":4,"enemies":"Lagavulin","floor":7,"turns":3},{"damage":7,"enemies":"Exordium Thugs","floor":11,"turns":4},{"damage":15,"enemies":"Large Slime","floor":12,"turns":4},{"damage":12,"enemies":"The Guardian","floor":16,"turns":8},{"damage":20,"enemies":"2 Thieves","floor":18,"turns":3},{"damage":4,"enemies":"Chosen","floor":19,"turns":3},{"damage":36,"enemies":"Snake Plant","floor":20,"turns":2},{"damage":19,"enemies":"Cultist and Chosen","floor":21,"turns":4},{"damage":58,"enemies":"Slavers","floor":24,"turns":5},{"damage":9,"enemies":"Snecko","floor":27,"turns":4},{"damage":14,"enemies":"Snake Plant","floor":30,"turns":3},{"damage":61,"enemies":"Automaton","floor":33,"turns":4}],"seed_played":"-115953258198943492","potions_obtained":[{"floor":3,"key":"Fire Potion"},{"floor":11,"key":"LiquidBronze"},{"floor":16,"key":"BlessingOfTheForge"},{"floor":18,"key":"SpeedPotion"},{"floor":19,"key":"Regen Potion"},{"floor":24,"key":"EntropicBrew"}],"is_trial":true,"path_per_floor":["M","M","M","M","?","R","E","$","T","?","M","M","R","T","R","B",null,"M","M","M","M","?","R","E","R","T","M","?","$","M","T","R","B"],"character_chosen":"WATCHER","items_purchased":["LikeWater","Bronze Scales","Membership Card","Apotheosis","Bottled Lightning","Bag of Marbles","Vajra","Swift Potion"],"campfire_rested":2,"item_purchase_floors":[8,8,29,29,29,29,29,29],"current_hp_per_floor":[72,72,72,72,72,72,68,68,68,68,61,46,46,46,46,34,72,52,50,23,6,6,71,13,66,66,57,57,57,45,45,45,0,0],"gold":46,"neow_bonus":"","is_daily":false,"chose_seed":false,"campfire_upgraded":4,"win_rate":0.0,"timestamp":1612716306,"path_taken":["M","M","M","M","?","R","E","$","T","?","M","M","R","?","R","BOSS","M","M","M","M","?","R","E","R","T","M","?","$","M","?","R","BOSS"],"items_purchased_type":["Card","Relic","Relic","Card","Relic","Relic","Relic","Potion"],"build_version":"2020-12-22","purchased_purges":0,"victory":false,"max_hp_per_floor":[72,72,72,72,72,72,72,72,72,72,72,72,72,72,72,72,72,72,74,74,76,76,71,71,66,66,66,66,66,68,68,68,68,68],"relic_stats":{"Singing Bowl":6,"counters":[16,58],"Sundial":[0],"Bronze Scales":[139],"Astrolabe":["Brilliance","SashWhip","Nirvana"],"Yang":[16],"Pen Nib":[1],"PreservedInsect":0,"obtain_stats":[{"Singing Bowl":14,"Astrolabe":17,"Vajra":29,"Yang":26,"The Courier":5,"Pen Nib":24,"PreservedInsect":31,"Sundial":22,"Bronze Scales":8,"Bag of Marbles":29,"Membership Card":29,"Bottled Lightning":29,"PureWater":0,"StrikeDummy":9,"InkBottle":7},{"Singing Bowl":7,"Astrolabe":8,"Vajra":14,"Yang":13,"The Courier":4,"Pen Nib":13,"PreservedInsect":15,"Sundial":12,"Bronze Scales":5,"Bag of Marbles":14,"Membership Card":14,"Bottled Lightning":14,"PureWater":0,"StrikeDummy":5,"InkBottle":5},{"Singing Bowl":22,"Astrolabe":30,"Vajra":51,"Yang":47,"The Courier":11,"Pen Nib":47,"PreservedInsect":54,"Sundial":42,"Bronze Scales":14,"Bag of Marbles":51,"Membership Card":51,"Bottled Lightning":51,"PureWater":0,"StrikeDummy":14,"InkBottle":14}],"InkBottle":[18]},"card_choices":[{"not_picked":["SashWhip","Prostrate"],"picked":"SandsOfTime","floor":0},{"not_picked":["ReachHeaven","FlurryOfBlows"],"picked":"FollowUp","floor":0},{"not_picked":["JustLucky","ReachHeaven"],"picked":"Protect","floor":0},{"not_picked":["ThirdEye","JustLucky"],"picked":"CutThroughFate","floor":0},{"not_picked":["FlurryOfBlows","LikeWater"],"picked":"Meditate","floor":0},{"not_picked":["FlurryOfBlows","ClearTheMind"],"picked":"Evaluate","floor":0},{"not_picked":["Crescendo","CrushJoints"],"picked":"BattleHymn","floor":0},{"not_picked":["PathToVictory","FlurryOfBlows"],"picked":"Crescendo","floor":0},{"not_picked":["FollowUp","Evaluate"],"picked":"Consecrate","floor":0},{"not_picked":["JustLucky","Perseverance"],"picked":"Crescendo","floor":0},{"not_picked":["Prostrate","Halt"],"picked":"WreathOfFlame","floor":0},{"not_picked":["Perseverance","EmptyBody"],"picked":"Swivel","floor":0},{"not_picked":["BattleHymn","JustLucky"],"picked":"Crescendo","floor":0},{"not_picked":["ClearTheMind","Indignation"],"picked":"Protect","floor":0},{"not_picked":["Prostrate","Halt"],"picked":"Evaluate","floor":0},{"not_picked":["Halt","Protect"],"picked":"CutThroughFate","floor":1},{"not_picked":["ClearTheMind","Fasting2"],"picked":"MentalFortress","floor":2},{"not_picked":["JustLucky","Collect"],"picked":"SashWhip","floor":3},{"not_picked":["FlyingSleeves","Prostrate"],"picked":"FlurryOfBlows","floor":4},{"not_picked":["DeceiveReality","SashWhip"],"picked":"ClearTheMind","floor":7},{"not_picked":["BowlingBash","CutThroughFate"],"picked":"SpiritShield","floor":11},{"not_picked":["Evaluate","Judgement","Halt"],"picked":"SKIP","floor":12},{"not_picked":["Scrawl","Ragnarok"],"picked":"Establishment","floor":16},{"not_picked":["EmptyMind","CutThroughFate+1"],"picked":"SandsOfTime+1","floor":18},{"not_picked":["EmptyFist","PathToVictory","JustLucky+1"],"picked":"Singing Bowl","floor":19},{"not_picked":["Brilliance","EmptyBody+1"],"picked":"Tantrum","floor":20},{"not_picked":["JustLucky+1","ForeignInfluence","EmptyBody"],"picked":"Singing Bowl","floor":21},{"not_picked":["Prostrate","InnerPeace"],"picked":"TalkToTheHand+1","floor":24},{"not_picked":["CutThroughFate+1","BowlingBash"],"picked":"ThirdEye","floor":27},{"not_picked":["EmptyBody","Evaluate","JustLucky"],"picked":"Singing Bowl","floor":30}],"player_experience":1272107,"relics_obtained":[{"floor":7,"key":"InkBottle"},{"floor":9,"key":"StrikeDummy"},{"floor":14,"key":"Singing Bowl"},{"floor":24,"key":"Pen Nib"},{"floor":26,"key":"Yang"},{"floor":31,"key":"PreservedInsect"}],"event_choices":[{"damage_healed":0,"gold_gain":0,"player_choice":"Box","damage_taken":0,"relics_obtained":["The Courier"],"max_hp_gain":0,"max_hp_loss":0,"event_name":"Big Fish","floor":5,"gold_loss":0,"cards_obtained":["Regret"]},{"damage_healed":0,"gold_gain":175,"player_choice":"AGREE","damage_taken":0,"max_hp_gain":0,"max_hp_loss":0,"event_name":"Liars Game","floor":10,"gold_loss":0,"cards_obtained":["Doubt"]},{"damage_healed":0,"gold_gain":0,"player_choice":"Opened","damage_taken":0,"relics_obtained":["Sundial"],"max_hp_gain":0,"max_hp_loss":0,"event_name":"The Mausoleum","floor":22,"gold_loss":0,"cards_obtained":["Writhe"]},{"damage_healed":0,"gold_gain":0,"player_choice":"Ignored","damage_taken":0,"max_hp_gain":0,"max_hp_loss":0,"event_name":"Beggar","floor":28,"gold_loss":0}],"is_beta":false,"boss_relics":[{"not_picked":["Fusion Hammer","Velvet Choker"],"picked":"Astrolabe"}],"items_purged_floors":[],"is_endless":false,"potions_floor_spawned":[3,11,16,18,19,24],"killed_by":"Automaton","ascension_level":0}}