{"host":"d744ndivyohnro60","time":1612676112,"event":{"mods":["BaseMod","Bestiary","Colored Powertips","Minty Spire (QoL Compilation)","Relic Stats"],"gold_per_floor":[112,127,138,25,35,68,18,18,41,41,3,3,46,70,70,198,198,216,131,31,56,56,56,56,56,56,71,71,71,71,71],"floor_reached":30,"language":"ENG","playtime":1093,"items_purged":["Defend_B","Shame"],"score":295,"play_id":"1b19b52d-f127-4412-a484-0df38d8a2bbd","local_time":"20210207003512","is_ascension_mode":true,"campfire_choices":[{"floor":8,"key":"REST"},{"data":"Conserve Battery","floor":10,"key":"SMITH"},{"floor":15,"key":"REST"},{"floor":23,"key":"REST"},{"floor":25,"key":"REST"},{"data":"Reprogram","floor":28,"key":"SMITH"}],"circlet_count":0,"master_deck":["Strike_B","Strike_B","Strike_B","Strike_B+1","Defend_B","Defend_B","Zap","Dualcast","Conserve Battery+1","Cold Snap+1","Reinforced Body","Loop","Reprogram+1","Conserve Battery","Injury","Leap","Beam Cell","Electrodynamics","Gash","Sweeping Beam","Necronomicurse","RitualDagger","Cold Snap+1","Regret","Writhe"],"relics":["Cursed Key","Whetstone","Toy Ornithopter","Golden Idol","Centennial Puzzle","Philosopher\u0027s Stone","Dream Catcher","Necronomicon","Mercury Hourglass","White Beast Statue"],"acts_visited":["Exordium","TheCity"],"potions_floor_usage":[6,16,16,30],"damage_taken":[{"damage":18,"enemies":"Jaw Worm","floor":1,"turns":4},{"damage":0,"enemies":"Small Slimes","floor":2,"turns":3},{"damage":0,"enemies":"2 Louse","floor":3,"turns":3},{"damage":0,"enemies":"2 Fungi Beasts","floor":5,"turns":5},{"damage":8,"enemies":"Lagavulin","floor":6,"turns":8},{"damage":26,"enemies":"3 Sentries","floor":13,"turns":10},{"damage":0,"enemies":"Looter","floor":14,"turns":3},{"damage":38,"enemies":"The Guardian","floor":16,"turns":11},{"damage":14,"enemies":"Shell Parasite","floor":18,"turns":7},{"damage":15,"enemies":"Spheric Guardian","floor":21,"turns":4},{"damage":6,"enemies":"Cultist and Chosen","floor":27,"turns":6},{"damage":73,"enemies":"Book of Stabbing","floor":30,"turns":6}],"seed_played":"-2079259107941695359","potions_obtained":[{"floor":1,"key":"FocusPotion"},{"floor":5,"key":"Dexterity Potion"},{"floor":13,"key":"ColorlessPotion"},{"floor":18,"key":"PotionOfCapacity"}],"is_trial":false,"path_per_floor":["M","M","M","$","M","E","?","R","T","R","?","?","E","M","R","B",null,"M","?","$","M","?","R","?","R","T","M","R","T","E"],"character_chosen":"DEFECT","items_purchased":["Loop"],"campfire_rested":4,"item_purchase_floors":[4],"current_hp_per_floor":[57,57,57,57,57,49,49,71,71,71,71,71,45,45,67,37,66,52,52,52,37,21,43,37,59,59,53,53,53,0,0],"gold":71,"neow_bonus":"BOSS_RELIC","is_daily":false,"chose_seed":false,"campfire_upgraded":2,"win_rate":0.0,"timestamp":1612676112,"path_taken":["M","M","M","$","M","E","?","R","T","R","?","?","E","M","R","BOSS","M","?","$","M","?","R","?","R","T","M","R","?","E"],"items_purchased_type":["Card"],"build_version":"2020-12-22","purchased_purges":2,"victory":false,"max_hp_per_floor":[75,75,75,75,75,75,75,75,75,75,75,75,75,75,75,75,75,75,75,75,75,75,75,75,75,75,75,75,75,75,75],"relic_stats":{"Centennial Puzzle":[15],"Dream Catcher":2,"counters":[12,70],"Golden Idol":52,"Necronomicon":[0],"Whetstone":["Strike_B","Cold Snap"],"Cursed Key":3,"obtain_stats":[{"Centennial Puzzle":13,"Dream Catcher":19,"Golden Idol":12,"Philosopher\u0027s Stone":17,"Necronomicon":22,"Whetstone":6,"Cracked Core":0,"Cursed Key":0,"Toy Ornithopter":9,"White Beast Statue":29,"Mercury Hourglass":26},{"Centennial Puzzle":6,"Dream Catcher":9,"Golden Idol":5,"Philosopher\u0027s Stone":8,"Necronomicon":10,"Whetstone":5,"Cracked Core":0,"Cursed Key":0,"Toy Ornithopter":5,"White Beast Statue":11,"Mercury Hourglass":10},{"Centennial Puzzle":33,"Dream Catcher":54,"Golden Idol":23,"Philosopher\u0027s Stone":47,"Necronomicon":58,"Whetstone":23,"Cracked Core":0,"Cursed Key":0,"Toy Ornithopter":23,"White Beast Statue":64,"Mercury Hourglass":58}],"Toy Ornithopter":13,"Mercury Hourglass":[42]},"card_choices":[{"not_picked":["Blizzard","Stack"],"picked":"Conserve Battery","floor":1},{"not_picked":["Steam","Turbo"],"picked":"Cold Snap","floor":2},{"not_picked":["Loop","Steam Power"],"picked":"Reinforced Body","floor":3},{"not_picked":["Compile Driver","Conserve Battery"],"picked":"Reprogram","floor":5},{"not_picked":["Rebound","Cold Snap"],"picked":"Conserve Battery","floor":6},{"not_picked":["Rebound","Blizzard"],"picked":"Leap","floor":13},{"not_picked":["Blizzard","Loop"],"picked":"Beam Cell","floor":14},{"not_picked":["Reboot","Multi-Cast"],"picked":"Electrodynamics","floor":16},{"not_picked":["Conserve Battery","Sweeping Beam"],"picked":"Gash","floor":18},{"not_picked":["Cold Snap","Coolheaded+1"],"picked":"Sweeping Beam","floor":21},{"not_picked":["Multi-Cast","Go for the Eyes"],"picked":"Cold Snap+1","floor":25},{"not_picked":["Doom and Gloom+1","Leap","Recycle"],"picked":"SKIP","floor":27}],"player_experience":213068,"relics_obtained":[{"floor":6,"key":"Whetstone"},{"floor":9,"key":"Toy Ornithopter"},{"floor":13,"key":"Centennial Puzzle"},{"floor":22,"key":"Necronomicon"},{"floor":26,"key":"Mercury Hourglass"},{"floor":29,"key":"White Beast Statue"}],"event_choices":[{"cards_removed":["Defend_B"],"damage_healed":0,"gold_gain":0,"player_choice":"Card Removal","damage_taken":0,"max_hp_gain":0,"max_hp_loss":0,"event_name":"The Cleric","floor":7,"gold_loss":50},{"damage_healed":0,"gold_gain":0,"player_choice":"Left Gold","damage_taken":0,"max_hp_gain":0,"max_hp_loss":0,"event_name":"World of Goop","floor":11,"gold_loss":38},{"damage_healed":0,"gold_gain":0,"player_choice":"Take Wound","damage_taken":0,"relics_obtained":["Golden Idol"],"max_hp_gain":0,"max_hp_loss":0,"event_name":"Golden Idol","floor":12,"gold_loss":0,"cards_obtained":["Injury"]},{"damage_healed":0,"gold_gain":0,"player_choice":"Obtained Relic","damage_taken":0,"relics_obtained":["Dream Catcher"],"max_hp_gain":0,"max_hp_loss":0,"event_name":"Addict","floor":19,"gold_loss":85},{"damage_healed":0,"gold_gain":0,"player_choice":"Obtained Book","damage_taken":16,"max_hp_gain":0,"max_hp_loss":0,"event_name":"Cursed Tome","floor":22,"gold_loss":0},{"damage_healed":0,"gold_gain":0,"player_choice":"Joined the Cult","damage_taken":6,"max_hp_gain":0,"max_hp_loss":0,"event_name":"Nest","floor":24,"gold_loss":0,"cards_obtained":["RitualDagger"]}],"is_beta":false,"boss_relics":[{"not_picked":["Inserter","Velvet Choker"],"picked":"Philosopher\u0027s Stone"}],"items_purged_floors":[4,20],"is_endless":false,"potions_floor_spawned":[1,5,13,18],"killed_by":"Book of Stabbing","ascension_level":5}}