{"host":"tner83jrcdd0m6a5","time":1612708720,"event":{"mods":["AchievementEnabler","BaseMod","Bestiary","Colored Map","Colored Powertips","DeckTracker","Highlight Path","Keyboard Shortcuts","Minty Spire (QoL Compilation)","Quick Restart","Rare Cards Sparkle","Relic Stats","Slay-I","SuperFastMode"],"gold_per_floor":[118,118,118,130,50,83,83,101,174,174,209,134,169,202,202,305,305,322,247,262,262,281,281,299,299,325,359,359,359,379,379,379,478,478,497,515,526,16,30,30,57,69,81,119,146,158,170,195,207,219],"floor_reached":51,"language":"ENG","playtime":3889,"items_purged":["Strike_G","Strike_G"],"score":814,"play_id":"577edb34-04e2-4f2e-8803-f54c3c2c30d7","local_time":"20210207143840","is_ascension_mode":true,"campfire_choices":[{"data":"Noxious Fumes","floor":7,"key":"SMITH"},{"data":"Terror","floor":10,"key":"SMITH"},{"floor":15,"key":"REST"},{"floor":23,"key":"REST"},{"floor":25,"key":"REST"},{"data":"After Image","floor":28,"key":"SMITH"},{"data":"Cloak And Dagger","floor":32,"key":"SMITH"},{"data":"Cloak And Dagger","floor":40,"key":"SMITH"},{"floor":42,"key":"REST"},{"floor":46,"key":"REST"},{"floor":49,"key":"REST"}],"circlet_count":0,"master_deck":["Strike_G","Defend_G","Defend_G","Defend_G","Defend_G","Defend_G","Survivor","Infinite Blades","Malaise","Slice","Noxious Fumes+1","Terror+1","After Image+1","Cloak And Dagger+1","Unload","Cloak And Dagger+1","Footwork+1"],"relics":["Ring of the Snake","NeowsBlessing","Mummified Hand","Torii","Singing Bowl","WingedGreaves","PreservedInsect","The Courier","SlaversCollar","Dream Catcher","Sundial","Blue Candle","Dead Branch","Black Star","TwistedFunnel","Ninja Scroll","Omamori","MawBank","Turnip","Molten Egg 2","Shuriken","Snake Skull"],"acts_visited":["Exordium","TheCity","TheBeyond"],"potions_floor_usage":[14,35,37,50],"damage_taken":[{"damage":0,"enemies":"Cultist","floor":1,"turns":1},{"damage":0,"enemies":"Jaw Worm","floor":4,"turns":1},{"damage":0,"enemies":"Gremlin Nob","floor":6,"turns":1},{"damage":10,"enemies":"Small Slimes","floor":8,"turns":4},{"damage":2,"enemies":"3 Sentries","floor":11,"turns":7},{"damage":11,"enemies":"Lagavulin","floor":13,"turns":6},{"damage":11,"enemies":"Gremlin Nob","floor":14,"turns":3},{"damage":17,"enemies":"The Guardian","floor":16,"turns":12},{"damage":12,"enemies":"Spheric Guardian","floor":18,"turns":7},{"damage":10,"enemies":"3 Byrds","floor":20,"turns":5},{"damage":33,"enemies":"3 Cultists","floor":22,"turns":7},{"damage":3,"enemies":"Snake Plant","floor":24,"turns":8},{"damage":1,"enemies":"Book of Stabbing","floor":27,"turns":6},{"damage":1,"enemies":"Shelled Parasite and Fungi","floor":30,"turns":7},{"damage":34,"enemies":"Champ","floor":33,"turns":12},{"damage":21,"enemies":"Orb Walker","floor":35,"turns":5},{"damage":1,"enemies":"3 Shapes","floor":36,"turns":9},{"damage":9,"enemies":"Transient","floor":37,"turns":5},{"damage":17,"enemies":"Spire Growth","floor":39,"turns":5},{"damage":14,"enemies":"Nemesis","floor":41,"turns":5},{"damage":16,"enemies":"Reptomancer","floor":44,"turns":5},{"damage":20,"enemies":"Jaw Worm Horde","floor":45,"turns":4},{"damage":0,"enemies":"Transient","floor":48,"turns":5},{"damage":29,"enemies":"Awakened One","floor":50,"turns":7}],"seed_played":"4718145974244082132","potions_obtained":[{"floor":4,"key":"LiquidMemories"},{"floor":8,"key":"Dexterity Potion"},{"floor":11,"key":"PowerPotion"},{"floor":20,"key":"BlessingOfTheForge"},{"floor":22,"key":"ColorlessPotion"},{"floor":33,"key":"Fire Potion"},{"floor":37,"key":"Fruit Juice"},{"floor":41,"key":"Dexterity Potion"}],"is_trial":false,"path_per_floor":["M","?","T","M","$","E","R","M","T","R","E","$","E","E","R","B",null,"M","?","M","?","M","R","M","R","T","E","R","T","M","?","R","B",null,"M","M","M","$","M","R","E","R","T","E","M","R","?","M","R","B",null],"character_chosen":"THE_SILENT","items_purchased":["Noxious Fumes","TwistedFunnel","Ninja Scroll","Omamori"],"campfire_rested":6,"item_purchase_floors":[5,38,38,38],"current_hp_per_floor":[70,70,70,70,70,70,70,60,60,60,60,60,51,42,64,47,76,66,66,58,43,10,35,34,60,60,61,61,61,62,62,62,28,91,70,71,67,67,52,52,40,72,72,58,40,74,74,76,111,82],"gold":231,"neow_bonus":"THREE_ENEMY_KILL","is_daily":false,"chose_seed":false,"campfire_upgraded":5,"win_rate":0.0,"timestamp":1612708720,"path_taken":["M","?","?","?","$","E","R","M","T","R","E","$","E","E","R","BOSS","M","?","M","?","?","R","M","R","T","E","R","?","?","?","R","BOSS","M","M","M","$","?","R","E","R","T","E","?","R","?","M","R","BOSS"],"items_purchased_type":["Card","Relic","Relic","Relic"],"build_version":"2020-12-22","purchased_purges":2,"victory":true,"max_hp_per_floor":[70,70,70,70,70,70,70,70,70,70,72,72,74,76,76,76,76,78,78,80,85,85,85,87,87,87,89,89,89,91,91,91,91,91,91,93,98,98,100,100,102,104,104,106,108,110,110,112,114,114],"relic_stats":{"Torii":50,"Singing Bowl":34,"counters":[24,137],"Blue Candle":[0],"Dead Branch":[149],"PreservedInsect":169,"Snake Skull":[55],"MawBank":120,"Dream Catcher":3,"Mummified Hand":[79],"Sundial":[12],"Shuriken":[18],"Turnip":[0],"Black Star":2,"obtain_stats":[{"TwistedFunnel":38,"NeowsBlessing":0,"Torii":6,"Singing Bowl":9,"Blue Candle":29,"Dead Branch":31,"PreservedInsect":13,"The Courier":14,"Snake Skull":44,"Omamori":38,"MawBank":41,"SlaversCollar":17,"Dream Catcher":26,"Mummified Hand":3,"Sundial":27,"Ninja Scroll":38,"Shuriken":44,"Molten Egg 2":43,"WingedGreaves":11,"Turnip":41,"Black Star":34,"Ring of the Snake":0},{"TwistedFunnel":18,"NeowsBlessing":0,"Torii":3,"Singing Bowl":4,"Blue Candle":13,"Dead Branch":14,"PreservedInsect":6,"The Courier":7,"Snake Skull":21,"Omamori":18,"MawBank":20,"SlaversCollar":8,"Dream Catcher":12,"Mummified Hand":1,"Sundial":13,"Ninja Scroll":18,"Shuriken":21,"Molten Egg 2":20,"WingedGreaves":5,"Turnip":20,"Black Star":15,"Ring of the Snake":0},{"TwistedFunnel":106,"NeowsBlessing":0,"Torii":3,"Singing Bowl":7,"Blue Candle":68,"Dead Branch":75,"PreservedInsect":20,"The Courier":23,"Snake Skull":121,"Omamori":106,"MawBank":116,"SlaversCollar":35,"Dream Catcher":62,"Mummified Hand":1,"Sundial":68,"Ninja Scroll":106,"Shuriken":121,"Molten Egg 2":116,"WingedGreaves":14,"Turnip":116,"Black Star":87,"Ring of the Snake":0}],"Ring of the Snake":[48]},"card_choices":[{"not_picked":["Deflect","Dodge and Roll"],"picked":"Infinite Blades","floor":1},{"not_picked":["Acrobatics","All Out Attack"],"picked":"Slice","floor":4},{"not_picked":["Acrobatics","Blur","Well Laid Plans"],"picked":"SKIP","floor":6},{"not_picked":["Quick Slash","Blur"],"picked":"Terror","floor":8},{"not_picked":["Blade Dance","Tools of the Trade","Bane"],"picked":"Singing Bowl","floor":11},{"not_picked":["Quick Slash","Poisoned Stab","Flying Knee"],"picked":"Singing Bowl","floor":13},{"not_picked":["Riddle With Holes","Flying Knee","Calculated Gamble"],"picked":"Singing Bowl","floor":14},{"not_picked":["Wraith Form v2","A Thousand Cuts"],"picked":"After Image","floor":16},{"not_picked":["Eviscerate","Tactician+1","Prepared+1"],"picked":"Singing Bowl","floor":18},{"not_picked":["Bane","Sucker Punch","Blade Dance"],"picked":"Singing Bowl","floor":20},{"not_picked":["Heel Hook","PiercingWail+1"],"picked":"Cloak And Dagger","floor":22},{"not_picked":["PiercingWail+1","Sucker Punch","Tactician"],"picked":"Singing Bowl","floor":24},{"not_picked":["Catalyst+1","Riddle With Holes","Infinite Blades"],"picked":"Singing Bowl","floor":27},{"not_picked":["Caltrops","Outmaneuver","Prepared"],"picked":"Singing Bowl","floor":30},{"not_picked":["Burst","Night Terror"],"picked":"Unload","floor":33},{"not_picked":["Quick Slash+1","Leg Sweep+1"],"picked":"Cloak And Dagger","floor":35},{"not_picked":["Tactician+1","Escape Plan","Quick Slash+1"],"picked":"Singing Bowl","floor":36},{"not_picked":["Expertise+1","Bouncing Flask"],"picked":"Footwork+1","floor":37},{"not_picked":["Bane","Flying Knee","Dagger Spray+1"],"picked":"Singing Bowl","floor":39},{"not_picked":["Sucker Punch","Poisoned Stab","Caltrops+1"],"picked":"Singing Bowl","floor":41},{"not_picked":["Deflect","Backflip+1","Sucker Punch"],"picked":"Singing Bowl","floor":42},{"not_picked":["Tools of the Trade","PiercingWail","Slice+1"],"picked":"Singing Bowl","floor":44},{"not_picked":["Choke+1","Distraction","Quick Slash+1"],"picked":"Singing Bowl","floor":45},{"not_picked":["Caltrops+1","Infinite Blades","Accuracy"],"picked":"Singing Bowl","floor":46},{"not_picked":["Leg Sweep","Masterful Stab+1","Flying Knee+1"],"picked":"Singing Bowl","floor":48},{"not_picked":["Tactician+1","Wraith Form v2","Outmaneuver+1"],"picked":"Singing Bowl","floor":49}],"player_experience":358882,"relics_obtained":[{"floor":3,"key":"Mummified Hand"},{"floor":6,"key":"Torii"},{"floor":9,"key":"Singing Bowl"},{"floor":11,"key":"WingedGreaves"},{"floor":13,"key":"PreservedInsect"},{"floor":14,"key":"The Courier"},{"floor":26,"key":"Dream Catcher"},{"floor":27,"key":"Sundial"},{"floor":29,"key":"Blue Candle"},{"floor":41,"key":"MawBank"},{"floor":41,"key":"Turnip"},{"floor":43,"key":"Molten Egg 2"},{"floor":44,"key":"Shuriken"},{"floor":44,"key":"Snake Skull"}],"event_choices":[{"damage_healed":0,"gold_gain":0,"cards_transformed":["Strike_G"],"player_choice":"Change","damage_taken":0,"max_hp_gain":0,"max_hp_loss":0,"event_name":"Living Wall","floor":2,"gold_loss":0,"cards_obtained":["Malaise"]},{"cards_removed":["Strike_G"],"damage_healed":0,"gold_gain":0,"player_choice":"Gave Gold","damage_taken":0,"max_hp_gain":0,"max_hp_loss":0,"event_name":"Beggar","floor":19,"gold_loss":75},{"damage_healed":0,"gold_gain":0,"player_choice":"Shed Blood","damage_taken":20,"max_hp_gain":5,"max_hp_loss":0,"event_name":"Forgotten Altar","floor":21,"gold_loss":0},{"damage_healed":0,"gold_gain":0,"player_choice":"Gave Potion","damage_taken":0,"relics_obtained":["Dead Branch"],"max_hp_gain":0,"max_hp_loss":0,"event_name":"WeMeetAgain","floor":31,"gold_loss":0},{"cards_removed":["Neutralize"],"damage_healed":0,"gold_gain":0,"player_choice":"Removed Attack","damage_taken":0,"max_hp_gain":0,"max_hp_loss":0,"event_name":"Falling","floor":47,"gold_loss":0}],"is_beta":false,"boss_relics":[{"not_picked":["Calling Bell","Ectoplasm"],"picked":"SlaversCollar"},{"not_picked":["SacredBark","Snecko Eye"],"picked":"Black Star"}],"items_purged_floors":[12,38],"is_endless":false,"potions_floor_spawned":[4,8,11,20,22,33,37,41,44,48],"ascension_level":1}}