{"host":"201alm3szw4w07u0","time":1612687589,"event":{"mods":["AchievementEnabler","BaseMod","Colored Map","Colored Powertips","Minty Spire (QoL Compilation)","Quick Restart","StSLib","SuperFastMode"],"gold_per_floor":[112,112,14,25,100,132,150,183,183,183,205,205,215,215,215,319,319,339,264,278,278,293,327,327,407,430,430,446,446,466,484,484,589,589,603,374,374,161,179,179,107,157,157,157,174,187,207,232,232,232,232],"floor_reached":50,"language":"KOR","playtime":1786,"items_purged":["Defend_B","Defend_B"],"score":495,"play_id":"1a3e7618-bf0a-4837-aa89-0c60c8157849","local_time":"20210207174628","is_ascension_mode":false,"campfire_choices":[{"data":"Zap","floor":10,"key":"SMITH"},{"floor":15,"key":"REST"},{"data":"Dualcast","floor":24,"key":"SMITH"},{"data":"Rainbow","floor":29,"key":"SMITH"},{"data":"Cold Snap","floor":32,"key":"SMITH"},{"data":"Blizzard","floor":40,"key":"SMITH"},{"data":"Blizzard","floor":44,"key":"SMITH"},{"data":"Glacier","floor":49,"key":"SMITH"}],"circlet_count":0,"master_deck":["Strike_B","Strike_B","Strike_B+1","Strike_B+1","Defend_B","Zap+1","Dualcast+1","Conserve Battery","Self Repair","Sweeping Beam","Turbo","Coolheaded","Rainbow+1","Glacier+1","Conserve Battery+1","FTL+1","Reboot","White Noise+1","Capacitor+1","Cold Snap+1","Echo Form+1","Redo+1","Blizzard+1","Loop+1","Panacea","Storm+1","Blizzard+1","Steam Power","Skim","Buffer+1"],"relics":["Cracked Core","NeowsBlessing","Anchor","Eternal Feather","DataDisk","Odd Mushroom","Bottled Lightning","Pear","Sozu","Frozen Egg 2","Turnip","Mummified Hand","Tiny Chest","Black Star","FossilizedHelix","HornCleat","Blood Vial"],"acts_visited":["Exordium","TheCity","TheBeyond"],"potions_floor_usage":[16,16],"damage_taken":[{"damage":0,"enemies":"Small Slimes","floor":1,"turns":1},{"damage":0,"enemies":"2 Louse","floor":4,"turns":1},{"damage":0,"enemies":"3 Sentries","floor":6,"turns":1},{"damage":6,"enemies":"Cultist","floor":7,"turns":3},{"damage":35,"enemies":"Gremlin Nob","floor":8,"turns":5},{"damage":21,"enemies":"The Mushroom Lair","floor":11,"turns":4},{"damage":0,"enemies":"Looter","floor":13,"turns":2},{"damage":34,"enemies":"Hexaghost","floor":16,"turns":9},{"damage":15,"enemies":"2 Thieves","floor":18,"turns":4},{"damage":13,"enemies":"Chosen","floor":20,"turns":5},{"damage":6,"enemies":"Sentry and Sphere","floor":22,"turns":5},{"damage":39,"enemies":"Slavers","floor":23,"turns":7},{"damage":0,"enemies":"Shelled Parasite and Fungi","floor":28,"turns":5},{"damage":2,"enemies":"Snecko","floor":30,"turns":5},{"damage":0,"enemies":"Chosen and Byrds","floor":31,"turns":6},{"damage":31,"enemies":"Automaton","floor":33,"turns":13},{"damage":3,"enemies":"3 Shapes","floor":35,"turns":5},{"damage":5,"enemies":"3 Darklings","floor":39,"turns":3},{"damage":45,"enemies":"2 Orb Walkers","floor":42,"turns":5},{"damage":0,"enemies":"Transient","floor":45,"turns":5},{"damage":3,"enemies":"4 Shapes","floor":46,"turns":5},{"damage":0,"enemies":"Sphere and 2 Shapes","floor":47,"turns":5},{"damage":85,"enemies":"Awakened One","floor":50,"turns":10}],"seed_played":"-8988379278023270755","potions_obtained":[{"floor":1,"key":"Strength Potion"},{"floor":6,"key":"Swift Potion"},{"floor":13,"key":"AttackPotion"}],"is_trial":false,"path_per_floor":["M","?","$","M","?","E","M","E","T","R","?","T","M","?","R","B",null,"M","?","M","?","M","E","R","T","T","?","M","R","M","M","R","B",null,"M","$","?","$","M","R","$","?","T","R","M","M","M","T","R","B"],"character_chosen":"DEFECT","items_purchased":["Self Repair","Sweeping Beam","Blizzard","Loop+1","Storm+1","Blizzard","Steam Power"],"campfire_rested":1,"item_purchase_floors":[3,3,36,36,38,38,41],"current_hp_per_floor":[75,60,60,60,53,53,54,26,26,32,18,18,18,25,59,25,85,77,77,71,71,65,33,42,42,42,42,49,61,66,73,85,61,85,85,85,85,85,80,85,85,47,47,62,69,80,85,85,85,0,0],"gold":232,"neow_bonus":"THREE_ENEMY_KILL","is_daily":false,"chose_seed":false,"campfire_upgraded":7,"win_rate":0.0,"timestamp":1612687588,"path_taken":["M","?","$","M","?","E","?","E","T","R","?","?","M","?","R","BOSS","M","?","M","?","?","E","R","?","T","?","M","R","M","M","R","BOSS","M","$","?","$","M","R","$","?","T","R","M","M","M","?","R","BOSS"],"items_purchased_type":["Card","Card","Card","Card","Card","Card","Card"],"build_version":"2020-12-22","purchased_purges":2,"victory":false,"max_hp_per_floor":[75,75,75,75,75,75,75,75,75,75,75,75,75,85,85,85,85,85,85,85,85,85,85,85,85,85,85,85,85,85,85,85,85,85,85,85,85,85,85,85,85,85,85,85,85,85,85,85,85,85,85],"card_choices":[{"not_picked":["Lockon","Beam Cell"],"picked":"Conserve Battery","floor":1},{"not_picked":["Go for the Eyes","Leap","Beam Cell"],"picked":"SKIP","floor":4},{"not_picked":["Aggregate","Fusion","Leap"],"picked":"SKIP","floor":6},{"not_picked":["Go for the Eyes","Lockon"],"picked":"Turbo","floor":7},{"not_picked":["Sweeping Beam","Beam Cell","FTL"],"picked":"SKIP","floor":8},{"not_picked":["Compile Driver","Streamline"],"picked":"Coolheaded","floor":13},{"not_picked":["Biased Cognition","Creative AI"],"picked":"Rainbow","floor":16},{"not_picked":["Fusion","Heatsinks","Auto Shields"],"picked":"SKIP","floor":18},{"not_picked":["Sweeping Beam","Go for the Eyes"],"picked":"Glacier","floor":20},{"not_picked":["Compile Driver","Go for the Eyes"],"picked":"Conserve Battery+1","floor":22},{"not_picked":["BootSequence","Hologram+1"],"picked":"FTL+1","floor":23},{"not_picked":["Reinforced Body","Ball Lightning"],"picked":"White Noise+1","floor":28},{"not_picked":["Darkness+1","Beam Cell"],"picked":"Capacitor+1","floor":30},{"not_picked":["Turbo+1","Hello World+1"],"picked":"Cold Snap","floor":31},{"not_picked":["Fission","Reboot"],"picked":"Echo Form+1","floor":33},{"not_picked":["Barrage","Darkness"],"picked":"Redo+1","floor":35},{"not_picked":["Mind Blast","Good Instincts"],"picked":"Panacea","floor":37},{"not_picked":["Cold Snap","Gash+1","Sweeping Beam"],"picked":"SKIP","floor":39},{"not_picked":["Streamline+1","Lockon+1"],"picked":"Skim","floor":42},{"not_picked":["BootSequence","Compile Driver+1","Rebound+1"],"picked":"SKIP","floor":45},{"not_picked":["Cold Snap","FTL"],"picked":"Buffer+1","floor":46},{"not_picked":["Rebound+1","Darkness","Force Field+1"],"picked":"SKIP","floor":47}],"player_experience":487734,"relics_obtained":[{"floor":6,"key":"Anchor"},{"floor":8,"key":"Eternal Feather"},{"floor":9,"key":"DataDisk"},{"floor":11,"key":"Odd Mushroom"},{"floor":12,"key":"Bottled Lightning"},{"floor":23,"key":"Turnip"},{"floor":25,"key":"Mummified Hand"},{"floor":26,"key":"Tiny Chest"},{"floor":42,"key":"FossilizedHelix"},{"floor":43,"key":"HornCleat"},{"floor":48,"key":"Blood Vial"}],"event_choices":[{"damage_healed":0,"gold_gain":0,"player_choice":"Entered Light","damage_taken":15,"max_hp_gain":0,"max_hp_loss":0,"event_name":"Shining Light","floor":2,"gold_loss":0,"cards_upgraded":["Strike_B","Strike_B"]},{"damage_healed":0,"gold_gain":75,"player_choice":"Touch","damage_taken":7,"max_hp_gain":0,"max_hp_loss":0,"event_name":"FaceTrader","floor":5,"gold_loss":0},{"damage_healed":0,"gold_gain":0,"player_choice":"Fought Mushrooms","damage_taken":0,"max_hp_gain":0,"max_hp_loss":0,"event_name":"Mushrooms","floor":11,"gold_loss":0},{"damage_healed":0,"gold_gain":0,"player_choice":"Success","damage_taken":3,"relics_obtained":["Pear"],"max_hp_gain":0,"max_hp_loss":0,"event_name":"Scrap Ooze","floor":14,"gold_loss":0},{"cards_removed":["Defend_B"],"damage_healed":0,"gold_gain":0,"player_choice":"Gave Gold","damage_taken":0,"max_hp_gain":0,"max_hp_loss":0,"event_name":"Beggar","floor":19,"gold_loss":75},{"damage_healed":0,"gold_gain":0,"player_choice":"Gave Potion","damage_taken":0,"relics_obtained":["Frozen Egg 2"],"max_hp_gain":0,"max_hp_loss":0,"event_name":"WeMeetAgain","floor":21,"gold_loss":0},{"damage_healed":0,"gold_gain":0,"player_choice":"Read","damage_taken":0,"max_hp_gain":0,"max_hp_loss":0,"event_name":"The Library","floor":27,"gold_loss":0,"cards_obtained":["Reboot"]},{"damage_healed":0,"gold_gain":0,"player_choice":"Memory 1","damage_taken":0,"max_hp_gain":0,"max_hp_loss":0,"event_name":"SensoryStone","floor":37,"gold_loss":0},{"damage_healed":0,"gold_gain":0,"player_choice":"Fight","damage_taken":0,"max_hp_gain":0,"max_hp_loss":0,"event_name":"Mysterious Sphere","floor":42,"gold_loss":0}],"is_beta":false,"boss_relics":[{"not_picked":["Fusion Hammer","Runic Pyramid"],"picked":"Sozu"},{"not_picked":["Runic Dome","Philosopher\u0027s Stone"],"picked":"Black Star"}],"items_purged_floors":[36,38],"is_endless":false,"potions_floor_spawned":[1,6,13,23,30,31,42,45,47],"killed_by":"Awakened One","ascension_level":0}}