{"host":"7jxhn92mkgyil7o5","time":1612725690,"event":{"mods":["BaseMod","Colored Map","Minty Spire (QoL Compilation)","Permanent Neow"],"gold_per_floor":[111,125,139,159,178,213,228,228,228],"floor_reached":8,"language":"ENG","playtime":562,"items_purged":[],"score":174,"play_id":"f3a810b4-b5a5-4b4d-a971-aef2bd4e6302","local_time":"20210207202130","is_ascension_mode":true,"campfire_choices":[],"circlet_count":0,"master_deck":["AscendersBane","Strike_P","Strike_P","Strike_P","Defend_P","Defend_P","Defend_P","Eruption","Vigilance","FollowUp","WaveOfTheHand","Wallop","MentalFortress","Worship","Collect","Prostrate","SpiritShield","CarveReality"],"relics":["PureWater","Nunchaku"],"acts_visited":["Exordium"],"potions_floor_usage":[6,6,8],"damage_taken":[{"damage":0,"enemies":"Cultist","floor":1,"turns":2},{"damage":5,"enemies":"Jaw Worm","floor":2,"turns":3},{"damage":1,"enemies":"Small Slimes","floor":3,"turns":4},{"damage":11,"enemies":"Looter","floor":4,"turns":5},{"damage":16,"enemies":"Large Slime","floor":5,"turns":5},{"damage":0,"enemies":"Lagavulin","floor":6,"turns":5},{"damage":13,"enemies":"Red Slaver","floor":7,"turns":6},{"damage":20,"enemies":"3 Sentries","floor":8,"turns":8}],"seed_played":"-3573329462131385257","potions_obtained":[{"floor":1,"key":"SteroidPotion"},{"floor":2,"key":"Ancient Potion"},{"floor":7,"key":"PowerPotion"}],"is_trial":false,"path_per_floor":["M","M","M","M","M","E","M","E"],"character_chosen":"WATCHER","items_purchased":[],"campfire_rested":0,"item_purchase_floors":[],"current_hp_per_floor":[61,56,55,44,28,28,15,0,0],"gold":228,"neow_bonus":"TRANSFORM_TWO_CARDS","is_daily":false,"chose_seed":false,"campfire_upgraded":0,"win_rate":0.0,"timestamp":1612725690,"path_taken":["M","M","?","M","M","E","M","E"],"items_purchased_type":[],"build_version":"2020-12-22","purchased_purges":0,"victory":false,"max_hp_per_floor":[62,62,62,62,62,62,62,62,62],"card_choices":[{"not_picked":["Sanctity","EmptyMind"],"picked":"Wallop","floor":1},{"not_picked":["FollowUp","Fasting2"],"picked":"MentalFortress","floor":2},{"not_picked":["CrushJoints","Fasting2"],"picked":"Worship","floor":3},{"not_picked":["Evaluate","PathToVictory"],"picked":"Collect","floor":4},{"not_picked":["CrushJoints","Protect"],"picked":"Prostrate","floor":5},{"not_picked":["Study","InnerPeace"],"picked":"SpiritShield","floor":6},{"not_picked":["ThirdEye","Crescendo"],"picked":"CarveReality","floor":7}],"player_experience":985013,"relics_obtained":[{"floor":6,"key":"Nunchaku"}],"event_choices":[],"is_beta":false,"boss_relics":[],"items_purged_floors":[],"is_endless":false,"potions_floor_spawned":[1,2,7],"killed_by":"3 Sentries","ascension_level":20}}