{"host":"4a0aa7b2d8dxohwr","time":1612680934,"event":{"mods":["ATMod(∞¢Ë™Mod)","Act Like it!","BaseMod","Dota2Spire","Friendly Minions","Gensokyo","GifTheSpireLib","GungeonMod","Marisa£®ÏF”Í°°ƒß¿Ì…≥£©","Minty Spire (QoL Compilation)","Reimu£®≤©¿ˆ¡È√Œ£©","Remilia£®¿Ÿ√◊¿Ú—«£©","Shop Mod","StSLib","The Senshi","The Servant 0.9.4","Youmu£®ªÍ∆«—˝√Œ£©","[IsaacMod]“‘»ˆº‚À˛"],"gold_per_floor":[117,129,129,41,52,81,81,115,115,147,147,158,158,178,178,250,250,264,264,264,283,383,383,416,416,496,255,287,297,330,406,406,481,481,516,441,474,512,524,564,576,617,698,741,778,790,334,334,334,334,334,334,334,31,60,60],"floor_reached":57,"language":"ZHS","playtime":2439,"items_purged":["Strike_G","Strike_G","Strike_G"],"score":3587,"play_id":"0b67ba01-a2dd-4c2b-bb2f-35a483a7eea4","local_time":"20210207145534","is_ascension_mode":true,"campfire_choices":[{"data":"Poisoned Stab","floor":7.0,"key":"SMITH"},{"data":"Cloak And Dagger","floor":11.0,"key":"SMITH"},{"data":"AT_ArcaneSupremacy","floor":15,"key":"SMITH"},{"data":"AT_KneejerkReflex","floor":23,"key":"SMITH"},{"data":"AT_KingSlayer","floor":25,"key":"SMITH"},{"data":"Burst","floor":32,"key":"SMITH"},{"data":"Acrobatics","floor":41,"key":"SMITH"},{"floor":49,"key":"RECALL"},{"data":"Distraction","floor":53,"key":"SMITH"}],"circlet_count":0,"master_deck":["AscendersBane","Strike_G+1","Defend_G","Defend_G","Defend_G","Defend_G","Defend_G","Survivor","Neutralize","AT_KingSlayer+1","Flying Knee+1","Cloak And Dagger+1","Quick Slash","Cloak And Dagger","AT_ArcaneSupremacy+1","Distraction+1","Burst+1","Blade Dance","AT_KneejerkReflex+1","AT_WindFlip","AT_Desolate+1","AT_KingSlayer+1","Dagger Throw","Backflip","After Image","Acrobatics+1","After Image","Prepared+1"],"relics":["Ring of the Snake","HushsDoor","AT_ATBox","GuppysTail","Gensokyo:Justice","Potion Belt","theSenshi:FeatherClipsRelic","Thread and Needle","DemoMod:GlassGuonStoneRelic","Dota2Spire:DrumOfEndurance","DemoMod:SerJunkan","Happy Flower","AT_TrinityForce","Gensokyo:ConquerorOfFear","SalivaCoin","DemoMod:Junk","BlankCard","Toy Ornithopter","BookofShadows","DollysMirror","AT_EbonyIvory","BookOfRevelations","Dota2Spire:BattleFury","ChampionBelt","GuppysCollar","AT_ChloranthyRing","Dota2Spire:BlackKingBar","AT_GuinsooRageblade","AT_RedTearstoneRing","AT_DeathDance","MerchantsRug","Dota2Spire:HeartOfTarrasque","Dota2Spire:Vanguard","DemoMod:ClearGuonStone"],"acts_visited":["Exordium","Gensokyo:Gensokyo","TheBeyond","TheEnding"],"potions_floor_usage":[18,56,56],"damage_taken":[{"damage":6.0,"enemies":"Gensokyo:3_Fairies","floor":1.0,"turns":6.0},{"damage":0.0,"enemies":"Gensokyo:2_Kodama","floor":2.0,"turns":5.0},{"damage":9.0,"enemies":"Gensokyo:Gryphon","floor":5.0,"turns":4.0},{"damage":25.0,"enemies":"Gensokyo:Mamizou","floor":6.0,"turns":9.0},{"damage":22.0,"enemies":"Gensokyo:Aya","floor":8.0,"turns":4.0},{"damage":0.0,"enemies":"Gensokyo:Mamizou","floor":10.0,"turns":7.0},{"damage":0.0,"enemies":"Gensokyo:5_Fairies","floor":12.0,"turns":3.0},{"damage":0,"enemies":"Gensokyo:LivingMonolith","floor":14,"turns":2},{"damage":0,"enemies":"Gensokyo:Reimu","floor":16,"turns":10},{"damage":0,"enemies":"Gensokyo:3_Dogs","floor":18,"turns":5},{"damage":0,"enemies":"Gensokyo:2_Gloops","floor":21,"turns":3},{"damage":0,"enemies":"Gensokyo:2_Gloops","floor":22,"turns":5},{"damage":0,"enemies":"Gensokyo:Tenshi","floor":24,"turns":3},{"damage":0,"enemies":"Gensokyo:Reisen","floor":28,"turns":2},{"damage":0,"enemies":"Gensokyo:Wraith","floor":29,"turns":1},{"damage":0,"enemies":"Gensokyo:Koishi","floor":30,"turns":3},{"damage":0,"enemies":"Gensokyo:Eiki","floor":33,"turns":1},{"damage":0,"enemies":"Reptomancer","floor":35,"turns":2},{"damage":0,"enemies":"Giant Head","floor":37,"turns":1},{"damage":0,"enemies":"Reptomancer","floor":38,"turns":1},{"damage":0,"enemies":"Nemesis","floor":40,"turns":1},{"damage":0,"enemies":"Reptomancer","floor":42,"turns":2},{"damage":0,"enemies":"Nemesis","floor":44,"turns":1},{"damage":0,"enemies":"Reptomancer","floor":45,"turns":2},{"damage":0,"enemies":"Awakened One","floor":50,"turns":3},{"damage":0,"enemies":"Donu and Deca","floor":51,"turns":1},{"damage":0,"enemies":"Shield and Spear","floor":55,"turns":1},{"damage":0,"enemies":"Delirium","floor":56,"turns":9}],"seed_played":"7637411208853920691","potions_obtained":[{"floor":6.0,"key":"Strength Potion"},{"floor":8.0,"key":"DistilledChaos"},{"floor":10.0,"key":"Explosive Potion"},{"floor":12.0,"key":"SteroidPotion"},{"floor":14,"key":"LiquidMemories"},{"floor":22,"key":"Dota2Spire:Clarity"},{"floor":24,"key":"Strength Potion"},{"floor":28,"key":"Fire Potion"},{"floor":33,"key":"Strength Potion"},{"floor":40,"key":"FairyPotion"}],"is_trial":false,"path_per_floor":["M","M","?","COS","M","E","R","E","T","E","R","M","?","M","R","B",null,"M","?","?","M","?","R","E","R","T","COS","E","M","E","T","R","B",null,"M","$","M","M","?","E","R","E","T","M","E","?","$","?","R","B","B",null,"R","$","E","B",null],"character_chosen":"THE_SILENT","items_purchased":["GuppysCollar","AT_DeathDance","MerchantsRug","Prepared","Dota2Spire:HeartOfTarrasque","Dota2Spire:Vanguard"],"campfire_rested":0,"item_purchase_floors":[34,47,47,47,54,54],"current_hp_per_floor":[59,59,59,59,50,25,25,9,9,15,15,21,21,27,27,33,62,68,68,53,59,65,65,71,71,71,71,72,72,72,72,72,72,59,59,59,59,59,59,59,59,59,59,59,59,59,53,53,53,59,59,59,59,61,67,67],"gold":60,"neow_bonus":"TEN_PERCENT_HP_BONUS","is_daily":false,"chose_seed":false,"campfire_upgraded":8,"win_rate":0.0,"timestamp":1612680934,"path_taken":["M","M","?","COS","M","E","R","E","T","E","R","M","?","M","R","BOSS","M","?","?","M","?","R","E","R","T","COS","E","?","E","?","R","BOSS","M","$","M","M","?","E","R","E","T","M","E","?","$","?","R","BOSS","BOSS","R","$","E","BOSS"],"items_purchased_type":["Relic","Relic","Relic","Card","Relic","Relic"],"build_version":"2020-12-22","purchased_purges":3,"victory":true,"max_hp_per_floor":[72,72,72,72,72,72,72,72,72,72,72,72,72,72,72,72,72,72,72,72,72,72,72,72,72,72,72,72,72,72,72,72,72,59,59,59,59,59,59,59,59,59,59,59,59,59,59,59,59,59,59,59,59,67,67,67],"card_choices":[{"not_picked":["Setup","Deflect"],"picked":"AT_KingSlayer","floor":1.0},{"not_picked":["Eviscerate","Finisher"],"picked":"Poisoned Stab","floor":2.0},{"not_picked":["Caltrops","Deflect"],"picked":"Flying Knee","floor":5.0},{"not_picked":["Dodge and Roll","Poisoned Stab"],"picked":"Cloak And Dagger","floor":6.0},{"not_picked":["Deflect","Calculated Gamble"],"picked":"Quick Slash","floor":8.0},{"not_picked":["Quick Slash","Night Terror"],"picked":"Cloak And Dagger","floor":10.0},{"not_picked":["Blade Dance","Dodge and Roll"],"picked":"AT_ArcaneSupremacy","floor":12.0},{"not_picked":["Endless Agony","Poisoned Stab"],"picked":"Distraction","floor":14},{"not_picked":["AT_MyraUnstableElement","Wraith Form v2"],"picked":"Burst","floor":16},{"not_picked":["Deflect","AT_TinkerSharpsword+1"],"picked":"Blade Dance","floor":18},{"not_picked":["Infinite Blades","Deadly Poison"],"picked":"AT_KneejerkReflex","floor":21},{"not_picked":["Bouncing Flask+1","Acrobatics"],"picked":"AT_WindFlip","floor":22},{"not_picked":["Leg Sweep","Calculated Gamble+1"],"picked":"AT_Desolate+1","floor":24},{"not_picked":["Prepared","AT_TwilightShroud"],"picked":"Dagger Throw","floor":28},{"not_picked":["Setup","Sucker Punch"],"picked":"Backflip","floor":29},{"not_picked":["Endless Agony","AT_WindFlip","Poisoned Stab"],"picked":"SKIP","floor":30},{"not_picked":["Burst","Envenom"],"picked":"After Image","floor":33},{"not_picked":["Dagger Spray","Deadly Poison+1","Endless Agony"],"picked":"SKIP","floor":35},{"not_picked":["Predator","Dodge and Roll"],"picked":"Acrobatics","floor":37},{"not_picked":["Cloak And Dagger","Flechettes+1","Leg Sweep"],"picked":"SKIP","floor":38},{"not_picked":["PiercingWail","Catalyst","Dagger Throw+1"],"picked":"SKIP","floor":40},{"not_picked":["Sucker Punch+1","Distraction","Dodge and Roll+1","Slice"],"picked":"SKIP","floor":42},{"not_picked":["Riddle With Holes","Die Die Die","Dagger Spray","Quick Slash"],"picked":"SKIP","floor":44},{"not_picked":["Accuracy","Noxious Fumes","Well Laid Plans"],"picked":"After Image","floor":45},{"not_picked":["Underhanded Strike+1","Cloak And Dagger","Backflip"],"picked":"SKIP","floor":55}],"player_experience":569378,"relics_obtained":[{"floor":6.0,"key":"theSenshi:FeatherClipsRelic"},{"floor":8.0,"key":"Dota2Spire:DrumOfEndurance"},{"floor":10.0,"key":"DemoMod:SerJunkan"},{"floor":21,"key":"DemoMod:Junk"},{"floor":22,"key":"BlankCard"},{"floor":22,"key":"DemoMod:Junk"},{"floor":22,"key":"DemoMod:Junk"},{"floor":24,"key":"DemoMod:Junk"},{"floor":24,"key":"Toy Ornithopter"},{"floor":26,"key":"BookofShadows"},{"floor":28,"key":"DemoMod:Junk"},{"floor":28,"key":"AT_EbonyIvory"},{"floor":29,"key":"DemoMod:Junk"},{"floor":30,"key":"DemoMod:Junk"},{"floor":30,"key":"Whetstone"},{"floor":31,"key":"Dota2Spire:BattleFury"},{"floor":33,"key":"Gensokyo:ConquerorOfFear"},{"floor":35,"key":"BloodDonationMachine"},{"floor":37,"key":"MawBank"},{"floor":38,"key":"ScarletDevilRocket"},{"floor":40,"key":"Question Card"},{"floor":42,"key":"Dota2Spire:BlackKingBar"},{"floor":43,"key":"AT_GuinsooRageblade"},{"floor":44,"key":"AT_RedTearstoneRing"},{"floor":45,"key":"GnawedLeaf"},{"floor":55,"key":"DemoMod:ClearGuonStone"}],"event_choices":[{"damage_healed":0,"gold_gain":0,"player_choice":"Ignored","damage_taken":0,"max_hp_gain":0,"max_hp_loss":0,"event_name":"Tomb of Lord Red Mask","floor":39,"gold_loss":0},{"cards_removed":["Strike_G"],"damage_healed":0,"gold_gain":0,"player_choice":"Removed Attack","damage_taken":0,"max_hp_gain":0,"max_hp_loss":0,"event_name":"Falling","floor":46,"gold_loss":0},{"damage_healed":0,"gold_gain":0,"player_choice":"Upgraded","damage_taken":0,"max_hp_gain":0,"max_hp_loss":0,"event_name":"Upgrade Shrine","floor":48,"gold_loss":0,"cards_upgraded":["Prepared"]}],"is_beta":false,"boss_relics":[{"not_picked":["Runic Dome","Empty Cage"],"picked":"AT_TrinityForce"},{"not_picked":[]},{"not_picked":["Astrolabe","SacredBark"],"picked":"ChampionBelt"},{"not_picked":[]}],"items_purged_floors":[36,47,54],"is_endless":false,"potions_floor_spawned":[6,8,10,12,14,22,24,28,33,38,40,44],"ascension_level":20}}