{"host":"mo324zvkdr1xwprd","time":1612727053,"event":{"mods":["BaseMod","Better Note","BetterRewards","Hermit","Highlight Path","Hubris","Minty Spire (QoL Compilation)","Quick Restart","Rare Cards Sparkle","Shop Mod","StSLib","The Cursed","The Hierophant"],"gold_per_floor":[117,130,130,147,147,147,166,199,199,229,242,259,180,206,206,278,278,293,303,303,316,335,335,366,3,54,54,81,81,109,121,133,223,235,261,283,295,166,166,193,209,222,222,222,27,43,43,57,57,57],"floor_reached":51,"language":"ENG","playtime":4116,"items_purged":[],"score":2299,"play_id":"1a0d3854-7298-4804-9195-55afb0a1fa58","local_time":"20210207194413","is_ascension_mode":true,"campfire_choices":[{"floor":6.0,"key":"REST"},{"floor":15,"key":"DIG"},{"floor":23,"key":"DIG"},{"floor":27,"key":"DIG"},{"floor":29,"key":"DIG"},{"floor":32,"key":"DIG"},{"floor":44,"key":"DIG"},{"floor":47,"key":"DIG"},{"floor":49,"key":"RECALL"}],"circlet_count":0,"master_deck":["AscendersBane","TheCursedMod:Strike_TheCursed","TheCursedMod:Strike_TheCursed","TheCursedMod:Defend_TheCursed","TheCursedMod:Defend_TheCursed+1","TheCursedMod:CleanUpWorkshop","TheCursedMod:DarkBarrier","Clumsy","TheCursedMod:CursedStaff","TheCursedMod:CursedBoomerang","TheCursedMod:Obscuration","TheCursedMod:Wield","Apotheosis+1","TheCursedMod:Stigma","TheCursedMod:HellsGateOpen","TheCursedMod:SoulReap","TheCursedMod:SmokeScreen","TheCursedMod:TacticalStrike","TheCursedMod:SmokeScreen+1","TheCursedMod:HellfireBreathing","Regret","TheCursedMod:Obscuration","TheCursedMod:SurpriseAttack","TheCursedMod:CursedAmulet","TheCursedMod:TroublousMinions","TheCursedMod:SmokeScreen","TheCursedMod:SurpriseAttack","TheCursedMod:TacticalStrike","TheCursedMod:CursedAmulet","TheCursedMod:HellfireBreathing","TheCursedMod:CollectTribute","TheCursedMod:CircleOfCorruption","TheCursedMod:SpitefulPlan","TheCursedMod:Stigma","TheCursedMod:CursedStaff","TheCursedMod:CursedBoomerang","TheCursedMod:ReleasedStrength","TheCursedMod:SpitefulPlan","TheCursedMod:ReleasedKnowledge","TheCursedMod:CursedShiv+1","TheCursedMod:AntiAging","TheCursedMod:CircleOfCorruption","TheCursedMod:StunningStrike+1","TheCursedMod:RapidMovement","TheCursedMod:CursedWand+1","TheCursedMod:SpitefulPlan","TheCursedMod:SmokeScreen","Madness","Madness","TheCursedMod:Stigma+1","TheCursedMod:SpitefulStrike+1","TheCursedMod:Stretching+1","TheCursedMod:CursedShiv+1","TheCursedMod:HellfireBreathing","TheCursedMod:HellfireBreathing"],"relics":["TheCursedMod:BlackMagic101","Sling","Nunchaku","Mummified Hand","Ice Cream","Incense Burner","Frozen Eye","Shovel","Anchor","hubris:PeanutButter","hubris:Spice","InkBottle","Oddly Smooth Stone","hubris:GrandSneckoEye","Molten Egg 2","Happy Flower","Potion Belt","hubris:EmptyBottle","TheCursedMod:Tack","Kunai","MutagenicStrength","Letter Opener","Coffee Dripper","MerchantsRug","Centennial Puzzle","Ginger","hubris:SlimyHat","Boot"],"acts_visited":["Exordium","TheCity","TheBeyond"],"potions_floor_usage":[],"damage_taken":[{"damage":0.0,"enemies":"Cultist","floor":1.0,"turns":3.0},{"damage":1.0,"enemies":"Small Slimes","floor":2.0,"turns":3.0},{"damage":2.0,"enemies":"2 Louse","floor":4.0,"turns":3.0},{"damage":2.0,"enemies":"2 Fungi Beasts","floor":7.0,"turns":3.0},{"damage":6.0,"enemies":"Gremlin Nob","floor":8.0,"turns":3.0},{"damage":0.0,"enemies":"Lagavulin","floor":10.0,"turns":5.0},{"damage":0.0,"enemies":"Exordium Thugs","floor":11.0,"turns":4.0},{"damage":0,"enemies":"3 Louse","floor":12,"turns":3},{"damage":0,"enemies":"Gremlin Nob","floor":14,"turns":2},{"damage":0,"enemies":"Hexaghost","floor":16,"turns":8},{"damage":0,"enemies":"Shell Parasite","floor":18,"turns":3},{"damage":0,"enemies":"Spheric Guardian","floor":19,"turns":3},{"damage":0,"enemies":"Shelled Parasite and Fungi","floor":21,"turns":3},{"damage":0,"enemies":"Chosen and Byrds","floor":22,"turns":3},{"damage":16,"enemies":"Gremlin Leader","floor":24,"turns":3},{"damage":0,"enemies":"Book of Stabbing","floor":28,"turns":3},{"damage":0,"enemies":"3 Cultists","floor":30,"turns":3},{"damage":0,"enemies":"Automaton","floor":33,"turns":4},{"damage":0,"enemies":"3 Darklings","floor":35,"turns":3},{"damage":0,"enemies":"Orb Walker","floor":36,"turns":2},{"damage":0,"enemies":"Nemesis","floor":40,"turns":3},{"damage":0,"enemies":"Spire Growth","floor":41,"turns":3},{"damage":0,"enemies":"Jaw Worm Horde","floor":42,"turns":3},{"damage":0,"enemies":"Sphere and 2 Shapes","floor":46,"turns":3},{"damage":0,"enemies":"Writhing Mass","floor":48,"turns":3},{"damage":17,"enemies":"Awakened One","floor":50,"turns":7}],"seed_played":"7126338244982523247","potions_obtained":[{"floor":1.0,"key":"SpeedPotion"},{"floor":2.0,"key":"GamblersBrew"},{"floor":4.0,"key":"ColorlessPotion"},{"floor":11.0,"key":"SpeedPotion"},{"floor":16,"key":"LiquidBronze"},{"floor":19,"key":"ColorlessPotion"},{"floor":28,"key":"SmokeBomb"},{"floor":33,"key":"FairyPotion"},{"floor":40,"key":"LiquidBronze"}],"is_trial":false,"path_per_floor":["M","M","?","M","?","R","M","E","T","E","M","M","$","E","R","B",null,"M","M","?","M","M","R","E","$","T","R","E","R","M","?","R","B",null,"M","M","?","$","?","E","M","M","T","R","$","M","R","M","R","B",null],"character_chosen":"THE_CURSED","items_purchased":["Sling","Nunchaku","Mummified Hand","TheCursedMod:Obscuration","TheCursedMod:Wield","Apotheosis","TheCursedMod:Stigma","TheCursedMod:HellsGateOpen","Frozen Eye","TheCursedMod:SoulReap","TheCursedMod:SmokeScreen","TheCursedMod:TacticalStrike","Anchor","TheCursedMod:TacticalStrike","TheCursedMod:CursedAmulet","Potion Belt","hubris:EmptyBottle","TheCursedMod:SpitefulPlan","MerchantsRug","TheCursedMod:SpitefulPlan","TheCursedMod:SmokeScreen","hubris:SlimyHat","TheCursedMod:CursedShiv+1"],"campfire_rested":1,"item_purchase_floors":[0,0,0,0,0,0,0,0,0,0,0,0,0,13,13,25,25,25,38,38,38,45,45],"current_hp_per_floor":[27,31,31,36,36,57,61,55,63,69,74,77,77,79,79,79,79,79,79,79,79,79,79,72,72,72,72,72,72,72,72,72,79,79,79,79,79,79,65,66,76,83,91,91,91,91,91,91,91,77],"gold":57,"neow_bonus":"","is_daily":false,"chose_seed":false,"campfire_upgraded":0,"win_rate":0.0,"timestamp":1612727053,"path_taken":["M","?","?","M","?","R","M","E","T","E","?","M","$","E","R","BOSS","M","M","?","?","M","R","E","$","T","R","E","R","M","?","R","BOSS","M","M","?","?","?","E","M","M","T","R","$","M","R","M","R","BOSS"],"items_purchased_type":["Relic","Relic","Relic","Card","Card","Card","Card","Card","Relic","Card","Card","Card","Relic","Card","Card","Relic","Relic","Card","Relic","Card","Card","Relic","Card"],"build_version":"2020-12-22","purchased_purges":0,"victory":true,"max_hp_per_floor":[71,71,71,71,71,71,71,71,79,79,79,79,79,79,79,79,79,79,79,79,79,79,79,79,79,79,79,79,79,79,79,79,79,79,79,79,79,79,79,79,81,83,91,91,91,91,91,91,91,91],"card_choices":[{"not_picked":["TheCursedMod:HellsGateOpen","TheCursedMod:PrepareRite"],"picked":"TheCursedMod:SmokeScreen","floor":1.0},{"not_picked":["TheCursedMod:SaltUponWound","TheCursedMod:Wield"],"picked":"TheCursedMod:HellfireBreathing","floor":2.0},{"not_picked":["TheCursedMod:SaltUponWound","TheCursedMod:SoulCrush"],"picked":"TheCursedMod:Obscuration","floor":4.0},{"not_picked":["TheCursedMod:CursedMace","TheCursedMod:SmokeScreen"],"picked":"TheCursedMod:SurpriseAttack","floor":7.0},{"not_picked":["TheCursedMod:RavingStaff","TheCursedMod:FuryStrike"],"picked":"TheCursedMod:CursedAmulet","floor":8.0},{"not_picked":["TheCursedMod:RavingStaff","TheCursedMod:CircleOfFocus"],"picked":"TheCursedMod:TroublousMinions","floor":10.0},{"not_picked":["TheCursedMod:Obscuration","TheCursedMod:Wield"],"picked":"TheCursedMod:SmokeScreen","floor":11.0},{"not_picked":["TheCursedMod:VitalStrike","TheCursedMod:SpitefulPlan"],"picked":"TheCursedMod:SurpriseAttack","floor":12},{"not_picked":["TheCursedMod:Wield","TheCursedMod:CircleOfFlame"],"picked":"TheCursedMod:HellfireBreathing","floor":14},{"not_picked":["TheCursedMod:DarkBarrier","TheCursedMod:UltimatePain"],"picked":"TheCursedMod:CollectTribute","floor":16},{"not_picked":["TheCursedMod:SpitefulStrike","TheCursedMod:CircleOfFlame+1"],"picked":"TheCursedMod:CircleOfCorruption","floor":18},{"not_picked":["TheCursedMod:Wield","TheCursedMod:Grudge"],"picked":"TheCursedMod:SpitefulPlan","floor":19},{"not_picked":["TheCursedMod:RapidMovement","TheCursedMod:Stigma"],"picked":"TheCursedMod:CursedStaff","floor":21},{"not_picked":["TheCursedMod:FleshFromBone","TheCursedMod:PrepareRite"],"picked":"TheCursedMod:CursedBoomerang","floor":22},{"not_picked":["TheCursedMod:CursedMace+1","TheCursedMod:BlessingInDisguise"],"picked":"TheCursedMod:ReleasedStrength","floor":24},{"not_picked":["TheCursedMod:FleshFromBone","TheCursedMod:UltimatePain"],"picked":"TheCursedMod:ReleasedKnowledge","floor":28},{"not_picked":["TheCursedMod:CircleOfCorruption","TheCursedMod:ReleasedStrength"],"picked":"TheCursedMod:CursedShiv+1","floor":30},{"not_picked":["TheCursedMod:StunningStrike+1","TheCursedMod:ShockAndAwe+1"],"picked":"TheCursedMod:AntiAging","floor":33},{"not_picked":["TheCursedMod:CircleOfWindfury","TheCursedMod:FleshFromBone"],"picked":"TheCursedMod:CircleOfCorruption","floor":35},{"not_picked":["TheCursedMod:CursedMace+1","TheCursedMod:RavingStaff+1"],"picked":"TheCursedMod:StunningStrike+1","floor":36},{"not_picked":["TheCursedMod:Obscuration","TheCursedMod:ReleasedStrength"],"picked":"TheCursedMod:Stigma+1","floor":40},{"not_picked":["TheCursedMod:VitalStrike+1","TheCursedMod:DoubleShield"],"picked":"TheCursedMod:SpitefulStrike+1","floor":41},{"not_picked":["TheCursedMod:AshesToAshes","TheCursedMod:Evocation"],"picked":"TheCursedMod:Stretching+1","floor":42},{"not_picked":["TheCursedMod:TacticalStrike+1","TheCursedMod:CursedMace+1"],"picked":"TheCursedMod:HellfireBreathing","floor":46},{"not_picked":["TheCursedMod:ManaBullet+1","TheCursedMod:CursedAmulet"],"picked":"TheCursedMod:HellfireBreathing","floor":48}],"player_experience":521462,"relics_obtained":[{"floor":8.0,"key":"hubris:PeanutButter"},{"floor":9.0,"key":"hubris:Spice"},{"floor":10.0,"key":"Smiling Mask"},{"floor":14,"key":"InkBottle"},{"floor":15,"key":"Oddly Smooth Stone"},{"floor":23,"key":"Molten Egg 2"},{"floor":24,"key":"Happy Flower"},{"floor":26,"key":"TheCursedMod:Tack"},{"floor":27,"key":"Kunai"},{"floor":28,"key":"War Paint"},{"floor":29,"key":"MawBank"},{"floor":32,"key":"Letter Opener"},{"floor":40,"key":"Centennial Puzzle"},{"floor":43,"key":"hubris:Spice"},{"floor":44,"key":"Ginger"},{"floor":47,"key":"Boot"}],"event_choices":[{"damage_healed":0.0,"max_hp_gain":0.0,"max_hp_loss":0.0,"gold_gain":0.0,"event_name":"Big Fish","player_choice":"Box","floor":3.0,"gold_loss":0.0,"damage_taken":0.0,"relics_obtained":["hubris:ToyBattleship"],"cards_obtained":["Regret"]},{"damage_healed":0.0,"max_hp_gain":0.0,"max_hp_loss":0.0,"gold_gain":0.0,"event_name":"Upgrade Shrine","player_choice":"Upgraded","floor":5.0,"gold_loss":0.0,"damage_taken":0.0,"cards_upgraded":["Apotheosis"]},{"damage_healed":0,"gold_gain":0,"cards_transformed":["TheCursedMod:Strike_TheCursed"],"player_choice":"Transformed","damage_taken":0,"max_hp_gain":0,"max_hp_loss":0,"event_name":"Transmorgrifier","floor":20,"gold_loss":0,"cards_obtained":["TheCursedMod:Stigma"]},{"damage_healed":0,"gold_gain":0,"player_choice":"Inject Mutagens","damage_taken":0,"relics_obtained":["MutagenicStrength"],"max_hp_gain":0,"max_hp_loss":0,"event_name":"Drug Dealer","floor":31,"gold_loss":0},{"damage_healed":0,"gold_gain":0,"player_choice":"2 cards matched","damage_taken":0,"max_hp_gain":0,"max_hp_loss":0,"event_name":"Match and Keep!","floor":37,"gold_loss":0,"cards_obtained":["TheCursedMod:RapidMovement","TheCursedMod:CursedWand"]},{"damage_healed":0,"gold_gain":0,"player_choice":"Embrace Madness","damage_taken":14,"max_hp_gain":0,"max_hp_loss":0,"event_name":"Winding Halls","floor":39,"gold_loss":0,"cards_obtained":["Madness","Madness"]}],"is_beta":false,"boss_relics":[{"not_picked":["hubris:Spice","Tiny House"],"picked":"hubris:GrandSneckoEye"},{"not_picked":["Velvet Choker","SacredBark"],"picked":"Coffee Dripper"}],"items_purged_floors":[],"is_endless":false,"potions_floor_spawned":[1,2,4,11,16,19,28,33,40,41,42,46],"ascension_level":19}}