{"host":"rq7gz685gkaokql0","time":1612682863,"event":{"mods":["BaseMod","Hubris","Infinite Spire","Minty Spire (QoL Compilation)","Replay The Spire","StSLib"],"gold_per_floor":[109,109,159,169,187,216,240,252,264,302,50,50,83,83,83,160,210,226,25,97,111,111,111,140,140,165,165,177,177,55,55,55,131,131,149,549,549,601,616,616,616],"floor_reached":40,"language":"ENG","playtime":2233,"items_purged":["infinitespire:Pacifist"],"score":886,"play_id":"620e804a-a573-4301-bd27-96423cf74a2d","local_time":"20210206212743","is_ascension_mode":true,"campfire_choices":[{"floor":8.0,"key":"REST"},{"floor":12.0,"key":"REST"},{"data":"After Image","floor":15.0,"key":"SMITH"},{"floor":23.0,"key":"REST"},{"data":"hubris:Counter","floor":27.0,"key":"SMITH"},{"data":"ReplayTheSpireMod:Black Plague","floor":29.0,"key":"SMITH"},{"data":"infinitespire:Neurotoxin","floor":32.0,"key":"SMITH"}],"circlet_count":0,"master_deck":["AscendersBane","Strike_G","Strike_G","Strike_G","Strike_G","Strike_G","Defend_G","Defend_G","Defend_G","Defend_G+1","Defend_G","Survivor","Neutralize","hubris:Sloth","Secret Weapon","Terror","ReplayTheSpireMod:Black Plague+1","Poisoned Stab","ReplayTheSpireMod:Speed Training","Deadly Poison","After Image+1","Dagger Spray","Replay:Bag of Tricks+1","Corpse Explosion","hubris:Counter+1","Dagger Spray+1","Poisoned Stab","infinitespire:Neurotoxin+1","infinitespire:Fortify","Dagger Spray","After Image+1","Deadly Poison","ReplayTheSpireMod:IOU","Die Die Die","Footwork","infinitespire:DeathsTouch","Poisoned Stab","After Image+1","Mayhem","Deflect","Hidden Blade+1"],"relics":["Ring of the Snake","hubris:OldNail","MawBank","Blood Vial","infinitespire:CheckeredPen","Eternal Feather","Lizard Tail","Tiny House","ReplayTheSpireMod:CursedCoin","Ornamental Fan","Replay:Baseball","ReplayTheSpireMod:Lightbulb","ReplayTheSpireMod:TigerMarble","Replay:Wax Seal","TwistedFunnel","infinitespire:WardingShard","Empty Cage","Old Coin","WingedGreaves"],"acts_visited":["Exordium","TheCity","TheBeyond"],"potions_floor_usage":[40],"damage_taken":[{"damage":5.0,"enemies":"Small Slimes","floor":1.0,"turns":5.0},{"damage":13.0,"enemies":"Cultist","floor":4.0,"turns":4.0},{"damage":10.0,"enemies":"2 Louse","floor":5.0,"turns":4.0},{"damage":5.0,"enemies":"Gremlin Nob","floor":6.0,"turns":3.0},{"damage":5.0,"enemies":"Large Slime","floor":7.0,"turns":8.0},{"damage":7.0,"enemies":"Lagavulin","floor":10.0,"turns":6.0},{"damage":2.0,"enemies":"Replay:BlueRogue","floor":13.0,"turns":5.0},{"damage":6.0,"enemies":"The Guardian","floor":16.0,"turns":9.0},{"damage":24.0,"enemies":"Shell Parasite","floor":18.0,"turns":5.0},{"damage":9.0,"enemies":"3 Byrds","floor":21.0,"turns":3.0},{"damage":30.0,"enemies":"Gremlin Leader","floor":24.0,"turns":7.0},{"damage":16.0,"enemies":"Snecko","floor":28.0,"turns":5.0},{"damage":33.0,"enemies":"Collector","floor":33.0,"turns":9.0},{"damage":18.0,"enemies":"3 Darklings","floor":35.0,"turns":4.0},{"damage":29.0,"enemies":"infinitespire:Three Voidlings","floor":36.0,"turns":4.0},{"damage":11.0,"enemies":"Nightmare_Alpha","floor":36.0,"turns":10.0},{"damage":25.0,"enemies":"2 Orb Walkers","floor":38.0,"turns":5.0},{"damage":11.0,"enemies":"3 Shapes","floor":39.0,"turns":3.0},{"damage":28,"enemies":"Reptomancer","floor":40,"turns":4}],"seed_played":"-4845533048402205456","potions_obtained":[{"floor":1.0,"key":"Ancient Potion"},{"floor":4.0,"key":"Block Potion"},{"floor":7.0,"key":"CunningPotion"},{"floor":10.0,"key":"Fire Potion"},{"floor":17.0,"key":"Ancient Potion"},{"floor":24.0,"key":"CunningPotion"},{"floor":28.0,"key":"GamblersBrew"},{"floor":33.0,"key":"AttackPotion"},{"floor":36.0,"key":"ColorlessPotion"},{"floor":39.0,"key":"ColorlessPotion"}],"is_trial":false,"path_per_floor":["M","?","T","M","M","E","M","R","T","E","$","R","E","?","R","B",null,"M","$","?","M","AVR","R","E","?","T","R","M","R","$","?","R","B",null,"M","?","?","?","M","E"],"character_chosen":"THE_SILENT","items_purchased":["Eternal Feather","ReplayTheSpireMod:CursedCoin","Ornamental Fan","Replay:Wax Seal","TwistedFunnel"],"campfire_rested":3,"item_purchase_floors":[11,19,19,30,30],"current_hp_per_floor":[54,38,38,25,15,10,5,24,24,19,19,50,50,50,62,58,69,47,47,19,12,12,51,23,23,23,41,27,45,45,45,66,35,62,46,10,10,27,18,0,0],"gold":616,"neow_bonus":"RANDOM_COLORLESS_2","is_daily":false,"chose_seed":false,"campfire_upgraded":4,"win_rate":0.0,"timestamp":1612682863,"path_taken":["M","?","?","?","M","E","M","R","T","E","$","R","E","?","R","BOSS","M","$","?","M","AVR","R","E","?","T","R","?","R","?","?","R","BOSS","M","?","?","?","M","E"],"items_purchased_type":["Relic","Relic","Relic","Relic","Relic"],"build_version":"2020-12-22","purchased_purges":1,"victory":false,"max_hp_per_floor":[66,66,66,66,66,66,66,66,66,66,66,66,66,66,66,66,71,71,71,71,71,71,71,71,71,71,71,71,71,71,71,71,71,71,71,71,71,71,71,71,71],"card_choices":[{"not_picked":["Sadistic Nature","Chrysalis"],"picked":"Secret Weapon","floor":0.0},{"not_picked":["Sucker Punch","Backflip"],"picked":"Terror","floor":1.0},{"not_picked":["infinitespire:Fortify","infinitespire:UltimateForm"],"picked":"ReplayTheSpireMod:Black Plague","floor":2.0},{"not_picked":["hubris:SlightOfHand","Noxious Fumes"],"picked":"Poisoned Stab","floor":4.0},{"not_picked":["Endless Agony","Hidden Blade"],"picked":"ReplayTheSpireMod:Speed Training","floor":5.0},{"not_picked":["Catalyst","ReplayTheSpireMod:Tripwire"],"picked":"Deadly Poison","floor":6.0},{"not_picked":["Dagger Spray","Quick Slash"],"picked":"After Image","floor":7.0},{"not_picked":["Underhanded Strike","Flying Knee"],"picked":"Dagger Spray","floor":10.0},{"not_picked":["Hidden Blade","Sucker Punch"],"picked":"Replay:Bag of Tricks","floor":13.0},{"not_picked":["Adrenaline","After Image"],"picked":"Corpse Explosion","floor":16.0},{"not_picked":["ReplayTheSpireMod:Shiv Toss","Riddle With Holes"],"picked":"hubris:Counter","floor":17.0},{"not_picked":["Underhanded Strike","Quick Slash"],"picked":"Prepared","floor":18.0},{"not_picked":["Flechettes","Prepared"],"picked":"Dagger Spray+1","floor":20.0},{"not_picked":["Deadly Poison","Outmaneuver"],"picked":"Poisoned Stab","floor":20.0},{"not_picked":["Slice","ReplayTheSpireMod:Scrap Shanks"],"picked":"infinitespire:Neurotoxin","floor":21.0},{"not_picked":["Prepared","hubris:SlightOfHand"],"picked":"Dagger Spray","floor":24.0},{"not_picked":["Blur","Underhanded Strike"],"picked":"Deadly Poison","floor":28.0},{"not_picked":["Bullet Time","Glass Knife"],"picked":"Die Die Die","floor":33.0},{"not_picked":["Prepared","Hidden Blade"],"picked":"Footwork","floor":35.0},{"not_picked":["hubris:Fate","infinitespire:FinalStrike"],"picked":"infinitespire:DeathsTouch","floor":36.0},{"not_picked":["Backflip","hubris:SlightOfHand+1"],"picked":"Poisoned Stab","floor":36.0},{"not_picked":["Master of Strategy","Discovery"],"picked":"Mayhem","floor":37.0},{"not_picked":["Hidden Blade","Flying Knee"],"picked":"Deflect","floor":38.0},{"not_picked":["Underhanded Strike","Concentrate"],"picked":"Hidden Blade+1","floor":39.0}],"player_experience":1259464,"relics_obtained":[{"floor":3.0,"key":"hubris:OldNail"},{"floor":6.0,"key":"MawBank"},{"floor":9.0,"key":"Blood Vial"},{"floor":10.0,"key":"infinitespire:CheckeredPen"},{"floor":13.0,"key":"Lizard Tail"},{"floor":24.0,"key":"ReplayTheSpireMod:Lightbulb"},{"floor":26.0,"key":"ReplayTheSpireMod:TigerMarble"},{"floor":36.0,"key":"Old Coin"},{"floor":38.0,"key":"WingedGreaves"}],"event_choices":[{"damage_healed":0.0,"max_hp_gain":0.0,"max_hp_loss":0.0,"gold_gain":0.0,"event_name":"Duplicator","player_choice":"Copied","floor":25.0,"gold_loss":0.0,"damage_taken":0.0,"cards_obtained":["After Image"]},{"damage_healed":0.0,"max_hp_gain":0.0,"max_hp_loss":0.0,"gold_gain":0.0,"event_name":"Duplicator","player_choice":"Copied","floor":36.0,"gold_loss":0.0,"damage_taken":0.0,"cards_obtained":["After Image"]},{"damage_healed":0.0,"max_hp_gain":0.0,"max_hp_loss":0.0,"gold_gain":0.0,"event_name":"SensoryStone","player_choice":"Memory 1","floor":37.0,"gold_loss":0.0,"damage_taken":0.0},{"damage_healed":0.0,"max_hp_gain":0.0,"max_hp_loss":0.0,"gold_gain":0.0,"event_name":"Mysterious Sphere","player_choice":"Fight","floor":38.0,"gold_loss":0.0,"damage_taken":0.0}],"is_beta":false,"boss_relics":[{"not_picked":["hubris:BlackHole","hubris:GrandSneckoEye"],"picked":"Tiny House"},{"not_picked":["Busted Crown","Snecko Scales"],"picked":"Empty Cage"}],"items_purged_floors":[19],"is_endless":false,"potions_floor_spawned":[1,4,7,10,24,28,33,36,39],"killed_by":"Reptomancer","ascension_level":20}}