{"host":"vt2y5t5o3g86377d","time":1612682816,"event":{"mods":["Act Like it!","BaseMod","BetterRewards","Friendly Minions","Minty Spire (QoL Compilation)","Quick Restart","StSLib","UnlockEverythingMod","[功能]功能增强和修复MOD","【功能Mod】混沌之环修复补丁"],"gold_per_floor":[114,114,129,143,156,156,187,206,232,232,260,270,303,335,335,435,435,451,482,397,410,442,471,471,501,554,311,346,381,391,402,402,499,499,516,516,530,243,263,263,289,289,339,365,365,395,406,436,436,436,436,436,68,97,97],"floor_reached":56,"language":"ZHS","playtime":2903,"items_purged":["Clash","Clash+1","Clash"],"score":2063,"play_id":"e8cc927e-40f2-4f48-8574-8bcadbb35474","local_time":"20210207152656","daily_mods":["SealedDeck","Heirloom","DeadlyEvents","Elite Swarm","Uncertain Future"],"is_ascension_mode":true,"campfire_choices":[{"data":"Searing Blow","floor":6,"key":"SMITH"},{"data":"Searing Blow+1","floor":10,"key":"SMITH"},{"data":"Double Tap","floor":15,"key":"SMITH"},{"data":"Searing Blow+2","floor":24,"key":"SMITH"},{"data":"Searing Blow+3","floor":32,"key":"SMITH"},{"data":"Searing Blow+4","floor":40,"key":"SMITH"},{"data":"Searing Blow+5","floor":42,"key":"SMITH"},{"floor":49,"key":"RECALL"},{"data":"Searing Blow+7","floor":52,"key":"SMITH"}],"circlet_count":0,"master_deck":["Cleave","Seeing Red","Searing Blow+8","Thunderclap","Thunderclap+1","Dropkick","Thunderclap","Double Tap+1","Rage+1"],"relics":["Black Blood","Ginger","Meat on the Bone","Whetstone","Smiling Mask","TungstenRod","StrikeDummy","Red Mask","Lantern","Orichalcum","CaptainsWheel","Singing Bowl","Matryoshka","Oddly Smooth Stone","Girya","Busted Crown","Turnip","Happy Flower","Dream Catcher","PreservedInsect","Nunchaku","HornCleat","Mercury Hourglass","Membership Card","Toy Ornithopter","Gremlin Horn"],"acts_visited":["Exordium","TheCity","TheBeyond","TheEnding"],"potions_floor_usage":[21,55,55,55],"damage_taken":[{"damage":0.0,"enemies":"Jaw Worm","floor":1.0,"turns":1.0},{"damage":0,"enemies":"Cultist","floor":3,"turns":1},{"damage":0,"enemies":"Small Slimes","floor":4,"turns":1},{"damage":6,"enemies":"3 Louse","floor":5,"turns":2},{"damage":20,"enemies":"Lagavulin","floor":7,"turns":3},{"damage":0,"enemies":"Exordium Wildlife","floor":8,"turns":1},{"damage":0,"enemies":"3 Sentries","floor":11,"turns":2},{"damage":0,"enemies":"Lots of Slimes","floor":12,"turns":1},{"damage":0,"enemies":"Lagavulin","floor":13,"turns":2},{"damage":0,"enemies":"Gremlin Nob","floor":14,"turns":2},{"damage":0,"enemies":"Slime Boss","floor":16,"turns":3},{"damage":10,"enemies":"Chosen","floor":18,"turns":2},{"damage":0,"enemies":"Masked Bandits","floor":19,"turns":2},{"damage":0,"enemies":"Spheric Guardian","floor":21,"turns":1},{"damage":17,"enemies":"Slavers","floor":22,"turns":2},{"damage":0,"enemies":"Gremlin Leader","floor":23,"turns":2},{"damage":2,"enemies":"Slavers","floor":25,"turns":2},{"damage":4,"enemies":"Gremlin Leader","floor":28,"turns":2},{"damage":3,"enemies":"Book of Stabbing","floor":29,"turns":2},{"damage":0,"enemies":"Centurion and Healer","floor":30,"turns":2},{"damage":0,"enemies":"Cultist and Chosen","floor":31,"turns":3},{"damage":36,"enemies":"Champ","floor":33,"turns":6},{"damage":0,"enemies":"Orb Walker","floor":35,"turns":2},{"damage":5,"enemies":"3 Darklings","floor":37,"turns":2},{"damage":30,"enemies":"4 Shapes","floor":39,"turns":3},{"damage":6,"enemies":"Giant Head","floor":41,"turns":4},{"damage":0,"enemies":"Reptomancer","floor":44,"turns":1},{"damage":6,"enemies":"Giant Head","floor":46,"turns":3},{"damage":8,"enemies":"Jaw Worm Horde","floor":47,"turns":2},{"damage":0,"enemies":"Reptomancer","floor":48,"turns":2},{"damage":51,"enemies":"Donu and Deca","floor":50,"turns":6},{"damage":0,"enemies":"Shield and Spear","floor":54,"turns":3},{"damage":150,"enemies":"The Heart","floor":55,"turns":7}],"seed_played":"-1541560685755048930","potions_obtained":[{"floor":3,"key":"Regen Potion"},{"floor":4,"key":"Block Potion"},{"floor":5,"key":"LiquidMemories"},{"floor":5,"key":"DuplicationPotion"},{"floor":11,"key":"BloodPotion"},{"floor":21,"key":"BloodPotion"},{"floor":22,"key":"LiquidMemories"}],"is_trial":true,"path_per_floor":["M","?","M","M","M","R","E","M","T","R","E","M","E","E","R","B",null,"M","?","?","M","E","E","R","E","T","$","E","E","M","M","R","B",null,"M","?","M","$","M","R","E","R","T","E","?","E","M","E","R","B",null,"R","$","E","B",null],"character_chosen":"IRONCLAD","items_purchased":["Matryoshka","Turnip","Membership Card","Toy Ornithopter"],"campfire_rested":0,"item_purchase_floors":[27,38,53,53],"current_hp_per_floor":[78,78,80,80,80,80,66,72,72,72,78,80,80,80,80,80,80,80,80,80,80,75,80,80,82,82,82,84,86,86,88,88,66,84,92,87,89,89,73,73,81,81,81,95,95,97,99,101,101,74,94,94,94,103,32],"gold":97,"neow_bonus":"","is_daily":false,"chose_seed":false,"campfire_upgraded":8,"win_rate":0.0,"timestamp":1612682816,"path_taken":["M","?","M","?","M","R","E","M","T","R","E","M","?","E","R","BOSS","M","?","?","M","?","E","R","E","T","$","E","?","M","M","R","BOSS","M","?","M","$","M","R","E","R","T","E","?","E","M","?","R","BOSS","R","$","E","BOSS"],"items_purchased_type":["Relic","Relic","Relic","Relic"],"build_version":"2020-11-29","purchased_purges":3,"victory":true,"max_hp_per_floor":[80,80,80,80,80,80,80,80,80,80,80,80,80,80,80,80,80,80,80,80,80,80,80,80,82,82,82,84,86,86,88,88,90,90,92,87,89,89,91,91,93,93,93,95,95,97,99,101,101,101,101,101,101,103,103],"card_choices":[{"not_picked":["True Grit","Heavy Blade","Armaments"],"picked":"SKIP","floor":1.0},{"not_picked":["Headbutt","Cleave","Iron Wave"],"picked":"SKIP","floor":3},{"not_picked":["Thunderclap","Headbutt","Power Through"],"picked":"SKIP","floor":4},{"not_picked":["Reckless Charge","True Grit","Shrug It Off"],"picked":"SKIP","floor":5},{"not_picked":["Feed","Brutality","Demon Form"],"picked":"SKIP","floor":7},{"not_picked":["Warcry","Iron Wave","Armaments"],"picked":"SKIP","floor":8},{"not_picked":["Bludgeon","Berserk"],"picked":"Double Tap","floor":11},{"not_picked":["Clash","Thunderclap","Body Slam"],"picked":"SKIP","floor":12},{"not_picked":["Double Tap","Brutality","Limit Break"],"picked":"SKIP","floor":13},{"not_picked":["Impervious","Exhume","Immolate"],"picked":"SKIP","floor":14},{"not_picked":["Wild Strike","Combust","Feel No Pain"],"picked":"SKIP","floor":18},{"not_picked":["Evolve+1","Sever Soul+1","Disarm+1"],"picked":"SKIP","floor":21},{"not_picked":["Brutality","Exhume","Corruption"],"picked":"SKIP","floor":22},{"not_picked":["Bludgeon","Double Tap","Reaper"],"picked":"SKIP","floor":23},{"not_picked":["Demon Form","Feed","Juggernaut"],"picked":"Singing Bowl","floor":25},{"not_picked":["Brutality","Double Tap","Demon Form"],"picked":"Singing Bowl","floor":28},{"not_picked":["Offering","Immolate","Fiend Fire"],"picked":"Singing Bowl","floor":29},{"not_picked":["Havoc+1","Clash"],"picked":"Rage+1","floor":30},{"not_picked":["Sword Boomerang","Anger","Body Slam"],"picked":"Singing Bowl","floor":31},{"not_picked":["Brutality","Immolate","Feed"],"picked":"Singing Bowl","floor":33},{"not_picked":["Cleave+1"],"picked":"Singing Bowl","floor":35},{"not_picked":["Shockwave"],"picked":"Singing Bowl","floor":37},{"not_picked":["Burning Pact"],"picked":"Singing Bowl","floor":39},{"not_picked":["Reaper"],"picked":"Singing Bowl","floor":41},{"not_picked":["Immolate"],"picked":"Singing Bowl","floor":44},{"not_picked":["Impervious"],"picked":"Singing Bowl","floor":46},{"not_picked":["Perfected Strike+1"],"picked":"Singing Bowl","floor":47},{"not_picked":["Fiend Fire"],"picked":"Singing Bowl","floor":48},{"not_picked":["Brutality"],"picked":"Singing Bowl","floor":54}],"player_experience":74067,"relics_obtained":[{"floor":7,"key":"Meat on the Bone"},{"floor":9,"key":"Whetstone"},{"floor":11,"key":"Smiling Mask"},{"floor":13,"key":"TungstenRod"},{"floor":14,"key":"StrikeDummy"},{"floor":19,"key":"Red Mask"},{"floor":22,"key":"Orichalcum"},{"floor":23,"key":"CaptainsWheel"},{"floor":25,"key":"Singing Bowl"},{"floor":28,"key":"Oddly Smooth Stone"},{"floor":29,"key":"Girya"},{"floor":41,"key":"Happy Flower"},{"floor":43,"key":"Dream Catcher"},{"floor":43,"key":"PreservedInsect"},{"floor":44,"key":"Nunchaku"},{"floor":46,"key":"HornCleat"},{"floor":48,"key":"Mercury Hourglass"},{"floor":54,"key":"Gremlin Horn"}],"event_choices":[{"damage_healed":0,"gold_gain":0,"player_choice":"0 cards matched","damage_taken":0,"max_hp_gain":0,"max_hp_loss":0,"event_name":"Match and Keep!","floor":2,"gold_loss":0,"cards_obtained":[]},{"damage_healed":0,"gold_gain":0,"player_choice":"Fought Bandits","damage_taken":0,"max_hp_gain":0,"max_hp_loss":0,"event_name":"Masked Bandits","floor":19,"gold_loss":0},{"damage_healed":0,"gold_gain":0,"player_choice":"Obtained Relic","damage_taken":0,"relics_obtained":["Lantern"],"max_hp_gain":0,"max_hp_loss":0,"event_name":"Addict","floor":20,"gold_loss":85},{"damage_healed":0,"gold_gain":0,"player_choice":"Max HP","damage_taken":0,"max_hp_gain":0,"max_hp_loss":5,"event_name":"Winding Halls","floor":36,"gold_loss":0},{"damage_healed":0,"gold_gain":0,"player_choice":"Upgraded","damage_taken":0,"max_hp_gain":0,"max_hp_loss":0,"event_name":"Upgrade Shrine","floor":45,"gold_loss":0,"cards_upgraded":["Searing Blow"]}],"is_beta":false,"boss_relics":[{"not_picked":["Runic Pyramid","Empty Cage"],"picked":"Black Blood"},{"not_picked":["Calling Bell","Philosopher\u0027s Stone"],"picked":"Busted Crown"}],"items_purged_floors":[53,53,53],"is_endless":false,"potions_floor_spawned":[3,4,5,5,5,8,11,12,12,13,13,16,21,22,23,23,25,28,29,30,30,31,31,31,33,35,35,37,39,44,44,46,46,47,48,48,54,54],"ascension_level":6}}