{"host":"tzwikg9s6mkzv6w0","time":1612707163,"event":{"mods":["BaseMod","Good Game Mod","Minty Spire (QoL Compilation)","Spicy Shops","StSLib"],"gold_per_floor":[117,117,130,146,161,187,187,215,238,15,45,45,78,92,92,196,196,208,224,244,244,260,287,300,327,381,381,395,395,429,445,445,540,540,555,555,301,321,45,45,76,76,76,107,107,140,140,152,152,152,152,152,2,32,32],"floor_reached":56,"language":"ZHS","playtime":1410,"items_purged":["Strike_R","Wild Strike","Sword Boomerang","Clash"],"score":1623,"play_id":"3d76b65c-17d0-4935-bbe9-24b0a8e98583","local_time":"20210207221243","is_ascension_mode":true,"campfire_choices":[{"data":"Armaments","floor":7.0,"key":"SMITH"},{"data":"Heavy Blade","floor":12.0,"key":"SMITH"},{"data":"Demon Form","floor":15.0,"key":"SMITH"},{"floor":27.0,"key":"DIG"},{"floor":29.0,"key":"DIG"},{"data":"Dark Embrace","floor":32.0,"key":"SMITH"},{"floor":40,"key":"RECALL"},{"data":"Limit Break","floor":42,"key":"SMITH"},{"data":"Pommel Strike","floor":47,"key":"SMITH"},{"data":"Sword Boomerang","floor":49,"key":"SMITH"},{"floor":52,"key":"DIG"}],"circlet_count":0,"master_deck":["Bash","Immolate","Armaments+1","Feel No Pain","Heavy Blade+1","Demon Form+1","Offering","Shrug It Off","Necronomicurse","Dark Embrace+1","Flex+1","Reaper","True Grit+1","Body Slam+1","Offering","Sword Boomerang+1","Burning Pact+1","Limit Break+1","Reaper","Spot Weakness+1","Pommel Strike+1","Impervious+1","Battle Trance+1"],"relics":["Burning Blood","REME:ComplimentaryCards","Ornamental Fan","PreservedInsect","Art of War","Brimstone","Red Skull","Happy Flower","Runic Pyramid","Necronomicon","Bag of Marbles","Shovel","Omamori","Bird Faced Urn","Eternal Feather","Vajra","Pandora\u0027s Box","TheAbacus","Pen Nib","Shuriken","Pantograph","War Paint","Bottled Tornado","Torii"],"acts_visited":["Exordium","TheCity","TheBeyond","TheEnding"],"potions_floor_usage":[55],"damage_taken":[{"damage":1.0,"enemies":"Cultist","floor":1.0,"turns":3.0},{"damage":2.0,"enemies":"Jaw Worm","floor":3.0,"turns":3.0},{"damage":0.0,"enemies":"2 Louse","floor":4.0,"turns":1.0},{"damage":10.0,"enemies":"2 Fungi Beasts","floor":5.0,"turns":3.0},{"damage":38.0,"enemies":"3 Sentries","floor":6.0,"turns":9.0},{"damage":23.0,"enemies":"Gremlin Nob","floor":8.0,"turns":4.0},{"damage":12.0,"enemies":"3 Sentries","floor":11.0,"turns":4.0},{"damage":0.0,"enemies":"Lagavulin","floor":13.0,"turns":3.0},{"damage":6.0,"enemies":"3 Louse","floor":14.0,"turns":3.0},{"damage":8.0,"enemies":"The Guardian","floor":16.0,"turns":4.0},{"damage":20.0,"enemies":"3 Byrds","floor":18.0,"turns":3.0},{"damage":1.0,"enemies":"Chosen","floor":19.0,"turns":3.0},{"damage":6.0,"enemies":"Shelled Parasite and Fungi","floor":20.0,"turns":2.0},{"damage":0.0,"enemies":"Snake Plant","floor":22.0,"turns":2.0},{"damage":8.0,"enemies":"Gremlin Leader","floor":23.0,"turns":2.0},{"damage":9.0,"enemies":"3 Cultists","floor":24.0,"turns":3.0},{"damage":6.0,"enemies":"Slavers","floor":25.0,"turns":1.0},{"damage":18.0,"enemies":"Chosen and Byrds","floor":28.0,"turns":3.0},{"damage":6.0,"enemies":"Gremlin Leader","floor":30.0,"turns":1.0},{"damage":6.0,"enemies":"Snecko","floor":31.0,"turns":1.0},{"damage":29.0,"enemies":"Collector","floor":33.0,"turns":4.0},{"damage":6.0,"enemies":"3 Darklings","floor":35.0,"turns":1.0},{"damage":8,"enemies":"3 Shapes","floor":38,"turns":2},{"damage":7,"enemies":"Nemesis","floor":41,"turns":3},{"damage":6,"enemies":"Reptomancer","floor":44,"turns":2},{"damage":0,"enemies":"Nemesis","floor":46,"turns":3},{"damage":21,"enemies":"Spire Growth","floor":48,"turns":3},{"damage":60,"enemies":"Awakened One","floor":50,"turns":4},{"damage":18,"enemies":"Shield and Spear","floor":54,"turns":4},{"damage":110,"enemies":"The Heart","floor":55,"turns":5}],"seed_played":"2419401416464097554","potions_obtained":[{"floor":1.0,"key":"SpeedPotion"},{"floor":3.0,"key":"FearPotion"},{"floor":5.0,"key":"Fruit Juice"},{"floor":14.0,"key":"ElixirPotion"},{"floor":19.0,"key":"FairyPotion"},{"floor":22.0,"key":"Weak Potion"},{"floor":28.0,"key":"LiquidMemories"},{"floor":41,"key":"PowerPotion"}],"is_trial":false,"path_per_floor":["M","?","M","M","M","E","R","E","T","$","E","R","E","M","R","B",null,"M","M","M","?","M","E","M","E","T","R","M","R","E","M","R","B",null,"M","?","$","M","$","R","E","R","T","E","$","E","R","M","R","B",null,"R","$","E","B",null],"character_chosen":"IRONCLAD","items_purchased":["Brimstone","TheAbacus","Pen Nib"],"campfire_rested":0,"item_purchase_floors":[10,37,39],"current_hp_per_floor":[61,61,65,71,72,40,40,23,23,23,17,17,23,23,23,21,85,71,76,76,60,66,64,61,61,61,61,49,49,49,49,61,66,85,85,85,85,85,85,85,85,85,85,85,85,85,85,70,82,85,85,85,85,85,85],"gold":32,"neow_bonus":"REMOVE_TWO","is_daily":false,"chose_seed":false,"campfire_upgraded":7,"win_rate":0.0,"timestamp":1612707163,"path_taken":["M","?","M","M","M","E","R","E","T","$","E","R","E","M","R","BOSS","M","?","M","?","M","E","M","E","T","R","M","R","E","M","R","BOSS","M","?","$","M","$","R","E","R","T","E","$","E","R","M","R","BOSS","R","$","E","BOSS"],"items_purchased_type":["Relic","Relic","Relic"],"build_version":"2020-12-22","purchased_purges":4,"victory":true,"max_hp_per_floor":[80,80,80,80,85,85,85,85,85,85,85,85,85,85,85,85,85,85,85,85,85,85,85,85,85,85,85,85,85,85,85,85,85,85,85,85,85,85,85,85,85,85,85,85,85,85,85,85,85,85,85,85,85,85,85],"card_choices":[{"not_picked":["Sword Boomerang","Cleave"],"picked":"Armaments","floor":1.0},{"not_picked":["Wild Strike","Warcry"],"picked":"Sword Boomerang","floor":3.0},{"not_picked":["Headbutt","Perfected Strike"],"picked":"Feel No Pain","floor":4.0},{"not_picked":["Thunderclap","Sword Boomerang","Headbutt"],"picked":"SKIP","floor":5.0},{"not_picked":["Pummel","Cleave","Metallicize"],"picked":"SKIP","floor":6.0},{"not_picked":["Clash","Perfected Strike"],"picked":"Heavy Blade","floor":8.0},{"not_picked":["Cleave","Wild Strike","True Grit"],"picked":"SKIP","floor":11.0},{"not_picked":["Armaments","Fire Breathing"],"picked":"Demon Form","floor":13.0},{"not_picked":["True Grit","Iron Wave","Headbutt"],"picked":"SKIP","floor":14.0},{"not_picked":["Reaper","Corruption"],"picked":"Offering","floor":16.0},{"not_picked":["Fire Breathing","Armaments"],"picked":"Shrug It Off","floor":18.0},{"not_picked":["Clothesline","Rage","Sword Boomerang"],"picked":"SKIP","floor":19.0},{"not_picked":["Carnage","Combust","Infernal Blade"],"picked":"SKIP","floor":20.0},{"not_picked":["Warcry","Sword Boomerang"],"picked":"Dark Embrace","floor":22.0},{"not_picked":["Thunderclap","Havoc"],"picked":"Flex+1","floor":23.0},{"not_picked":["Heavy Blade","Sentinel","Anger+1"],"picked":"SKIP","floor":24.0},{"not_picked":["Corruption","Rampage"],"picked":"Reaper","floor":25.0},{"not_picked":["Sentinel+1","Warcry"],"picked":"True Grit+1","floor":28.0},{"not_picked":["Sword Boomerang+1","Anger","Flex"],"picked":"SKIP","floor":30.0},{"not_picked":["Shrug It Off","Anger"],"picked":"Body Slam+1","floor":31.0},{"not_picked":["Double Tap","Berserk"],"picked":"Offering","floor":33.0},{"not_picked":["Clash","Combust+1"],"picked":"Spot Weakness+1","floor":35.0},{"not_picked":["Wild Strike","Rampage+1"],"picked":"Pommel Strike","floor":38},{"not_picked":["Searing Blow+1","Pummel"],"picked":"Impervious","floor":41},{"not_picked":["Thunderclap+1","Entrench","Anger"],"picked":"SKIP","floor":44},{"not_picked":["Clash+1","Burning Pact","Pummel+1"],"picked":"SKIP","floor":46},{"not_picked":["Flame Barrier","Headbutt+1"],"picked":"Battle Trance+1","floor":48},{"not_picked":["Headbutt+1","Body Slam","Anger+1"],"picked":"SKIP","floor":54}],"player_experience":91659,"relics_obtained":[{"floor":6.0,"key":"Ornamental Fan"},{"floor":8.0,"key":"PreservedInsect"},{"floor":9.0,"key":"Art of War"},{"floor":11.0,"key":"Red Skull"},{"floor":13.0,"key":"Happy Flower"},{"floor":21.0,"key":"Necronomicon"},{"floor":23.0,"key":"Bag of Marbles"},{"floor":25.0,"key":"Shovel"},{"floor":26.0,"key":"Omamori"},{"floor":27.0,"key":"Bird Faced Urn"},{"floor":29.0,"key":"Eternal Feather"},{"floor":30.0,"key":"Vajra"},{"floor":41,"key":"Shuriken"},{"floor":44,"key":"Pantograph"},{"floor":46,"key":"War Paint"},{"floor":52,"key":"Bottled Tornado"},{"floor":54,"key":"Torii"}],"event_choices":[{"damage_healed":0.0,"max_hp_gain":0.0,"max_hp_loss":0.0,"gold_gain":0.0,"event_name":"The Woman in Blue","player_choice":"Bought 0 Potions","floor":2.0,"gold_loss":0.0,"damage_taken":0.0},{"damage_healed":0.0,"max_hp_gain":0.0,"max_hp_loss":0.0,"gold_gain":0.0,"event_name":"Cursed Tome","player_choice":"Obtained Book","floor":21.0,"gold_loss":0.0,"damage_taken":16.0},{"damage_healed":0.0,"max_hp_gain":0.0,"max_hp_loss":0.0,"gold_gain":0.0,"event_name":"Tomb of Lord Red Mask","player_choice":"Ignored","floor":36.0,"gold_loss":0.0,"damage_taken":0.0}],"is_beta":false,"boss_relics":[{"not_picked":["Black Blood","Runic Cube"],"picked":"Runic Pyramid"},{"not_picked":["Cursed Key","Black Star"],"picked":"Pandora\u0027s Box"}],"items_purged_floors":[10,37,39,53],"is_endless":false,"potions_floor_spawned":[1,3,5,14,19,22,28,33,41,44],"ascension_level":3}}