{"host":"gaqyve1328ta0etl","time":1612696884,"event":{"mods":["BaseMod","Colored Map","Colored Powertips","Duelist Mod","Googly Eyes","Hero for Fun","Minty Spire (QoL Compilation)","Shop Mod","StSLib","SuperFastMode","The Hierophant","The Runesmith"],"gold_per_floor":[110,35,35,52,52,52,64,64,64,99,110,125,125,87,87,164,164,184,198,12,12,12,12,38,38,38,38,58,58,71,71,71,71,71],"floor_reached":33,"language":"ENG","playtime":695,"items_purged":["Strike_G","Defend_G"],"score":434,"play_id":"7fde2f12-24f2-47be-bbce-c70563725732","local_time":"20210207032124","is_ascension_mode":true,"campfire_choices":[{"data":"Flying Knee","floor":6,"key":"SMITH"},{"data":"Skewer","floor":8,"key":"SMITH"},{"floor":15,"key":"REST"},{"floor":23,"key":"REST"},{"data":"1","floor":29,"key":"LIFT"},{"data":"2","floor":32,"key":"LIFT"}],"circlet_count":0,"master_deck":["AscendersBane","Defend_G","Defend_G","Defend_G","Defend_G","Survivor","Neutralize+1","Flying Knee+1","Heel Hook","Skewer+1","Corpse Explosion","Flying Knee","Burst","Bullet Time+1","Venomology+1","Die Die Die+1","Backflip+1","Trip","Die Die Die+1"],"relics":["Ring of the Snake","NeowsBlessing","Girya","Pen Nib","Pear","Astrolabe","White Beast Statue","Eternal Feather"],"acts_visited":["Exordium","TheCity"],"potions_floor_usage":[16,18,18,19,19,24,28,30,33],"damage_taken":[{"damage":0,"enemies":"Small Slimes","floor":1,"turns":1},{"damage":0,"enemies":"Cultist","floor":4,"turns":1},{"damage":0,"enemies":"Jaw Worm","floor":7,"turns":1},{"damage":29,"enemies":"3 Sentries","floor":10,"turns":11},{"damage":9,"enemies":"Large Slime","floor":11,"turns":4},{"damage":0,"enemies":"2 Fungi Beasts","floor":12,"turns":1},{"damage":50,"enemies":"Slime Boss","floor":16,"turns":10},{"damage":6,"enemies":"Spheric Guardian","floor":18,"turns":3},{"damage":25,"enemies":"Chosen","floor":19,"turns":5},{"damage":12,"enemies":"theDuelist:KaibaA2","floor":24,"turns":3},{"damage":0,"enemies":"3 Cultists","floor":28,"turns":3},{"damage":8,"enemies":"Snake Plant","floor":30,"turns":3},{"damage":63,"enemies":"Champ","floor":33,"turns":8}],"seed_played":"1916688186692854067","potions_obtained":[{"floor":10,"key":"PowerPotion"},{"floor":12,"key":"PowerPotion"},{"floor":16,"key":"Poison Potion"},{"floor":24,"key":"Strength Potion"}],"is_trial":false,"path_per_floor":["M","$","?","M","?","R","M","R","T","E","M","M","T","?","R","B",null,"M","M","$","?","$","R","E","?","T","$","M","R","M","$","R","B"],"character_chosen":"THE_SILENT","items_purchased":["Trip"],"campfire_rested":2,"item_purchase_floors":[20],"current_hp_per_floor":[63,63,56,56,56,56,56,56,56,27,18,18,28,28,52,2,61,55,30,30,30,30,54,42,42,42,42,42,51,43,43,52,0,0],"gold":71,"neow_bonus":"THREE_ENEMY_KILL","is_daily":false,"chose_seed":false,"campfire_upgraded":2,"win_rate":0.0,"timestamp":1612696884,"path_taken":["M","$","?","M","?","R","M","R","T","E","?","?","?","?","R","BOSS","M","M","$","?","?","R","E","?","T","$","M","R","?","?","R","BOSS"],"items_purchased_type":["Card"],"build_version":"2020-12-22","purchased_purges":2,"victory":false,"max_hp_per_floor":[70,70,70,70,70,70,70,70,70,70,70,70,80,80,80,80,80,80,80,80,80,80,80,80,80,80,80,80,80,80,80,80,80,80],"card_choices":[{"not_picked":["Deadly Poison","Acrobatics"],"picked":"Flying Knee","floor":1},{"not_picked":["Underhanded Strike","Expertise"],"picked":"Heel Hook","floor":4},{"not_picked":["PiercingWail","Quick Slash"],"picked":"Skewer","floor":7},{"not_picked":["Slice","Footwork"],"picked":"Corpse Explosion","floor":10},{"not_picked":["PiercingWail","Prepared","Underhanded Strike"],"picked":"SKIP","floor":11},{"not_picked":["Cloak And Dagger","Underhanded Strike"],"picked":"Flying Knee","floor":12},{"not_picked":["Tools of the Trade","Venomology"],"picked":"Burst","floor":16},{"not_picked":["Cloak And Dagger","Acrobatics","Dagger Throw"],"picked":"SKIP","floor":18},{"not_picked":["Underhanded Strike","Tactician"],"picked":"Backflip+1","floor":19},{"not_picked":["Escape Plan","Blade Dance","Setup"],"picked":"SKIP","floor":24},{"not_picked":["Dagger Throw","Skewer","Finisher"],"picked":"SKIP","floor":28},{"not_picked":["Caltrops","Slice","Eviscerate+1"],"picked":"SKIP","floor":30}],"player_experience":2098628,"relics_obtained":[{"floor":9,"key":"Girya"},{"floor":10,"key":"Pen Nib"},{"floor":13,"key":"Pear"},{"floor":24,"key":"White Beast Statue"},{"floor":26,"key":"Eternal Feather"}],"event_choices":[{"cards_removed":["Strike_G"],"damage_healed":0,"gold_gain":0,"player_choice":"Card Removal","damage_taken":7,"max_hp_gain":0,"max_hp_loss":0,"event_name":"Golden Wing","floor":3,"gold_loss":0},{"damage_healed":0,"gold_gain":0,"player_choice":"Upgraded","damage_taken":0,"max_hp_gain":0,"max_hp_loss":0,"event_name":"Upgrade Shrine","floor":5,"gold_loss":0,"cards_upgraded":["Neutralize"]},{"damage_healed":0,"gold_gain":0,"player_choice":"Left Gold","damage_taken":0,"max_hp_gain":0,"max_hp_loss":0,"event_name":"World of Goop","floor":14,"gold_loss":38},{"damage_healed":0,"gold_gain":0,"player_choice":"Leave","damage_taken":0,"max_hp_gain":0,"max_hp_loss":0,"event_name":"FaceTrader","floor":21,"gold_loss":0},{"damage_healed":0,"gold_gain":0,"player_choice":"Copied","damage_taken":0,"max_hp_gain":0,"max_hp_loss":0,"event_name":"Duplicator","floor":25,"gold_loss":0,"cards_obtained":["Die Die Die"]}],"is_beta":false,"boss_relics":[{"not_picked":["Snecko Eye","Runic Pyramid"],"picked":"Astrolabe"}],"items_purged_floors":[2,20],"is_endless":false,"potions_floor_spawned":[10,12,16,24,28,30],"killed_by":"Champ","ascension_level":13}}