{"host":"irqc27v15f1jtd2t","time":1612735291,"event":{"mods":["AchievementEnabler","BaseMod","BetterRewards","Colored Map","Custom Start","Downfall","Hermit","Minty Spire (QoL Compilation)","Replay The Spire","StSLib","The Bug Knight","The Cursed","The Disciple"],"gold_per_floor":[99,111,205,215,215,315,338,373,403,447,467,494,531,549,573,585,585],"floor_reached":16,"language":"ENG","playtime":1567,"items_purged":[],"score":148,"play_id":"5024f1fb-a54a-4949-8ea2-c90900404d21","local_time":"20210207150131","is_ascension_mode":true,"campfire_choices":[{"data":"hermit:Snapshot","floor":1,"key":"SMITH"}],"circlet_count":0,"master_deck":["hermit:Strike_Hermit","hermit:Strike_Hermit","hermit:Strike_Hermit","hermit:Defend_Hermit","hermit:Defend_Hermit","hermit:Defend_Hermit","hermit:Defend_Hermit","hermit:Snapshot+1","hermit:Covet","hermit:ItchyTrigger","hermit:GhostlyPresence","hermit:BigShot","hermit:ItchyTrigger","hermit:LowProfile","hermit:Ricochet","hermit:WideOpen","hermit:Strike_Hermit","hermit:Feint","hermit:PistolWhip","hermit:EternalForm","Flash of Steel","Decay","hermit:Deadeye","hermit:Coalescence","hermit:Manifest","hermit:TakeCover","hermit:Virtue","hermit:HeroicBravado","hermit:Glare","hermit:BodyArmor"],"relics":["hermit:Momento","downfall:GremlinSack","Replay:Bandana","Pet Ghost","The Courier"],"acts_visited":["Exordium"],"potions_floor_usage":[9,12,13,13,16],"damage_taken":[{"damage":3,"enemies":"Jaw Worm","floor":2,"turns":4},{"damage":3,"enemies":"Small Slimes","floor":4,"turns":3},{"damage":15,"enemies":"Small Slimes","floor":6,"turns":4},{"damage":6,"enemies":"Cultist","floor":8,"turns":3},{"damage":11,"enemies":"Exordium Thugs","floor":9,"turns":3},{"damage":28,"enemies":"Lagavulin","floor":10,"turns":8},{"damage":4,"enemies":"2 Fungi Beasts","floor":11,"turns":2},{"damage":0,"enemies":"Gremlin Gang","floor":12,"turns":2},{"damage":0,"enemies":"Replay:BlueRogue","floor":13,"turns":4},{"damage":0,"enemies":"Red Slaver","floor":14,"turns":6},{"damage":0,"enemies":"Blue Slaver","floor":15,"turns":4},{"damage":13,"enemies":"IC_STATUS_ARCHETYPE","floor":16,"turns":8}],"seed_played":"1522921943045246473","potions_obtained":[{"floor":6,"key":"Adrenaline Potion"},{"floor":10,"key":"Explosive Potion"},{"floor":11,"key":"FearPotion"},{"floor":12,"key":"ColorlessPotion"},{"floor":13,"key":"Block Potion"}],"is_trial":false,"path_per_floor":["R","M","?","M","?","?","T","M","M","E","M","M","E","M","M","B"],"character_chosen":"HERMIT","items_purchased":[],"campfire_rested":0,"item_purchase_floors":[],"current_hp_per_floor":[75,72,72,69,69,54,54,48,37,9,5,5,5,5,5,0,0],"gold":585,"neow_bonus":"THREE_CARDS","is_daily":false,"chose_seed":false,"campfire_upgraded":1,"win_rate":0.0,"timestamp":1612735291,"path_taken":["R","M","?","M","?","?","T","M","M","E","M","M","E","M","M","BOSS"],"items_purchased_type":[],"build_version":"2020-12-22","purchased_purges":0,"victory":false,"max_hp_per_floor":[75,75,75,75,75,75,75,75,75,75,75,75,75,75,75,75,75],"card_choices":[{"not_picked":["hermit:BodyArmor","hermit:CalledShot"],"picked":"hermit:ItchyTrigger","floor":0},{"not_picked":["hermit:Manifest","hermit:WideOpen"],"picked":"hermit:GhostlyPresence","floor":2},{"not_picked":["hermit:CalledShot","hermit:Quickdraw"],"picked":"hermit:BigShot","floor":3},{"not_picked":["hermit:Feint","hermit:Coalescence"],"picked":"hermit:ItchyTrigger","floor":3},{"not_picked":["hermit:Coalescence","hermit:Misfire"],"picked":"hermit:LowProfile","floor":3},{"not_picked":["hermit:Roulette","hermit:LowProfile"],"picked":"hermit:Ricochet","floor":4},{"not_picked":["hermit:Coalescence","hermit:CalledShot"],"picked":"hermit:WideOpen","floor":6},{"not_picked":["hermit:Combo","hermit:FlashPowder"],"picked":"hermit:Deadeye","floor":8},{"not_picked":["hermit:Shortfuse","hermit:HighNoon"],"picked":"hermit:Coalescence","floor":9},{"not_picked":["hermit:Gestalt","hermit:ItchyTrigger"],"picked":"hermit:Manifest","floor":10},{"not_picked":["hermit:Ricochet","hermit:Headshot"],"picked":"hermit:TakeCover","floor":11},{"not_picked":["hermit:Glare","hermit:Manifest"],"picked":"hermit:Virtue","floor":12},{"not_picked":["hermit:SprayPray","hermit:Roulette"],"picked":"hermit:HeroicBravado","floor":13},{"not_picked":["hermit:Combo","hermit:HighCaliber"],"picked":"hermit:Glare","floor":14},{"not_picked":["hermit:Shortfuse","hermit:Determination"],"picked":"hermit:BodyArmor","floor":15}],"player_experience":429971,"relics_obtained":[{"floor":6,"key":"downfall:GremlinSack"},{"floor":7,"key":"Replay:Bandana"},{"floor":10,"key":"Pet Ghost"},{"floor":13,"key":"The Courier"}],"event_choices":[{"cards_removed":["hermit:Strike_Hermit"],"damage_healed":0,"gold_gain":0,"player_choice":"Card Removal","damage_taken":0,"max_hp_gain":0,"max_hp_loss":0,"event_name":"The Cleric","floor":5,"gold_loss":0}],"is_beta":false,"boss_relics":[],"items_purged_floors":[],"is_endless":false,"potions_floor_spawned":[6,10,11,12,13],"killed_by":"IC_STATUS_ARCHETYPE","ascension_level":1}}