{"host":"rw1trt79hfpl7pom","time":1612665532,"event":{"mods":["BaseMod","Bestiary","Colored Map","Minty Spire (QoL Compilation)","Relic Stats","StSLib","SuperFastMode"],"gold_per_floor":[113,131,131,143,160,195,195,229,229,256,273,299,299,299,299,374,374,393,405,5,5,55,82,100,131,131,148,178,178,188,205,205,281,281,293,303,46,62,109,135,135,145,145,180,180,206,176,210,222,234,246,258,270,68,100,100],"floor_reached":57,"language":"ENG","playtime":5287,"items_purged":["Strike_P","Normality","Strike_P"],"score":3245,"play_id":"af2af941-92d2-4d7d-a36e-706389dd4495","local_time":"20210206183852","is_ascension_mode":true,"campfire_choices":[{"data":"BattleHymn","floor":7.0,"key":"SMITH"},{"data":"Fasting2","floor":13.0,"key":"SMITH"},{"data":"LikeWater","floor":15.0,"key":"SMITH"},{"floor":29.0,"key":"REST"},{"data":"LikeWater","floor":32.0,"key":"SMITH"},{"floor":41.0,"key":"REST"},{"floor":45.0,"key":"RECALL"},{"data":"LikeWater","floor":49.0,"key":"SMITH"},{"data":"TalkToTheHand","floor":53,"key":"SMITH"}],"circlet_count":0,"master_deck":["AscendersBane","Strike_P+1","Defend_P+1","Defend_P+1","Defend_P+1","Defend_P+1","Eruption+1","Vigilance+1","LikeWater+1","BattleHymn+1","LikeWater+1","InnerPeace+1","Fasting2+1","Omniscience","Protect+1","TalkToTheHand+1","LikeWater+1","Protect","LikeWater","LessonLearned+1","Tantrum+1","Ragnarok+1","Sanctity+1","Wallop","LikeWater+1","Wireheading+1","Vault","Wallop+1"],"relics":["Velvet Choker","Happy Flower","Ornamental Fan","Singing Bowl","Pear","Toy Ornithopter","Cursed Key","ClockworkSouvenir","Lantern","Oddly Smooth Stone","Blue Candle","Omamori","Snecko Eye","Centennial Puzzle","Prayer Wheel","Blood Vial","Smiling Mask","Kunai","MawBank","Frozen Eye","Lizard Tail"],"acts_visited":["Exordium","TheCity","TheBeyond","TheEnding"],"potions_floor_usage":[56],"damage_taken":[{"damage":0.0,"enemies":"2 Louse","floor":1.0,"turns":3.0},{"damage":5.0,"enemies":"Small Slimes","floor":2.0,"turns":4.0},{"damage":0.0,"enemies":"Cultist","floor":4.0,"turns":4.0},{"damage":0.0,"enemies":"Large Slime","floor":5.0,"turns":4.0},{"damage":0.0,"enemies":"Lagavulin","floor":6.0,"turns":4.0},{"damage":0.0,"enemies":"Gremlin Nob","floor":8.0,"turns":2.0},{"damage":5.0,"enemies":"Lagavulin","floor":10.0,"turns":5.0},{"damage":17.0,"enemies":"Exordium Thugs","floor":11.0,"turns":4.0},{"damage":5.0,"enemies":"3 Sentries","floor":12.0,"turns":5.0},{"damage":2.0,"enemies":"Hexaghost","floor":16.0,"turns":9.0},{"damage":0.0,"enemies":"Shell Parasite","floor":18.0,"turns":5.0},{"damage":0.0,"enemies":"Spheric Guardian","floor":19.0,"turns":5.0},{"damage":24.0,"enemies":"Slavers","floor":23.0,"turns":8.0},{"damage":10.0,"enemies":"Centurion and Healer","floor":24.0,"turns":6.0},{"damage":27.0,"enemies":"Gremlin Leader","floor":25.0,"turns":7.0},{"damage":16.0,"enemies":"Shelled Parasite and Fungi","floor":27.0,"turns":6.0},{"damage":0.0,"enemies":"Slavers","floor":28.0,"turns":10.0},{"damage":1.0,"enemies":"Snecko","floor":30.0,"turns":7.0},{"damage":2.0,"enemies":"3 Cultists","floor":31.0,"turns":7.0},{"damage":0.0,"enemies":"Automaton","floor":33.0,"turns":10.0},{"damage":1.0,"enemies":"3 Darklings","floor":35.0,"turns":3.0},{"damage":12.0,"enemies":"3 Shapes","floor":36.0,"turns":6.0},{"damage":0.0,"enemies":"Maw","floor":38.0,"turns":6.0},{"damage":8.0,"enemies":"2 Orb Walkers","floor":39.0,"turns":3.0},{"damage":56.0,"enemies":"Reptomancer","floor":40.0,"turns":4.0},{"damage":0.0,"enemies":"Writhing Mass","floor":42.0,"turns":12.0},{"damage":0.0,"enemies":"Giant Head","floor":44.0,"turns":9.0},{"damage":0.0,"enemies":"Reptomancer","floor":46.0,"turns":9.0},{"damage":12.0,"enemies":"Nemesis","floor":48.0,"turns":7.0},{"damage":13.0,"enemies":"Time Eater","floor":50.0,"turns":12.0},{"damage":37,"enemies":"Awakened One","floor":51,"turns":17},{"damage":42,"enemies":"Shield and Spear","floor":55,"turns":7},{"damage":61,"enemies":"The Heart","floor":56,"turns":13}],"seed_played":"-1558489063817590531","potions_obtained":[{"floor":1.0,"key":"BlessingOfTheForge"},{"floor":2.0,"key":"FearPotion"},{"floor":5.0,"key":"SteroidPotion"},{"floor":8.0,"key":"FearPotion"},{"floor":10.0,"key":"Fire Potion"},{"floor":16.0,"key":"Block Potion"},{"floor":23.0,"key":"ColorlessPotion"},{"floor":24.0,"key":"EssenceOfSteel"},{"floor":27.0,"key":"Weak Potion"},{"floor":33.0,"key":"SteroidPotion"},{"floor":39.0,"key":"Fire Potion"},{"floor":44.0,"key":"SteroidPotion"},{"floor":47.0,"key":"Strength Potion"},{"floor":47.0,"key":"EssenceOfSteel"}],"is_trial":false,"path_per_floor":["M","M","?","M","M","E","R","E","T","E","M","E","R","?","R","B",null,"M","M","$","?","?","E","M","E","T","M","E","R","M","M","R","B",null,"M","M","$","M","?","E","R","M","T","E","R","E","?","E","R","B","B",null,"R","$","E","B",null],"character_chosen":"WATCHER","items_purchased":["TalkToTheHand","LikeWater","ClockworkSouvenir","Centennial Puzzle","Frozen Eye"],"campfire_rested":2,"item_purchase_floors":[20,20,20,37,54],"current_hp_per_floor":[61,56,61,61,61,61,61,61,61,68,53,48,48,41,41,39,75,80,82,82,82,82,63,58,31,31,17,27,54,55,55,55,55,85,86,76,76,76,73,24,54,56,56,58,58,67,67,59,59,48,13,82,82,82,42,40],"gold":100,"neow_bonus":"BOSS_RELIC","is_daily":false,"chose_seed":false,"campfire_upgraded":6,"win_rate":0.0,"timestamp":1612665532,"path_taken":["M","M","?","M","M","E","R","E","T","E","M","E","R","?","R","BOSS","M","M","$","?","?","E","M","E","T","M","E","R","?","M","R","BOSS","M","M","$","M","?","E","R","M","T","E","R","E","?","E","R","BOSS","BOSS","R","$","E","BOSS"],"items_purchased_type":["Card","Card","Relic","Relic","Relic"],"build_version":"2020-12-22","purchased_purges":3,"victory":true,"max_hp_per_floor":[68,68,73,73,73,73,73,73,73,85,87,87,87,87,87,87,87,87,89,89,89,89,89,89,89,89,91,91,91,93,95,95,95,95,97,99,99,99,99,101,101,101,101,101,101,103,103,105,105,105,105,105,105,105,105,105],"relic_stats":{"Happy Flower":[68],"Singing Bowl":22,"counters":[33,223],"Blue Candle":[2],"Cursed Key":2,"Smiling Mask":75,"MawBank":72,"Blood Vial":16,"Centennial Puzzle":[21],"Lizard Tail":52,"Ornamental Fan":[248],"Snecko Eye":[164,192,187,161],"Prayer Wheel":1,"Kunai":[22],"obtain_stats":[{"Lantern":23,"Pear":10,"Happy Flower":6,"Singing Bowl":9,"Blue Candle":26,"Velvet Choker":0,"Oddly Smooth Stone":25,"Omamori":28,"Cursed Key":17,"Smiling Mask":44,"MawBank":48,"ClockworkSouvenir":20,"Blood Vial":40,"Frozen Eye":54,"Centennial Puzzle":37,"Lizard Tail":55,"Ornamental Fan":8,"Snecko Eye":34,"Prayer Wheel":39,"Kunai":46,"PureWater":0,"Toy Ornithopter":12},{"Lantern":13,"Pear":7,"Happy Flower":5,"Singing Bowl":6,"Blue Candle":15,"Velvet Choker":0,"Oddly Smooth Stone":15,"Omamori":17,"Cursed Key":10,"Smiling Mask":27,"MawBank":29,"ClockworkSouvenir":12,"Blood Vial":25,"Frozen Eye":31,"Centennial Puzzle":22,"Lizard Tail":32,"Ornamental Fan":6,"Snecko Eye":20,"Prayer Wheel":24,"Kunai":28,"PureWater":0,"Toy Ornithopter":9},{"Lantern":62,"Pear":26,"Happy Flower":19,"Singing Bowl":21,"Blue Candle":75,"Velvet Choker":0,"Oddly Smooth Stone":75,"Omamori":91,"Cursed Key":44,"Smiling Mask":158,"MawBank":174,"ClockworkSouvenir":54,"Blood Vial":137,"Frozen Eye":203,"Centennial Puzzle":124,"Lizard Tail":210,"Ornamental Fan":21,"Snecko Eye":115,"Prayer Wheel":133,"Kunai":167,"PureWater":0,"Toy Ornithopter":35}],"Toy Ornithopter":45},"card_choices":[{"not_picked":["FlyingSleeves","ForeignInfluence"],"picked":"LikeWater","floor":1.0},{"not_picked":["Perseverance","LikeWater"],"picked":"BattleHymn","floor":2.0},{"not_picked":["DeceiveReality","Crescendo","PathToVictory"],"picked":"SKIP","floor":4.0},{"not_picked":["Sanctity","Protect"],"picked":"LikeWater","floor":5.0},{"not_picked":["Perseverance","Nirvana","ThirdEye"],"picked":"SKIP","floor":6.0},{"not_picked":["WindmillStrike","Collect"],"picked":"InnerPeace","floor":8.0},{"not_picked":["PathToVictory","Blasphemy","BattleHymn"],"picked":"Singing Bowl","floor":10.0},{"not_picked":["BattleHymn","Crescendo","FlurryOfBlows"],"picked":"Singing Bowl","floor":11.0},{"not_picked":["Protect","Prostrate"],"picked":"Fasting2","floor":12.0},{"not_picked":["LessonLearned","Vault"],"picked":"Omniscience","floor":16.0},{"not_picked":["Perseverance","Study"],"picked":"Protect","floor":18.0},{"not_picked":["FlyingSleeves","ClearTheMind","Conclude"],"picked":"Singing Bowl","floor":19.0},{"not_picked":["Wireheading","InnerPeace"],"picked":"Protect","floor":23.0},{"not_picked":["Tantrum","EmptyBody"],"picked":"LikeWater","floor":24.0},{"not_picked":["FlyingSleeves","Conclude"],"picked":"LessonLearned","floor":25.0},{"not_picked":["Halt","CutThroughFate","ClearTheMind+1"],"picked":"Singing Bowl","floor":27.0},{"not_picked":["Protect","ThirdEye"],"picked":"Tantrum","floor":28.0},{"not_picked":["Evaluate","Crescendo","Halt"],"picked":"Singing Bowl","floor":30.0},{"not_picked":["Consecrate","FlurryOfBlows","EmptyBody"],"picked":"Singing Bowl","floor":31.0},{"not_picked":["DevaForm","Devotion"],"picked":"Ragnarok","floor":33.0},{"not_picked":["FlyingSleeves","FollowUp","EmptyBody"],"picked":"Singing Bowl","floor":35.0},{"not_picked":["Evaluate","WreathOfFlame","ClearTheMind"],"picked":"Singing Bowl","floor":36.0},{"not_picked":["Evaluate","Halt"],"picked":"Sanctity","floor":38.0},{"not_picked":["Meditate","Indignation+1"],"picked":"Wallop","floor":39.0},{"not_picked":["Evaluate","Blasphemy","Protect"],"picked":"Singing Bowl","floor":40.0},{"not_picked":["BowlingBash","Meditate"],"picked":"LikeWater+1","floor":42.0},{"not_picked":["PathToVictory","ClearTheMind"],"picked":"Wireheading+1","floor":42.0},{"not_picked":["FlurryOfBlows+1","ThirdEye"],"picked":"Vault","floor":44.0},{"not_picked":["JustLucky","ClearTheMind+1","ThirdEye"],"picked":"Singing Bowl","floor":46.0},{"not_picked":["CrushJoints","Nirvana","EmptyMind"],"picked":"Singing Bowl","floor":48.0},{"not_picked":["Crescendo","Conclude"],"picked":"Wallop+1","floor":55}],"player_experience":2626147,"relics_obtained":[{"floor":6.0,"key":"Happy Flower"},{"floor":8.0,"key":"Ornamental Fan"},{"floor":9.0,"key":"Singing Bowl"},{"floor":10.0,"key":"Pear"},{"floor":12.0,"key":"Toy Ornithopter"},{"floor":23.0,"key":"Lantern"},{"floor":25.0,"key":"Oddly Smooth Stone"},{"floor":26.0,"key":"Blue Candle"},{"floor":28.0,"key":"Omamori"},{"floor":39.0,"key":"Prayer Wheel"},{"floor":40.0,"key":"Blood Vial"},{"floor":44.0,"key":"Smiling Mask"},{"floor":46.0,"key":"Kunai"},{"floor":48.0,"key":"MawBank"},{"floor":55,"key":"Lizard Tail"}],"event_choices":[{"damage_healed":0.0,"max_hp_gain":5.0,"max_hp_loss":0.0,"gold_gain":0.0,"event_name":"Big Fish","player_choice":"Donut","floor":3.0,"gold_loss":0.0,"damage_taken":0.0},{"cards_removed":["Strike_P"],"damage_healed":0.0,"max_hp_gain":0.0,"max_hp_loss":0.0,"gold_gain":0.0,"event_name":"Golden Wing","player_choice":"Card Removal","floor":14.0,"gold_loss":0.0,"damage_taken":7.0},{"damage_healed":0.0,"max_hp_gain":0.0,"max_hp_loss":0.0,"gold_gain":0.0,"event_name":"Vampires","player_choice":"Ignored","floor":21.0,"gold_loss":0.0,"damage_taken":0.0},{"damage_healed":0.0,"max_hp_gain":0.0,"max_hp_loss":0.0,"gold_gain":50.0,"event_name":"Golden Shrine","player_choice":"Pray","floor":22.0,"gold_loss":0.0,"damage_taken":0.0},{"damage_healed":0.0,"max_hp_gain":0.0,"max_hp_loss":0.0,"gold_gain":0.0,"event_name":"Mysterious Sphere","player_choice":"Fight","floor":39.0,"gold_loss":0.0,"damage_taken":0.0},{"damage_healed":0.0,"max_hp_gain":0.0,"max_hp_loss":0.0,"gold_gain":0.0,"event_name":"The Woman in Blue","player_choice":"Bought 2 Potions","floor":47.0,"gold_loss":0.0,"damage_taken":0.0}],"is_beta":false,"boss_relics":[{"not_picked":["SacredBark","Empty Cage"],"picked":"Cursed Key"},{"not_picked":["Pandora\u0027s Box","Tiny House"],"picked":"Snecko Eye"}],"items_purged_floors":[20,37,54],"is_endless":false,"potions_floor_spawned":[1,2,5,8,10,16,23,24,27,33,39,44,48],"ascension_level":20}}