{"host":"rolltorest","time":1612683555,"event":{"mods":["BaseMod","Minty Spire (QoL Compilation)","Relic Stats","Slay the Relics Exporter","StSLib"],"gold_per_floor":[115,78,97,110,110,142,142,142,167,202,221,221,221,94,94,171,171,191,191,25,25,25,25,25],"floor_reached":23,"language":"ENG","playtime":507,"items_purged":[],"score":415,"play_id":"a79c5de8-862f-4ef8-b843-21c543876b3f","local_time":"20210206233915","is_ascension_mode":true,"campfire_choices":[{"floor":7,"key":"REST"},{"data":"True Grit","floor":13,"key":"SMITH"},{"data":"True Grit","floor":15,"key":"SMITH"}],"circlet_count":0,"master_deck":["AscendersBane","Strike_R","Strike_R+1","Strike_R","Strike_R+1","Strike_R","Defend_R","Defend_R+1","Defend_R","Defend_R+1","Bash","Carnage+1","Dark Embrace","Anger","Second Wind","Second Wind","Clothesline","True Grit+1","Feed","True Grit+1","Juggernaut","CurseOfTheBell","Blood for Blood+1"],"relics":["Burning Blood","NeowsBlessing","Ancient Tea Set","Akabeko","Regal Pillow","Calling Bell","War Paint","StrikeDummy","Prayer Wheel","Medical Kit","Mango"],"acts_visited":["Exordium","TheCity"],"potions_floor_usage":[6,16],"damage_taken":[{"damage":0,"enemies":"Jaw Worm","floor":1,"turns":1},{"damage":0,"enemies":"Small Slimes","floor":3,"turns":1},{"damage":0,"enemies":"2 Louse","floor":4,"turns":1},{"damage":37,"enemies":"Gremlin Nob","floor":6,"turns":4},{"damage":15,"enemies":"3 Sentries","floor":10,"turns":6},{"damage":11,"enemies":"Blue Slaver","floor":11,"turns":3},{"damage":25,"enemies":"The Guardian","floor":16,"turns":10},{"damage":23,"enemies":"Chosen","floor":18,"turns":7},{"damage":65,"enemies":"Book of Stabbing","floor":23,"turns":6}],"seed_played":"4379224962945190792","potions_obtained":[{"floor":1,"key":"CultistPotion"},{"floor":3,"key":"AttackPotion"},{"floor":10,"key":"CultistPotion"}],"is_trial":false,"path_per_floor":["M","$","M","M","?","E","R","?","T","E","M","?","R","$","R","B",null,"M","?","$","?","T","E"],"character_chosen":"IRONCLAD","items_purchased":["Dark Embrace","Feed","True Grit","Medical Kit"],"campfire_rested":1,"item_purchase_floors":[2,14,14,20],"current_hp_per_floor":[74,74,75,75,52,21,43,43,43,34,29,54,54,54,54,38,68,54,54,54,54,68,3,3],"gold":25,"neow_bonus":"THREE_ENEMY_KILL","is_daily":false,"chose_seed":false,"campfire_upgraded":2,"win_rate":0.0,"timestamp":1612683555,"path_taken":["M","$","M","M","?","E","R","?","T","E","M","?","R","?","R","BOSS","M","?","$","?","?","E"],"items_purchased_type":["Card","Card","Card","Relic"],"build_version":"2020-12-18","purchased_purges":0,"victory":false,"max_hp_per_floor":[75,75,75,75,75,75,75,75,75,75,75,75,75,75,75,78,78,81,81,81,81,95,95,95],"relic_stats":{"Regal Pillow":0,"counters":[9,39],"Prayer Wheel":1,"War Paint":["Defend_R","Defend_R"],"Medical Kit":[2],"obtain_stats":[{"Calling Bell":17,"Regal Pillow":10,"NeowsBlessing":0,"Prayer Wheel":17,"Mango":22,"War Paint":17,"Ancient Tea Set":6,"StrikeDummy":17,"Medical Kit":20,"Burning Blood":0,"Akabeko":9},{"Calling Bell":7,"Regal Pillow":5,"NeowsBlessing":0,"Prayer Wheel":7,"Mango":8,"War Paint":7,"Ancient Tea Set":4,"StrikeDummy":7,"Medical Kit":8,"Burning Blood":0,"Akabeko":4},{"Calling Bell":26,"Regal Pillow":13,"NeowsBlessing":0,"Prayer Wheel":26,"Mango":33,"War Paint":26,"Ancient Tea Set":7,"StrikeDummy":26,"Medical Kit":33,"Burning Blood":0,"Akabeko":7}],"Burning Blood":37},"card_choices":[{"not_picked":["Shrug It Off","Battle Trance"],"picked":"Carnage","floor":1},{"not_picked":["Sword Boomerang","Iron Wave"],"picked":"Anger","floor":3},{"not_picked":["Spot Weakness","True Grit"],"picked":"Second Wind","floor":4},{"not_picked":["Havoc","Inflame"],"picked":"Second Wind","floor":6},{"not_picked":["Exhume","Flex"],"picked":"Clothesline","floor":10},{"not_picked":["Heavy Blade","Flex"],"picked":"True Grit","floor":11},{"not_picked":["Berserk","Demon Form"],"picked":"Juggernaut","floor":16},{"not_picked":["Perfected Strike","Sword Boomerang"],"picked":"Blood for Blood+1","floor":18},{"not_picked":["Headbutt","Rupture","Wild Strike"],"picked":"SKIP","floor":18}],"player_experience":1911596,"relics_obtained":[{"floor":6,"key":"Ancient Tea Set"},{"floor":9,"key":"Akabeko"},{"floor":10,"key":"Regal Pillow"},{"floor":17,"key":"War Paint"},{"floor":17,"key":"StrikeDummy"},{"floor":17,"key":"Prayer Wheel"},{"floor":22,"key":"Mango"}],"event_choices":[{"damage_healed":0,"gold_gain":0,"player_choice":"Entered Light","damage_taken":23,"max_hp_gain":0,"max_hp_loss":0,"event_name":"Shining Light","floor":5,"gold_loss":0,"cards_upgraded":["Strike_R","Strike_R"]},{"damage_healed":0,"gold_gain":0,"player_choice":"Grow","damage_taken":0,"max_hp_gain":0,"max_hp_loss":0,"event_name":"Living Wall","floor":8,"gold_loss":0,"cards_upgraded":["Carnage"]},{"damage_healed":25,"gold_gain":0,"player_choice":"Banana","damage_taken":0,"max_hp_gain":0,"max_hp_loss":0,"event_name":"Big Fish","floor":12,"gold_loss":0},{"damage_healed":0,"gold_gain":0,"player_choice":"Ignored","damage_taken":0,"max_hp_gain":0,"max_hp_loss":0,"event_name":"The Mausoleum","floor":19,"gold_loss":0},{"damage_healed":0,"gold_gain":0,"player_choice":"Ignored","damage_taken":0,"max_hp_gain":0,"max_hp_loss":0,"event_name":"Vampires","floor":21,"gold_loss":0}],"is_beta":true,"boss_relics":[{"not_picked":["Empty Cage","Sozu"],"picked":"Calling Bell"}],"items_purged_floors":[],"is_endless":false,"potions_floor_spawned":[1,3,10],"killed_by":"Book of Stabbing","ascension_level":20}}