{"host":"i70yit5z0kpl303k","time":1612678740,"event":{"mods":["2.2 Compatiblity","Act Like it!","BaseMod","BetterRewards","Infinite Spire","Ironclad Rager","Koishi","Marked Mod","Minty Spire (QoL Compilation)","Relic Stats","Replay The Spire","StSLib","The Marked"],"gold_per_floor":[110,122,138,154,165,165,193,193,219,237,247,247,259,294,294,391,391,406,406,422,437,362,362,392,392,392,421,439,439,458,458,458,557,557,571,571,571],"floor_reached":36,"language":"ENG","playtime":2083,"items_purged":[],"score":298,"play_id":"9b1b453e-4b27-472b-9808-51ddcad82940","local_time":"20210206221900","is_ascension_mode":false,"campfire_choices":[{"data":"theMarked:EmpowerWeapon","floor":6,"key":"SMITH"},{"floor":8,"key":"REST"},{"data":"theMarked:MysticalArsenal","floor":12,"key":"SMITH"},{"floor":15,"key":"REST"},{"data":"theMarked:Determination","floor":23,"key":"SMITH"},{"floor":25,"key":"REST"},{"data":"theMarked:TakeOffHeels","floor":29,"key":"SMITH"},{"data":"theMarked:BindingBlade","floor":32,"key":"SMITH"}],"circlet_count":0,"master_deck":["theMarked:Strike","theMarked:Strike","theMarked:Strike","theMarked:Strike","theMarked:Strike","theMarked:Defend","theMarked:Defend","theMarked:Defend+1","theMarked:Defend","theMarked:SoldierOfQuellstein","theMarked:HeightenedSenses","theMarked:RogueSparks+1","theMarked:Parry","theMarked:MysticalArsenal+1","theMarked:EmpowerWeapon+1","theMarked:Electrocute","theMarked:ChainLightning","theMarked:Parkour","theMarked:SwordAndMagic","theMarked:TakeOffHeels+1","theMarked:ResourceFulStrike","theMarked:MysticalArsenal+1","theMarked:Parkour","theMarked:Determination+1","theMarked:SwordAndMagic+1","theMarked:BanishingStrike","theMarked:Improvise","theMarked:BindingBlade+1","theMarked:Toughness","theMarked:Memento"],"relics":["theMarked:ArtifactOfAir","NeowsBlessing","FossilizedHelix","ReplayTheSpireMod:TigerMarble","Gremlin Food","Replay:Grab Bag","Sozu","ChewingGum","SlaversCollar","ReplayTheSpireMod:Lightbulb","Nunchaku","Red Mask","theMarked:SpiritSword","White Beast Statue","Painkiller Herb"],"acts_visited":["Exordium","TheCity","TheBeyond"],"potions_floor_usage":[16,16,36],"damage_taken":[{"damage":0,"enemies":"Cultist","floor":1,"turns":1},{"damage":0,"enemies":"Small Slimes","floor":2,"turns":1},{"damage":0,"enemies":"Jaw Worm","floor":3,"turns":1},{"damage":0,"enemies":"Exordium Thugs","floor":4,"turns":4},{"damage":9,"enemies":"2 Fungi Beasts","floor":5,"turns":4},{"damage":33,"enemies":"Gremlin Nob","floor":7,"turns":4},{"damage":1,"enemies":"3 Louse","floor":10,"turns":4},{"damage":0,"enemies":"Red Slaver","floor":11,"turns":4},{"damage":17,"enemies":"Gremlin Gang","floor":13,"turns":3},{"damage":22,"enemies":"3 Sentries","floor":14,"turns":6},{"damage":19,"enemies":"Hexaghost","floor":16,"turns":10},{"damage":0,"enemies":"Spheric Guardian","floor":18,"turns":4},{"damage":0,"enemies":"Chosen","floor":20,"turns":3},{"damage":0,"enemies":"Snecko","floor":21,"turns":2},{"damage":19,"enemies":"Nightmare","floor":24,"turns":6},{"damage":9,"enemies":"Masked Bandits","floor":27,"turns":3},{"damage":0,"enemies":"Centurion and Healer","floor":28,"turns":3},{"damage":0,"enemies":"3 Cultists","floor":30,"turns":3},{"damage":0,"enemies":"Champ","floor":33,"turns":1},{"damage":3,"enemies":"Orb Walker","floor":35,"turns":3},{"damage":4,"enemies":"infinitespire:Three Voidlings","floor":36,"turns":3},{"damage":81,"enemies":"Nightmare_Alpha","floor":36,"turns":4}],"seed_played":"-9005701688740502717","potions_obtained":[{"floor":3,"key":"Weak Potion"},{"floor":4,"key":"Weak Potion"},{"floor":5,"key":"Block Potion"}],"is_trial":false,"path_per_floor":["M","M","M","M","M","R","E","R","T","M","M","R","M","E","R","B",null,"M","?","M","M","$","R","NM","R","T","?","M","R","M","AVR","R","B",null,"?","?"],"character_chosen":"THE_DEFAULT","items_purchased":["theMarked:Determination"],"campfire_rested":3,"item_purchase_floors":[22],"current_hp_per_floor":[70,70,70,70,61,61,28,49,49,48,52,52,35,13,34,15,70,70,80,80,80,80,80,61,80,80,71,71,71,71,71,71,71,80,77,0,0],"gold":571,"neow_bonus":"THREE_ENEMY_KILL","is_daily":false,"chose_seed":false,"campfire_upgraded":5,"win_rate":0.0,"timestamp":1612678740,"path_taken":["M","M","M","M","M","R","E","R","T","M","M","R","M","E","R","BOSS","M","?","M","M","?","R","NM","R","T","?","?","R","M","AVR","R","BOSS","?","?"],"items_purchased_type":["Card"],"build_version":"2020-12-22","purchased_purges":0,"victory":false,"max_hp_per_floor":[70,70,70,70,70,70,70,70,70,70,70,70,70,70,70,70,70,70,80,80,80,80,80,80,80,80,80,80,80,80,80,80,80,80,80,80,80],"relic_stats":{"Sozu":5,"Nunchaku":[5],"counters":[22,76],"obtain_stats":[{"Gremlin Food":14,"NeowsBlessing":0,"Replay:Grab Bag":17,"Painkiller Herb":34,"theMarked:SpiritSword":31,"White Beast Statue":31,"Sozu":17,"theMarked:ArtifactOfAir":0,"SlaversCollar":17,"Nunchaku":26,"ChewingGum":17,"ReplayTheSpireMod:TigerMarble":9,"Red Mask":27,"ReplayTheSpireMod:Lightbulb":24,"FossilizedHelix":7},{"Gremlin Food":10,"NeowsBlessing":0,"Replay:Grab Bag":11,"Painkiller Herb":19,"theMarked:SpiritSword":18,"White Beast Statue":18,"Sozu":11,"theMarked:ArtifactOfAir":0,"SlaversCollar":11,"Nunchaku":15,"ChewingGum":11,"ReplayTheSpireMod:TigerMarble":6,"Red Mask":16,"ReplayTheSpireMod:Lightbulb":15,"FossilizedHelix":6},{"Gremlin Food":31,"NeowsBlessing":0,"Replay:Grab Bag":41,"Painkiller Herb":66,"theMarked:SpiritSword":65,"White Beast Statue":65,"Sozu":41,"theMarked:ArtifactOfAir":0,"SlaversCollar":41,"Nunchaku":56,"ChewingGum":41,"ReplayTheSpireMod:TigerMarble":15,"Red Mask":59,"ReplayTheSpireMod:Lightbulb":56,"FossilizedHelix":15}]},"card_choices":[{"not_picked":["theMarked:Overthink","theMarked:RepellingDischarge"],"picked":"theMarked:HeightenedSenses","floor":1},{"not_picked":["theMarked:RogueSparks","theMarked:TakeCover","theMarked:Memento"],"picked":"SKIP","floor":2},{"not_picked":["theMarked:TakeCover","theMarked:Memento"],"picked":"theMarked:RogueSparks","floor":2},{"not_picked":["theMarked:BanishingStrike","theMarked:ResourceFulStrike"],"picked":"theMarked:Parry","floor":3},{"not_picked":["theMarked:DispelDoubt","theMarked:Electrify"],"picked":"theMarked:MysticalArsenal","floor":4},{"not_picked":["theMarked:Parkour","theMarked:LightningStrikesTwice"],"picked":"theMarked:EmpowerWeapon","floor":5},{"not_picked":["theMarked:ShockingTouch","theMarked:Frustration"],"picked":"theMarked:Levitate","floor":7},{"not_picked":["theMarked:Frustration","theMarked:Memento"],"picked":"theMarked:Electrocute","floor":10},{"not_picked":["theMarked:SwordAndMagic","theMarked:Electrify"],"picked":"theMarked:ChainLightning","floor":11},{"not_picked":["theMarked:ChainLightning","theMarked:TakeCover"],"picked":"theMarked:Parkour","floor":13},{"not_picked":["theMarked:BanishingStrike","theMarked:WardOff"],"picked":"theMarked:SwordAndMagic","floor":14},{"not_picked":["theMarked:Snap","theMarked:Levitate"],"picked":"theMarked:TakeOffHeels","floor":16},{"not_picked":["theMarked:BanishingStrike","theMarked:WastefulAttack+1"],"picked":"theMarked:ResourceFulStrike","floor":18},{"not_picked":["theMarked:Improvise+1","theMarked:FavorableWinds"],"picked":"theMarked:MysticalArsenal+1","floor":20},{"not_picked":["theMarked:WastefulAttack","theMarked:ChainLightning"],"picked":"theMarked:Parkour","floor":21},{"not_picked":["theMarked:TwofoldDefense","theMarked:FavorableWinds"],"picked":"theMarked:SwordAndMagic+1","floor":24},{"not_picked":["theMarked:HeightenedSenses","theMarked:TwofoldDefense"],"picked":"theMarked:BanishingStrike","floor":27},{"not_picked":["theMarked:TakeCover","theMarked:WastefulAttack"],"picked":"theMarked:Improvise","floor":28},{"not_picked":["theMarked:Improvise","theMarked:ChainLightning"],"picked":"theMarked:BindingBlade","floor":30},{"not_picked":["theMarked:DispelDoubt","theMarked:ThrowWeapon"],"picked":"theMarked:Toughness","floor":33},{"not_picked":["theMarked:ResourceFulStrike","theMarked:WastefulAttack+1"],"picked":"theMarked:Memento","floor":35}],"player_experience":246286,"relics_obtained":[{"floor":7,"key":"FossilizedHelix"},{"floor":9,"key":"ReplayTheSpireMod:TigerMarble"},{"floor":14,"key":"Gremlin Food"},{"floor":24,"key":"ReplayTheSpireMod:Lightbulb"},{"floor":26,"key":"Nunchaku"},{"floor":27,"key":"Red Mask"}],"event_choices":[{"cards_removed":["theMarked:Levitate"],"damage_healed":0,"gold_gain":0,"player_choice":"Offered Rare","damage_taken":0,"max_hp_gain":10,"max_hp_loss":0,"event_name":"Bonfire Elementals","floor":19,"gold_loss":0},{"damage_healed":0,"gold_gain":0,"player_choice":"Fought Bandits","damage_taken":0,"max_hp_gain":0,"max_hp_loss":0,"event_name":"Masked Bandits","floor":27,"gold_loss":0}],"is_beta":false,"boss_relics":[{"not_picked":["Tiny House","Ring of Chaos"],"picked":"Replay:Grab Bag"},{"not_picked":["Busted Crown","Fusion Hammer"],"picked":"Sozu"},{"not_picked":["ReplayTheSpireMod:Onyx Gauntlets","Coffee Dripper"],"picked":"ChewingGum"},{"not_picked":["theMarked:Eyepatch","Replay:Drink Me"],"picked":"SlaversCollar"},{"not_picked":["Philosopher\u0027s Stone","Cursed Key"],"picked":"Painkiller Herb"}],"items_purged_floors":[],"is_endless":true,"potions_floor_spawned":[3,4,5,13,18,20,24,33,35,36],"killed_by":"Nightmare_Alpha","ascension_level":0}}