{"host":"p1xsuo25udtrkbq2","time":1612657813,"event":{"mods":["BaseMod","Colored Map","Googly Eyes","Highlight Path","Minty Spire (QoL Compilation)","Quick Restart","Rare Cards Sparkle","Relic Stats","Slay the Relics Exporter","StSLib","everything is the same but u backflip on backflip"],"gold_per_floor":[114,130,148,4,17,17,51,51,51,85,105,133,133,133,133,209,209,219,237,272,288,313,313,332,332,332],"floor_reached":25,"language":"ENG","playtime":6625,"items_purged":[],"score":405,"play_id":"ccbe4dfc-119a-4b01-9f2e-86444038984e","local_time":"20210206193013","is_ascension_mode":true,"campfire_choices":[{"data":"Infinite Blades","floor":6.0,"key":"SMITH"},{"data":"Footwork","floor":8.0,"key":"SMITH"},{"floor":13.0,"key":"REST"},{"data":"Finisher","floor":15.0,"key":"SMITH"},{"floor":23,"key":"REST"}],"circlet_count":0,"master_deck":["AscendersBane","Strike_G","Strike_G","Strike_G","Strike_G","Defend_G","Defend_G","Defend_G","Defend_G","Defend_G","Survivor","Neutralize","Footwork+1","Die Die Die","PiercingWail","Finisher+1","Infinite Blades+1","Deflect","Blade Dance","Masterful Stab","Backflip","Glass Knife","Acrobatics","Cloak And Dagger","Dodge and Roll+1","Tools of the Trade","Blade Dance"],"relics":["Ring of the Snake","NeowsBlessing","Torii","Unceasing Top","Thread and Needle","Odd Mushroom","SlaversCollar","Red Mask","Nunchaku"],"acts_visited":["Exordium","TheCity"],"potions_floor_usage":[20,20,25],"damage_taken":[{"damage":0.0,"enemies":"Jaw Worm","floor":1.0,"turns":1.0},{"damage":0.0,"enemies":"Small Slimes","floor":2.0,"turns":1.0},{"damage":0.0,"enemies":"Cultist","floor":3.0,"turns":1.0},{"damage":14.0,"enemies":"Exordium Thugs","floor":5.0,"turns":5.0},{"damage":3.0,"enemies":"Lagavulin","floor":7.0,"turns":6.0},{"damage":13.0,"enemies":"3 Sentries","floor":10.0,"turns":8.0},{"damage":0.0,"enemies":"Lots of Slimes","floor":11.0,"turns":1.0},{"damage":0.0,"enemies":"The Mushroom Lair","floor":12.0,"turns":3.0},{"damage":17.0,"enemies":"Slime Boss","floor":16.0,"turns":10.0},{"damage":9.0,"enemies":"Chosen","floor":18.0,"turns":5.0},{"damage":13.0,"enemies":"Spheric Guardian","floor":19.0,"turns":5.0},{"damage":23,"enemies":"Masked Bandits","floor":20,"turns":7},{"damage":3,"enemies":"Shelled Parasite and Fungi","floor":21,"turns":8},{"damage":30,"enemies":"Snake Plant","floor":24,"turns":5},{"damage":29,"enemies":"Book of Stabbing","floor":25,"turns":6}],"seed_played":"3091507854119511461","potions_obtained":[{"floor":3.0,"key":"Explosive Potion"},{"floor":5.0,"key":"SteroidPotion"},{"floor":11.0,"key":"Fire Potion"},{"floor":16.0,"key":"Regen Potion"},{"floor":18.0,"key":"EssenceOfSteel"},{"floor":21,"key":"Regen Potion"}],"is_trial":false,"path_per_floor":["M","M","M","$","M","R","E","R","T","E","M","?","R","?","R","B",null,"M","M","?","M","T","R","M","E"],"character_chosen":"THE_SILENT","items_purchased":["Fire Potion","Finisher"],"campfire_rested":2,"item_purchase_floors":[4,4],"current_hp_per_floor":[59,59,59,59,45,45,42,42,42,29,29,29,48,48,48,31,57,48,35,27,24,24,43,13,0,0],"gold":332,"neow_bonus":"THREE_ENEMY_KILL","is_daily":false,"chose_seed":false,"campfire_upgraded":3,"win_rate":0.0,"timestamp":1612657813,"path_taken":["M","M","M","$","M","R","E","R","T","E","M","?","R","?","R","BOSS","M","M","?","M","?","R","M","E"],"items_purchased_type":["Potion","Card"],"build_version":"2020-12-22","purchased_purges":0,"victory":false,"max_hp_per_floor":[66,66,66,66,66,66,66,66,66,66,66,66,66,66,66,66,66,66,66,66,66,66,66,66,66,66],"relic_stats":{"Nunchaku":[3],"Torii":26,"counters":[15,72],"obtain_stats":[{"SlaversCollar":17,"Nunchaku":22,"NeowsBlessing":0,"Torii":7,"Thread and Needle":10,"Red Mask":20,"Odd Mushroom":12,"Unceasing Top":9,"Ring of the Snake":0},{"SlaversCollar":9,"Nunchaku":13,"NeowsBlessing":0,"Torii":5,"Thread and Needle":6,"Red Mask":12,"Odd Mushroom":8,"Unceasing Top":5,"Ring of the Snake":0},{"SlaversCollar":36,"Nunchaku":61,"NeowsBlessing":0,"Torii":14,"Thread and Needle":22,"Red Mask":53,"Odd Mushroom":26,"Unceasing Top":14,"Ring of the Snake":0}],"Unceasing Top":[9],"Ring of the Snake":[30]},"card_choices":[{"not_picked":["Dagger Spray","Bane"],"picked":"Footwork","floor":1.0},{"not_picked":["Quick Slash","Catalyst"],"picked":"Die Die Die","floor":2.0},{"not_picked":["Dodge and Roll","Well Laid Plans"],"picked":"PiercingWail","floor":3.0},{"not_picked":["Calculated Gamble","Well Laid Plans"],"picked":"Infinite Blades","floor":5.0},{"not_picked":["Bane","All Out Attack"],"picked":"Deflect","floor":7.0},{"not_picked":["Expertise","All Out Attack"],"picked":"Blade Dance","floor":10.0},{"not_picked":["Setup","Acrobatics"],"picked":"Masterful Stab","floor":11.0},{"not_picked":["Reflex","Cloak And Dagger"],"picked":"Backflip","floor":12.0},{"not_picked":["Unload","Bullet Time"],"picked":"Glass Knife","floor":16.0},{"not_picked":["Poisoned Stab","Deadly Poison+1"],"picked":"Acrobatics","floor":18.0},{"not_picked":["Bane+1","Sucker Punch"],"picked":"Cloak And Dagger","floor":19.0},{"not_picked":["Setup+1","Bane"],"picked":"Dodge and Roll+1","floor":20},{"not_picked":["Skewer+1","Dodge and Roll"],"picked":"Tools of the Trade","floor":21},{"not_picked":["Slice","Poisoned Stab+1"],"picked":"Blade Dance","floor":24}],"player_experience":1013547,"relics_obtained":[{"floor":7.0,"key":"Torii"},{"floor":9.0,"key":"Unceasing Top"},{"floor":10.0,"key":"Thread and Needle"},{"floor":12.0,"key":"Odd Mushroom"},{"floor":20,"key":"Red Mask"},{"floor":22,"key":"Nunchaku"}],"event_choices":[{"damage_healed":0.0,"max_hp_gain":0.0,"max_hp_loss":0.0,"gold_gain":0.0,"event_name":"Mushrooms","player_choice":"Fought Mushrooms","floor":12.0,"gold_loss":0.0,"damage_taken":0.0},{"cards_removed":["Strike_G"],"damage_healed":0.0,"max_hp_gain":0.0,"max_hp_loss":0.0,"gold_gain":0.0,"event_name":"Purifier","player_choice":"Purged","floor":14.0,"gold_loss":0.0,"damage_taken":0.0},{"damage_healed":0,"gold_gain":0,"player_choice":"Fought Bandits","damage_taken":0,"max_hp_gain":0,"max_hp_loss":0,"event_name":"Masked Bandits","floor":20,"gold_loss":0}],"is_beta":false,"boss_relics":[{"not_picked":["Ectoplasm","Velvet Choker"],"picked":"SlaversCollar"}],"items_purged_floors":[],"is_endless":false,"potions_floor_spawned":[3,5,11,16,18,21],"killed_by":"Book of Stabbing","ascension_level":18}}