{"host":"prxrhpgaxnj4om9r","time":1612680318,"event":{"mods":["AchievementEnabler","BaseMod","DeckTracker","Keyboard Shortcuts","Minty Spire (QoL Compilation)"],"gold_per_floor":[118,293,293,293,312,312,346,446,493,508,539,539,161,178,178,273,273,293,293,308,308,233,266,226,252,278,323,76,111,111,126,126,224,224,238,258,13,31,31,31,59,59,59,75,75,75,86,36,36,36],"floor_reached":51,"language":"KOR","playtime":6132,"items_purged":["Writhe"],"score":927,"play_id":"a8c1e9f9-15ad-470a-bb65-903050a36230","local_time":"20210207154518","is_ascension_mode":true,"campfire_choices":[{"data":"Eruption","floor":6,"key":"SMITH"},{"data":"ForeignInfluence","floor":12,"key":"SMITH"},{"data":"Adaptation","floor":15,"key":"SMITH"},{"floor":32,"key":"REST"},{"floor":40,"key":"REST"},{"floor":42,"key":"REST"},{"floor":49,"key":"REST"}],"circlet_count":0,"master_deck":["Eruption+1","Vigilance","CarveReality","FlyingSleeves+1","ForeignInfluence+1","FollowUp","Prostrate","Adaptation+1","Brilliance","Prostrate","DeusExMachina","PathToVictory","Protect+1","DeusExMachina","Protect","FearNoEvil","DeusExMachina","WreathOfFlame","FlurryOfBlows+1","Pray","MentalFortress","ForeignInfluence+1","InnerPeace+1","Weave+1","Judgement","SashWhip+1","BowlingBash","EmptyBody+1","Devotion","ThirdEye+1","Prostrate+1","EmptyBody+1","Fasting2+1","Prostrate+1","Transmutation","FlurryOfBlows+1","CarveReality+1","Wallop+1","WindmillStrike","Consecrate+1"],"relics":["PureWater","PreservedInsect","Prayer Wheel","Bag of Preparation","Bag of Marbles","Incense Burner","Pandora\u0027s Box","FossilizedHelix","Pocketwatch","Centennial Puzzle","Smiling Mask","Kunai","TeardropLocket","Fusion Hammer","Shuriken","Dead Branch","Frozen Egg 2"],"acts_visited":["Exordium","TheCity","TheBeyond"],"potions_floor_usage":[5,16,19,20,23,25,33,38,44,50,50,50],"damage_taken":[{"damage":0,"enemies":"Small Slimes","floor":1,"turns":2},{"damage":0,"enemies":"Jaw Worm","floor":5,"turns":1},{"damage":2,"enemies":"3 Sentries","floor":7,"turns":3},{"damage":0,"enemies":"Cultist","floor":10,"turns":2},{"damage":0,"enemies":"Lagavulin","floor":11,"turns":3},{"damage":0,"enemies":"Lots of Slimes","floor":14,"turns":1},{"damage":34,"enemies":"The Guardian","floor":16,"turns":7},{"damage":0,"enemies":"Chosen","floor":18,"turns":3},{"damage":10,"enemies":"Shell Parasite","floor":20,"turns":3},{"damage":0,"enemies":"Slavers","floor":23,"turns":4},{"damage":12,"enemies":"Gremlin Leader","floor":25,"turns":3},{"damage":8,"enemies":"Book of Stabbing","floor":27,"turns":4},{"damage":0,"enemies":"Cultist and Chosen","floor":29,"turns":2},{"damage":2,"enemies":"Snake Plant","floor":31,"turns":3},{"damage":1,"enemies":"Collector","floor":33,"turns":7},{"damage":28,"enemies":"3 Darklings","floor":35,"turns":4},{"damage":0,"enemies":"Orb Walker","floor":36,"turns":4},{"damage":0,"enemies":"Maw","floor":38,"turns":6},{"damage":34,"enemies":"Reptomancer","floor":41,"turns":3},{"damage":16,"enemies":"Jaw Worm Horde","floor":44,"turns":3},{"damage":2,"enemies":"4 Shapes","floor":47,"turns":3},{"damage":66,"enemies":"Time Eater","floor":50,"turns":8}],"seed_played":"2371215895592774350","potions_obtained":[{"floor":1,"key":"Energy Potion"},{"floor":5,"key":"CultistPotion"},{"floor":11,"key":"Fire Potion"},{"floor":19,"key":"Fruit Juice"},{"floor":19,"key":"AttackPotion"},{"floor":20,"key":"StancePotion"},{"floor":23,"key":"PowerPotion"},{"floor":31,"key":"BlessingOfTheForge"},{"floor":36,"key":"Fire Potion"},{"floor":41,"key":"PowerPotion"}],"is_trial":false,"path_per_floor":["M","?","?","?","M","R","E","?","T","M","E","R","$","M","R","B",null,"M","?","M","?","$","E","?","E","T","E","$","M","?","M","R","B",null,"M","M","$","M","?","R","E","R","T","M","?","?","M","$","R","B",null],"character_chosen":"WATCHER","items_purchased":["Incense Burner","Fire Potion","Adaptation","TeardropLocket","Shuriken","Dexterity Potion"],"campfire_rested":4,"item_purchase_floors":[13,13,13,28,37,48],"current_hp_per_floor":[72,72,72,72,72,72,70,70,70,70,70,70,70,70,70,36,72,72,77,67,67,67,67,67,55,55,47,47,47,47,45,68,67,77,49,49,49,49,49,72,38,61,61,45,45,77,75,75,77,11],"gold":36,"neow_bonus":"RANDOM_COMMON_RELIC","is_daily":false,"chose_seed":false,"campfire_upgraded":3,"win_rate":0.0,"timestamp":1612680318,"path_taken":["M","?","?","?","?","R","E","?","T","M","E","R","$","M","R","BOSS","M","?","?","?","$","E","?","E","T","E","$","?","?","M","R","BOSS","M","M","$","M","?","R","E","R","T","M","?","?","?","$","R","BOSS"],"items_purchased_type":["Relic","Potion","Card","Relic","Relic","Potion"],"build_version":"2020-12-22","purchased_purges":1,"victory":true,"max_hp_per_floor":[72,72,72,72,72,72,72,72,72,72,72,72,72,72,72,72,72,72,77,77,77,77,77,77,77,77,77,77,77,77,77,77,77,77,77,77,77,77,77,77,77,77,77,77,77,77,77,77,77,77],"card_choices":[{"not_picked":["Indignation","Weave"],"picked":"CarveReality","floor":1},{"not_picked":["Swivel","WheelKick"],"picked":"FlyingSleeves","floor":5},{"not_picked":["WreathOfFlame","Protect"],"picked":"ForeignInfluence","floor":7},{"not_picked":["Pray","BattleHymn"],"picked":"FollowUp","floor":10},{"not_picked":["CrushJoints","Indignation","FlyingSleeves"],"picked":"SKIP","floor":10},{"not_picked":["Crescendo","CutThroughFate"],"picked":"Prostrate","floor":11},{"not_picked":["Prostrate","Evaluate"],"picked":"Brilliance","floor":14},{"not_picked":["Adaptation","Fasting2"],"picked":"Prostrate","floor":14},{"not_picked":["Ragnarok","MasterReality"],"picked":"DeusExMachina","floor":16},{"not_picked":["EmptyFist","Fasting2"],"picked":"FlurryOfBlows+1","floor":18},{"not_picked":["FearNoEvil","Evaluate"],"picked":"Pray","floor":18},{"not_picked":["PathToVictory","Wallop"],"picked":"MentalFortress","floor":20},{"not_picked":["Indignation","Consecrate"],"picked":"ForeignInfluence+1","floor":20},{"not_picked":["FlyingSleeves","Halt"],"picked":"InnerPeace+1","floor":23},{"not_picked":["Indignation","Blasphemy"],"picked":"Weave+1","floor":25},{"not_picked":["JustLucky","FlyingSleeves"],"picked":"Judgement","floor":27},{"not_picked":["Halt","EmptyBody"],"picked":"SashWhip+1","floor":29},{"not_picked":["EmptyFist","Crescendo"],"picked":"Conclude","floor":29},{"not_picked":["EmptyBody","FollowUp"],"picked":"BowlingBash","floor":31},{"not_picked":["Consecrate","Halt"],"picked":"EmptyBody+1","floor":31},{"not_picked":["Brilliance","ConjureBlade"],"picked":"Devotion","floor":33},{"not_picked":["EmptyBody","ClearTheMind+1"],"picked":"ThirdEye+1","floor":35},{"not_picked":["EmptyMind","CarveReality"],"picked":"Prostrate+1","floor":35},{"not_picked":["Study+1","Nirvana"],"picked":"EmptyBody+1","floor":36},{"not_picked":["ThirdEye+1","Meditate+1"],"picked":"Fasting2+1","floor":36},{"not_picked":["BowlingBash+1","JustLucky"],"picked":"Prostrate+1","floor":38},{"not_picked":["BowlingBash","EmptyFist+1","ClearTheMind+1"],"picked":"SKIP","floor":38},{"not_picked":["PanicButton","Deep Breath"],"picked":"Transmutation","floor":39},{"not_picked":["Study","Wireheading+1"],"picked":"FlurryOfBlows+1","floor":41},{"not_picked":["FollowUp+1","DeceiveReality+1"],"picked":"CarveReality+1","floor":44},{"not_picked":["ThirdEye","Crescendo+1"],"picked":"Wallop+1","floor":44},{"not_picked":["Tantrum+1","FollowUp"],"picked":"WindmillStrike","floor":47},{"not_picked":["Halt+1","Indignation"],"picked":"Consecrate+1","floor":47}],"player_experience":297244,"relics_obtained":[{"floor":7,"key":"Prayer Wheel"},{"floor":9,"key":"Bag of Preparation"},{"floor":11,"key":"Bag of Marbles"},{"floor":23,"key":"Pocketwatch"},{"floor":25,"key":"Centennial Puzzle"},{"floor":26,"key":"Smiling Mask"},{"floor":27,"key":"Kunai"},{"floor":41,"key":"Dead Branch"},{"floor":43,"key":"Frozen Egg 2"}],"event_choices":[{"damage_healed":0,"gold_gain":175,"player_choice":"AGREE","damage_taken":0,"max_hp_gain":0,"max_hp_loss":0,"event_name":"Liars Game","floor":2,"gold_loss":0,"cards_obtained":["Doubt"]},{"cards_removed":["Doubt"],"damage_healed":0,"gold_gain":0,"player_choice":"Forget","damage_taken":0,"max_hp_gain":0,"max_hp_loss":0,"event_name":"Living Wall","floor":3,"gold_loss":0},{"damage_healed":0,"gold_gain":0,"player_choice":"Ignored","damage_taken":0,"max_hp_gain":0,"max_hp_loss":0,"event_name":"Golden Wing","floor":4,"gold_loss":0},{"damage_healed":0,"gold_gain":100,"player_choice":"Pray","damage_taken":0,"max_hp_gain":0,"max_hp_loss":0,"event_name":"Golden Shrine","floor":8,"gold_loss":0},{"damage_healed":0,"gold_gain":0,"player_choice":"Got Potions","damage_taken":0,"max_hp_gain":0,"max_hp_loss":0,"event_name":"Lab","floor":19,"gold_loss":0},{"damage_healed":0,"gold_gain":0,"player_choice":"Opened","damage_taken":0,"relics_obtained":["FossilizedHelix"],"max_hp_gain":0,"max_hp_loss":0,"event_name":"The Mausoleum","floor":21,"gold_loss":0,"cards_obtained":["Writhe"]},{"damage_healed":0,"gold_gain":0,"player_choice":"Upgraded Two","damage_taken":0,"max_hp_gain":0,"max_hp_loss":0,"event_name":"Designer","floor":24,"gold_loss":40,"cards_upgraded":["FlyingSleeves","Protect"]},{"damage_healed":0,"gold_gain":0,"player_choice":"Ignored","damage_taken":0,"max_hp_gain":0,"max_hp_loss":0,"event_name":"Ghosts","floor":30,"gold_loss":0},{"damage_healed":0,"gold_gain":0,"player_choice":"Memory 1","damage_taken":0,"max_hp_gain":0,"max_hp_loss":0,"event_name":"SensoryStone","floor":39,"gold_loss":0},{"cards_removed":["Conclude"],"damage_healed":0,"gold_gain":0,"player_choice":"Removed Attack","damage_taken":0,"max_hp_gain":0,"max_hp_loss":0,"event_name":"Falling","floor":45,"gold_loss":0},{"cards_removed":["Indignation"],"damage_healed":32,"gold_gain":0,"player_choice":"Offered Uncommon","damage_taken":0,"max_hp_gain":0,"max_hp_loss":0,"event_name":"Bonfire Elementals","floor":46,"gold_loss":0}],"is_beta":false,"boss_relics":[{"not_picked":["Empty Cage","Sozu"],"picked":"Pandora\u0027s Box"},{"not_picked":["VioletLotus","Cursed Key"],"picked":"Fusion Hammer"}],"items_purged_floors":[22],"is_endless":false,"potions_floor_spawned":[1,5,11,14,20,23,31,36,41],"ascension_level":3}}