{"host":"j7koecyuyeg298fi","time":1612716034,"event":{"mods":["BaseMod","Minty Spire (QoL Compilation)"],"gold_per_floor":[109,126,138,138,138,152,152,152,152,167,242,281,281,294,294,414,414,408,433,98,119,119,119,119,19,45,45,45,45,70,30,30,160,160,178,178,178,178],"floor_reached":37,"language":"ENG","playtime":3080,"items_purged":["Vigilance","Shame"],"score":367,"play_id":"f36df208-9bf7-4e25-b0e5-82506ccdd287","local_time":"20210207184034","is_ascension_mode":false,"campfire_choices":[{"floor":8.0,"key":"REST"},{"floor":13.0,"key":"REST"},{"data":"Eruption","floor":15.0,"key":"SMITH"},{"data":"ThirdEye","floor":23.0,"key":"SMITH"},{"floor":29.0,"key":"REST"},{"data":"MentalFortress","floor":32.0,"key":"SMITH"}],"circlet_count":0,"master_deck":["Eruption+1","FlyingSleeves","TalkToTheHand","FearNoEvil","Halt","Jack Of All Trades","ThirdEye+1","MentalFortress+1","FlyingSleeves","EmptyBody","Nirvana","FlyingSleeves","Weave","SpiritShield","Indignation","FlurryOfBlows+1","Evaluate+1","Wireheading","InnerPeace","LikeWater","CurseOfTheBell","FlurryOfBlows+1"],"relics":["PureWater","Centennial Puzzle","Golden Idol","Unceasing Top","Pocketwatch","Pandora\u0027s Box","Bottled Tornado","Bag of Preparation","Bag of Marbles","Yang","Calling Bell","MealTicket","Ornamental Fan","Turnip"],"acts_visited":["Exordium","TheCity","TheBeyond"],"potions_floor_usage":[],"damage_taken":[{"damage":0.0,"enemies":"2 Louse","floor":1.0,"turns":2.0},{"damage":0.0,"enemies":"Small Slimes","floor":2.0,"turns":2.0},{"damage":0.0,"enemies":"Cultist","floor":3.0,"turns":4.0},{"damage":9.0,"enemies":"3 Louse","floor":6.0,"turns":3.0},{"damage":12.0,"enemies":"Exordium Wildlife","floor":10.0,"turns":6.0},{"damage":7.0,"enemies":"Gremlin Nob","floor":12.0,"turns":4.0},{"damage":0.0,"enemies":"Looter","floor":14.0,"turns":2.0},{"damage":44.0,"enemies":"The Guardian","floor":16.0,"turns":10.0},{"damage":9.0,"enemies":"2 Thieves","floor":18.0,"turns":4.0},{"damage":0.0,"enemies":"Chosen","floor":19.0,"turns":4.0},{"damage":20.0,"enemies":"Snecko","floor":21.0,"turns":3.0},{"damage":8.0,"enemies":"Centurion and Healer","floor":30.0,"turns":4.0},{"damage":29.0,"enemies":"Champ","floor":33.0,"turns":14.0},{"damage":5.0,"enemies":"Orb Walker","floor":35.0,"turns":3.0},{"damage":0,"enemies":"3 Shapes","floor":37,"turns":1}],"seed_played":"-2454534138410355761","potions_obtained":[{"floor":2.0,"key":"AttackPotion"},{"floor":10.0,"key":"BottledMiracle"},{"floor":12.0,"key":"DuplicationPotion"},{"floor":14.0,"key":"LiquidMemories"},{"floor":18.0,"key":"GamblersBrew"},{"floor":19.0,"key":"AttackPotion"},{"floor":21.0,"key":"SkillPotion"}],"is_trial":false,"path_per_floor":["M","M","M","?","?","M","?","R","T","M","?","E","R","M","R","B",null,"M","M","$","M","?","R","?","$","T","?","?","R","M","$","R","B",null,"M","?","M"],"character_chosen":"WATCHER","items_purchased":["Bottled Tornado","LikeWater"],"campfire_rested":3,"item_purchase_floors":[20,31],"current_hp_per_floor":[72,72,72,54,54,45,45,66,66,54,43,36,57,57,57,13,72,63,63,63,43,43,43,43,43,43,43,43,64,56,56,56,27,72,67,67,67,67],"gold":178,"neow_bonus":"RANDOM_COMMON_RELIC","is_daily":false,"chose_seed":false,"campfire_upgraded":3,"win_rate":0.0,"timestamp":1612716034,"path_taken":["M","M","M","?","?","M","?","R","T","?","?","E","R","M","R","BOSS","M","M","$","M","?","R","?","?","T","?","?","R","M","$","R","BOSS","M","?","?"],"items_purchased_type":["Relic","Card"],"build_version":"2020-12-22","purchased_purges":2,"victory":false,"max_hp_per_floor":[72,72,72,72,72,72,72,72,72,72,72,72,72,72,72,72,72,72,72,72,72,72,72,72,72,72,72,72,72,72,72,72,72,72,72,72,72,72],"card_choices":[{"not_picked":["Crescendo","BowlingBash"],"picked":"FlyingSleeves","floor":1.0},{"not_picked":["SandsOfTime","WheelKick"],"picked":"TalkToTheHand","floor":2.0},{"not_picked":["Wallop","WheelKick"],"picked":"FearNoEvil","floor":3.0},{"not_picked":["Nirvana","FlyingSleeves","Prostrate"],"picked":"SKIP","floor":6.0},{"not_picked":["Evaluate","WheelKick"],"picked":"ThirdEye","floor":10.0},{"not_picked":["WreathOfFlame","Nirvana"],"picked":"MentalFortress","floor":12.0},{"not_picked":["ClearTheMind","Prostrate"],"picked":"FlyingSleeves","floor":14.0},{"not_picked":["Brilliance","Omniscience"],"picked":"SpiritShield","floor":16.0},{"not_picked":["SashWhip","EmptyFist"],"picked":"FlurryOfBlows+1","floor":18.0},{"not_picked":["ClearTheMind","Consecrate"],"picked":"Evaluate+1","floor":19.0},{"not_picked":["EmptyFist","Crescendo"],"picked":"Wireheading","floor":21.0},{"not_picked":["SpiritShield","Crescendo"],"picked":"InnerPeace","floor":30.0},{"not_picked":["EmptyFist+1","SashWhip+1"],"picked":"FlurryOfBlows+1","floor":35.0}],"player_experience":222036,"relics_obtained":[{"floor":9.0,"key":"Unceasing Top"},{"floor":12.0,"key":"Pocketwatch"},{"floor":26.0,"key":"Bag of Marbles"},{"floor":34.0,"key":"MealTicket"},{"floor":34.0,"key":"Ornamental Fan"},{"floor":34.0,"key":"Turnip"}],"event_choices":[{"damage_healed":0.0,"max_hp_gain":0.0,"max_hp_loss":0.0,"gold_gain":0.0,"event_name":"Golden Idol","player_choice":"Take Damage","floor":4.0,"gold_loss":0.0,"damage_taken":18.0,"relics_obtained":["Golden Idol"]},{"damage_healed":0.0,"max_hp_gain":0.0,"max_hp_loss":0.0,"gold_gain":0.0,"cards_transformed":["Defend_P"],"event_name":"Living Wall","player_choice":"Change","floor":5.0,"gold_loss":0.0,"damage_taken":0.0,"cards_obtained":["Halt"]},{"damage_healed":0.0,"max_hp_gain":0.0,"max_hp_loss":0.0,"gold_gain":0.0,"event_name":"Match and Keep!","player_choice":"1 cards matched","floor":7.0,"gold_loss":0.0,"damage_taken":0.0,"cards_obtained":["Jack Of All Trades"]},{"damage_healed":0.0,"max_hp_gain":0.0,"max_hp_loss":0.0,"gold_gain":75.0,"event_name":"World of Goop","player_choice":"Gather Gold","floor":11.0,"gold_loss":0.0,"damage_taken":11.0},{"cards_removed":["SpiritShield"],"damage_healed":0.0,"max_hp_gain":0.0,"max_hp_loss":0.0,"gold_gain":0.0,"event_name":"Back to Basics","player_choice":"Elegance","floor":22.0,"gold_loss":0.0,"damage_taken":0.0},{"damage_healed":0.0,"max_hp_gain":0.0,"max_hp_loss":0.0,"gold_gain":0.0,"event_name":"Addict","player_choice":"Stole Relic","floor":24.0,"gold_loss":0.0,"damage_taken":0.0,"relics_obtained":["Bag of Preparation"],"cards_obtained":["Shame"]},{"damage_healed":0.0,"max_hp_gain":0.0,"max_hp_loss":0.0,"gold_gain":0.0,"event_name":"Cursed Tome","player_choice":"Ignored","floor":27.0,"gold_loss":0.0,"damage_taken":0.0},{"cards_removed":["Sanctity"],"damage_healed":0.0,"max_hp_gain":0.0,"max_hp_loss":0.0,"gold_gain":0.0,"event_name":"WeMeetAgain","player_choice":"Gave Card","floor":28.0,"gold_loss":0.0,"damage_taken":0.0,"relics_obtained":["Yang"]},{"damage_healed":0.0,"max_hp_gain":0.0,"max_hp_loss":0.0,"gold_gain":0.0,"event_name":"NoteForYourself","player_choice":"Ignored","floor":36.0,"gold_loss":0.0,"damage_taken":0.0}],"is_beta":false,"boss_relics":[{"not_picked":["Astrolabe","SlaversCollar"],"picked":"Pandora\u0027s Box"},{"not_picked":["HolyWater","Philosopher\u0027s Stone"],"picked":"Calling Bell"}],"items_purged_floors":[20,25],"is_endless":false,"potions_floor_spawned":[2,10,12,14,18,19,21],"killed_by":"3 Shapes","ascension_level":0}}