{"host":"88sw61cmk1203zgj","time":1612670429,"event":{"mods":["BaseMod","Minty Spire (QoL Compilation)"],"gold_per_floor":[112,123,123,123,54,54,65,65,65,100,100,113,37,51,51,123,173,193,118,136,147,147,147,161,161,161,177,197,122,138,237,237,237,237],"floor_reached":33,"language":"ENG","playtime":3109,"items_purged":["Strike_R"],"score":508,"play_id":"b7fd438c-0bcb-4889-bcd2-e4aff14c3fc3","local_time":"20210206230029","is_ascension_mode":true,"campfire_choices":[{"data":"Ghostly Armor","floor":6.0,"key":"SMITH"},{"data":"Iron Wave","floor":8.0,"key":"SMITH"},{"data":"Power Through","floor":11.0,"key":"SMITH"},{"floor":15.0,"key":"REST"},{"data":"True Grit","floor":23.0,"key":"SMITH"},{"data":"Shockwave","floor":25.0,"key":"SMITH"},{"floor":32,"key":"REST"}],"circlet_count":0,"master_deck":["AscendersBane","Strike_R+1","Strike_R","Defend_R","Defend_R","Defend_R","Defend_R+1","Bash","Body Slam+1","Iron Wave+1","Ghostly Armor+1","Headbutt","Power Through+1","Shockwave+1","Battle Trance","Feed","True Grit+1","Warcry+1"],"relics":["Runic Dome","Mummified Hand","Gambling Chip","Tiny House"],"acts_visited":["Exordium","TheCity"],"potions_floor_usage":[28,33],"damage_taken":[{"damage":4.0,"enemies":"2 Louse","floor":1.0,"turns":3.0},{"damage":1.0,"enemies":"Cultist","floor":2.0,"turns":3.0},{"damage":2.0,"enemies":"Jaw Worm","floor":7.0,"turns":3.0},{"damage":10.0,"enemies":"Gremlin Nob","floor":10.0,"turns":3.0},{"damage":0.0,"enemies":"Exordium Wildlife","floor":12.0,"turns":2.0},{"damage":0.0,"enemies":"2 Fungi Beasts","floor":14.0,"turns":3.0},{"damage":0.0,"enemies":"Slime Boss","floor":16.0,"turns":9.0},{"damage":0.0,"enemies":"3 Byrds","floor":18.0,"turns":10.0},{"damage":0.0,"enemies":"Shell Parasite","floor":20.0,"turns":11.0},{"damage":0.0,"enemies":"Snecko","floor":21.0,"turns":5.0},{"damage":1.0,"enemies":"Centurion and Healer","floor":24.0,"turns":13.0},{"damage":21.0,"enemies":"Sentry and Sphere","floor":27.0,"turns":10.0},{"damage":8,"enemies":"Snecko","floor":28,"turns":6},{"damage":0,"enemies":"Centurion and Healer","floor":30,"turns":9},{"damage":118,"enemies":"Automaton","floor":33,"turns":12}],"seed_played":"5366293253564532786","potions_obtained":[{"floor":2.0,"key":"PowerPotion"},{"floor":7.0,"key":"PowerPotion"},{"floor":17.0,"key":"PowerPotion"},{"floor":20.0,"key":"FearPotion"},{"floor":30,"key":"Block Potion"}],"is_trial":false,"path_per_floor":["M","M","?","?","$","R","M","R","T","E","R","M","$","M","R","B",null,"M","?","M","M","?","R","M","R","T","M","M","$","M","?","R","B"],"character_chosen":"IRONCLAD","items_purchased":["Ghostly Armor","Battle Trance"],"campfire_rested":2,"item_purchase_floors":[5,13],"current_hp_per_floor":[64,63,48,48,48,48,46,46,46,36,36,36,36,36,58,58,76,79,79,82,82,82,82,81,81,81,60,55,55,55,55,81,0,0],"gold":237,"neow_bonus":"BOSS_RELIC","is_daily":false,"chose_seed":false,"campfire_upgraded":5,"win_rate":0.0,"timestamp":1612670429,"path_taken":["M","M","?","?","$","R","M","R","T","E","R","?","?","?","R","BOSS","M","?","M","M","?","R","M","R","T","M","M","$","M","?","R","BOSS"],"items_purchased_type":["Card","Card"],"build_version":"2020-12-22","purchased_purges":1,"victory":false,"max_hp_per_floor":[75,75,75,75,75,75,75,75,75,75,75,75,75,75,75,75,80,83,83,86,86,86,86,86,86,86,86,89,89,89,89,89,89,89],"card_choices":[{"not_picked":["Sword Boomerang","Headbutt"],"picked":"Body Slam","floor":1.0},{"not_picked":["Pummel","Cleave"],"picked":"Iron Wave","floor":2.0},{"not_picked":["Cleave","Body Slam"],"picked":"Headbutt","floor":7.0},{"not_picked":["Dual Wield","Pummel"],"picked":"Power Through","floor":10.0},{"not_picked":["Twin Strike","Sword Boomerang"],"picked":"Shockwave","floor":12.0},{"not_picked":["Reckless Charge","Heavy Blade","Iron Wave"],"picked":"SKIP","floor":14.0},{"not_picked":["Bludgeon","Double Tap"],"picked":"Feed","floor":16.0},{"not_picked":["Heavy Blade","Dark Embrace"],"picked":"True Grit","floor":17.0},{"not_picked":["True Grit","Headbutt+1","Cleave"],"picked":"SKIP","floor":18.0},{"not_picked":["Rampage","Wild Strike","True Grit"],"picked":"SKIP","floor":20.0},{"not_picked":["Anger+1","Iron Wave","Pommel Strike"],"picked":"SKIP","floor":21.0},{"not_picked":["Anger+1","Iron Wave","Pommel Strike"],"picked":"SKIP","floor":21.0},{"not_picked":["Anger+1","Iron Wave","Pommel Strike"],"picked":"SKIP","floor":21.0},{"not_picked":["Rupture","Bludgeon","Wild Strike"],"picked":"SKIP","floor":24.0},{"not_picked":["Havoc","Wild Strike"],"picked":"Warcry+1","floor":27.0},{"not_picked":["Headbutt","Warcry","Pummel"],"picked":"SKIP","floor":28},{"not_picked":["Cleave","Flex","Sword Boomerang"],"picked":"SKIP","floor":30}],"player_experience":1560416,"relics_obtained":[{"floor":9.0,"key":"Mummified Hand"},{"floor":10.0,"key":"Gambling Chip"}],"event_choices":[{"damage_healed":0.0,"max_hp_gain":0.0,"max_hp_loss":0.0,"gold_gain":0.0,"event_name":"Shining Light","player_choice":"Entered Light","floor":3.0,"gold_loss":0.0,"damage_taken":15.0,"cards_upgraded":["Body Slam","Strike_R"]},{"cards_removed":["Strike_R"],"damage_healed":0.0,"max_hp_gain":0.0,"max_hp_loss":0.0,"gold_gain":0.0,"event_name":"Bonfire Elementals","player_choice":"Offered Basic","floor":4.0,"gold_loss":0.0,"damage_taken":0.0},{"cards_removed":["Strike_R"],"damage_healed":0.0,"max_hp_gain":0.0,"max_hp_loss":0.0,"gold_gain":0.0,"event_name":"Beggar","player_choice":"Gave Gold","floor":19.0,"gold_loss":75.0,"damage_taken":0.0},{"damage_healed":0.0,"max_hp_gain":0.0,"max_hp_loss":0.0,"gold_gain":0.0,"event_name":"Vampires","player_choice":"Ignored","floor":22.0,"gold_loss":0.0,"damage_taken":0.0},{"damage_healed":0,"gold_gain":99,"player_choice":"Stole From Cult","damage_taken":0,"max_hp_gain":0,"max_hp_loss":0,"event_name":"Nest","floor":31,"gold_loss":0}],"is_beta":false,"boss_relics":[{"not_picked":["Fusion Hammer","Mark of Pain"],"picked":"Tiny House"}],"items_purged_floors":[29],"is_endless":false,"potions_floor_spawned":[2,7,20,21,30],"killed_by":"Automaton","ascension_level":14}}