{"host":"hka8b3f4pkvnp4ei","time":1612677033,"event":{"mods":["BaseMod","Minty Spire (QoL Compilation)","Quick Restart","Replay The Spire","StSLib"],"gold_per_floor":[118,135,213,213,138,138,138,138,138,138,172,191,224,237,246,357,357,382,400,206,225,242,282,292,328,378,378,303,303,334,334,334,429,447,468,277,277,277,304,339,356,386,386,311,321,321,334,363,381,381,381,381,252,280,280],"floor_reached":56,"language":"ZHS","playtime":3134,"items_purged":["Strike_G","Strike_G","ReplayTheSpireMod:Splinters","ReplayTheSpireMod:Splinters"],"score":1773,"play_id":"22b1cf7b-4e05-421b-aa60-bec24f42d853","local_time":"20210207135033","is_ascension_mode":true,"campfire_choices":[{"data":"Eviscerate","floor":6.0,"key":"SMITH"},{"data":"Tools of the Trade","floor":8.0,"key":"SMITH"},{"data":"Neutralize","floor":10.0,"key":"SMITH"},{"data":"Expertise","floor":29.0,"key":"SMITH"},{"floor":32.0,"key":"RECALL"},{"data":"Venomology","floor":46,"key":"SMITH"},{"data":"Grand Finale","floor":52,"key":"SMITH"}],"circlet_count":0,"master_deck":["Survivor","Neutralize+1","Eviscerate+1","Tools of the Trade+1","Expertise+1","Venomology+1","After Image+1","Terror","ReplayTheSpireMod:Speed Training+1","Grand Finale+1","Escape Plan+1","Reflex+1","Acrobatics+1","Madness+1","Madness+1"],"relics":["Ring of the Snake","Replay:Rubber Ducky","Divine Protection","Frozen Egg 2","Blood Vial","CeramicFish","HoveringKite","Membership Card","Turnip","Akabeko","Happy Flower","Replay:Mystery Machine","Kintsugi","TheAbacus","Toxic Egg 2","ReplayTheSpireMod:Shallot","White Beast Statue","Bottled Lightning","Onion Ring"],"acts_visited":["Exordium","TheCity","TheBeyond","TheEnding"],"potions_floor_usage":[55,55,55,55],"damage_taken":[{"damage":0.0,"enemies":"Cultist","floor":1.0,"turns":3.0},{"damage":0.0,"enemies":"Small Slimes","floor":2.0,"turns":3.0},{"damage":0.0,"enemies":"Lagavulin","floor":11.0,"turns":6.0},{"damage":0.0,"enemies":"2 Louse","floor":12.0,"turns":2.0},{"damage":0.0,"enemies":"Replay:BlueRogue","floor":13.0,"turns":7.0},{"damage":0.0,"enemies":"Blue Slaver","floor":14.0,"turns":4.0},{"damage":2.0,"enemies":"The Guardian","floor":16.0,"turns":11.0},{"damage":0.0,"enemies":"Spheric Guardian","floor":18.0,"turns":3.0},{"damage":0.0,"enemies":"Shell Parasite","floor":19.0,"turns":4.0},{"damage":0.0,"enemies":"Snake Plant","floor":21.0,"turns":4.0},{"damage":0.0,"enemies":"Snecko","floor":22.0,"turns":4.0},{"damage":11.0,"enemies":"Slavers","floor":23.0,"turns":8.0},{"damage":0.0,"enemies":"Chosen and Byrds","floor":24.0,"turns":4.0},{"damage":0.0,"enemies":"Book of Stabbing","floor":25.0,"turns":4.0},{"damage":0.0,"enemies":"Slavers","floor":30.0,"turns":4.0},{"damage":0.0,"enemies":"Automaton","floor":33.0,"turns":8.0},{"damage":0.0,"enemies":"Orb Walker","floor":35.0,"turns":2.0},{"damage":0.0,"enemies":"3 Shapes","floor":39.0,"turns":1.0},{"damage":0.0,"enemies":"Giant Head","floor":40.0,"turns":2.0},{"damage":0.0,"enemies":"Transient","floor":41.0,"turns":5.0},{"damage":0.0,"enemies":"Reptomancer","floor":42.0,"turns":2.0},{"damage":0,"enemies":"3 Darklings","floor":45,"turns":2},{"damage":0,"enemies":"Jaw Worm Horde","floor":47,"turns":1},{"damage":6,"enemies":"R_Hoarder","floor":48,"turns":7},{"damage":3,"enemies":"Time Eater","floor":50,"turns":4},{"damage":0,"enemies":"Shield and Spear","floor":54,"turns":2},{"damage":0,"enemies":"The Heart","floor":55,"turns":3}],"seed_played":"-6514702558925231045","potions_obtained":[{"floor":2.0,"key":"Poison Potion"},{"floor":3.0,"key":"Venom Potion"},{"floor":3.0,"key":"Cursed Concoction"},{"floor":13.0,"key":"EntropicBrew"},{"floor":23.0,"key":"Reflective Coating"},{"floor":25.0,"key":"CunningPotion"},{"floor":47,"key":"DuplicationPotion"}],"is_trial":false,"path_per_floor":["M","M","?","?","$","R","$","R","T","R","E","M","E","M","R","B",null,"M","M","$","M","M","E","M","E","T","?","?","R","E","?","R","B",null,"M","$","?","?","M","E","M","E","T","$","M","R","M","E","R","B",null,"R","$","E","B",null],"character_chosen":"THE_SILENT","items_purchased":["Membership Card","EntropicBrew","TheAbacus","Bottled Lightning"],"campfire_rested":0,"item_purchase_floors":[20,36,36,53],"current_hp_per_floor":[49,49,32,20,20,20,20,20,20,20,20,22,24,26,26,26,70,70,70,70,70,70,59,61,63,63,63,63,63,65,65,65,67,70,70,70,70,70,70,70,70,70,70,70,70,70,70,64,55,54,70,70,70,70,70],"gold":280,"neow_bonus":"TRANSFORM_TWO_CARDS","is_daily":false,"chose_seed":false,"campfire_upgraded":6,"win_rate":0.0,"timestamp":1612677033,"path_taken":["M","M","?","?","$","R","$","R","T","R","E","M","E","M","R","BOSS","M","M","$","M","M","E","M","E","T","?","?","R","E","?","R","BOSS","M","$","?","?","M","E","M","E","T","?","M","R","M","E","R","BOSS","R","$","E","BOSS"],"items_purchased_type":["Relic","Potion","Relic","Relic"],"build_version":"2020-12-22","purchased_purges":4,"victory":true,"max_hp_per_floor":[70,70,70,70,70,70,70,70,70,70,70,70,70,70,70,70,70,70,70,70,70,70,70,70,70,70,70,70,70,70,70,70,70,70,70,70,70,70,70,70,70,70,70,70,70,70,70,70,70,70,70,70,70,70,70],"card_choices":[{"not_picked":["Dagger Throw","ReplayTheSpireMod:Shiv Toss","Outmaneuver"],"picked":"SKIP","floor":1.0},{"not_picked":["Backstab","Poisoned Stab"],"picked":"Underhanded Strike","floor":2.0},{"not_picked":["Backflip","Sneak Up","Glass Knife"],"picked":"SKIP","floor":11.0},{"not_picked":["Accuracy+1","Cloak And Dagger"],"picked":"Expertise","floor":12.0},{"not_picked":["Hidden Blade","PiercingWail","Backstab"],"picked":"SKIP","floor":13.0},{"not_picked":["Cloak And Dagger","Sucker Punch","Outmaneuver"],"picked":"SKIP","floor":14.0},{"not_picked":["Unload","Phantasmal Killer"],"picked":"After Image+1","floor":16.0},{"not_picked":["Dagger Throw+1","Dodge and Roll"],"picked":"Terror","floor":18.0},{"not_picked":["Backflip","Underhanded Strike","Setup+1"],"picked":"SKIP","floor":19.0},{"not_picked":["Cloak And Dagger+1","Quick Slash"],"picked":"ReplayTheSpireMod:Speed Training+1","floor":21.0},{"not_picked":["Dagger Spray","Dodge and Roll","Deflect"],"picked":"SKIP","floor":22.0},{"not_picked":["Backflip","Deadly Poison"],"picked":"Grand Finale","floor":23.0},{"not_picked":["Sneak Up+1","Fluid Movement+1","Underhanded Strike+1"],"picked":"SKIP","floor":24.0},{"not_picked":["Backflip","Choke+1"],"picked":"Escape Plan+1","floor":25.0},{"not_picked":["Deadly Poison","Crippling Poison","Deflect"],"picked":"SKIP","floor":30.0},{"not_picked":["Prepared","Skewer+1"],"picked":"Reflex+1","floor":35.0},{"not_picked":["Dagger Throw+1","Hidden Blade+1"],"picked":"Acrobatics+1","floor":39.0},{"not_picked":["Noxious Fumes+1","Poisoned Stab+1","ReplayTheSpireMod:Speed Training+1"],"picked":"SKIP","floor":40.0},{"not_picked":["Dagger Spray+1","Skewer+1","Deadly Poison+1"],"picked":"SKIP","floor":41.0},{"not_picked":["PiercingWail+1","Leg Sweep+1","Deadly Poison+1"],"picked":"SKIP","floor":42.0},{"not_picked":["Expertise+1","Hidden Blade+1","Backstab"],"picked":"SKIP","floor":45},{"not_picked":["Outmaneuver+1","Heel Hook","Grand Finale"],"picked":"SKIP","floor":47},{"not_picked":["Slice+1","Hidden Blade+1","Cloak And Dagger+1"],"picked":"SKIP","floor":48},{"not_picked":["Slice+1","Hidden Blade+1","Cloak And Dagger+1"],"picked":"SKIP","floor":48},{"not_picked":["Slice+1","Hidden Blade+1","Cloak And Dagger+1"],"picked":"SKIP","floor":48},{"not_picked":["Distraction+1","Atom Bomb","Dodge and Roll+1"],"picked":"SKIP","floor":54}],"player_experience":448030,"relics_obtained":[{"floor":3.0,"key":"Replay:Rubber Ducky"},{"floor":9.0,"key":"Frozen Egg 2"},{"floor":11.0,"key":"Blood Vial"},{"floor":13.0,"key":"CeramicFish"},{"floor":23.0,"key":"Turnip"},{"floor":25.0,"key":"Akabeko"},{"floor":26.0,"key":"Happy Flower"},{"floor":30.0,"key":"Replay:Mystery Machine"},{"floor":40.0,"key":"Toxic Egg 2"},{"floor":42.0,"key":"ReplayTheSpireMod:Shallot"},{"floor":48,"key":"White Beast Statue"},{"floor":54,"key":"Onion Ring"}],"event_choices":[{"damage_healed":0.0,"max_hp_gain":0.0,"max_hp_loss":0.0,"gold_gain":0.0,"event_name":"Scrap Ooze","player_choice":"Success","floor":4.0,"gold_loss":0.0,"damage_taken":12.0,"relics_obtained":["Divine Protection"]},{"damage_healed":0.0,"max_hp_gain":0.0,"max_hp_loss":0.0,"gold_gain":0.0,"event_name":"Ghosts","player_choice":"Ignored","floor":27.0,"gold_loss":0.0,"damage_taken":0.0},{"cards_removed":["Defend_G"],"damage_healed":0.0,"max_hp_gain":0.0,"max_hp_loss":0.0,"gold_gain":0.0,"event_name":"Beggar","player_choice":"Gave Gold","floor":28.0,"gold_loss":75.0,"damage_taken":0.0},{"damage_healed":0.0,"max_hp_gain":0.0,"max_hp_loss":0.0,"gold_gain":0.0,"event_name":"Tomb of Lord Red Mask","player_choice":"Ignored","floor":37.0,"gold_loss":0.0,"damage_taken":0.0},{"damage_healed":0.0,"max_hp_gain":0.0,"max_hp_loss":0.0,"gold_gain":0.0,"event_name":"SensoryStone","player_choice":"Memory 1","floor":38.0,"gold_loss":0.0,"damage_taken":0.0},{"damage_healed":0,"gold_gain":0,"player_choice":"Embrace Madness","damage_taken":9,"max_hp_gain":0,"max_hp_loss":0,"event_name":"Winding Halls","floor":49,"gold_loss":0,"cards_obtained":["Madness","Madness"]}],"is_beta":false,"boss_relics":[{"not_picked":["Velvet Choker","Black Star"],"picked":"HoveringKite"},{"not_picked":["Replay:Wanted Poster","Coffee Dripper"],"picked":"Kintsugi"}],"items_purged_floors":[5,20,36,44],"is_endless":false,"potions_floor_spawned":[2,13,21,23,25,30,41,47,54],"ascension_level":3}}