{"host":"xp5rvh2jwe2ejyfm","time":1612656188,"event":{"mods":["2.2 Compatiblity","Aspiration","BaseMod","Better Altar","Better Match","Better Note","Better Sensory Stone","Better Skull","BetterRewards","Colored Powertips","Conspire","Downfall","GifTheSpireLib","Gremlin Mod","GungeonMod","Hermit","Hubris","Jorbs\u0027s Wanderer Trilogy","Minty Spire (QoL Compilation)","Potionbrewer","Quick Restart","Replay The Spire","Robot Space Explorer","Shade Mod","Somnambulant","StSLib","The Bug Knight","The Clintock","The Construct","The Cursed","The Disciple","The Forsaken","The Hierophant","The Necromancer","The Runesmith","The Servant 0.9.4","The Valiant","The Witch","TheFirefly","thorton"],"gold_per_floor":[112,112,31,41,51,76,176,208,257,270,24,24,52,70,70,70,70],"floor_reached":16,"language":"ENG","playtime":814,"items_purged":[],"score":120,"play_id":"a459fc11-2ded-4b5e-b3c8-9412f4859fd7","local_time":"20210206190308","is_ascension_mode":false,"campfire_choices":[{"floor":15,"key":"REST"}],"circlet_count":0,"master_deck":["Strike_Witch","Strike_Witch","Strike_Witch","Strike_Witch","Defend_Witch","Defend_Witch","Defend_Witch","Hexguard","ZombieSpit+1","Thundercloud","Malady","WickedThoughts","Schadenfreude","MagicFang","Pot Of Greed","Pot Of Greed","TwistedMind","Decrepify","Apotheosis","Pillage","CrystalResonance","Thundercloud","Demonfyre"],"relics":["BlackCat","NeowsBlessing","Bag of Preparation","Grinning Jar","Lantern"],"acts_visited":["Exordium"],"potions_floor_usage":[6,16,16],"damage_taken":[{"damage":0,"enemies":"Small Slimes","floor":1,"turns":1},{"damage":0,"enemies":"Cultist","floor":4,"turns":1},{"damage":0,"enemies":"Jaw Worm","floor":5,"turns":1},{"damage":29,"enemies":"Lagavulin","floor":6,"turns":7},{"damage":23,"enemies":"Gremlin Nob","floor":8,"turns":5},{"damage":9,"enemies":"Exordium Thugs","floor":10,"turns":5},{"damage":11,"enemies":"Lagavulin","floor":13,"turns":6},{"damage":0,"enemies":"Looter","floor":14,"turns":2},{"damage":34,"enemies":"Fading Forest","floor":16,"turns":7}],"seed_played":"1623278073944051724","potions_obtained":[{"floor":1,"key":"potionbrewer:BoundlessPotion"},{"floor":4,"key":"sneckomod:MuddlingPotion"},{"floor":5,"key":"Regen Potion"},{"floor":13,"key":"champ:CounterPotion"}],"is_trial":false,"path_per_floor":["M","?","$","M","M","E","?","E","T","M","$","?","E","M","R","B"],"character_chosen":"WITCH","items_purchased":["Malady","Apotheosis","Pillage"],"campfire_rested":1,"item_purchase_floors":[3,11,11],"current_hp_per_floor":[67,67,67,67,67,50,50,27,27,18,18,18,7,7,27,3,3],"gold":70,"neow_bonus":"THREE_ENEMY_KILL","is_daily":false,"chose_seed":false,"campfire_upgraded":0,"win_rate":0.0,"timestamp":1612656188,"path_taken":["M","?","$","M","M","E","?","E","T","?","$","?","E","M","R","BOSS"],"items_purchased_type":["Card","Card","Card"],"build_version":"2020-12-22","purchased_purges":0,"victory":false,"max_hp_per_floor":[67,67,67,67,67,67,67,67,67,67,67,67,67,67,67,67,67],"card_choices":[{"not_picked":["SummonBatFamiliar","MementoMori"],"picked":"Thundercloud","floor":1},{"not_picked":["SkullFlask","SaltCircle"],"picked":"WickedThoughts","floor":4},{"not_picked":["Demonfyre","SummonBatFamiliar"],"picked":"Schadenfreude","floor":5},{"not_picked":["Broomstick","BalefulWard"],"picked":"MagicFang","floor":6},{"not_picked":["SummonRatFamiliar","GrimVengeance"],"picked":"TwistedMind","floor":8},{"not_picked":["GnarledBody","MercuryWand"],"picked":"Decrepify","floor":10},{"not_picked":["CursedBlade","WretchedNails"],"picked":"Thundercloud","floor":13},{"not_picked":["Thundercloud","TwistedMind"],"picked":"Demonfyre","floor":14}],"player_experience":453372,"relics_obtained":[{"floor":6,"key":"Bag of Preparation"},{"floor":8,"key":"Grinning Jar"},{"floor":13,"key":"Lantern"}],"event_choices":[{"damage_healed":0,"gold_gain":0,"player_choice":"Grow","damage_taken":0,"max_hp_gain":0,"max_hp_loss":0,"event_name":"Living Wall","floor":2,"gold_loss":0,"cards_upgraded":["ZombieSpit"]},{"damage_healed":0,"gold_gain":100,"player_choice":"Pray","damage_taken":0,"max_hp_gain":0,"max_hp_loss":0,"event_name":"Golden Shrine","floor":7,"gold_loss":0},{"damage_healed":0,"gold_gain":0,"cards_transformed":["Defend_Witch"],"player_choice":"Transformed","damage_taken":0,"max_hp_gain":0,"max_hp_loss":0,"event_name":"Transmorgrifier","floor":12,"gold_loss":0,"cards_obtained":["CrystalResonance"]}],"is_beta":false,"boss_relics":[],"items_purged_floors":[],"is_endless":false,"potions_floor_spawned":[1,4,5,13],"killed_by":"Fading Forest","ascension_level":0}}