{"host":"takgv9cv6xf64vhq","time":1612666208,"event":{"mods":["BaseMod","Colored Powertips","Conspire","Decade(王小明)","Downfall","Energized Spire","Hermit","Hubris","LagranYue(拉格朗・月)","Marisa（F雨　魔理沙）","Minty Spire (QoL Compilation)","Replay The Spire","StSLib","The Cursed","The Hierophant","The Jungle","The Servant 0.9.4","TheHeartMod"],"gold_per_floor":[114,39,39,49,60,60,70,70,143,163,189,189,189,189,189,291,241,260,260,123,134,148,148,219,219,296,296,312,10,22,38,38,133,133,151,15,31,44,55,89,89,106,106,125,125,154,29,57,57,57,57,57,8,41,41,41],"floor_reached":55,"language":"ZHS","playtime":3546,"items_purged":["Voices","Strike_B","downfall:Icky"],"score":999,"play_id":"b3613cc6-4b0b-4927-81d8-7170a8d004d5","local_time":"20210207105008","is_ascension_mode":true,"campfire_choices":[{"data":"Go for the Eyes","floor":6.0,"key":"SMITH"},{"data":"ReplayTheSpireMod:Fabricate Wheel","floor":8.0,"key":"SMITH"},{"data":"BasicCrystalCard","floor":12.0,"key":"SMITH"},{"floor":15.0,"key":"REST"},{"data":"Loop","floor":23.0,"key":"SMITH"},{"data":"Reinforced Body","floor":25.0,"key":"SMITH"},{"data":"hubris:DuctTapeCard","floor":32.0,"key":"SMITH"},{"floor":41.0,"key":"RECALL"},{"data":"ReplayTheSpireMod:GoodbyeWorld","floor":49.0,"key":"PURGE"},{"data":"hubris:PowerSurge","floor":52,"key":"SMITH"}],"circlet_count":0,"master_deck":["Strike_B+1","Defend_B+1","Defend_B","BootSequence","Conserve Battery","Fission+1","Reinforced Body+1","BasicCrystalCard+1","Core Surge","Redo+1","ReplaySort+1","Fission+1","Loop+1","Chaos+1","Auto Shields","Loop+1","Ball Lightning","Cold Snap+1","BasicCrystalCard+1","Self Repair","hubris:PowerSurge+1","Echo Form","Electrodynamics","Static Discharge+1","Go for the Eyes","Coolheaded","Machine Learning","Turbo+1","Panic Button+1","FIFO Queue+1","Coolheaded+1","White Noise","Ball Lightning+1","Creative AI","BasicCrystalCard+1","hubris:DuctTapeCard","Go for the Eyes+1"],"relics":["Kintsugi","Prayer Wheel","Strawberry","energizedSpire:HugeHouse","Cables","hubris:DuctTape","FaceOfCleric","Bag of Preparation","Replay:Rubber Ducky","LagranYue:ContractPerformanceRelic","ReplayTheSpireMod:CursedCoin","Turnip","Snack Pack","Letter Opener","Regal Pillow","Smiling Mask","hubris:BallOfYels"],"acts_visited":["Exordium","TheCity","TheBeyond","TheEnding"],"potions_floor_usage":[50,50,54,55],"damage_taken":[{"damage":13.0,"enemies":"Small Slimes","floor":1.0,"turns":5.0},{"damage":0.0,"enemies":"2 Louse","floor":4.0,"turns":3.0},{"damage":0.0,"enemies":"Jaw Worm","floor":5.0,"turns":3.0},{"damage":12.0,"enemies":"Exordium Wildlife","floor":7.0,"turns":4.0},{"damage":9.0,"enemies":"Red Slaver","floor":10.0,"turns":5.0},{"damage":13.0,"enemies":"Lagavulin","floor":11.0,"turns":6.0},{"damage":15.0,"enemies":"Fading Forest","floor":16.0,"turns":11.0},{"damage":38.0,"enemies":"conspire:FuzzyDice","floor":18.0,"turns":6.0},{"damage":0.0,"enemies":"Chosen","floor":21.0,"turns":4.0},{"damage":9.0,"enemies":"conspire:HollyBat","floor":22.0,"turns":8.0},{"damage":18.0,"enemies":"Sentry and Sphere","floor":28.0,"turns":4.0},{"damage":0.0,"enemies":"Snake Plant","floor":30.0,"turns":5.0},{"damage":0.0,"enemies":"conspire:HollyBat","floor":31.0,"turns":10.0},{"damage":0.0,"enemies":"Collector","floor":33.0,"turns":9.0},{"damage":3.0,"enemies":"Orb Walker","floor":35.0,"turns":4.0},{"damage":4.0,"enemies":"3 Shapes","floor":37.0,"turns":4.0},{"damage":5.0,"enemies":"Maw","floor":38.0,"turns":7.0},{"damage":6.0,"enemies":"Sphere and 2 Shapes","floor":39.0,"turns":4.0},{"damage":5.0,"enemies":"Reptomancer","floor":40.0,"turns":4.0},{"damage":6.0,"enemies":"Jaw Worm Horde","floor":42.0,"turns":4.0},{"damage":2.0,"enemies":"4 Shapes","floor":44.0,"turns":5.0},{"damage":2.0,"enemies":"Giant Head","floor":46.0,"turns":6.0},{"damage":27.0,"enemies":"Nemesis","floor":48.0,"turns":9.0},{"damage":34,"enemies":"Donu and Deca","floor":50,"turns":12},{"damage":22,"enemies":"Shield and Spear","floor":54,"turns":5},{"damage":74,"enemies":"NeowBoss","floor":55,"turns":3}],"seed_played":"3359046706682161419","potions_obtained":[{"floor":4.0,"key":"Energy Potion"},{"floor":7.0,"key":"Fire Potion"},{"floor":11.0,"key":"Guardian:BlockOnCardUsePotion"},{"floor":16.0,"key":"Strength Potion"},{"floor":21.0,"key":"Explosive Potion"},{"floor":28.0,"key":"BlessingOfTheForge"},{"floor":31.0,"key":"SkillPotion"},{"floor":33.0,"key":"Adrenaline Potion"},{"floor":40.0,"key":"SteroidPotion"},{"floor":42.0,"key":"DuplicationPotion"},{"floor":46.0,"key":"Elixir"}],"is_trial":false,"path_per_floor":["M","$","?","M","M","R","M","R","T","M","E","R","?","?","R","B",null,"M","?","$","M","M","R","T","R","T","?","M","$","M","M","R","B",null,"M","$","M","M","M","E","R","M","T","M","?","E","$","E","R","B",null,"R","$","E","B"],"character_chosen":"DEFECT","items_purchased":["Loop","Bag of Preparation","Replay:Rubber Ducky","ReplayTheSpireMod:CursedCoin","Turnip","Swift Potion"],"campfire_rested":1,"item_purchase_floors":[20,29,29,36,36,53],"current_hp_per_floor":[62,62,47,47,47,47,35,35,35,26,20,20,13,13,37,46,69,31,31,31,31,22,22,22,22,22,22,5,5,6,14,14,22,66,78,78,82,84,85,86,86,81,81,87,87,89,89,72,72,59,83,83,83,69,0,0],"gold":41,"neow_bonus":"BOSS_RELIC","is_daily":false,"chose_seed":true,"campfire_upgraded":7,"win_rate":0.0,"timestamp":1612666208,"path_taken":["M","$","?","M","M","R","M","R","T","M","E","R","?","?","R","BOSS","M","?","$","?","M","R","?","R","T","?","?","$","M","M","R","BOSS","M","$","M","M","M","E","R","M","T","M","?","E","$","E","R","BOSS","R","$","E","BOSS"],"items_purchased_type":["Card","Relic","Relic","Relic","Relic","Potion"],"build_version":"2020-12-22","purchased_purges":3,"victory":false,"max_hp_per_floor":[75,75,75,75,75,75,75,75,75,75,82,82,82,82,82,82,77,77,77,77,77,77,77,77,77,77,77,78,78,79,80,80,81,81,82,82,83,84,85,86,86,87,87,88,88,89,89,90,90,91,91,91,91,92,92,92],"card_choices":[{"not_picked":["Darkness","Turbo"],"picked":"BootSequence","floor":1.0},{"not_picked":["Scrape","Compile Driver"],"picked":"Go for the Eyes","floor":4.0},{"not_picked":["Leap","Steam"],"picked":"Conserve Battery","floor":5.0},{"not_picked":["BootSequence","Rebound"],"picked":"ReplayTheSpireMod:Fabricate Wheel","floor":7.0},{"not_picked":["Barrage","Gash"],"picked":"Ball Lightning","floor":10.0},{"not_picked":["Rebound","Aggregate"],"picked":"Reinforced Body","floor":10.0},{"not_picked":["Rip and Tear","Stack"],"picked":"BasicCrystalCard","floor":11.0},{"not_picked":["Fission","Reboot"],"picked":"Core Surge","floor":16.0},{"not_picked":["Reinforced Body","Ball Lightning"],"picked":"Redo+1","floor":18.0},{"not_picked":["Ball Lightning","Rebound"],"picked":"ReplaySort+1","floor":18.0},{"not_picked":["Hello World","Static Discharge"],"picked":"Chaos+1","floor":21.0},{"not_picked":["Turbo","Gash"],"picked":"Auto Shields","floor":21.0},{"not_picked":["Turbo","Go for the Eyes+1"],"picked":"Loop+1","floor":22.0},{"not_picked":["Stack","Rebound","Chill"],"picked":"SKIP","floor":22.0},{"not_picked":["Leap","Beam Cell"],"picked":"Ball Lightning","floor":28.0},{"not_picked":["Genetic Algorithm","BootSequence"],"picked":"Cold Snap+1","floor":28.0},{"not_picked":["Sweeping Beam+1","Leap"],"picked":"BasicCrystalCard+1","floor":30.0},{"not_picked":["Storm","Blizzard"],"picked":"Self Repair","floor":30.0},{"not_picked":["Hello World","Auto Shields"],"picked":"hubris:PowerSurge","floor":31.0},{"not_picked":["Redo","Streamline"],"picked":"Echo Form","floor":31.0},{"not_picked":["ReplayRNGCard","Hyperbeam"],"picked":"Electrodynamics","floor":33.0},{"not_picked":["Leap","Loop"],"picked":"Static Discharge+1","floor":35.0},{"not_picked":["Compile Driver+1","FTL+1"],"picked":"Go for the Eyes","floor":35.0},{"not_picked":["Redo","Steam Power"],"picked":"Coolheaded","floor":37.0},{"not_picked":["Stack","Barrage","Beam Cell+1"],"picked":"SKIP","floor":37.0},{"not_picked":["Hologram","ReplayTheSpireMod:Repulse+1"],"picked":"Machine Learning","floor":38.0},{"not_picked":["Compile Driver+1","Sweeping Beam","Steam"],"picked":"SKIP","floor":38.0},{"not_picked":["Sweeping Beam","Rebound"],"picked":"Turbo+1","floor":39.0},{"not_picked":["Stack+1","BootSequence+1"],"picked":"Panic Button+1","floor":39.0},{"not_picked":["Barrage+1","Conserve Battery"],"picked":"FIFO Queue+1","floor":40.0},{"not_picked":["White Noise+1","Lockon+1"],"picked":"Coolheaded+1","floor":42.0},{"not_picked":["Rebound","Turbo","Auto Shields"],"picked":"SKIP","floor":42.0},{"not_picked":["Go for the Eyes+1","Compile Driver"],"picked":"White Noise","floor":44.0},{"not_picked":["BasicCrystalCard","Undo+1"],"picked":"Ball Lightning+1","floor":44.0},{"not_picked":["Skim","Coolheaded+1"],"picked":"Creative AI","floor":46.0},{"not_picked":["Compile Driver","Leap+1"],"picked":"BasicCrystalCard+1","floor":48.0},{"not_picked":["Gash","FIFO Queue+1"],"picked":"Go for the Eyes+1","floor":54}],"player_experience":455055,"relics_obtained":[{"floor":11.0,"key":"Strawberry"},{"floor":24.0,"key":"Cables"},{"floor":26.0,"key":"hubris:DuctTape"},{"floor":40.0,"key":"Snack Pack"},{"floor":43.0,"key":"Letter Opener"},{"floor":46.0,"key":"Regal Pillow"},{"floor":48.0,"key":"Smiling Mask"},{"floor":54,"key":"hubris:BallOfYels"}],"event_choices":[{"damage_healed":0.0,"max_hp_gain":0.0,"max_hp_loss":0.0,"gold_gain":0.0,"event_name":"Shining Light","player_choice":"Entered Light","floor":3.0,"gold_loss":0.0,"damage_taken":15.0,"cards_upgraded":["Strike_B","Defend_B"]},{"cards_removed":["conspire:Blindness"],"damage_healed":0.0,"max_hp_gain":0.0,"max_hp_loss":0.0,"gold_gain":0.0,"event_name":"Golden Wing","player_choice":"Card Removal","floor":13.0,"gold_loss":0.0,"damage_taken":7.0},{"damage_healed":0.0,"max_hp_gain":0.0,"max_hp_loss":0.0,"gold_gain":0.0,"event_name":"Living Wall","player_choice":"Grow","floor":14.0,"gold_loss":0.0,"damage_taken":0.0,"cards_upgraded":["Fission"]},{"damage_healed":0.0,"max_hp_gain":0.0,"max_hp_loss":0.0,"gold_gain":0.0,"event_name":"Duplicator","player_choice":"Copied","floor":19.0,"gold_loss":0.0,"damage_taken":0.0,"cards_obtained":["Fission"]},{"damage_healed":0.0,"max_hp_gain":0.0,"max_hp_loss":0.0,"gold_gain":0.0,"event_name":"FaceTrader","player_choice":"Trade","floor":27.0,"gold_loss":0.0,"damage_taken":0.0,"relics_obtained":["FaceOfCleric"]},{"cards_removed":["Ball Lightning"],"damage_healed":0.0,"max_hp_gain":0.0,"max_hp_loss":0.0,"gold_gain":0.0,"event_name":"Falling","player_choice":"Removed Attack","floor":45.0,"gold_loss":0.0,"damage_taken":0.0}],"is_beta":false,"boss_relics":[{"not_picked":["energizedSpire:EnergizedDie","energizedSpire:CursedPentagram"],"picked":"energizedSpire:HugeHouse"},{"not_picked":["hubris:BlackHole","ReplayTheSpireMod:DimensionalGlitch"],"picked":"LagranYue:ContractPerformanceRelic"}],"items_purged_floors":[2,20,47],"is_endless":false,"potions_floor_spawned":[4,7,11,16,21,28,31,33,40,42,46],"killed_by":"NeowBoss","ascension_level":5}}