{"host":"ihsge0lre3slh6sc","time":1612724361,"event":{"mods":["BaseMod","Highlight Path","Lobotomy","LobotomyExtend","Marisa£®ÏF”Í°°ƒß¿Ì…≥£©","Minty Spire (QoL Compilation)","MostiFishMod","Quick Restart","Remilia£®¿Ÿ√◊¿Ú—«£©","Shop Mod","StSLib","TestMod","Waifu the Spire","WarShipGirlsR/’ΩΩ¢…Ÿ≈ÆR mod","Youmu£®ªÍ∆«—˝√Œ£©","[IsaacMod]“‘»ˆº‚À˛","ÛÙª÷∏ƒœ"],"gold_per_floor":[368,384,406,142,442,442,473,484,536,141,178,212,235,247,259,354,366,556,584,612,743,904,949,961,995,1007,1040,1090,1117,1163,1191,1002,1086,1098,1135,1147,1181,1214,1241,1282,1294,1337,1349,993,1055,1067,1099,491,491,492,492,492,492,527,531],"floor_reached":56,"language":"ZHS","playtime":2201,"items_purged":["Strike_MRS","Strike_MRS","Strike_MRS","UpSweep","NonDirectionalLaser","UnstableBomb"],"score":2614,"play_id":"fca272f1-8786-444d-8283-fc9dac93776d","local_time":"20210208025921","is_ascension_mode":true,"campfire_choices":[{"data":"TreasureHunter","floor":6.0,"key":"SMITH"},{"data":"Acceleration","floor":15.0,"key":"SMITH"},{"data":"DarkMatter","floor":24.0,"key":"SMITH"},{"floor":46.0,"key":"RECALL"},{"data":"FinalSpark","floor":49.0,"key":"SMITH"},{"data":"FinalSpark","floor":52,"key":"SMITH"}],"circlet_count":0,"master_deck":["AscendersBane","Strike_MRS+1","Defend_MRS","Defend_MRS","Defend_MRS","Defend_MRS","MasterSpark+1","GrandCross","DarkMatter+1","TreasureHunter+1","Acceleration+1","TreasureHunter+1","ShootingEcho","UltimateShortwave+1","FinalSpark+1","testmod-PowerStrike+1","AlicesGift","MachineGunSpark","RefractionSpark","UltimateShortwave","FinalSpark+1","DoubleSpark","RefractionSpark+1","Orbital","IllusionStar","MillisecondPulsars+1","MilkyWay","FairyDestructionRay","testmod-PainDetonator"],"relics":["BewitchedHakkero","HushsDoor","testmod-TestBox","DaveBox","xbg","testmod-TheFather","DoctorsRemote","SynthV:TestCard","DeadEye","LetterFromLob","Whetstone","Bag of Marbles","DollysMirror","MawBank","BookOfRevelations","HornCleat","testmod-SaigiyounoYou","GuppysPaw","BloodBag","War Paint","Nunchaku","Bronze Scales","Bag of Preparation","testmod-Antiphasic","PillsDrop","Omamori","Letter Opener","Turnip","Incubus","HowToJump","AmplifyWand","Eternal Feather","Frozen Egg 2","Lizard Tail","ScarletDevilRocket"],"acts_visited":["Exordium","TheCity","TheBeyond","TheEnding"],"potions_floor_usage":[55,55,55],"damage_taken":[{"damage":0.0,"enemies":"Jaw Worm","floor":1.0,"turns":1.0},{"damage":0.0,"enemies":"Cultist","floor":2.0,"turns":1.0},{"damage":5.0,"enemies":"2 Louse","floor":3.0,"turns":3.0},{"damage":16.0,"enemies":"Gremlin Nob","floor":7.0,"turns":3.0},{"damage":0.0,"enemies":"Blue Slaver","floor":8.0,"turns":2.0},{"damage":5.0,"enemies":"3 Sentries","floor":11.0,"turns":3.0},{"damage":0.0,"enemies":"Lots of Slimes","floor":12.0,"turns":1.0},{"damage":0.0,"enemies":"Large Slime","floor":13.0,"turns":2.0},{"damage":0.0,"enemies":"The Guardian","floor":16.0,"turns":10.0},{"damage":0.0,"enemies":"Shell Parasite","floor":18.0,"turns":3.0},{"damage":10.0,"enemies":"3 Byrds","floor":19.0,"turns":4.0},{"damage":14.0,"enemies":"Snake Plant","floor":20.0,"turns":4.0},{"damage":3.0,"enemies":"Chosen and Byrds","floor":21.0,"turns":3.0},{"damage":0.0,"enemies":"3 Cultists","floor":22.0,"turns":3.0},{"damage":9.0,"enemies":"Slavers","floor":23.0,"turns":6.0},{"damage":14.0,"enemies":"Centurion and Healer","floor":25.0,"turns":3.0},{"damage":15.0,"enemies":"Snecko","floor":27.0,"turns":4.0},{"damage":19.0,"enemies":"Gremlin Leader","floor":28.0,"turns":6.0},{"damage":14.0,"enemies":"Snake Plant","floor":29.0,"turns":2.0},{"damage":24.0,"enemies":"Slavers","floor":30.0,"turns":3.0},{"damage":4.0,"enemies":"Centurion and Healer","floor":31.0,"turns":2.0},{"damage":0.0,"enemies":"Automaton","floor":33.0,"turns":2.0},{"damage":0.0,"enemies":"3 Shapes","floor":35.0,"turns":2.0},{"damage":0.0,"enemies":"3 Darklings","floor":37.0,"turns":2.0},{"damage":0.0,"enemies":"Jaw Worm Horde","floor":38.0,"turns":2.0},{"damage":0.0,"enemies":"Sphere and 2 Shapes","floor":39.0,"turns":1.0},{"damage":0.0,"enemies":"Nemesis","floor":40.0,"turns":2.0},{"damage":0.0,"enemies":"Giant Head","floor":42.0,"turns":1.0},{"damage":35.0,"enemies":"Reptomancer","floor":45.0,"turns":5.0},{"damage":0.0,"enemies":"Spire Growth","floor":47.0,"turns":3.0},{"damage":0,"enemies":"Donu and Deca","floor":50,"turns":1},{"damage":28,"enemies":"Shield and Spear","floor":54,"turns":2},{"damage":42,"enemies":"The Heart","floor":55,"turns":3}],"seed_played":"-3737087380635098445","potions_obtained":[{"floor":2.0,"key":"DuplicationPotion"},{"floor":12.0,"key":"StarNLove"},{"floor":19.0,"key":"testmod-SpacePotion"},{"floor":21.0,"key":"SkillPotion"},{"floor":22.0,"key":"Dexterity Potion"},{"floor":27.0,"key":"Strength Potion"}],"is_trial":false,"path_per_floor":["M","M","M","$","?","R","E","M","T","$","E","M","M","E","R","B",null,"M","M","M","M","M","E","R","M","T","M","E","M","E","M","R","B",null,"M","?","M","M","M","E","?","E","T","R","E","R","M","$","R","B",null,"R","$","E","B",null],"character_chosen":"MARISA","items_purchased":["TreasureHunter","Acceleration","Bag of Marbles","DollysMirror","FinalSpark","GuppysPaw","testmod-PowerStrike","RefractionSpark","Incubus","FinalSpark","Frozen Egg 2","Orbital","IllusionStar","FairyDestructionRay","testmod-PainDetonator","Lizard Tail"],"campfire_rested":0,"item_purchase_floors":[4,4,10,10,17,17,17,32,34,34,44,44,44,48,48,48],"current_hp_per_floor":[45,45,40,40,40,40,24,24,24,24,19,19,19,19,19,19,40,20,19,11,17,34,43,43,42,42,42,54,44,57,59,59,59,28,28,28,31,31,31,34,32,32,32,32,13,28,50,50,50,50,50,50,50,28,22],"gold":531,"neow_bonus":"TWO_FIFTY_GOLD","is_daily":false,"chose_seed":false,"campfire_upgraded":5,"win_rate":0.0,"timestamp":1612724361,"path_taken":["M","M","M","$","?","R","E","?","T","$","E","M","M","E","R","BOSS","M","M","M","M","M","E","R","M","T","M","E","M","E","M","R","BOSS","M","?","M","M","M","E","?","E","T","R","E","R","M","$","R","BOSS","R","$","E","BOSS"],"items_purchased_type":["Card","Card","Relic","Relic","Card","Relic","Card","Card","Relic","Card","Relic","Card","Card","Card","Card","Relic"],"build_version":"2020-12-22","purchased_purges":6,"victory":true,"max_hp_per_floor":[70,70,70,70,70,70,70,70,70,70,70,70,70,70,70,70,47,47,47,47,47,54,54,54,54,54,54,54,54,59,59,59,59,28,28,28,31,31,31,34,32,32,32,32,45,45,50,50,50,50,50,50,50,50,22],"card_choices":[{"not_picked":[],"picked":"ChaosCard","floor":0.0},{"not_picked":["SprinkleStarSeal","Robbery"],"picked":"Bomb","floor":1.0},{"not_picked":["OpenUniverse","DC","GravityBeat","LuminesStrike"],"picked":"GrandCross","floor":2.0},{"not_picked":["SprinkleStarSeal","IllusionStar","DarkSpark","ChargeUpSpray"],"picked":"DarkMatter","floor":3.0},{"not_picked":["UnstableBomb","IllusionStar","ShootTheMoon","LuminesStrike","WitchOfGreed"],"picked":"SKIP","floor":7.0},{"not_picked":["LuminesStrike","TreasureHunter","GalacticHalo","DoubleSpark","OortCloud"],"picked":"SKIP","floor":8.0},{"not_picked":["GalacticHalo","DC","StarlightTyphoon","PowerUp","WitchOfGreed"],"picked":"SKIP","floor":11.0},{"not_picked":["OrrerysSun","SprinkleStarSeal","AsteroidBelt","StarBarrage"],"picked":"Bomb","floor":12.0},{"not_picked":["ManaConvection","GalacticHalo","SuperPerseids","DarkMatter"],"picked":"ShootingEcho","floor":13.0},{"not_picked":["JA","FinalSpark","EscapeVelocity","MaximisePower"],"picked":"UltimateShortwave","floor":16.0},{"not_picked":["GalacticHalo","DragonMeteor","MysteriousBeam","LuminesStrike","DeepEcoloBomb"],"picked":"SKIP","floor":18.0},{"not_picked":["LuminesStrike","MysteriousBeam","GalacticHalo","NonDirectionalLaser","OneTimeOff"],"picked":"SKIP","floor":19.0},{"not_picked":["PowerUp","GravityBeat","WitchOfGreed","OpenUniverse+1","ShootingEcho"],"picked":"SKIP","floor":20.0},{"not_picked":["DC+1","6A","SporeBomb","DeepEcoloBomb"],"picked":"NonDirectionalLaser","floor":21.0},{"not_picked":["ChargeUpSpray","MeteoricShower","GravityBeat","GrandCross"],"picked":"AlicesGift","floor":22.0},{"not_picked":["OpenUniverse","GalacticHalo","OneTimeOff","CasketOfStar","NonDirectionalLaser"],"picked":"SKIP","floor":23.0},{"not_picked":["GalacticHalo","GravityBeat","EnergyRecoil+1","AsteroidBelt"],"picked":"UnstableBomb","floor":25.0},{"not_picked":["NonDirectionalLaser","Occultation","GasGiant","LuminesStrike","DoubleSpark+1"],"picked":"SKIP","floor":27.0},{"not_picked":["OneTimeOff+1","OpenUniverse","DoubleSpark+1","GravityBeat"],"picked":"MachineGunSpark","floor":28.0},{"not_picked":["Acceleration+1","DarkMatter","WitchOfGreed","EnergyRecoil","GrandCross"],"picked":"SKIP","floor":29.0},{"not_picked":["StarlightTyphoon","EnergyFlow","JA","AlicesGift","DC"],"picked":"SKIP","floor":30.0},{"not_picked":["LuminesStrike+1","DC","MilkyWay","Singularity","IllusionStar"],"picked":"SKIP","floor":31.0},{"not_picked":["BinaryStars","CollectingQuirk","BlazingStar","AbsoluteMagnitude"],"picked":"UltimateShortwave","floor":33.0},{"not_picked":["GravityBeat","MeteoricShower","JA","DarkSpark"],"picked":"DoubleSpark","floor":35.0},{"not_picked":["StarBarrage","Occultation+1","SporeBomb+1","6A","CasketOfStar"],"picked":"SKIP","floor":37.0},{"not_picked":["StarBarrage","Occultation+1","SporeBomb+1","6A","CasketOfStar"],"picked":"SKIP","floor":37.0},{"not_picked":["SporeBomb","GravityBeat","LuminesStrike","DarkSpark+1"],"picked":"RefractionSpark+1","floor":38.0},{"not_picked":["SporeBomb","IllusionStar+1","ShootingEcho","NonDirectionalLaser+1","AsteroidBelt+1"],"picked":"SKIP","floor":39.0},{"not_picked":["LuminesStrike+1","6A","OpenUniverse","GalacticHalo","MillisecondPulsars"],"picked":"SKIP","floor":40.0},{"not_picked":["DoubleSpark","PowerUp+1","DeepEcoloBomb+1","ShootingEcho+1","PropBag+1"],"picked":"SKIP","floor":42.0},{"not_picked":["Acceleration","GalacticHalo","SatelliteIllusion+1","LuminesStrike"],"picked":"MillisecondPulsars+1","floor":45.0},{"not_picked":["SuperPerseids","LuminesStrike","SporeBomb+1","DeepEcoloBomb"],"picked":"MilkyWay","floor":47.0},{"not_picked":["Orbital+1","UnstableBomb","MysteriousBeam","Acceleration","Robbery"],"picked":"SKIP","floor":54}],"player_experience":814989,"relics_obtained":[{"floor":1.0,"key":"SynthV:TestCard"},{"floor":7.0,"key":"DeadEye"},{"floor":7.0,"key":"LetterFromLob"},{"floor":9.0,"key":"Whetstone"},{"floor":11.0,"key":"MawBank"},{"floor":11.0,"key":"BookOfRevelations"},{"floor":11.0,"key":"HornCleat"},{"floor":16.0,"key":"BloodDonationMachine"},{"floor":23.0,"key":"War Paint"},{"floor":23.0,"key":"Nunchaku"},{"floor":23.0,"key":"Bronze Scales"},{"floor":28.0,"key":"Bag of Preparation"},{"floor":28.0,"key":"testmod-Antiphasic"},{"floor":30.0,"key":"PillsDrop"},{"floor":30.0,"key":"Omamori"},{"floor":30.0,"key":"Letter Opener"},{"floor":33.0,"key":"Turnip"},{"floor":40.0,"key":"HowToJump"},{"floor":42.0,"key":"AmplifyWand"},{"floor":43.0,"key":"Eternal Feather"},{"floor":54,"key":"ScarletDevilRocket"}],"event_choices":[{"damage_healed":0.0,"max_hp_gain":0.0,"max_hp_loss":2.0,"gold_gain":0.0,"event_name":"Winding Halls","player_choice":"Max HP","floor":41.0,"gold_loss":0.0,"damage_taken":0.0}],"is_beta":false,"boss_relics":[{"not_picked":["MoonlightInvasionPlan","testmod-StringDisintegrator"],"picked":"testmod-SaigiyounoYou"},{"not_picked":[]},{"not_picked":["PatriotShield","OneHitWonderSystem"],"picked":"BewitchedHakkero"},{"not_picked":[]}],"items_purged_floors":[4,10,17,32,34,48],"is_endless":false,"potions_floor_spawned":[2,11,12,16,19,21,22,27,29,31,33,39,45],"ascension_level":15}}