{"host":"640uue19m79c7wbt","time":1612722354,"event":{"mods":["BaseMod","Colored Map","Googly Eyes","Highlight Path","Minty Spire (QoL Compilation)","Quick Restart","StSLib"],"gold_per_floor":[109,109,109,122,47,74,30,60,87,121,121,185,35,50,50,50,50],"floor_reached":16,"language":"ENG","playtime":742,"items_purged":["Strike_G"],"score":275,"play_id":"4d7f06a4-f0a5-48b8-bc67-bb2ca2dc8d78","local_time":"20210207132554","is_ascension_mode":true,"campfire_choices":[{"data":"Night Terror","floor":11,"key":"SMITH"},{"floor":15,"key":"REST"}],"circlet_count":0,"master_deck":["AscendersBane","Strike_G","Strike_G","Strike_G","Defend_G","Defend_G","Defend_G","Defend_G","Defend_G","Survivor","Neutralize","Dagger Spray","Night Terror+1","Calculated Gamble","Neutralize","Noxious Fumes","Blade Dance","Footwork","Night Terror","Blur","Well Laid Plans","Escape Plan"],"relics":["Ring of the Snake","NeowsBlessing","Ancient Tea Set","PreservedInsect","Nunchaku","Paper Crane","Bottled Flame"],"acts_visited":["Exordium"],"potions_floor_usage":[12,12],"damage_taken":[{"damage":0.0,"enemies":"Small Slimes","floor":1.0,"turns":1.0},{"damage":0,"enemies":"2 Louse","floor":4,"turns":1},{"damage":0,"enemies":"Gremlin Nob","floor":6,"turns":1},{"damage":18,"enemies":"Lagavulin","floor":8,"turns":7},{"damage":9,"enemies":"3 Sentries","floor":10,"turns":5},{"damage":10,"enemies":"Lagavulin Event","floor":12,"turns":6},{"damage":0,"enemies":"Cultist","floor":14,"turns":5},{"damage":48,"enemies":"Hexaghost","floor":16,"turns":17}],"seed_played":"-8437147125999497747","potions_obtained":[{"floor":6,"key":"DuplicationPotion"},{"floor":8,"key":"Swift Potion"}],"is_trial":false,"path_per_floor":["M","?","?","M","?","E","$","E","T","E","R","?","$","M","R","B"],"character_chosen":"THE_SILENT","items_purchased":["Footwork","Well Laid Plans"],"campfire_rested":1,"item_purchase_floors":[7,13],"current_hp_per_floor":[59,64,64,64,64,64,64,46,46,37,37,27,27,27,48,0,0],"gold":50,"neow_bonus":"THREE_ENEMY_KILL","is_daily":false,"chose_seed":false,"campfire_upgraded":1,"win_rate":0.0,"timestamp":1612722354,"path_taken":["M","?","?","?","?","E","$","E","T","E","R","?","?","M","R","BOSS"],"items_purchased_type":["Card","Card"],"build_version":"2020-12-22","purchased_purges":1,"victory":false,"max_hp_per_floor":[66,71,71,71,71,71,71,71,71,71,71,71,71,71,71,71,71],"card_choices":[{"not_picked":["Deflect","Flying Knee"],"picked":"Dagger Spray","floor":1.0},{"not_picked":["Dash","Outmaneuver"],"picked":"Noxious Fumes","floor":4},{"not_picked":["Flechettes","Noxious Fumes"],"picked":"Blade Dance","floor":6},{"not_picked":["Outmaneuver","Riddle With Holes","Skewer"],"picked":"SKIP","floor":8},{"not_picked":["Noxious Fumes","Acrobatics"],"picked":"Night Terror","floor":10},{"not_picked":["Leg Sweep","Poisoned Stab"],"picked":"Blur","floor":12},{"not_picked":["Finisher","Setup"],"picked":"Escape Plan","floor":14}],"player_experience":666987,"relics_obtained":[{"floor":6,"key":"Ancient Tea Set"},{"floor":8,"key":"PreservedInsect"},{"floor":9,"key":"Nunchaku"},{"floor":10,"key":"Paper Crane"},{"floor":12,"key":"Bottled Flame"}],"event_choices":[{"damage_healed":0.0,"max_hp_gain":5.0,"max_hp_loss":0.0,"gold_gain":0.0,"event_name":"Big Fish","player_choice":"Donut","floor":2.0,"gold_loss":0.0,"damage_taken":0.0},{"damage_healed":0,"gold_gain":0,"player_choice":"3 cards matched","damage_taken":0,"max_hp_gain":0,"max_hp_loss":0,"event_name":"Match and Keep!","floor":3,"gold_loss":0,"cards_obtained":["Night Terror","Calculated Gamble","Neutralize"]},{"damage_healed":0,"gold_gain":0,"player_choice":"3 cards matched","damage_taken":0,"max_hp_gain":0,"max_hp_loss":0,"event_name":"Match and Keep!","floor":3,"gold_loss":0,"cards_obtained":["Night Terror","Calculated Gamble","Neutralize"]},{"cards_removed":["Strike_G"],"damage_healed":0,"gold_gain":0,"player_choice":"Card Removal","damage_taken":0,"max_hp_gain":0,"max_hp_loss":0,"event_name":"The Cleric","floor":5,"gold_loss":75},{"damage_healed":0,"gold_gain":30,"player_choice":"Searched \u00273\u0027 times","damage_taken":0,"max_hp_gain":0,"max_hp_loss":0,"event_name":"Dead Adventurer","floor":12,"gold_loss":0}],"is_beta":false,"boss_relics":[],"items_purged_floors":[13],"is_endless":false,"potions_floor_spawned":[6,8,10],"killed_by":"Hexaghost","ascension_level":19}}