{"host":"dztixnx9b0gu6w9i","time":1612665873,"event":{"mods":["BaseMod","Bestiary","Minty Spire (QoL Compilation)","Relic Stats","Slay the Relics Exporter","SpireBot","ojb\u0027s Better Paths Mod","ojb\u0027s Info Mod"],"gold_per_floor":[210,6,25,36,36,63,63,88,113,139,213,275,287,324,336,425,437,461,23,23,23,40,40,75,75,75,89,89,123,123,156,156,229,229,244,292,292,46,91,116,143,173,198,230,230,230,230,14,14,14,14,14,14,14,41,41],"floor_reached":57,"language":"ENG","playtime":10167,"items_purged":["Reprogram"],"score":3487,"play_id":"76210004-4aec-4bb5-baf5-5fd1a97cbc20","local_time":"20210206214433","is_ascension_mode":true,"campfire_choices":[{"data":"Defragment","floor":7,"key":"SMITH"},{"data":"Loop","floor":13,"key":"SMITH"},{"data":"Static Discharge","floor":15,"key":"SMITH"},{"data":"Fission","floor":23,"key":"SMITH"},{"data":"Chaos","floor":25,"key":"SMITH"},{"data":"Defragment","floor":28,"key":"SMITH"},{"data":"Aggregate","floor":32,"key":"SMITH"},{"data":"Hologram","floor":45,"key":"SMITH"},{"data":"Hologram","floor":47,"key":"SMITH"},{"floor":49,"key":"RECALL"},{"data":"Madness","floor":53,"key":"SMITH"}],"circlet_count":0,"master_deck":["AscendersBane","Zap","Dualcast","Rebound","Defragment+1","Static Discharge+1","Cold Snap","BootSequence","Loop+1","Fission+1","Defragment+1","Coolheaded","Multi-Cast","Ball Lightning","Aggregate+1","All For One","Sweeping Beam","FTL","Genetic Algorithm","Chaos+1","Reinforced Body+1","Undo","Ghostly","Ghostly","Ghostly","Hologram+1","Electrodynamics","Hologram+1","Madness+1","Madness","BootSequence+1","Turbo+1","Ghostly","Glacier","Capacitor","All For One"],"relics":["Cracked Core","Toolbox","DataDisk","Orichalcum","MawBank","Juzu Bracelet","WingedGreaves","Pandora\u0027s Box","Runic Capacitor","Cables","Eternal Feather","Dream Catcher","Dead Branch","Akabeko","Potion Belt","Nuclear Battery","Unceasing Top","Chemical X","Bird Faced Urn","Calipers","Bronze Scales","Bag of Marbles","Mercury Hourglass","Pantograph"],"acts_visited":["Exordium","TheCity","TheBeyond","TheEnding"],"potions_floor_usage":[6,11,29,36,56,56,56,56],"damage_taken":[{"damage":1,"enemies":"Cultist","floor":1,"turns":3},{"damage":0,"enemies":"2 Louse","floor":3,"turns":1},{"damage":4,"enemies":"Jaw Worm","floor":4,"turns":3},{"damage":7,"enemies":"3 Sentries","floor":6,"turns":5},{"damage":4,"enemies":"Lagavulin","floor":8,"turns":5},{"damage":0,"enemies":"Red Slaver","floor":10,"turns":3},{"damage":1,"enemies":"3 Sentries","floor":11,"turns":7},{"damage":2,"enemies":"Gremlin Nob","floor":14,"turns":3},{"damage":28,"enemies":"The Guardian","floor":16,"turns":9},{"damage":4,"enemies":"Spheric Guardian","floor":18,"turns":4},{"damage":7,"enemies":"2 Thieves","floor":22,"turns":4},{"damage":10,"enemies":"Book of Stabbing","floor":24,"turns":3},{"damage":2,"enemies":"Snake Plant","floor":27,"turns":4},{"damage":13,"enemies":"Slavers","floor":29,"turns":5},{"damage":0,"enemies":"Gremlin Leader","floor":31,"turns":5},{"damage":8,"enemies":"Collector","floor":33,"turns":10},{"damage":0,"enemies":"Orb Walker","floor":35,"turns":4},{"damage":5,"enemies":"2 Orb Walkers","floor":36,"turns":4},{"damage":0,"enemies":"Mind Bloom Boss Battle","floor":39,"turns":16},{"damage":0,"enemies":"Giant Head","floor":40,"turns":8},{"damage":0,"enemies":"Reptomancer","floor":42,"turns":8},{"damage":8,"enemies":"Giant Head","floor":44,"turns":9},{"damage":0,"enemies":"Time Eater","floor":50,"turns":26},{"damage":0,"enemies":"Awakened One","floor":51,"turns":26},{"damage":0,"enemies":"Shield and Spear","floor":55,"turns":1},{"damage":0,"enemies":"The Heart","floor":56,"turns":9}],"seed_played":"-298148098672760213","potions_obtained":[{"floor":3,"key":"Fire Potion"},{"floor":6,"key":"SpeedPotion"},{"floor":8,"key":"SkillPotion"},{"floor":10,"key":"Fire Potion"},{"floor":18,"key":"AttackPotion"},{"floor":31,"key":"LiquidMemories"},{"floor":35,"key":"PotionOfCapacity"},{"floor":36,"key":"PotionOfCapacity"},{"floor":55,"key":"Strength Potion"}],"is_trial":false,"path_per_floor":["M","$","M","M","$","E","R","E","T","M","?","?","R","E","R","B",null,"M","$","?","T","M","R","E","R","T","M","R","E","?","E","R","B",null,"M","?","?","$","?","E","T","E","T","E","R","?","R","$","R","B","B",null,"R","$","E","B",null],"character_chosen":"DEFECT","items_purchased":["Toolbox","Defragment","Runic Capacitor","Cables","Chemical X","Glacier","DuplicationPotion","Capacitor"],"campfire_rested":0,"item_purchase_floors":[2,2,19,19,38,48,48,48],"current_hp_per_floor":[63,63,63,59,59,52,52,48,48,48,47,47,47,45,45,17,58,54,54,54,54,47,59,49,61,61,59,71,58,35,35,35,27,33,33,28,22,22,22,35,35,35,35,33,35,35,35,35,35,35,35,35,35,35,35,35],"gold":41,"neow_bonus":"HUNDRED_GOLD","is_daily":false,"chose_seed":false,"campfire_upgraded":10,"win_rate":0.0,"timestamp":1612665873,"path_taken":["M","$","M","M","?","E","R","E","T","M","?","?","R","E","R","BOSS","M","$","?","?","M","R","E","R","T","M","R","E","?","E","R","BOSS","M","?","?","$","?","E","?","E","T","E","R","?","R","?","R","BOSS","BOSS","R","$","E","BOSS"],"items_purchased_type":["Relic","Card","Relic","Relic","Relic","Card","Potion","Card"],"build_version":"2020-12-22","purchased_purges":1,"victory":true,"max_hp_per_floor":[71,71,71,71,71,71,71,71,71,71,71,71,71,71,71,71,71,71,71,71,71,71,71,71,71,71,71,71,71,35,35,35,35,35,35,35,35,35,35,35,35,35,35,35,35,35,35,35,35,35,35,35,35,35,35,35],"relic_stats":{"counters":[26,184],"Dead Branch":[175],"Eternal Feather":38,"Juzu Bracelet":2,"Orichalcum":[144],"MawBank":120,"Cables":[127,41,68,5,13],"Mercury Hourglass":[186],"Dream Catcher":0,"Bird Faced Urn":[19],"Bronze Scales":[411],"Pantograph":0,"Pandora\u0027s Box":["Reprogram","Defragment","Coolheaded","Multi-Cast","Ball Lightning","Aggregate","All For One","Sweeping Beam"],"Chemical X":[28],"obtain_stats":[{"Potion Belt":31,"Calipers":40,"Dead Branch":26,"Eternal Feather":21,"Juzu Bracelet":11,"Runic Capacitor":19,"Orichalcum":8,"MawBank":9,"Akabeko":29,"Cables":19,"Nuclear Battery":34,"Mercury Hourglass":44,"DataDisk":6,"Dream Catcher":24,"Bird Faced Urn":39,"Bronze Scales":41,"Pantograph":55,"Toolbox":2,"Pandora\u0027s Box":17,"WingedGreaves":14,"Bag of Marbles":42,"Chemical X":38,"Cracked Core":0,"Unceasing Top":36},{"Potion Belt":15,"Calipers":20,"Dead Branch":12,"Eternal Feather":10,"Juzu Bracelet":7,"Runic Capacitor":10,"Orichalcum":5,"MawBank":5,"Akabeko":14,"Cables":10,"Nuclear Battery":16,"Mercury Hourglass":22,"DataDisk":4,"Dream Catcher":12,"Bird Faced Urn":19,"Bronze Scales":20,"Pantograph":25,"Toolbox":1,"Pandora\u0027s Box":9,"WingedGreaves":8,"Bag of Marbles":21,"Chemical X":18,"Cracked Core":0,"Unceasing Top":18},{"Potion Belt":64,"Calipers":105,"Dead Branch":50,"Eternal Feather":43,"Juzu Bracelet":27,"Runic Capacitor":43,"Orichalcum":17,"MawBank":17,"Akabeko":59,"Cables":43,"Nuclear Battery":74,"Mercury Hourglass":122,"DataDisk":12,"Dream Catcher":50,"Bird Faced Urn":97,"Bronze Scales":105,"Pantograph":175,"Toolbox":3,"Pandora\u0027s Box":39,"WingedGreaves":30,"Bag of Marbles":113,"Chemical X":81,"Cracked Core":0,"Unceasing Top":81}],"Unceasing Top":[4]},"card_choices":[{"not_picked":["Hologram","Steam"],"picked":"Rebound","floor":1},{"not_picked":["Reprogram","Steam"],"picked":"Static Discharge","floor":3},{"not_picked":["Ball Lightning","Sunder"],"picked":"Cold Snap","floor":4},{"not_picked":["Streamline","Reinforced Body"],"picked":"BootSequence","floor":6},{"not_picked":["Heatsinks","Force Field","Redo"],"picked":"SKIP","floor":8},{"not_picked":["Heatsinks","Force Field","Redo"],"picked":"SKIP","floor":8},{"not_picked":["Redo","Auto Shields"],"picked":"Loop","floor":10},{"not_picked":["Conserve Battery","All For One","Steam"],"picked":"SKIP","floor":14},{"not_picked":["Conserve Battery","All For One","Steam"],"picked":"SKIP","floor":14},{"not_picked":["Conserve Battery","All For One","Steam"],"picked":"SKIP","floor":14},{"not_picked":["Meteor Strike","Thunder Strike"],"picked":"Fission","floor":16},{"not_picked":["Redo","Reprogram"],"picked":"FTL","floor":18},{"not_picked":["Rebound","Streamline"],"picked":"Chaos","floor":22},{"not_picked":["Sweeping Beam","Gash"],"picked":"Reinforced Body+1","floor":24},{"not_picked":["Gash","Redo","Stack"],"picked":"SKIP","floor":27},{"not_picked":["Self Repair","Steam"],"picked":"Undo","floor":29},{"not_picked":["Reboot","Sweeping Beam+1"],"picked":"Hologram","floor":31},{"not_picked":["Machine Learning","All For One"],"picked":"Electrodynamics","floor":33},{"not_picked":["Rebound","Ball Lightning","Blizzard"],"picked":"SKIP","floor":35},{"not_picked":["Conserve Battery","Go for the Eyes"],"picked":"Hologram","floor":36},{"not_picked":["Static Discharge","Sunder"],"picked":"BootSequence+1","floor":40},{"not_picked":["FTL+1","Recycle"],"picked":"Turbo+1","floor":42},{"not_picked":["Recycle","Meteor Strike","Melter+1"],"picked":"SKIP","floor":44},{"not_picked":["Ball Lightning","Barrage+1"],"picked":"All For One","floor":55}],"player_experience":8486514,"relics_obtained":[{"floor":6,"key":"DataDisk"},{"floor":8,"key":"Orichalcum"},{"floor":9,"key":"MawBank"},{"floor":11,"key":"Juzu Bracelet"},{"floor":14,"key":"WingedGreaves"},{"floor":21,"key":"Eternal Feather"},{"floor":24,"key":"Dream Catcher"},{"floor":26,"key":"Dead Branch"},{"floor":29,"key":"Akabeko"},{"floor":31,"key":"Potion Belt"},{"floor":36,"key":"Unceasing Top"},{"floor":39,"key":"Bird Faced Urn"},{"floor":40,"key":"Calipers"},{"floor":41,"key":"Bronze Scales"},{"floor":42,"key":"Bag of Marbles"},{"floor":44,"key":"Mercury Hourglass"},{"floor":55,"key":"Pantograph"}],"event_choices":[{"damage_healed":0,"gold_gain":0,"player_choice":"Searched \u00271\u0027 times","damage_taken":0,"max_hp_gain":0,"max_hp_loss":0,"event_name":"Dead Adventurer","floor":11,"gold_loss":0},{"damage_healed":0,"gold_gain":50,"player_choice":"Pray","damage_taken":0,"max_hp_gain":0,"max_hp_loss":0,"event_name":"Golden Shrine","floor":12,"gold_loss":0},{"damage_healed":0,"gold_gain":0,"player_choice":"Read","damage_taken":0,"max_hp_gain":0,"max_hp_loss":0,"event_name":"The Library","floor":20,"gold_loss":0,"cards_obtained":["Genetic Algorithm"]},{"damage_healed":0,"gold_gain":0,"player_choice":"Became a Ghost","damage_taken":0,"max_hp_gain":0,"max_hp_loss":36,"event_name":"Ghosts","floor":30,"gold_loss":0,"cards_obtained":["Ghostly","Ghostly","Ghostly"]},{"damage_healed":0,"gold_gain":0,"player_choice":"Fight","damage_taken":0,"max_hp_gain":0,"max_hp_loss":0,"event_name":"Mysterious Sphere","floor":36,"gold_loss":0},{"damage_healed":0,"gold_gain":0,"player_choice":"Embrace Madness","damage_taken":6,"max_hp_gain":0,"max_hp_loss":0,"event_name":"Winding Halls","floor":37,"gold_loss":0,"cards_obtained":["Madness","Madness"]},{"damage_healed":0,"gold_gain":0,"player_choice":"Fight","damage_taken":0,"max_hp_gain":0,"max_hp_loss":0,"event_name":"MindBloom","floor":39,"gold_loss":0},{"damage_healed":0,"gold_gain":0,"player_choice":"Copied","damage_taken":0,"max_hp_gain":0,"max_hp_loss":0,"event_name":"Duplicator","floor":46,"gold_loss":0,"cards_obtained":["Ghostly"]}],"is_beta":false,"boss_relics":[{"not_picked":["SlaversCollar","Astrolabe"],"picked":"Pandora\u0027s Box"},{"not_picked":["Sozu","Black Star"],"picked":"Nuclear Battery"}],"items_purged_floors":[38],"is_endless":false,"potions_floor_spawned":[3,6,8,10,18,24,31,35,36,55],"ascension_level":20}}