{"host":"4rvakrj1idbgia3f","time":1612696415,"event":{"mods":["BaseMod","Colored Map","Colored Powertips","DeckTracker","Highlight Path","Minty Spire (QoL Compilation)","Random Character Button","StSLib"],"gold_per_floor":[114,134,209,209,223,223,248,248,248,71,88,88,99,125,125,199,199,212,212,226,246,260,260,275,295,319,319,331,531,531,531],"floor_reached":30,"language":"JPN","playtime":1005,"items_purged":["Strike_P"],"score":488,"play_id":"7cfce3e8-7211-4ca0-bff9-7938ea97d358","local_time":"20210207201335","is_ascension_mode":true,"campfire_choices":[{"data":"BattleHymn","floor":6,"key":"SMITH"},{"data":"Eruption","floor":8,"key":"SMITH"},{"data":"1","floor":12,"key":"LIFT"},{"data":"2","floor":15,"key":"LIFT"},{"data":"3","floor":23,"key":"LIFT"},{"floor":27,"key":"REST"}],"circlet_count":0,"master_deck":["AscendersBane","Strike_P","Strike_P","Strike_P","Defend_P","Defend_P","Defend_P","Defend_P","Eruption+1","Vigilance","InnerPeace","BattleHymn+1","FearNoEvil","MentalFortress","EmptyBody","BowlingBash","Ragnarok","Scrawl","Crescendo","ForeignInfluence+1","EmptyMind","LessonLearned"],"relics":["PureWater","NeowsBlessing","Girya","Turnip","The Courier","Snecko Eye","Regal Pillow"],"acts_visited":["Exordium","TheCity"],"potions_floor_usage":[7,16],"damage_taken":[{"damage":0,"enemies":"Cultist","floor":1,"turns":1},{"damage":0,"enemies":"Small Slimes","floor":2,"turns":1},{"damage":0,"enemies":"2 Louse","floor":5,"turns":2},{"damage":5,"enemies":"Gremlin Nob","floor":7,"turns":3},{"damage":22,"enemies":"Gremlin Gang","floor":11,"turns":5},{"damage":3,"enemies":"Blue Slaver","floor":13,"turns":4},{"damage":8,"enemies":"3 Sentries","floor":14,"turns":5},{"damage":15,"enemies":"The Guardian","floor":16,"turns":6},{"damage":15,"enemies":"2 Thieves","floor":18,"turns":2},{"damage":6,"enemies":"3 Byrds","floor":20,"turns":4},{"damage":12,"enemies":"Snake Plant","floor":21,"turns":3},{"damage":5,"enemies":"Cultist and Chosen","floor":22,"turns":3},{"damage":0,"enemies":"Centurion and Healer","floor":24,"turns":2},{"damage":14,"enemies":"Snake Plant","floor":25,"turns":2},{"damage":0,"enemies":"Sentry and Sphere","floor":28,"turns":1},{"damage":61,"enemies":"Gremlin Leader","floor":30,"turns":3}],"seed_played":"-9173179502517821100","potions_obtained":[{"floor":1,"key":"Energy Potion"},{"floor":13,"key":"Weak Potion"},{"floor":14,"key":"SpeedPotion"},{"floor":19,"key":"Weak Potion"},{"floor":21,"key":"FairyPotion"},{"floor":22,"key":"FearPotion"}],"is_trial":false,"path_per_floor":["M","M","?","?","M","R","E","R","T","$","M","R","M","E","R","B",null,"M","?","M","M","M","R","M","M","T","R","M","?","E"],"character_chosen":"WATCHER","items_purchased":["MentalFortress","EmptyBody"],"campfire_rested":1,"item_purchase_floors":[10,10],"current_hp_per_floor":[61,61,50,55,55,55,50,50,50,50,28,28,25,17,17,2,55,40,40,34,22,17,17,17,3,3,39,39,39,0,0],"gold":531,"neow_bonus":"THREE_ENEMY_KILL","is_daily":false,"chose_seed":false,"campfire_upgraded":2,"win_rate":0.0,"timestamp":1612696415,"path_taken":["M","?","?","?","M","R","E","R","T","$","M","R","M","E","R","BOSS","M","?","?","M","M","R","M","M","T","R","M","?","E"],"items_purchased_type":["Card","Card"],"build_version":"2020-12-22","purchased_purges":1,"victory":false,"max_hp_per_floor":[68,68,68,73,73,73,73,73,73,73,73,73,73,73,73,73,73,73,73,73,73,73,73,73,73,73,73,73,73,73,73],"card_choices":[{"not_picked":["ForeignInfluence","CrushJoints"],"picked":"InnerPeace","floor":1},{"not_picked":["CrushJoints","ClearTheMind"],"picked":"BattleHymn","floor":2},{"not_picked":["EmptyBody","Prostrate"],"picked":"FearNoEvil","floor":5},{"not_picked":["CarveReality","CrushJoints","FlyingSleeves"],"picked":"SKIP","floor":7},{"not_picked":["Perseverance","Evaluate"],"picked":"BowlingBash","floor":11},{"not_picked":["BattleHymn","CrushJoints"],"picked":"Ragnarok","floor":13},{"not_picked":["Collect","Evaluate","PathToVictory"],"picked":"SKIP","floor":14},{"not_picked":["Wish","Ragnarok"],"picked":"Scrawl","floor":16},{"not_picked":["Adaptation","BowlingBash","InnerPeace"],"picked":"SKIP","floor":18},{"not_picked":["FollowUp","FearNoEvil"],"picked":"Crescendo","floor":20},{"not_picked":["CutThroughFate","CrushJoints"],"picked":"ForeignInfluence+1","floor":21},{"not_picked":["FlyingSleeves+1","FearNoEvil"],"picked":"EmptyMind","floor":22},{"not_picked":["ClearTheMind","Worship","FlurryOfBlows"],"picked":"SKIP","floor":24},{"not_picked":["Vengeance","Evaluate","CarveReality"],"picked":"SKIP","floor":25},{"not_picked":["Prostrate","BowlingBash"],"picked":"LessonLearned","floor":28}],"player_experience":2229465,"relics_obtained":[{"floor":7,"key":"Girya"},{"floor":9,"key":"Turnip"},{"floor":14,"key":"The Courier"},{"floor":26,"key":"Regal Pillow"}],"event_choices":[{"damage_healed":0,"gold_gain":75,"player_choice":"Gather Gold","damage_taken":11,"max_hp_gain":0,"max_hp_loss":0,"event_name":"World of Goop","floor":3,"gold_loss":0},{"damage_healed":0,"gold_gain":0,"player_choice":"Donut","damage_taken":0,"max_hp_gain":5,"max_hp_loss":0,"event_name":"Big Fish","floor":4,"gold_loss":0},{"damage_healed":0,"gold_gain":0,"player_choice":"Got Potions","damage_taken":0,"max_hp_gain":0,"max_hp_loss":0,"event_name":"Lab","floor":19,"gold_loss":0},{"damage_healed":0,"gold_gain":200,"player_choice":"Gold","damage_taken":0,"max_hp_gain":0,"max_hp_loss":0,"event_name":"Wheel of Change","floor":29,"gold_loss":0}],"is_beta":false,"boss_relics":[{"not_picked":["Pandora\u0027s Box","Astrolabe"],"picked":"Snecko Eye"}],"items_purged_floors":[10],"is_endless":false,"potions_floor_spawned":[1,13,14,21,22,24,25,28],"killed_by":"Gremlin Leader","ascension_level":20}}