{"host":"dn6kke80v5f7isus","time":1612678891,"event":{"mods":["AchievementEnabler","Act Like it!","BaseMod","Colored Powertips","Custom Start","Defuse TimeMaze Blight","Energized Spire","Gremlin Skip","Highlight Path","Hubris","Infinite Spire","Marisa????????","Minty Spire (QoL Compilation)","Rare Cards Sparkle","Reliquary","Replay The Spire","StSLib","The Servant 0.9.4","Uncapped","Unceasing Turn Reminder"],"gold_per_floor":[111,61,61,61,80,110,35,35,81,112,112,147,147,160,250,250,250],"floor_reached":16,"language":"ENG","playtime":321,"items_purged":["Strike_B","Strike_B"],"score":148,"play_id":"fe6c8ba3-2241-4afe-9221-d05bbd37d361","local_time":"20210207012131","is_ascension_mode":true,"campfire_choices":[{"data":"Beam Cell","floor":8,"key":"SMITH"},{"floor":13,"key":"REST"}],"circlet_count":0,"master_deck":["Strike_B","Defend_B","Defend_B","Defend_B","Defend_B","Zap","Dualcast","Beam Cell+1"],"relics":["Cracked Core","NeowsBlessing","hubris:FruitBowl","hubris:EvacipatedBox","MealTicket","Lantern","Pen Nib","Carrot"],"acts_visited":["Exordium"],"potions_floor_usage":[10],"damage_taken":[{"damage":0,"enemies":"Small Slimes","floor":1,"turns":1},{"damage":0,"enemies":"2 Louse","floor":5,"turns":1},{"damage":0,"enemies":"Lagavulin","floor":6,"turns":1},{"damage":7,"enemies":"Replay:BlueRogue","floor":10,"turns":5},{"damage":16,"enemies":"Lagavulin","floor":12,"turns":6},{"damage":0,"enemies":"Jaw Worm","floor":14,"turns":3},{"damage":37,"enemies":"Hexaghost","floor":16,"turns":8}],"seed_played":"8279006704337788187","potions_obtained":[{"floor":6,"key":"SkillPotion"},{"floor":14,"key":"SteroidPotion"}],"is_trial":false,"path_per_floor":["M","?","?","$","M","E","$","R","T","E","?","E","R","M","R","B"],"character_chosen":"DEFECT","items_purchased":["hubris:FruitBowl","hubris:EvacipatedBox"],"campfire_rested":1,"item_purchase_floors":[4,4],"current_hp_per_floor":[75,75,75,32,32,32,47,47,47,40,47,31,55,55,55,18,18],"gold":250,"neow_bonus":"THREE_ENEMY_KILL","is_daily":false,"chose_seed":false,"campfire_upgraded":1,"win_rate":0.0,"timestamp":1612678891,"path_taken":["M","?","?","?","?","E","?","R","T","E","?","E","R","M","R","BOSS"],"items_purchased_type":["Relic","Relic"],"build_version":"2020-12-22","purchased_purges":2,"victory":false,"max_hp_per_floor":[75,75,75,75,75,75,75,75,75,75,82,82,82,82,82,82,82],"card_choices":[{"not_picked":["Go for the Eyes","hubris:Ukulele","Reinforced Body"],"picked":"SKIP","floor":1},{"not_picked":["Barrage","Conserve Battery","FTL"],"picked":"SKIP","floor":5},{"not_picked":["BasicCrystalCard","Defragment","Stack"],"picked":"SKIP","floor":6},{"not_picked":["Force Field","Turbo","Tempest"],"picked":"SKIP","floor":10},{"not_picked":["FIFO Queue","Streamline","ReplayTheSpireMod:Calculation Training"],"picked":"SKIP","floor":12},{"not_picked":["FTL","Turbo","Steam"],"picked":"SKIP","floor":14}],"player_experience":428052,"relics_obtained":[{"floor":6,"key":"MealTicket"},{"floor":9,"key":"Lantern"},{"floor":10,"key":"Pen Nib"},{"floor":12,"key":"Carrot"}],"event_choices":[{"cards_removed":["Strike_B"],"damage_healed":0,"gold_gain":0,"player_choice":"Card Removal","damage_taken":0,"max_hp_gain":0,"max_hp_loss":0,"event_name":"The Cleric","floor":2,"gold_loss":50},{"damage_healed":0,"gold_gain":0,"player_choice":"Donut","damage_taken":0,"max_hp_gain":5,"max_hp_loss":0,"event_name":"Big Fish","floor":11,"gold_loss":0}],"is_beta":false,"boss_relics":[],"items_purged_floors":[4,7],"is_endless":false,"potions_floor_spawned":[6,14],"killed_by":"Hexaghost","ascension_level":1}}