{"host":"utqe55yv0jihe4d6","time":1612735045,"event":{"mods":["2.2 Compatiblity","AchievementEnabler","BaseMod","Block Reminder","Colored Map","Colored Powertips","Minty Spire (QoL Compilation)","Quick Restart","Rare Cards Sparkle","Relic Stats","SuperFastMode"],"gold_per_floor":[110,110,120,137,157,157,183,258,258,288,288,305,330,348,348,348,348],"floor_reached":16,"language":"ENG","playtime":421,"items_purged":[],"score":294,"play_id":"0d51222e-ffee-4910-ab09-406ccf0e6982","local_time":"20210207165725","is_ascension_mode":true,"campfire_choices":[{"data":"Neutralize","floor":6.0,"key":"SMITH"},{"floor":11,"key":"REST"},{"data":"Bouncing Flask","floor":15,"key":"SMITH"}],"circlet_count":0,"master_deck":["AscendersBane","Strike_G","Strike_G","Strike_G","Strike_G","Strike_G","Defend_G","Defend_G","Defend_G","Defend_G","Defend_G","Survivor","Neutralize+1","Predator","Venomology","Flying Knee","Unload","PiercingWail","Masterful Stab","Bouncing Flask+1","Skewer","Die Die Die"],"relics":["Ring of the Snake","NeowsBlessing","Art of War","White Beast Statue","The Specimen","Boot"],"acts_visited":["Exordium"],"potions_floor_usage":[10,12,13,13,16,16,16],"damage_taken":[{"damage":0.0,"enemies":"Small Slimes","floor":1.0,"turns":1.0},{"damage":0.0,"enemies":"Cultist","floor":3.0,"turns":1.0},{"damage":0.0,"enemies":"2 Louse","floor":4.0,"turns":1.0},{"damage":0.0,"enemies":"Looter","floor":5.0,"turns":3.0},{"damage":1.0,"enemies":"Gremlin Nob","floor":7.0,"turns":3.0},{"damage":22,"enemies":"3 Sentries","floor":10,"turns":9},{"damage":10,"enemies":"Gremlin Gang","floor":12,"turns":6},{"damage":0,"enemies":"Gremlin Nob","floor":13,"turns":2},{"damage":1,"enemies":"Red Slaver","floor":14,"turns":3},{"damage":36,"enemies":"Hexaghost","floor":16,"turns":9}],"seed_played":"5127043259854957106","potions_obtained":[{"floor":4.0,"key":"AttackPotion"},{"floor":5.0,"key":"SneckoOil"},{"floor":7.0,"key":"SpeedPotion"},{"floor":10,"key":"GamblersBrew"},{"floor":12,"key":"Fire Potion"},{"floor":13,"key":"SpeedPotion"}],"is_trial":false,"path_per_floor":["M","?","M","M","M","R","E","?","T","E","R","M","E","M","R","B"],"character_chosen":"THE_SILENT","items_purchased":[],"campfire_rested":1,"item_purchase_floors":[],"current_hp_per_floor":[59,59,59,59,59,59,58,47,47,25,44,34,34,33,33,0,0],"gold":348,"neow_bonus":"THREE_ENEMY_KILL","is_daily":false,"chose_seed":false,"campfire_upgraded":2,"win_rate":0.0,"timestamp":1612735045,"path_taken":["M","?","?","M","?","R","E","?","T","E","R","M","E","M","R","BOSS"],"items_purchased_type":[],"build_version":"2020-12-22","purchased_purges":0,"victory":false,"max_hp_per_floor":[66,66,66,66,66,66,66,66,66,66,66,66,66,66,66,66,66],"relic_stats":{"counters":[10,38],"Art of War":[2],"Boot":[6],"obtain_stats":[{"NeowsBlessing":0,"The Specimen":10,"Art of War":7,"Boot":13,"White Beast Statue":9,"Ring of the Snake":0},{"NeowsBlessing":0,"The Specimen":6,"Art of War":5,"Boot":8,"White Beast Statue":5,"Ring of the Snake":0},{"NeowsBlessing":0,"The Specimen":18,"Art of War":9,"Boot":26,"White Beast Statue":9,"Ring of the Snake":0}],"Ring of the Snake":[20]},"card_choices":[{"not_picked":["Bane","Cloak And Dagger"],"picked":"Predator","floor":1.0},{"not_picked":["Deflect","Prepared"],"picked":"Unload","floor":3.0},{"not_picked":["Reflex","Riddle With Holes"],"picked":"PiercingWail","floor":4.0},{"not_picked":["Heel Hook","Eviscerate"],"picked":"Masterful Stab","floor":5.0},{"not_picked":["Backstab","Dagger Throw"],"picked":"Bouncing Flask","floor":7.0},{"not_picked":["Dodge and Roll","Poisoned Stab"],"picked":"Skewer","floor":10},{"not_picked":["Sucker Punch","Blur","Escape Plan"],"picked":"SKIP","floor":12},{"not_picked":["Poisoned Stab","Deflect"],"picked":"Die Die Die","floor":13},{"not_picked":["Underhanded Strike","Bane","Riddle With Holes"],"picked":"SKIP","floor":14}],"player_experience":3050754,"relics_obtained":[{"floor":7.0,"key":"Art of War"},{"floor":9.0,"key":"White Beast Statue"},{"floor":10,"key":"The Specimen"},{"floor":13,"key":"Boot"}],"event_choices":[{"damage_healed":0.0,"max_hp_gain":0.0,"max_hp_loss":0.0,"gold_gain":0.0,"event_name":"Match and Keep!","player_choice":"2 cards matched","floor":2.0,"gold_loss":0.0,"damage_taken":0.0,"cards_obtained":["Venomology","Flying Knee"]},{"damage_healed":0.0,"max_hp_gain":0.0,"max_hp_loss":0.0,"gold_gain":75.0,"event_name":"World of Goop","player_choice":"Gather Gold","floor":8.0,"gold_loss":0.0,"damage_taken":11.0}],"is_beta":false,"boss_relics":[],"items_purged_floors":[],"is_endless":false,"potions_floor_spawned":[4,5,7,10,12,13,14],"killed_by":"Hexaghost","ascension_level":20}}