{"host":"2ty4h143nj8vwezc","time":1612716369,"event":{"mods":["BaseMod","Colored Map","Googly Eyes","Highlight Path","Minty Spire (QoL Compilation)","Quick Restart","StSLib"],"gold_per_floor":[116,116,116,116,116,150,160,160,233,252,252,280,299,344,344,344,344],"floor_reached":16,"language":"ENG","playtime":599,"items_purged":[],"score":266,"play_id":"f85e07ff-2eab-4433-adc8-f7a28b6f5725","local_time":"20210207114609","is_ascension_mode":true,"campfire_choices":[{"floor":8,"key":"RECALL"},{"data":"Footwork","floor":15,"key":"SMITH"}],"circlet_count":0,"master_deck":["AscendersBane","Strike_G","Strike_G","Strike_G","Strike_G","Defend_G","Defend_G","Defend_G","Defend_G","Defend_G","Survivor","Neutralize","PiercingWail","Well Laid Plans","Bouncing Flask","Footwork+1","Parasite","Dagger Throw+1"],"relics":["Ring of the Snake","NeowsBlessing","The Courier","Matryoshka","Molten Egg 2","Gremlin Horn","Letter Opener","Art of War"],"acts_visited":["Exordium"],"potions_floor_usage":[12,12],"damage_taken":[{"damage":0,"enemies":"Jaw Worm","floor":1,"turns":1},{"damage":0,"enemies":"Gremlin Nob","floor":6,"turns":1},{"damage":0,"enemies":"Small Slimes","floor":7,"turns":1},{"damage":6,"enemies":"Cultist","floor":10,"turns":4},{"damage":18,"enemies":"Lagavulin","floor":12,"turns":6},{"damage":0,"enemies":"Blue Slaver","floor":13,"turns":7},{"damage":38,"enemies":"Slime Boss","floor":16,"turns":9}],"seed_played":"4430048053064292467","potions_obtained":[{"floor":1,"key":"SmokeBomb"},{"floor":6,"key":"FearPotion"},{"floor":10,"key":"ColorlessPotion"}],"is_trial":false,"path_per_floor":["M","?","?","$","?","E","M","R","T","M","?","E","M","T","R","B"],"character_chosen":"THE_SILENT","items_purchased":[],"campfire_rested":0,"item_purchase_floors":[],"current_hp_per_floor":[59,52,26,26,48,48,48,48,48,42,58,40,40,40,40,2,2],"gold":344,"neow_bonus":"THREE_ENEMY_KILL","is_daily":false,"chose_seed":false,"campfire_upgraded":1,"win_rate":0.0,"timestamp":1612716369,"path_taken":["M","?","?","$","?","E","M","R","T","?","?","E","M","?","R","BOSS"],"items_purchased_type":[],"build_version":"2020-12-22","purchased_purges":0,"victory":false,"max_hp_per_floor":[66,66,66,66,66,66,66,66,66,66,66,66,66,66,66,66,66],"card_choices":[{"not_picked":["All Out Attack","Backstab"],"picked":"PiercingWail","floor":1},{"not_picked":["Skewer","Poisoned Stab"],"picked":"Well Laid Plans","floor":6},{"not_picked":["Deadly Poison","Dagger Spray"],"picked":"Bouncing Flask","floor":7},{"not_picked":["Finisher+1","Terror"],"picked":"Footwork","floor":10},{"not_picked":["Concentrate","Grand Finale+1"],"picked":"Dagger Throw+1","floor":12},{"not_picked":["Poisoned Stab+1","Deflect","Concentrate"],"picked":"SKIP","floor":13}],"player_experience":363270,"relics_obtained":[{"floor":6,"key":"Matryoshka"},{"floor":9,"key":"Molten Egg 2"},{"floor":9,"key":"Gremlin Horn"},{"floor":12,"key":"Letter Opener"},{"floor":14,"key":"Art of War"}],"event_choices":[{"cards_removed":["Strike_G"],"damage_healed":0,"gold_gain":0,"player_choice":"Card Removal","damage_taken":7,"max_hp_gain":0,"max_hp_loss":0,"event_name":"Golden Wing","floor":2,"gold_loss":0},{"damage_healed":0,"gold_gain":0,"player_choice":"Success","damage_taken":26,"relics_obtained":["The Courier"],"max_hp_gain":0,"max_hp_loss":0,"event_name":"Scrap Ooze","floor":3,"gold_loss":0},{"damage_healed":22,"gold_gain":0,"player_choice":"Banana","damage_taken":0,"max_hp_gain":0,"max_hp_loss":0,"event_name":"Big Fish","floor":5,"gold_loss":0},{"damage_healed":16,"gold_gain":0,"player_choice":"Healed and dodged fight","damage_taken":0,"max_hp_gain":0,"max_hp_loss":0,"event_name":"Mushrooms","floor":11,"gold_loss":0,"cards_obtained":["Parasite"]}],"is_beta":false,"boss_relics":[],"items_purged_floors":[],"is_endless":false,"potions_floor_spawned":[1,6,10],"killed_by":"Slime Boss","ascension_level":20}}