{"host":"4nqeo0vu1vuav7gg","time":1612726438,"event":{"mods":["AchievementEnabler","BaseMod","Block Reminder","Colored Map","Colored Powertips","Highlight Path","Minty Spire (QoL Compilation)","Quick Restart","Rare Cards Sparkle","Relic Relevance Reorder","StSLib"],"gold_per_floor":[117,42,42,58,74,100,100,134,159,159,159,169,169,181,181,255,255,270,290,290,305,305,305,305],"floor_reached":23,"language":"ENG","playtime":1022,"items_purged":["Doubt"],"score":427,"play_id":"8738b31c-4d8c-402b-a6bc-06b6746c63c4","local_time":"20210207203358","is_ascension_mode":true,"campfire_choices":[{"data":"Gash","floor":7.0,"key":"SMITH"},{"floor":10.0,"key":"REST"},{"data":"Gash","floor":15,"key":"SMITH"}],"circlet_count":0,"master_deck":["AscendersBane","Defend_B","Defend_B","Defend_B","Defend_B+1","Zap","Dualcast","Gash+1","Gash+1","BootSequence+1","Chill","Multi-Cast","Gash+1","Fusion","Creative AI","Go for the Eyes","Compile Driver+1","Bite","Bite","Bite","Bite","Bite","Go for the Eyes","Shame"],"relics":["Cracked Core","Mummified Hand","Velvet Choker","Bronze Scales","War Paint","Whetstone"],"acts_visited":["Exordium","TheCity"],"potions_floor_usage":[18,23],"damage_taken":[{"damage":0.0,"enemies":"2 Louse","floor":1.0,"turns":2.0},{"damage":0.0,"enemies":"Cultist","floor":4.0,"turns":3.0},{"damage":2.0,"enemies":"Jaw Worm","floor":5.0,"turns":3.0},{"damage":40.0,"enemies":"Gremlin Nob","floor":6.0,"turns":4.0},{"damage":35.0,"enemies":"Lagavulin","floor":8.0,"turns":7.0},{"damage":0.0,"enemies":"Looter","floor":12.0,"turns":2.0},{"damage":0,"enemies":"Gremlin Gang","floor":14,"turns":4},{"damage":69,"enemies":"Hexaghost","floor":16,"turns":9},{"damage":26,"enemies":"2 Thieves","floor":18,"turns":3},{"damage":6,"enemies":"3 Byrds","floor":19,"turns":4},{"damage":26,"enemies":"Snake Plant","floor":21,"turns":4},{"damage":57,"enemies":"Book of Stabbing","floor":23,"turns":4}],"seed_played":"-4802622988451862128","potions_obtained":[{"floor":1.0,"key":"SteroidPotion"},{"floor":4.0,"key":"FairyPotion"},{"floor":5.0,"key":"EssenceOfSteel"},{"floor":16,"key":"ColorlessPotion"},{"floor":21,"key":"Swift Potion"}],"is_trial":false,"path_per_floor":["M","$","?","M","M","E","R","E","T","R","?","M","?","M","R","B",null,"M","M","?","M","?","E"],"character_chosen":"DEFECT","items_purchased":[],"campfire_rested":1,"item_purchase_floors":[],"current_hp_per_floor":[78,78,78,78,76,36,36,1,1,26,26,26,85,85,85,16,68,42,36,36,20,20,0,0],"gold":305,"neow_bonus":"TWENTY_PERCENT_HP_BONUS","is_daily":false,"chose_seed":false,"campfire_upgraded":2,"win_rate":0.0,"timestamp":1612726438,"path_taken":["M","$","?","?","M","E","R","E","T","R","?","M","?","M","R","BOSS","M","?","?","M","?","E"],"items_purchased_type":[],"build_version":"2020-12-22","purchased_purges":1,"victory":false,"max_hp_per_floor":[85,85,85,85,85,85,85,85,85,85,85,85,85,85,85,85,85,85,85,59,59,59,59,59],"card_choices":[{"not_picked":["Rip and Tear","Steam Power"],"picked":"Gash","floor":1.0},{"not_picked":["Compile Driver","Heatsinks"],"picked":"Gash","floor":4.0},{"not_picked":["Go for the Eyes","Hologram"],"picked":"BootSequence","floor":5.0},{"not_picked":["Auto Shields","Cold Snap"],"picked":"Chill","floor":6.0},{"not_picked":["Sweeping Beam","Barrage"],"picked":"Multi-Cast","floor":8.0},{"not_picked":["Ball Lightning","Static Discharge"],"picked":"Gash","floor":12},{"not_picked":["Skim","Reinforced Body"],"picked":"Fusion","floor":14},{"not_picked":["Seek","Meteor Strike"],"picked":"Creative AI","floor":16},{"not_picked":["Rebound","Cold Snap"],"picked":"Go for the Eyes","floor":18},{"not_picked":["Conserve Battery","Tempest"],"picked":"Compile Driver+1","floor":19},{"not_picked":["Turbo","Conserve Battery"],"picked":"Go for the Eyes","floor":21}],"player_experience":1095414,"relics_obtained":[{"floor":6.0,"key":"War Paint"},{"floor":8.0,"key":"Whetstone"},{"floor":9.0,"key":"Bronze Scales"}],"event_choices":[{"damage_healed":0.0,"max_hp_gain":0.0,"max_hp_loss":0.0,"gold_gain":0.0,"event_name":"Accursed Blacksmith","player_choice":"Forge","floor":3.0,"gold_loss":0.0,"damage_taken":0.0,"cards_upgraded":["Gash"]},{"damage_healed":0.0,"max_hp_gain":0.0,"max_hp_loss":0.0,"gold_gain":0.0,"event_name":"Scrap Ooze","player_choice":"Fled","floor":11.0,"gold_loss":0.0,"damage_taken":0.0},{"damage_healed":59,"gold_gain":0,"player_choice":"Full Heal","damage_taken":0,"max_hp_gain":0,"max_hp_loss":0,"event_name":"Wheel of Change","floor":13,"gold_loss":0},{"damage_healed":0,"gold_gain":0,"player_choice":"Became a vampire","damage_taken":0,"max_hp_gain":0,"max_hp_loss":26,"event_name":"Vampires","floor":20,"gold_loss":0,"cards_obtained":["Bite","Bite","Bite","Bite","Bite"]},{"damage_healed":0,"gold_gain":0,"player_choice":"Stole Relic","damage_taken":0,"relics_obtained":["Mummified Hand"],"max_hp_gain":0,"max_hp_loss":0,"event_name":"Addict","floor":22,"gold_loss":0,"cards_obtained":["Shame"]}],"is_beta":false,"boss_relics":[{"not_picked":["Runic Dome","Fusion Hammer"],"picked":"Velvet Choker"}],"items_purged_floors":[2],"is_endless":false,"potions_floor_spawned":[1,4,5,16,21],"killed_by":"Book of Stabbing","ascension_level":20}}