{"host":"tetk82fuf8thwxol","time":1612674169,"event":{"mods":["AchievementEnabler","BaseMod","BetterRewards","GifTheSpireLib","Hermit","Minty Spire (QoL Compilation)","Permanent Neow","Quick Restart","Shop Mod","Spicy Shops","StSLib","The Bug Knight","The Cursed","The Runesmith"],"gold_per_floor":[10010,9727,9744,9541,9555,9555,9590,9608,9608,9531,9531,9558,9558,9216,9216,9320,9320,9320,9320,9168,9168,9168,9168,9168,9168,9168,8967,8967,8967,8967,8967,8967,8967,8967,8967,8616,8332,8332,8332,8332,8332,8332,8332,8332,7893,0,0,0,0,0,0,0,0,0,0],"floor_reached":56,"language":"ENG","playtime":1543,"items_purged":["hermit:Covet","hermit:Defend_Hermit","hermit:Snapshot","hermit:Strike_Hermit","Apotheosis+1"],"score":2421,"play_id":"4130372d-ca41-4287-a312-d1596b65f5ff","local_time":"20210206230249","is_ascension_mode":true,"campfire_choices":[{"data":"hermit:CursedWeapon","floor":6,"key":"SMITH"},{"floor":11,"key":"REST"},{"floor":15,"key":"RECALL"},{"floor":23,"key":"REST"},{"floor":32,"key":"REST"},{"floor":44,"key":"DIG"},{"floor":49,"key":"DIG"},{"floor":52,"key":"DIG"}],"circlet_count":0,"master_deck":["hermit:Strike_Hermit+1","hermit:Strike_Hermit+1","hermit:Strike_Hermit+1","hermit:Defend_Hermit+1","hermit:Defend_Hermit+1","hermit:Defend_Hermit+1","hermit:CursedWeapon+1","hermit:Maintenance+1","hermit:LuckOfTheDraw+1","Necronomicurse","hermit:CursedWeapon+1","hermit:NoHoldsBarred+1","hermit:Maintenance+1"],"relics":["hermit:Momento","Membership Card","Kunai","Question Card","Akabeko","Singing Bowl","PreservedInsect","StrikeDummy","Gremlin Horn","Toxic Egg 2","Bag of Preparation","Molten Egg 2","Shuriken","Lantern","Vajra","Unceasing Top","Ice Cream","HollowMod:StagPassRelic","Ginger","Medical Kit","HandDrill","Meat on the Bone","Frozen Egg 2","Centennial Puzzle","HollowMod:LifeEnderRelic","Anchor","Whetstone","Runesmith:Nanobots","Runesmith:AutoHammer","Ectoplasm","Bag of Marbles","Bronze Scales","Necronomicon","CaptainsWheel","Ancient Tea Set","DollysMirror","Tiny Chest","Omamori","Calling Bell","Nunchaku","Darkstone Periapt","WingedGreaves","Lee\u0027s Waffle","Pen Nib","Matryoshka","HollowMod:PaleOreRelic","Turnip","Ornamental Fan","Dream Catcher","hermit:CharredGlove","Art of War","Orichalcum","Shovel","StoneCalendar","Torii","Calipers","FossilizedHelix","Blood Vial","Red Mask","Dead Branch","Strawberry","Incense Burner","Oddly Smooth Stone"],"acts_visited":["Exordium","TheCity","TheBeyond","TheEnding"],"potions_floor_usage":[16,55],"damage_taken":[{"damage":2,"enemies":"Cultist","floor":1,"turns":3},{"damage":2,"enemies":"Jaw Worm","floor":3,"turns":2},{"damage":2,"enemies":"Small Slimes","floor":5,"turns":2},{"damage":10,"enemies":"Lagavulin","floor":7,"turns":3},{"damage":2,"enemies":"2 Fungi Beasts","floor":8,"turns":2},{"damage":2,"enemies":"Gremlin Nob","floor":12,"turns":1},{"damage":14,"enemies":"Hexaghost","floor":16,"turns":6},{"damage":2,"enemies":"Shell Parasite","floor":18,"turns":1},{"damage":2,"enemies":"Spheric Guardian","floor":19,"turns":1},{"damage":2,"enemies":"3 Cultists","floor":21,"turns":1},{"damage":2,"enemies":"Snecko","floor":24,"turns":1},{"damage":0,"enemies":"Centurion and Healer","floor":28,"turns":1},{"damage":4,"enemies":"Slavers","floor":29,"turns":1},{"damage":2,"enemies":"Snake Plant","floor":30,"turns":1},{"damage":2,"enemies":"Book of Stabbing","floor":31,"turns":1},{"damage":8,"enemies":"Champ","floor":33,"turns":2},{"damage":0,"enemies":"3 Shapes","floor":35,"turns":1},{"damage":0,"enemies":"Orb Walker","floor":38,"turns":1},{"damage":0,"enemies":"4 Shapes","floor":39,"turns":1},{"damage":4,"enemies":"Giant Head","floor":40,"turns":2},{"damage":4,"enemies":"Sphere and 2 Shapes","floor":41,"turns":1},{"damage":2,"enemies":"Nemesis","floor":42,"turns":1},{"damage":0,"enemies":"Reptomancer","floor":47,"turns":1},{"damage":0,"enemies":"Jaw Worm Horde","floor":48,"turns":1},{"damage":0,"enemies":"Time Eater","floor":50,"turns":1},{"damage":0,"enemies":"Shield and Spear","floor":54,"turns":1},{"damage":78,"enemies":"The Heart","floor":55,"turns":7}],"seed_played":"8389880786290763848","potions_obtained":[{"floor":5,"key":"Energy Potion"},{"floor":8,"key":"Energy Potion"},{"floor":13,"key":"FairyPotion"},{"floor":19,"key":"Explosive Potion"},{"floor":21,"key":"Swift Potion"}],"is_trial":false,"path_per_floor":["M","$","M","$","M","R","E","M","T","$","R","E","?","$","R","B",null,"M","M","$","M","?","R","M","?","T","$","M","E","M","E","R","B",null,"M","$","$","M","M","E","M","E","T","R","$","?","E","M","R","B",null,"R","$","E","B",null],"character_chosen":"HERMIT","items_purchased":["Membership Card","Kunai","Question Card","Akabeko","Singing Bowl","hermit:CursedWeapon","PreservedInsect","StrikeDummy","Gremlin Horn","Toxic Egg 2","Bag of Preparation","Molten Egg 2","Shuriken","Lantern","Vajra","Unceasing Top","hermit:Maintenance+1","Apotheosis+1","Ice Cream","HollowMod:StagPassRelic","Ginger","Medical Kit","HandDrill","Meat on the Bone","Centennial Puzzle","Anchor","Whetstone","Runesmith:Nanobots","Runesmith:AutoHammer","Bag of Marbles","Bronze Scales","Ancient Tea Set","DollysMirror","hermit:NoHoldsBarred+1","Lee\u0027s Waffle","Pen Nib","Matryoshka","HollowMod:PaleOreRelic","Turnip","Ornamental Fan","Dream Catcher","Torii","Calipers","FossilizedHelix","Blood Vial"],"campfire_rested":3,"item_purchase_floors":[0,0,0,0,0,0,0,0,0,0,0,0,0,0,0,0,0,0,0,2,2,2,4,4,10,14,14,14,14,20,20,27,27,27,36,36,36,36,37,37,37,45,45,45,45],"current_hp_per_floor":[24,24,24,24,36,36,38,50,50,50,74,74,74,74,74,62,81,81,81,81,81,81,93,93,77,77,77,77,75,75,75,101,95,101,103,112,112,114,116,114,112,112,112,112,112,112,116,120,127,129,132,132,132,135,69],"gold":0,"neow_bonus":"","is_daily":false,"chose_seed":false,"campfire_upgraded":1,"win_rate":0.0,"timestamp":1612674169,"path_taken":["M","$","?","$","M","R","E","M","T","$","R","E","?","?","R","BOSS","M","M","$","M","?","R","M","?","T","$","M","E","M","E","R","BOSS","M","$","$","M","M","E","M","E","T","R","$","?","E","M","R","BOSS","R","$","E","BOSS"],"items_purchased_type":["Relic","Relic","Relic","Relic","Relic","Card","Relic","Relic","Relic","Relic","Relic","Relic","Relic","Relic","Relic","Relic","Card","Card","Relic","Relic","Relic","Relic","Relic","Relic","Relic","Relic","Relic","Relic","Relic","Relic","Relic","Relic","Relic","Card","Relic","Relic","Relic","Relic","Relic","Relic","Relic","Relic","Relic","Relic","Relic"],"build_version":"2020-12-22","purchased_purges":5,"victory":true,"max_hp_per_floor":[77,77,79,79,81,81,81,83,83,83,83,85,85,85,85,87,87,89,91,91,93,93,93,95,95,95,95,95,97,99,101,101,103,103,105,112,112,114,116,118,120,122,122,122,122,122,124,126,133,133,133,133,133,135,135],"card_choices":[{"not_picked":["hermit:Desperado+1","hermit:WideOpen+1","hermit:Vantage+1","hermit:Manifest+1"],"picked":"Singing Bowl","floor":1},{"not_picked":["hermit:Showdown+1","hermit:Combo","hermit:LoneWolf+1","hermit:Manifest+1"],"picked":"Singing Bowl","floor":3},{"not_picked":["hermit:WideOpen+1","hermit:Scavenge+1","hermit:Malice+1","hermit:LuckOfTheDraw+1"],"picked":"Singing Bowl","floor":5},{"not_picked":["hermit:Showdown+1","hermit:HighCaliber+1","hermit:BigShot+1"],"picked":"hermit:LuckOfTheDraw+1","floor":7},{"not_picked":["hermit:Desperado+1","hermit:Feint+1","hermit:BodyArmor+1","hermit:Dive+1"],"picked":"Singing Bowl","floor":8},{"not_picked":["hermit:Dive+1","hermit:Roughhouse+1","hermit:FullyLoaded+1","hermit:HoleUp+1"],"picked":"Singing Bowl","floor":12},{"not_picked":["hermit:Reprieve+1","hermit:Purgatory+1","hermit:HeroicBravado+1","hermit:BlackWind+1"],"picked":"Singing Bowl","floor":16},{"not_picked":["hermit:PistolWhip+1","hermit:NoHoldsBarred+1","hermit:Spite+1","hermit:LoneWolf+1"],"picked":"Singing Bowl","floor":18},{"not_picked":["hermit:Roulette+1","hermit:Glare+1","hermit:FullyLoaded+1","hermit:Vantage+1"],"picked":"Singing Bowl","floor":19},{"not_picked":["hermit:Brawl+1","hermit:LoneWolf+1","hermit:HoleUp+1","hermit:Glare+1"],"picked":"Singing Bowl","floor":21},{"not_picked":["hermit:Glare+1","hermit:Ricochet+1","hermit:Vantage+1","hermit:TakeAim+1"],"picked":"Singing Bowl","floor":24},{"not_picked":["hermit:HighCaliber+1","hermit:LuckOfTheDraw+1","hermit:Roulette+1"],"picked":"hermit:Maintenance+1","floor":28},{"not_picked":["hermit:FullyLoaded+1","hermit:TrackingShot+1","hermit:TakeAim+1","hermit:LowProfile+1"],"picked":"Singing Bowl","floor":29},{"not_picked":["hermit:BodyArmor+1","hermit:Enervate+1","hermit:Feint+1","hermit:Quickdraw+1"],"picked":"Singing Bowl","floor":30},{"not_picked":["hermit:WideOpen+1","hermit:Misfire+1","hermit:HighCaliber+1","hermit:GoldenBullet+1"],"picked":"Singing Bowl","floor":31},{"not_picked":["hermit:FatalDesire+1","hermit:FromBeyond+1","hermit:HeroicBravado+1","hermit:Purgatory+1"],"picked":"Singing Bowl","floor":33},{"not_picked":["hermit:Determination+1","hermit:WideOpen+1","hermit:Ricochet+1","hermit:Misfire+1"],"picked":"Singing Bowl","floor":35},{"not_picked":["hermit:Dive+1","hermit:Desperado+1","hermit:ItchyTrigger+1","hermit:Scavenge+1"],"picked":"Singing Bowl","floor":38},{"not_picked":["hermit:Grudge+1","hermit:Coalescence+1","hermit:Malice+1","hermit:CursedWeapon+1"],"picked":"Singing Bowl","floor":39},{"not_picked":["hermit:Glare+1","hermit:Roulette+1","hermit:BodyArmor+1","hermit:Magnum+1"],"picked":"Singing Bowl","floor":40},{"not_picked":["hermit:Glare+1","hermit:LowProfile+1","hermit:CalledShot+1","hermit:Gestalt+1"],"picked":"Singing Bowl","floor":41},{"not_picked":["hermit:GhostlyPresence+1","hermit:Desperado+1","hermit:HoleUp+1","hermit:HighCaliber+1"],"picked":"Singing Bowl","floor":42},{"not_picked":["hermit:Manifest+1","hermit:Ricochet+1","hermit:Snipe+1","hermit:Virtue+1"],"picked":"Singing Bowl","floor":47},{"not_picked":["hermit:BlackWind+1","hermit:Gestalt+1","hermit:Desperado+1","hermit:GhostlyPresence+1"],"picked":"Singing Bowl","floor":48},{"not_picked":["hermit:Dive+1","hermit:FromBeyond+1","hermit:Showdown+1","hermit:ItchyTrigger+1"],"picked":"Singing Bowl","floor":54}],"player_experience":296803,"relics_obtained":[{"floor":7,"key":"Frozen Egg 2"},{"floor":12,"key":"HollowMod:LifeEnderRelic"},{"floor":25,"key":"Necronomicon"},{"floor":26,"key":"CaptainsWheel"},{"floor":29,"key":"Tiny Chest"},{"floor":31,"key":"Omamori"},{"floor":34,"key":"Nunchaku"},{"floor":34,"key":"Darkstone Periapt"},{"floor":34,"key":"WingedGreaves"},{"floor":40,"key":"hermit:CharredGlove"},{"floor":42,"key":"Art of War"},{"floor":43,"key":"Orichalcum"},{"floor":43,"key":"Shovel"},{"floor":44,"key":"StoneCalendar"},{"floor":47,"key":"Dead Branch"},{"floor":49,"key":"Strawberry"},{"floor":52,"key":"Incense Burner"},{"floor":54,"key":"Oddly Smooth Stone"}],"event_choices":[{"damage_healed":0,"gold_gain":0,"player_choice":"Got Potions","damage_taken":0,"max_hp_gain":0,"max_hp_loss":0,"event_name":"Lab","floor":13,"gold_loss":0},{"damage_healed":0,"gold_gain":0,"player_choice":"Simplicity","damage_taken":0,"max_hp_gain":0,"max_hp_loss":0,"event_name":"Back to Basics","floor":22,"gold_loss":0,"cards_upgraded":["hermit:Strike_Hermit","hermit:Defend_Hermit","hermit:Defend_Hermit","hermit:Defend_Hermit"]},{"damage_healed":0,"gold_gain":0,"player_choice":"Obtained Book","damage_taken":16,"max_hp_gain":0,"max_hp_loss":0,"event_name":"Cursed Tome","floor":25,"gold_loss":0},{"damage_healed":0,"gold_gain":0,"player_choice":"Paid","damage_taken":0,"relics_obtained":["Red Mask"],"max_hp_gain":0,"max_hp_loss":0,"event_name":"Tomb of Lord Red Mask","floor":46,"gold_loss":7893}],"is_beta":false,"boss_relics":[{"not_picked":["Busted Crown","hermit:BartenderGlass"],"picked":"Ectoplasm"},{"not_picked":["Black Star","Tiny House"],"picked":"Calling Bell"}],"items_purged_floors":[0,0,0,0,2],"is_endless":false,"potions_floor_spawned":[5,8,12,19,21,24,30,31,33,35,41],"ascension_level":7}}