{"host":"4rvk26w7t08d5zdj","time":1612689230,"event":{"mods":["AchievementEnabler","Aspiration","BaseMod","Challenge The Spire","Colored Powertips","Conspire","Energized Spire","GifTheSpireLib","Minty Spire (QoL Compilation)","Rare Cards Sparkle","Relic Filter Mod","Relic Stats","Reliquary","Spire Arcade","StSLib","The Animator","The Blue Laboratory"],"gold_per_floor":[119,138,151,151,101,101,134,134,158,158,48,48,64,105,105,105,105],"floor_reached":16,"language":"ENG","playtime":881,"items_purged":[],"score":108,"play_id":"a43a966a-74a1-45a6-8996-866c2da5e64c","local_time":"20210207011350","is_ascension_mode":false,"campfire_choices":[{"data":"animator:Benimaru","floor":6.0,"key":"SMITH"},{"data":"animator:DolaCouronne","floor":10.0,"key":"SMITH"},{"data":"animator:Vanir","floor":15,"key":"SMITH"}],"circlet_count":0,"master_deck":["animator:Strike_TenSura","animator:Defend_TenSura","animator:Strike","animator:Strike","animator:Strike","animator:Defend","animator:Defend","animator:Defend","animator:Benimaru+1","animator:Shuna","animator:ChaikaBohdan","animator:Vanir+1","animator:DolaCouronne+1","animator:Viivi","Injury","animator:Darkness","animator:EmiyaShirou+1","animator:LizardPriest+1","animator:Kazuma+1"],"relics":["animator:LivingPicture","animator:TheMissingPiece","animator:PurgingStone","PreservedInsect","Golden Idol","reliquary:PartyBalloon","Toxic Egg 2","Anchor","Potion Belt"],"acts_visited":["Exordium"],"potions_floor_usage":[14],"damage_taken":[{"damage":0.0,"enemies":"Small Slimes","floor":1.0,"turns":4.0},{"damage":0.0,"enemies":"conspire:RoseBush","floor":2.0,"turns":3.0},{"damage":0.0,"enemies":"2 Louse","floor":3.0,"turns":2.0},{"damage":6.0,"enemies":"Lagavulin","floor":7.0,"turns":6.0},{"damage":0,"enemies":"conspire:2 RoseBushes","floor":13,"turns":5},{"damage":3,"enemies":"3 Sentries","floor":14,"turns":8},{"damage":58,"enemies":"Slime Boss","floor":16,"turns":8}],"seed_played":"-4404508427581788702","potions_obtained":[{"floor":1.0,"key":"blueLaboratory:ImpenetrablePotion"},{"floor":2.0,"key":"blueLaboratory:PyrophylliteBrew"},{"floor":13,"key":"AttackPotion"}],"is_trial":false,"path_per_floor":["M","M","M","?","?","R","E","?","T","R","$","$","M","E","R","B"],"character_chosen":"THE_ANIMATOR","items_purchased":["animator:Darkness","animator:EmiyaShirou+1"],"campfire_rested":0,"item_purchase_floors":[11,11],"current_hp_per_floor":[66,66,66,66,66,66,60,60,60,60,60,60,60,57,57,0,0],"gold":105,"neow_bonus":"RANDOM_COMMON_RELIC","is_daily":false,"chose_seed":false,"campfire_upgraded":3,"win_rate":0.0,"timestamp":1612689230,"path_taken":["M","M","M","?","?","R","E","?","T","R","$","?","M","E","R","BOSS"],"items_purchased_type":["Card","Card"],"build_version":"2020-12-22","purchased_purges":0,"victory":false,"max_hp_per_floor":[66,66,66,66,66,66,66,66,66,66,66,66,66,66,66,66,66],"relic_stats":{"counters":[7,36],"Golden Idol":18,"PreservedInsect":65,"obtain_stats":[{"Potion Belt":14,"Anchor":9,"animator:PurgingStone":0,"Golden Idol":4,"reliquary:PartyBalloon":7,"animator:TheMissingPiece":0,"animator:LivingPicture":0,"PreservedInsect":0,"Toxic Egg 2":8},{"Potion Belt":6,"Anchor":4,"animator:PurgingStone":0,"Golden Idol":3,"reliquary:PartyBalloon":4,"animator:TheMissingPiece":0,"animator:LivingPicture":0,"PreservedInsect":0,"Toxic Egg 2":4},{"Potion Belt":28,"Anchor":15,"animator:PurgingStone":0,"Golden Idol":9,"reliquary:PartyBalloon":15,"animator:TheMissingPiece":0,"animator:LivingPicture":0,"PreservedInsect":0,"Toxic Egg 2":15}]},"card_choices":[{"not_picked":["animator:Caster","animator:Jibril"],"picked":"animator:ChaikaBohdan","floor":1.0},{"not_picked":["animator:Layla","animator:Bozes"],"picked":"animator:Vanir","floor":2.0},{"not_picked":["animator:Kuribayashi","animator:Mitsurugi"],"picked":"animator:DolaCouronne","floor":3.0},{"not_picked":["animator:AcuraAkari","animator:Gillette"],"picked":"animator:Viivi","floor":7.0},{"not_picked":["animator:RoryMercury","animator:Caster+1"],"picked":"animator:LizardPriest+1","floor":13},{"not_picked":["animator:CowGirl+1","animator:Konayuki+1"],"picked":"animator:Kazuma+1","floor":14}],"player_experience":1093032,"relics_obtained":[{"floor":7.0,"key":"reliquary:PartyBalloon"},{"floor":9.0,"key":"Anchor"},{"floor":14,"key":"Potion Belt"}],"event_choices":[{"damage_healed":0.0,"max_hp_gain":0.0,"max_hp_loss":0.0,"gold_gain":0.0,"event_name":"Golden Idol","player_choice":"Take Wound","floor":4.0,"gold_loss":0.0,"damage_taken":0.0,"relics_obtained":["Golden Idol"],"cards_obtained":["Injury"]},{"cards_removed":["Injury"],"damage_healed":0.0,"max_hp_gain":0.0,"max_hp_loss":0.0,"gold_gain":0.0,"event_name":"The Cleric","player_choice":"Card Removal","floor":5.0,"gold_loss":50.0,"damage_taken":0.0}],"is_beta":false,"boss_relics":[],"items_purged_floors":[],"is_endless":false,"potions_floor_spawned":[1,2,13],"killed_by":"Slime Boss","ascension_level":0}}