{"host":"kda2p2afd6bvz6qo","time":1612716726,"event":{"mods":["BaseMod","Colored Map","Minty Spire (QoL Compilation)","Relic Stats"],"gold_per_floor":[115,115,129,143,159,159,193,193,264,281,281,309,17,44,44,149,149,167,184,198,30,50,80,80,111,111,128,128,142,142,152,152,254,254,273,12,30,43,43,43,73,73,100,134,134,146,146,158,158,158],"floor_reached":51,"language":"ENG","playtime":2977,"items_purged":["Strike_B","Strike_B","Defend_B"],"score":967,"play_id":"ab9e8e7b-d386-4aa4-b432-b51808c5f7fb","local_time":"20210207165206","is_ascension_mode":true,"campfire_choices":[{"data":"Defragment","floor":6,"key":"SMITH"},{"data":"Strike_B","floor":8,"key":"PURGE"},{"data":"Defragment","floor":15,"key":"SMITH"},{"floor":24,"key":"REST"},{"data":"Loop","floor":28,"key":"SMITH"},{"floor":30,"key":"REST"},{"data":"Loop","floor":32,"key":"SMITH"},{"data":"Defragment","floor":40,"key":"SMITH"},{"data":"Biased Cognition","floor":42,"key":"SMITH"},{"data":"Capacitor","floor":47,"key":"SMITH"},{"data":"Echo Form","floor":49,"key":"SMITH"}],"circlet_count":0,"master_deck":["Zap","Dualcast","Ball Lightning+1","Defragment+1","Cold Snap","Defragment+1","Chill","Capacitor+1","Echo Form+1","Genetic Algorithm","Loop+1","Biased Cognition+1","CurseOfTheBell","Loop+1","BootSequence","Capacitor+1","Defragment+1","Recycle+1","Turbo+1","Electrodynamics+1","Chaos+1","Core Surge","Conserve Battery+1","Genetic Algorithm","Hologram+1","Undo+1","Core Surge"],"relics":["SlaversCollar","Peace Pipe","Vajra","Orrery","Mango","Calling Bell","Centennial Puzzle","HornCleat","Pocketwatch","Oddly Smooth Stone","Dream Catcher","Happy Flower","Astrolabe","Pen Nib","Regal Pillow","Ancient Tea Set"],"acts_visited":["Exordium","TheCity","TheBeyond"],"potions_floor_usage":[5,7,35,44,44],"damage_taken":[{"damage":7,"enemies":"2 Louse","floor":1,"turns":2},{"damage":0,"enemies":"Cultist","floor":3,"turns":2},{"damage":0,"enemies":"Small Slimes","floor":4,"turns":3},{"damage":7,"enemies":"Exordium Thugs","floor":5,"turns":4},{"damage":12,"enemies":"Gremlin Nob","floor":7,"turns":4},{"damage":0,"enemies":"Large Slime","floor":10,"turns":4},{"damage":2,"enemies":"Lagavulin","floor":12,"turns":6},{"damage":5,"enemies":"Gremlin Nob","floor":14,"turns":5},{"damage":28,"enemies":"The Guardian","floor":16,"turns":9},{"damage":37,"enemies":"3 Byrds","floor":18,"turns":5},{"damage":8,"enemies":"Chosen","floor":19,"turns":6},{"damage":24,"enemies":"Snake Plant","floor":20,"turns":5},{"damage":8,"enemies":"Centurion and Healer","floor":22,"turns":7},{"damage":6,"enemies":"Gremlin Leader","floor":23,"turns":7},{"damage":13,"enemies":"Book of Stabbing","floor":25,"turns":6},{"damage":0,"enemies":"Snecko","floor":27,"turns":7},{"damage":2,"enemies":"Snake Plant","floor":29,"turns":5},{"damage":3,"enemies":"Centurion and Healer","floor":31,"turns":6},{"damage":0,"enemies":"Automaton","floor":33,"turns":9},{"damage":3,"enemies":"3 Shapes","floor":35,"turns":4},{"damage":14,"enemies":"3 Darklings","floor":37,"turns":3},{"damage":0,"enemies":"4 Shapes","floor":38,"turns":4},{"damage":0,"enemies":"Giant Head","floor":41,"turns":8},{"damage":0,"enemies":"Reptomancer","floor":44,"turns":6},{"damage":22,"enemies":"Jaw Worm Horde","floor":46,"turns":5},{"damage":0,"enemies":"Sphere and 2 Shapes","floor":48,"turns":5},{"damage":52,"enemies":"Awakened One","floor":50,"turns":14}],"seed_played":"-2799263418619966937","potions_obtained":[{"floor":4,"key":"Explosive Potion"},{"floor":5,"key":"DistilledChaos"},{"floor":7,"key":"FairyPotion"},{"floor":16,"key":"AttackPotion"},{"floor":18,"key":"BlessingOfTheForge"},{"floor":23,"key":"GamblersBrew"},{"floor":29,"key":"LiquidMemories"},{"floor":38,"key":"AttackPotion"},{"floor":48,"key":"DuplicationPotion"}],"is_trial":false,"path_per_floor":["M","?","M","M","M","R","E","R","T","M","?","E","$","E","R","B",null,"M","M","M","$","M","E","R","E","T","M","R","M","R","M","R","B",null,"M","$","M","M","?","R","E","R","T","E","$","M","R","M","R","B",null],"character_chosen":"DEFECT","items_purchased":["Orrery","Loop","Loop","Core Surge"],"campfire_rested":2,"item_purchase_floors":[13,13,21,36],"current_hp_per_floor":[68,68,68,68,61,61,49,49,49,49,49,47,47,56,56,28,89,52,44,20,20,12,6,32,19,19,19,19,17,43,40,40,40,89,86,86,72,72,72,72,72,72,72,72,72,50,50,50,50,26],"gold":158,"neow_bonus":"BOSS_RELIC","is_daily":false,"chose_seed":false,"campfire_upgraded":8,"win_rate":0.0,"timestamp":1612716726,"path_taken":["M","?","M","?","M","R","E","R","T","?","?","E","?","E","R","BOSS","M","M","?","$","M","E","R","E","T","M","R","M","R","M","R","BOSS","M","$","M","M","?","R","E","R","T","E","?","M","R","M","R","BOSS"],"items_purchased_type":["Relic","Card","Card","Card"],"build_version":"2020-12-22","purchased_purges":3,"victory":true,"max_hp_per_floor":[75,75,75,75,75,75,75,75,75,75,75,75,75,89,89,89,89,89,89,89,89,89,89,89,89,89,89,89,89,89,89,89,89,89,89,89,89,89,89,89,89,89,89,89,89,89,89,89,89,89],"relic_stats":{"Peace Pipe":1,"Centennial Puzzle":[36],"Dream Catcher":1,"Regal Pillow":0,"Happy Flower":[25],"counters":[27,145],"Astrolabe":["Recycle","Turbo","Electrodynamics"],"Pen Nib":[2],"obtain_stats":[{"Regal Pillow":43,"Happy Flower":26,"Astrolabe":34,"Vajra":12,"Oddly Smooth Stone":23,"Mango":14,"Pen Nib":41,"Ancient Tea Set":44,"Peace Pipe":7,"Calling Bell":17,"SlaversCollar":0,"Centennial Puzzle":17,"Dream Catcher":25,"HornCleat":17,"Orrery":13,"Cracked Core":0,"Pocketwatch":17},{"Regal Pillow":23,"Happy Flower":15,"Astrolabe":19,"Vajra":7,"Oddly Smooth Stone":14,"Mango":8,"Pen Nib":23,"Ancient Tea Set":24,"Peace Pipe":5,"Calling Bell":9,"SlaversCollar":0,"Centennial Puzzle":9,"Dream Catcher":15,"HornCleat":9,"Orrery":7,"Cracked Core":0,"Pocketwatch":9},{"Regal Pillow":116,"Happy Flower":72,"Astrolabe":97,"Vajra":25,"Oddly Smooth Stone":66,"Mango":30,"Pen Nib":116,"Ancient Tea Set":122,"Peace Pipe":15,"Calling Bell":39,"SlaversCollar":0,"Centennial Puzzle":39,"Dream Catcher":72,"HornCleat":39,"Orrery":25,"Cracked Core":0,"Pocketwatch":39}],"Pocketwatch":[106]},"card_choices":[{"not_picked":["White Noise","Leap"],"picked":"Ball Lightning","floor":1},{"not_picked":["Steam","Skim"],"picked":"Defragment","floor":3},{"not_picked":["Steam","Barrage"],"picked":"Cold Snap","floor":4},{"not_picked":["Loop","Stack"],"picked":"Defragment","floor":5},{"not_picked":["Stack","Blizzard"],"picked":"Chill","floor":7},{"not_picked":["Ball Lightning","Steam Power","Scrape"],"picked":"SKIP","floor":10},{"not_picked":["Conserve Battery","Stack","Hello World"],"picked":"SKIP","floor":12},{"not_picked":["Rebound","Cold Snap"],"picked":"Capacitor","floor":13},{"not_picked":["Fusion","Rebound"],"picked":"Echo Form","floor":13},{"not_picked":["Barrage","White Noise"],"picked":"Genetic Algorithm","floor":13},{"not_picked":["Self Repair","Turbo","Leap"],"picked":"SKIP","floor":14},{"not_picked":["Amplify","Core Surge"],"picked":"Biased Cognition","floor":16},{"not_picked":["Cold Snap","Turbo","White Noise"],"picked":"SKIP","floor":18},{"not_picked":["Heatsinks","Compile Driver","Turbo"],"picked":"SKIP","floor":19},{"not_picked":["Streamline","Redo+1","Meteor Strike"],"picked":"SKIP","floor":20},{"not_picked":["Lockon","Gash"],"picked":"BootSequence","floor":22},{"not_picked":["Steam","Beam Cell","Darkness"],"picked":"SKIP","floor":23},{"not_picked":["Cold Snap","Conserve Battery"],"picked":"Capacitor+1","floor":25},{"not_picked":["Coolheaded","Barrage","Streamline"],"picked":"SKIP","floor":27},{"not_picked":["Sweeping Beam","Coolheaded","Ball Lightning"],"picked":"SKIP","floor":29},{"not_picked":["Hologram+1","Darkness"],"picked":"Defragment","floor":30},{"not_picked":["Redo","Stack","Chaos"],"picked":"SKIP","floor":31},{"not_picked":["Doom and Gloom","Static Discharge+1"],"picked":"Chaos+1","floor":35},{"not_picked":["Beam Cell+1","Recycle+1"],"picked":"Conserve Battery+1","floor":37},{"not_picked":["Streamline+1","Ball Lightning","Fusion+1"],"picked":"SKIP","floor":38},{"not_picked":["Cold Snap+1","FTL+1"],"picked":"Hologram+1","floor":41},{"not_picked":["Auto Shields+1","Cold Snap"],"picked":"Undo+1","floor":44},{"not_picked":["Static Discharge","Leap"],"picked":"Core Surge","floor":46},{"not_picked":["Sweeping Beam","Double Energy","FTL"],"picked":"SKIP","floor":48}],"player_experience":221746,"relics_obtained":[{"floor":7,"key":"Peace Pipe"},{"floor":12,"key":"Vajra"},{"floor":14,"key":"Mango"},{"floor":17,"key":"Centennial Puzzle"},{"floor":17,"key":"HornCleat"},{"floor":17,"key":"Pocketwatch"},{"floor":23,"key":"Oddly Smooth Stone"},{"floor":25,"key":"Dream Catcher"},{"floor":26,"key":"Happy Flower"},{"floor":41,"key":"Pen Nib"},{"floor":43,"key":"Regal Pillow"},{"floor":44,"key":"Ancient Tea Set"}],"event_choices":[{"damage_healed":0,"gold_gain":0,"player_choice":"Upgraded","damage_taken":0,"max_hp_gain":0,"max_hp_loss":0,"event_name":"Upgrade Shrine","floor":2,"gold_loss":0,"cards_upgraded":["Ball Lightning"]},{"cards_removed":["Strike_B"],"damage_healed":0,"gold_gain":0,"player_choice":"Offered Basic","damage_taken":0,"max_hp_gain":0,"max_hp_loss":0,"event_name":"Bonfire Elementals","floor":11,"gold_loss":0},{"damage_healed":0,"gold_gain":0,"player_choice":"Copied","damage_taken":0,"max_hp_gain":0,"max_hp_loss":0,"event_name":"Duplicator","floor":39,"gold_loss":0,"cards_obtained":["Genetic Algorithm"]}],"is_beta":false,"boss_relics":[{"not_picked":["Fusion Hammer","Velvet Choker"],"picked":"Calling Bell"},{"not_picked":["Inserter","Nuclear Battery"],"picked":"Astrolabe"}],"items_purged_floors":[13,21,36],"is_endless":false,"potions_floor_spawned":[4,5,7,16,18,22,23,29,31,38,48],"ascension_level":3}}