{"host":"chv1qanoipyt46jc","time":1612669569,"event":{"mods":["2.2 Compatiblity","AchievementEnabler","BaseMod","BetterRewards","CapriCore","Card Filter","Evolution","Gold Saver","Grow up Mod","Minty Spire (QoL Compilation)","Rare Cards Sparkle","Relic Filter","Remove Card Discount Mod","Reorder Act Four","SIMod","StSLib","The Poker Player"],"gold_per_floor":[1090,1100,1096,1108,980,980,994,1011,1011,1040,1057,1091,1091,1110,1110,1207,1207,1224,1235,1253,1253,1230,1230,1260,1278,1278,1297,1291,1291,1390,1408,1408,1513,1513,1527,1527,1527,1545,1555,1555,1581,1598,1623,1623,1623,1658,1675,1694,1694,1694,1694,1694,1694,1722,1722],"floor_reached":56,"language":"ENG","playtime":1597,"items_purged":["ConcertedEfforts","HarmonyShield","Strike_AJ","Strike_TS","Defend_PP","Defend_FS","Strike_RR","Strike_RD","Defend_TS","Defend_AJ","BatchProduction+1"],"score":1668,"play_id":"25c2346f-68cc-4948-9bce-7b78ba34b825","local_time":"20210206214609","is_ascension_mode":false,"campfire_choices":[{"data":"AllByMyself","floor":6,"key":"SMITH"},{"data":"Batlization","floor":13,"key":"SMITH"},{"data":"AppleFeast","floor":15,"key":"SMITH"},{"floor":23,"key":"RECALL"},{"data":"Batlization","floor":29,"key":"SMITH"},{"floor":32,"key":"REST"},{"data":"CowboySkills","floor":40,"key":"SMITH"},{"floor":45,"key":"REST"},{"floor":49,"key":"REST"},{"floor":53,"key":"REST"}],"circlet_count":0,"master_deck":["Batlization+1","AlloutStrike+1","AppleFeast+1","AllByMyself+1","ThrowingApples+1","Batlization+1","CowboySkills+1","AppleFeast+1","AllByMyself+1"],"relics":["The_element_of_harmony","EVO:Axolotl","Bronze Scales","TheAbacus","Molten Egg 2","Medical Kit","Membership Card","Singing Bowl","Gremlin Horn","Vajra","Pear","SlaversCollar","Dream Catcher","GypsyBard","Runic Dome","PreservedInsect","Potion Belt","Pen Nib","Mummified Hand"],"acts_visited":["Exordium","TheCity","TheBeyond","TheEnding"],"potions_floor_usage":[55,55,55,55,55,55,55,55,55,55,55,55,55,55],"damage_taken":[{"damage":1,"enemies":"2 Louse","floor":1,"turns":3},{"damage":6,"enemies":"Jaw Worm","floor":2,"turns":2},{"damage":0,"enemies":"Cultist","floor":4,"turns":2},{"damage":16,"enemies":"Large Slime","floor":7,"turns":2},{"damage":0,"enemies":"Red Slaver","floor":8,"turns":2},{"damage":1,"enemies":"3 Sentries","floor":10,"turns":3},{"damage":0,"enemies":"3 Louse","floor":11,"turns":2},{"damage":2,"enemies":"Gremlin Nob","floor":12,"turns":3},{"damage":0,"enemies":"Looter","floor":14,"turns":1},{"damage":16,"enemies":"The Guardian","floor":16,"turns":5},{"damage":0,"enemies":"Spheric Guardian","floor":18,"turns":3},{"damage":0,"enemies":"Chosen","floor":19,"turns":2},{"damage":0,"enemies":"Shelled Parasite and Fungi","floor":20,"turns":2},{"damage":0,"enemies":"Gremlin Leader","floor":24,"turns":4},{"damage":2,"enemies":"Centurion and Healer","floor":25,"turns":3},{"damage":21,"enemies":"Snake Plant","floor":27,"turns":2},{"damage":0,"enemies":"Cultist and Chosen","floor":31,"turns":2},{"damage":4,"enemies":"Champ","floor":33,"turns":4},{"damage":1,"enemies":"3 Darklings","floor":35,"turns":2},{"damage":0,"enemies":"3 Shapes","floor":38,"turns":2},{"damage":0,"enemies":"Jaw Worm Horde","floor":39,"turns":2},{"damage":0,"enemies":"Reptomancer","floor":41,"turns":1},{"damage":26,"enemies":"Spire Growth","floor":42,"turns":3},{"damage":39,"enemies":"Nemesis","floor":46,"turns":3},{"damage":3,"enemies":"Sphere and 2 Shapes","floor":47,"turns":2},{"damage":20,"enemies":"Jaw Worm Horde","floor":48,"turns":2},{"damage":0,"enemies":"Time Eater","floor":50,"turns":2},{"damage":0,"enemies":"Shield and Spear","floor":54,"turns":1},{"damage":83,"enemies":"The Heart","floor":55,"turns":4}],"seed_played":"7393549973434738791","potions_obtained":[{"floor":7,"key":"DistilledChaos"},{"floor":8,"key":"PowerPotion"},{"floor":10,"key":"Regen Potion"},{"floor":35,"key":"LiquidBronze"},{"floor":41,"key":"SteroidPotion"},{"floor":42,"key":"EntropicBrew"},{"floor":46,"key":"Explosive Potion"},{"floor":48,"key":"FearPotion"}],"is_trial":false,"path_per_floor":["M","M","$","M","$","R","M","M","T","E","M","E","R","M","R","B",null,"M","M","M","?","?","R","E","M","T","M","$","R","?","M","R","B",null,"M","?","$","M","M","R","E","M","T","?","R","E","M","M","R","B",null,"$","R","E","B",null],"character_chosen":"TWI_CLASS","items_purchased":["Bronze Scales","TheAbacus","Batlization","Molten Egg 2","AlloutStrike+1","Medical Kit","AppleFeast","Membership Card","Singing Bowl","Gremlin Horn"],"campfire_rested":4,"item_purchase_floors":[0,0,0,0,0,0,0,0,0,5],"current_hp_per_floor":[57,65,75,87,97,107,105,119,129,142,156,176,186,200,210,208,308,322,334,348,358,368,378,392,402,412,403,413,423,433,447,482,490,504,517,527,537,551,563,573,587,575,585,595,634,609,620,614,688,698,708,718,730,744,683],"gold":1722,"neow_bonus":"","is_daily":false,"chose_seed":false,"campfire_upgraded":5,"win_rate":0.0,"timestamp":1612669569,"path_taken":["M","M","$","M","$","R","M","M","T","E","M","E","R","M","R","BOSS","M","M","M","?","?","R","E","M","T","M","$","R","?","M","R","BOSS","M","?","$","M","M","R","E","?","T","?","R","E","?","M","R","BOSS","$","R","E","BOSS"],"items_purchased_type":["Relic","Relic","Card","Relic","Undefined","Relic","Card","Relic","Relic","Relic"],"build_version":"2020-12-22","purchased_purges":11,"victory":true,"max_hp_per_floor":[106,120,130,142,152,162,176,190,200,214,228,250,260,274,284,298,308,322,334,348,358,368,378,392,404,414,426,436,446,456,470,482,494,504,518,528,538,552,564,574,588,602,612,622,634,648,662,676,688,698,708,718,730,744,754],"card_choices":[{"not_picked":["Magictrain","GemstoneDetection"],"picked":"Singing Bowl","floor":1},{"not_picked":["Louder+1","FriendOfNature"],"picked":"Singing Bowl","floor":1},{"not_picked":["Return_To_Past","RunningOfTheLeaves"],"picked":"Singing Bowl","floor":2},{"not_picked":["AppleFever","ThunderCloud"],"picked":"Singing Bowl","floor":2},{"not_picked":["Batlization"],"picked":"AllByMyself","floor":4},{"not_picked":["RashStunts","Return_To_Past"],"picked":"Singing Bowl","floor":4},{"not_picked":["Louder+1","TenInstruments+1"],"picked":"Singing Bowl","floor":7},{"not_picked":["Perfectionism","Yay+1"],"picked":"Singing Bowl","floor":7},{"not_picked":["RashStunts","FriendshipIsMagic"],"picked":"Singing Bowl","floor":8},{"not_picked":["ReinventMyself","Boundary"],"picked":"Singing Bowl","floor":8},{"not_picked":["HideCarefully","GemstoneDetection"],"picked":"Singing Bowl","floor":10},{"not_picked":["AlloutStrike+1","Louder+1"],"picked":"Singing Bowl","floor":10},{"not_picked":["AppleFever","Sisterhood"],"picked":"Singing Bowl","floor":11},{"not_picked":["ISayNo+1","TenInstruments+1"],"picked":"Singing Bowl","floor":11},{"not_picked":["AppleFeast"],"picked":"ThrowingApples+1","floor":12},{"not_picked":["AlloutStrike+1","AppleFever"],"picked":"Singing Bowl","floor":12},{"not_picked":["Tornado+1","KillingWithKindness"],"picked":"Singing Bowl","floor":14},{"not_picked":["FollowTherRainbow","FarmExpert"],"picked":"Singing Bowl","floor":14},{"not_picked":["Flutterguy","Overwhelming+1"],"picked":"Singing Bowl","floor":16},{"not_picked":["LoveMe+1","MirrorLake"],"picked":"Singing Bowl","floor":16},{"not_picked":["ServeMeal+1","FarmExpert"],"picked":"Singing Bowl","floor":18},{"not_picked":["AppleFeast","Lasso+1"],"picked":"Singing Bowl","floor":18},{"not_picked":["FollowTherRainbow+1"],"picked":"BatchProduction+1","floor":19},{"not_picked":["Whining","Magic_Beam+1"],"picked":"Singing Bowl","floor":19},{"not_picked":["ISayNo+1","FriendOfNature"],"picked":"Singing Bowl","floor":20},{"not_picked":["TenInstruments+1","FarmExpert+1"],"picked":"Singing Bowl","floor":20},{"not_picked":["ThrowingApples+1","Boundary"],"picked":"Singing Bowl","floor":24},{"not_picked":["Flutterguy","Louder+1"],"picked":"Singing Bowl","floor":24},{"not_picked":["CheerUp","Louder+1"],"picked":"Singing Bowl","floor":25},{"not_picked":["Magic"],"picked":"Batlization","floor":25},{"not_picked":["Laughter"],"picked":"RunningOfTheLeaves","floor":27},{"not_picked":["ThunderCloud+1","Anxiousness+1"],"picked":"Singing Bowl","floor":27},{"not_picked":["RashStunts","HideCarefully"],"picked":"Singing Bowl","floor":31},{"not_picked":["Anxiousness+1","MirrorLake"],"picked":"Singing Bowl","floor":31},{"not_picked":["RashStunts","HideCarefully"],"picked":"Singing Bowl","floor":32},{"not_picked":["BeautySensation","MessyAndOrderly"],"picked":"Singing Bowl","floor":33},{"not_picked":["PartyCana+1"],"picked":"CowboySkills","floor":33},{"not_picked":["Mischief+1","ISayNo+1"],"picked":"Singing Bowl","floor":35},{"not_picked":["BehindTheScene","PinkiePromise+1"],"picked":"Singing Bowl","floor":35},{"not_picked":["RashStunts+1","Boundary+1"],"picked":"Singing Bowl","floor":38},{"not_picked":["PartyAlone+1","Celebrities+1"],"picked":"Singing Bowl","floor":38},{"not_picked":["ISayNo+1"],"picked":"AppleFeast+1","floor":39},{"not_picked":["Celebrities+1","FriendOfNature"],"picked":"Singing Bowl","floor":39},{"not_picked":["BatchProduction","Tornado+1"],"picked":"Singing Bowl","floor":41},{"not_picked":["CowboySkills","AlloutStrike+1"],"picked":"Singing Bowl","floor":41},{"not_picked":["Honesty","DynamicVision"],"picked":"Singing Bowl","floor":42},{"not_picked":["Return_To_Past+1","PartyAlone+1"],"picked":"Singing Bowl","floor":42},{"not_picked":["ISayNo+1","Honesty"],"picked":"Singing Bowl","floor":45},{"not_picked":["Smile","Return_To_Past+1"],"picked":"Singing Bowl","floor":46},{"not_picked":["Perfectionism+1","AllByMyself"],"picked":"Singing Bowl","floor":46},{"not_picked":["PartyAlone+1","TenInstruments+1"],"picked":"Singing Bowl","floor":47},{"not_picked":["CheerUp","TwentyPercentcooler"],"picked":"Singing Bowl","floor":47},{"not_picked":["PartyTime","TasteRainbow+1"],"picked":"Singing Bowl","floor":48},{"not_picked":["Celebrities","BehindTheScene"],"picked":"Singing Bowl","floor":48},{"not_picked":["Mischief+1","CheerUp"],"picked":"Singing Bowl","floor":49},{"not_picked":["Magic","KillingWithKindness+1"],"picked":"Singing Bowl","floor":53},{"not_picked":["GemstoneDetection+1","AllByMyself"],"picked":"Singing Bowl","floor":54},{"not_picked":["Anxiousness+1","ISayNo+1"],"picked":"Singing Bowl","floor":54}],"player_experience":440809,"relics_obtained":[{"floor":10,"key":"Vajra"},{"floor":12,"key":"Pear"},{"floor":24,"key":"Dream Catcher"},{"floor":26,"key":"GypsyBard"},{"floor":41,"key":"PreservedInsect"},{"floor":43,"key":"Potion Belt"},{"floor":46,"key":"Pen Nib"},{"floor":54,"key":"Mummified Hand"}],"event_choices":[{"damage_healed":0,"gold_gain":0,"player_choice":"Ignored","damage_taken":0,"max_hp_gain":0,"max_hp_loss":0,"event_name":"Cursed Tome","floor":21,"gold_loss":0},{"damage_healed":0,"gold_gain":99,"player_choice":"Stole From Cult","damage_taken":0,"max_hp_gain":0,"max_hp_loss":0,"event_name":"Nest","floor":30,"gold_loss":0},{"cards_removed":["RunningOfTheLeaves"],"damage_healed":0,"gold_gain":0,"player_choice":"Purged","damage_taken":0,"max_hp_gain":0,"max_hp_loss":0,"event_name":"Purifier","floor":36,"gold_loss":0},{"damage_healed":0,"gold_gain":0,"player_choice":"Copied","damage_taken":0,"max_hp_gain":0,"max_hp_loss":0,"event_name":"Duplicator","floor":44,"gold_loss":0,"cards_obtained":["AllByMyself"]}],"is_beta":false,"boss_relics":[{"not_picked":["Cursed Key","Astrolabe"],"picked":"SlaversCollar"},{"not_picked":["Sozu","Runic Pyramid"],"picked":"Runic Dome"}],"items_purged_floors":[0,0,0,0,0,0,3,3,28,28,28],"is_endless":false,"potions_floor_spawned":[7,8,10,16,25,31,33,35,41,42,46,48,54],"ascension_level":0}}