{"host":"u3jctbsl7uavviuy","time":1612685779,"event":{"mods":["ATMod(阿瑾Mod)","Arknights","BaseMod","BetterRewards","GungeonMod","HololiveMod","Luminous","Marisa（F雨　魔理沙）","Minty Spire (QoL Compilation)","Relic Stats","Replay The Spire","Shop Mod","Spicy Shops","StSLib","TestMod","The Animator","The Cursed","The Gatherer","The Servant 0.9.4","WarShipGirlsR/战舰少女R mod","篝火指南"],"gold_per_floor":[119,119,2,19,36,68,83,99,99,126,136,150,175,185,185,285,285,305,305,70,82,98,116,149,149,149,163,179,211,231,266,266,373,373,390,390,405,426,437,480,79,118,118,131,131,166,166,166,85,94,94,94,19,53,61],"floor_reached":56,"language":"ZHS","playtime":2427,"items_purged":["ats:Strike S","ats:Defend","ats:Defend"],"score":2058,"play_id":"7f55a4eb-2a21-496a-a6bc-75c22deb0a01","local_time":"20210207171619","is_ascension_mode":true,"campfire_choices":[{"data":"ats:Disruption Kick","floor":15.0,"key":"SMITH"},{"data":"ats:Composite Medical Shells","floor":25.0,"key":"SMITH"},{"floor":32.0,"key":"RECALL"},{"data":"ats:Emotion Absorption","floor":52,"key":"SMITH"}],"circlet_count":0,"master_deck":["ats:Strike G","ats:Armor Crushing Shot","ats:Defend","ats:Defend","ats:Emotion Absorption+1","AT_EssenceShift+1","ats:Composite Medical Shells+1","ats:Assault Order","ats:Shell Defense+1","ats:Explosion Area Strengthen","ats:Poison Spread","ats:Demon Strength","ats:Healing Drone","ats:Disruption Kick+1","ats:Magnetic Hammer","ats:Counter Healing Mode","ats:Soul Absorption","ats:Sashimi Platter","ats:Part Time Job","ats:Nebulous Foxfire+1","CurseOfTheBell","ats:Apocalypse","ats:Dogmatic Field","ats:Wolf Pack+1","ats:Part Time Job+1","ats:Very Hot Blade+1","ats:Consecutive Shot Auto","ats:Red Shift","ats:Sashimi Platter","ats:Red Shift+1","testmod-Recap+1","Master of Strategy+1"],"relics":["ats:Sanity","testmod-TestBox","AT_ATBox","testmod-CrystalShield","Matryoshka","Ancient Tea Set","Membership Card","ReplayTheSpireMod:Ninjato","InkBottle","HornCleat","Lee\u0027s Waffle","ats:Lavender","ClockworkSouvenir","Chemical X","AT_ArcaneBoots","ats:Originium","Replay:Wax Seal","ats:Berate","testmod-FatalChain","DemoMod:ChaffGrenade","Calling Bell","Dream Catcher","Replay:Accelerometer","DemoMod:Antibody","AT_RedNoBalance","ats:Spiritual Recovery","Guide Book","DemoMod:Metronome","DemoMod:PinkGuonStone","Singing Bowl","Golden Egg","testmod-Acrobat","Black Star","AT_Kusabimaru","ats:Industrial Water Cannon","The Courier","Replay:Bottled Flurry","Ice Cream","Bag of Marbles","Eternal Feather","ats:Rhine Circuitry","DemoMod:RingOfEthereal","ReplayTheSpireMod:ShopPack","White Beast Statue"],"acts_visited":["Exordium","TheCity","TheBeyond","TheEnding"],"potions_floor_usage":[55],"damage_taken":[{"damage":2.0,"enemies":"2 Louse","floor":1.0,"turns":2.0},{"damage":0.0,"enemies":"Cultist","floor":4.0,"turns":4.0},{"damage":0.0,"enemies":"Jaw Worm","floor":5.0,"turns":3.0},{"damage":22.0,"enemies":"Lagavulin","floor":6.0,"turns":7.0},{"damage":15.0,"enemies":"Gremlin Gang","floor":7.0,"turns":3.0},{"damage":17.0,"enemies":"Looter","floor":8.0,"turns":4.0},{"damage":11.0,"enemies":"3 Sentries","floor":10.0,"turns":7.0},{"damage":0.0,"enemies":"Lots of Slimes","floor":11.0,"turns":1.0},{"damage":21.0,"enemies":"Large Slime","floor":12.0,"turns":5.0},{"damage":14.0,"enemies":"Lagavulin","floor":13.0,"turns":8.0},{"damage":7.0,"enemies":"3 Louse","floor":14.0,"turns":2.0},{"damage":20.0,"enemies":"Slime Boss","floor":16.0,"turns":6.0},{"damage":0.0,"enemies":"Spheric Guardian","floor":18.0,"turns":4.0},{"damage":5.0,"enemies":"Shell Parasite","floor":21.0,"turns":5.0},{"damage":12.0,"enemies":"Snake Plant","floor":22.0,"turns":4.0},{"damage":12.0,"enemies":"3 Cultists","floor":23.0,"turns":5.0},{"damage":19.0,"enemies":"Gremlin Leader","floor":24.0,"turns":5.0},{"damage":9.0,"enemies":"Shelled Parasite and Fungi","floor":27.0,"turns":5.0},{"damage":0.0,"enemies":"Centurion and Healer","floor":28.0,"turns":6.0},{"damage":10.0,"enemies":"Slavers","floor":29.0,"turns":3.0},{"damage":7.0,"enemies":"Snake Plant","floor":30.0,"turns":3.0},{"damage":9.0,"enemies":"Gremlin Leader","floor":31.0,"turns":4.0},{"damage":40.0,"enemies":"Collector","floor":33.0,"turns":9.0},{"damage":6.0,"enemies":"3 Shapes","floor":35.0,"turns":2.0},{"damage":0.0,"enemies":"Orb Walker","floor":37.0,"turns":5.0},{"damage":60,"enemies":"Transient","floor":38,"turns":5},{"damage":8,"enemies":"4 Shapes","floor":39,"turns":2},{"damage":21,"enemies":"R_Hoarder","floor":40,"turns":12},{"damage":61,"enemies":"Giant Head","floor":42,"turns":8},{"damage":15,"enemies":"Sphere and 2 Shapes","floor":44,"turns":3},{"damage":0,"enemies":"R_Hoarder","floor":46,"turns":8},{"damage":34,"enemies":"Donu and Deca","floor":50,"turns":5},{"damage":22,"enemies":"Shield and Spear","floor":54,"turns":3},{"damage":86,"enemies":"The Heart","floor":55,"turns":10}],"seed_played":"3726810534830443317","potions_obtained":[{"floor":4.0,"key":"LiquidBronze"},{"floor":5.0,"key":"Ancient Potion"},{"floor":6.0,"key":"Adrenaline Potion"},{"floor":7.0,"key":"Block Potion"},{"floor":11.0,"key":"FearPotion"},{"floor":24.0,"key":"PowerPotion"},{"floor":28.0,"key":"DemoMod:BlankPotion"},{"floor":31.0,"key":"ats:Emergency Sanity Potion"},{"floor":39,"key":"Energy Potion"}],"is_trial":false,"path_per_floor":["M","?","$","M","M","E","M","M","T","E","M","M","E","M","R","B",null,"M","?","$","M","M","M","E","R","T","M","M","E","M","E","R","B",null,"M","?","M","M","M","E","R","E","T","M","?","E","$","?","R","B",null,"R","$","E","B",null],"character_chosen":"DOCTOR_CLASS","items_purchased":["Matryoshka","Ancient Tea Set","ats:Composite Medical Shells","ats:Assault Order","Membership Card","ReplayTheSpireMod:Ninjato","InkBottle","HornCleat","Lee\u0027s Waffle","ats:Lavender","ClockworkSouvenir","ats:Shell Defense+1","Chemical X","AT_SpeedBoots","ats:Explosion Area Strengthen","ats:Healing Drone","ats:Disruption Kick","AT_SilverBalance","ats:Spiritual Recovery","Guide Book","Swift Potion","The Courier","Replay:Bottled Flurry","Ice Cream","ats:Consecutive Shot Auto","ats:Red Shift","ats:Sashimi Platter","ats:Red Shift","ReplayTheSpireMod:ShopPack"],"campfire_rested":0,"item_purchase_floors":[0,0,0,0,0,0,0,0,0,0,0,0,0,0,0,3,3,20,20,20,20,41,41,41,49,49,49,53,53],"current_hp_per_floor":[77,77,77,79,79,66,61,53,53,60,60,70,79,72,72,79,79,79,79,79,77,70,67,79,79,86,88,90,92,94,96,96,96,96,98,98,100,87,98,104,104,83,83,96,96,108,108,108,108,108,108,108,110,112,111],"gold":61,"neow_bonus":"","is_daily":false,"chose_seed":false,"campfire_upgraded":3,"win_rate":0.0,"timestamp":1612685779,"path_taken":["M","?","$","M","M","E","?","M","T","E","M","M","E","M","R","BOSS","M","?","$","?","M","M","E","R","T","M","M","E","M","E","R","BOSS","M","?","M","M","M","E","R","E","T","?","?","E","$","?","R","BOSS","R","$","E","BOSS"],"items_purchased_type":["Relic","Relic","Card","Card","Relic","Relic","Relic","Relic","Relic","Relic","Relic","Card","Relic","Relic","Card","Card","Card","Relic","Relic","Relic","Potion","Relic","Relic","Relic","Card","Card","Card","Card","Relic"],"build_version":"2020-12-22","purchased_purges":3,"victory":true,"max_hp_per_floor":[79,79,79,79,79,79,79,79,79,79,79,79,79,79,79,79,79,79,79,79,79,79,79,79,79,86,88,90,92,94,96,96,96,96,98,98,100,102,102,104,104,106,106,108,108,108,108,108,108,108,108,108,110,112,112],"relic_stats":{"Lee\u0027s Waffle":56,"Dream Catcher":0,"Singing Bowl":26,"counters":[89,398],"Eternal Feather":0,"Black Star":4,"Chemical X":[1],"obtain_stats":[{"Ice Cream":41,"Golden Egg":7,"Replay:Accelerometer":17,"DemoMod:BlueGuonStone":8,"AT_ATBox":0,"Tiny House":34,"AT_MibuBalloonWealth":41,"DemoMod:GlassGuonStoneRelic":6,"AT_ArcaneBoots":12,"Boot":6,"HornCleat":0,"DemoMod:Metronome":43,"Philosopher\u0027s Stone":17,"Replay:Bottled Flurry":41,"ats:Omniscience":17,"Toxic Egg 2":25,"Replay:Wax Seal":40,"DemoMod:ClearGuonStone":26,"AT_RedNoBalance":22,"ats:Rhine Circuitry":46,"testmod-TestBox":0,"ats:Lavender":0,"DemoMod:OrangeGuonStone":11,"Replay:Grab Bag":17,"ats:Assault":45,"testmod-FatalChain":10,"DemoMod:ChaffGrenade":13,"Oddly Smooth Stone":27,"Eternal Feather":43,"AT_EbonyIvory":25,"AT_SilverBalance":20,"AT_SilvercatRing":0,"Replay:Baseball":41,"AT_SpeedBoots":43,"DemoMod:MeatBun":25,"Shuriken":48,"testmod-Acrobat":9,"Bird Faced Urn":44,"ReplayTheSpireMod:TigerMarble":45,"Black Star":34,"Pocketwatch":23,"Meat on the Bone":28,"ats:Spiritual Recovery":20,"Singing Bowl":26,"Bag of Preparation":19,"Incense Burner":0,"Empty Cage":45,"Cursed Key":17,"testmod-BouquetWithThorns":40,"Ancient Tea Set":0,"testmod-CasingShield":29,"Pet Ghost":24,"ClockworkSouvenir":7,"ats:Industrial Water Cannon":40,"testmod-CrystalShield":6,"Dream Catcher":17,"Matryoshka":0,"AT_Kusabimaru":40,"Pantograph":11,"vexMod:RedPlottingStone":44,"ats:Berate":9,"AT_TrinityForce":34,"testmod-Déjàvu":0,"ats:Sanity":0,"Chemical X":0,"InkBottle":0,"Gremlin Food":6,"AT_ChloranthyRing":27,"Potion Belt":23,"Lee\u0027s Waffle":0,"ReplayTheSpireMod:Ninjato":0,"NeowsBlessing":0,"Golden Idol":4,"DemoMod:WeirdEgg":54,"DemoMod:Antibody":17,"Guide Book":20,"vexMod:BerryBomb":9,"DemoMod:PinkGuonStone":26,"The Courier":41,"Omamori":3,"testmod-TurbochargingSystem":54,"testmod-IndustrialRevolution":42,"MawBank":7,"White Beast Statue":54,"Calling Bell":17,"Anchor":47,"Pondfish Scales":24,"ats:Originium":6,"Art of War":26,"Bag of Marbles":42,"Bottled Lightning":8,"Membership Card":0,"DemoMod:RingOfEthereal":46,"ReplayTheSpireMod:Lightbulb":30,"testmod-Nine":17,"ReplayTheSpireMod:ShopPack":53},{"Ice Cream":83,"Golden Egg":30,"Replay:Accelerometer":67,"DemoMod:BlueGuonStone":3,"AT_ATBox":0,"Tiny House":16,"AT_MibuBalloonWealth":21,"DemoMod:GlassGuonStoneRelic":2,"AT_ArcaneBoots":64,"Boot":30,"HornCleat":55,"DemoMod:Metronome":22,"Philosopher\u0027s Stone":35,"Replay:Bottled Flurry":83,"ats:Omniscience":7,"Toxic Egg 2":12,"Replay:Wax Seal":21,"DemoMod:ClearGuonStone":41,"AT_RedNoBalance":70,"ats:Rhine Circuitry":86,"testmod-TestBox":0,"ats:Lavender":55,"DemoMod:OrangeGuonStone":32,"Replay:Grab Bag":35,"ats:Assault":51,"testmod-FatalChain":62,"DemoMod:ChaffGrenade":65,"Oddly Smooth Stone":42,"Eternal Feather":84,"AT_EbonyIvory":41,"AT_SilverBalance":68,"AT_SilvercatRing":26,"Replay:Baseball":21,"AT_SpeedBoots":50,"DemoMod:MeatBun":12,"Shuriken":52,"testmod-Acrobat":31,"Bird Faced Urn":51,"ReplayTheSpireMod:TigerMarble":51,"Black Star":78,"Pocketwatch":11,"Meat on the Bone":42,"ats:Spiritual Recovery":68,"Singing Bowl":72,"Bag of Preparation":8,"Incense Burner":26,"Empty Cage":23,"Cursed Key":35,"testmod-BouquetWithThorns":49,"Ancient Tea Set":55,"testmod-CasingShield":14,"Pet Ghost":40,"ClockworkSouvenir":30,"ats:Industrial Water Cannon":83,"testmod-CrystalShield":59,"Dream Catcher":67,"Matryoshka":26,"AT_Kusabimaru":83,"Pantograph":4,"vexMod:RedPlottingStone":23,"ats:Berate":61,"AT_TrinityForce":44,"testmod-Déjàvu":0,"ats:Sanity":0,"Chemical X":55,"InkBottle":55,"Gremlin Food":2,"AT_ChloranthyRing":13,"Potion Belt":40,"Lee\u0027s Waffle":55,"ReplayTheSpireMod:Ninjato":55,"NeowsBlessing":0,"Golden Idol":1,"DemoMod:WeirdEgg":54,"DemoMod:Antibody":67,"Guide Book":68,"vexMod:BerryBomb":3,"DemoMod:PinkGuonStone":72,"The Courier":83,"Omamori":1,"testmod-TurbochargingSystem":54,"testmod-IndustrialRevolution":22,"MawBank":30,"White Beast Statue":88,"Calling Bell":67,"Anchor":25,"Pondfish Scales":40,"ats:Originium":2,"Art of War":12,"Bag of Marbles":84,"Bottled Lightning":31,"Membership Card":55,"DemoMod:RingOfEthereal":86,"ReplayTheSpireMod:Lightbulb":14,"testmod-Nine":35,"ReplayTheSpireMod:ShopPack":87},{"Ice Cream":361,"Golden Egg":143,"Replay:Accelerometer":282,"DemoMod:BlueGuonStone":4,"AT_ATBox":0,"Tiny House":62,"AT_MibuBalloonWealth":90,"DemoMod:GlassGuonStoneRelic":2,"AT_ArcaneBoots":263,"Boot":143,"HornCleat":230,"DemoMod:Metronome":96,"Philosopher\u0027s Stone":161,"Replay:Bottled Flurry":361,"ats:Omniscience":21,"Toxic Egg 2":39,"Replay:Wax Seal":90,"DemoMod:ClearGuonStone":182,"AT_RedNoBalance":291,"ats:Rhine Circuitry":380,"testmod-TestBox":0,"ats:Lavender":230,"DemoMod:OrangeGuonStone":151,"Replay:Grab Bag":161,"ats:Assault":215,"testmod-FatalChain":260,"DemoMod:ChaffGrenade":274,"Oddly Smooth Stone":187,"Eternal Feather":369,"AT_EbonyIvory":182,"AT_SilverBalance":286,"AT_SilvercatRing":132,"Replay:Baseball":90,"AT_SpeedBoots":212,"DemoMod:MeatBun":39,"Shuriken":217,"testmod-Acrobat":145,"Bird Faced Urn":215,"ReplayTheSpireMod:TigerMarble":215,"Black Star":335,"Pocketwatch":34,"Meat on the Bone":187,"ats:Spiritual Recovery":286,"Singing Bowl":305,"Bag of Preparation":24,"Incense Burner":132,"Empty Cage":104,"Cursed Key":161,"testmod-BouquetWithThorns":207,"Ancient Tea Set":230,"testmod-CasingShield":50,"Pet Ghost":180,"ClockworkSouvenir":143,"ats:Industrial Water Cannon":361,"testmod-CrystalShield":243,"Dream Catcher":282,"Matryoshka":132,"AT_Kusabimaru":361,"Pantograph":7,"vexMod:RedPlottingStone":104,"ats:Berate":253,"AT_TrinityForce":196,"testmod-Déjàvu":0,"ats:Sanity":0,"Chemical X":230,"InkBottle":230,"Gremlin Food":2,"AT_ChloranthyRing":44,"Potion Belt":180,"Lee\u0027s Waffle":230,"ReplayTheSpireMod:Ninjato":230,"NeowsBlessing":0,"Golden Idol":1,"DemoMod:WeirdEgg":225,"DemoMod:Antibody":282,"Guide Book":286,"vexMod:BerryBomb":4,"DemoMod:PinkGuonStone":305,"The Courier":361,"Omamori":1,"testmod-TurbochargingSystem":225,"testmod-IndustrialRevolution":96,"MawBank":143,"White Beast Statue":388,"Calling Bell":282,"Anchor":122,"Pondfish Scales":180,"ats:Originium":2,"Art of War":39,"Bag of Marbles":369,"Bottled Lightning":145,"Membership Card":230,"DemoMod:RingOfEthereal":380,"ReplayTheSpireMod:Lightbulb":50,"testmod-Nine":161,"ReplayTheSpireMod:ShopPack":385}],"InkBottle":[53]},"card_choices":[{"not_picked":["ats:Consecutive Shot Auto","ats:Thermite Blade"],"picked":"ats:Poison Spread","floor":1.0},{"not_picked":["ats:Very Hot Blade","ats:Consecutive Shot Auto","ats:Collapsing Strike"],"picked":"SKIP","floor":4.0},{"not_picked":["ats:Hammer On","ats:Assault Order"],"picked":"ats:Magnetic Hammer","floor":5.0},{"not_picked":["ats:Volcano","ats:Cat Scratch"],"picked":"ats:Counter Healing Mode","floor":6.0},{"not_picked":["ats:Blood Oath","ats:Encircling Forest","ats:Beaten Up"],"picked":"SKIP","floor":7.0},{"not_picked":["ats:Assault Order","ats:Cat Scratch"],"picked":"ats:Soul Absorption","floor":8.0},{"not_picked":["ats:Ambush","ats:Encircling Forest","ats:True Silver Slash"],"picked":"SKIP","floor":10.0},{"not_picked":["ats:Hook Shot","ats:Blood Oath"],"picked":"ats:Sashimi Platter","floor":11.0},{"not_picked":["ats:Directed Diagnosis","ats:Poison Spread"],"picked":"ats:Part Time Job","floor":12.0},{"not_picked":["ats:Explosion Area Strengthen","ats:Shell Defense","ats:Blood Oath"],"picked":"SKIP","floor":13.0},{"not_picked":["ats:Phantom","ats:Leaping Hammer","ats:Cat Scratch"],"picked":"SKIP","floor":14.0},{"not_picked":["ats:Rat Pack","ats:Shadow Assault"],"picked":"ats:Nebulous Foxfire","floor":16.0},{"not_picked":["ats:Blood Oath","ats:Explosion Area Strengthen"],"picked":"ats:Apocalypse","floor":18.0},{"not_picked":["ats:Shell Defense","ats:Ignite","ats:Explosion Area Strengthen"],"picked":"SKIP","floor":21.0},{"not_picked":["ats:Collapsing Strike+1","ats:Support Order"],"picked":"ats:Dogmatic Field","floor":22.0},{"not_picked":["ats:Flexible Camouflage","ats:Very Hot Blade","ats:Explosion Area Strengthen"],"picked":"SKIP","floor":23.0},{"not_picked":["ats:Chain Hook+1","ats:Soul Absorption+1","ats:Dogmatic Field"],"picked":"SKIP","floor":24.0},{"not_picked":["ats:Absolute Focus+1","ats:Steam Pump+1","ats:Thorns"],"picked":"Singing Bowl","floor":27.0},{"not_picked":["ats:Soul Absorption+1","ats:Hammer On","ats:Spore Proliferation"],"picked":"Singing Bowl","floor":28.0},{"not_picked":["ats:Directed Diagnosis","ats:Apocalypse","ats:Flexible Camouflage"],"picked":"Singing Bowl","floor":29.0},{"not_picked":["ats:Powerful Strike+1","ats:Revitalization+1","ats:Flame Of Heaven+1"],"picked":"Singing Bowl","floor":30.0},{"not_picked":["ats:Shell Defense+1","ats:Flame Of Heaven+1","ats:Hook Shot"],"picked":"Singing Bowl","floor":31.0},{"not_picked":["ats:Durian","ats:True Silver Slash"],"picked":"ats:Wolf Pack","floor":33.0},{"not_picked":["ats:Curse Doll+1","ats:Poison Spread+1","ats:Thermite Blade"],"picked":"Singing Bowl","floor":35.0},{"not_picked":["ats:Curse Doll","ats:Powerful Strike+1","ats:Sunburst+1"],"picked":"Singing Bowl","floor":37.0},{"not_picked":["ats:Leaping Hammer+1","ats:Guard Mode","ats:Chain Hook+1"],"picked":"Singing Bowl","floor":38},{"not_picked":["ats:Consecutive Shot Auto","ats:Absolute Focus"],"picked":"ats:Part Time Job+1","floor":39},{"not_picked":["ats:Ignite+1","ats:Spore Proliferation+1","ats:Wolf Pack"],"picked":"Singing Bowl","floor":40},{"not_picked":["ats:Leaping Hammer","ats:Roar Of Ursus","ats:Mental Burst"],"picked":"Singing Bowl","floor":42},{"not_picked":["ats:Guardian Obelisk+1","ats:Closed Bolt Burst Fire+1","ats:Hammer On+1"],"picked":"Singing Bowl","floor":44},{"not_picked":["ats:Support Order+1","ats:Apocalypse"],"picked":"ats:Very Hot Blade+1","floor":46},{"not_picked":["Panache","Violence"],"picked":"testmod-Recap","floor":53},{"not_picked":["Madness","testmod-HeadAttack"],"picked":"Master of Strategy","floor":53},{"not_picked":["Magnetism","Swift Strike","Replay:Sssssssssstrike"],"picked":"Singing Bowl","floor":53},{"not_picked":["ats:Steam Pump","ats:Revitalization","ats:Phantom+1"],"picked":"Singing Bowl","floor":54}],"player_experience":456922,"relics_obtained":[{"floor":6.0,"key":"ats:Originium"},{"floor":6.0,"key":"Replay:Wax Seal"},{"floor":9.0,"key":"ats:Berate"},{"floor":10.0,"key":"ats:Originium"},{"floor":10.0,"key":"testmod-FatalChain"},{"floor":13.0,"key":"ats:Originium"},{"floor":13.0,"key":"DemoMod:ChaffGrenade"},{"floor":17.0,"key":"Dream Catcher"},{"floor":17.0,"key":"Replay:Accelerometer"},{"floor":17.0,"key":"DemoMod:Antibody"},{"floor":24.0,"key":"ats:Originium"},{"floor":24.0,"key":"DemoMod:Metronome"},{"floor":26.0,"key":"DemoMod:PinkGuonStone"},{"floor":26.0,"key":"Singing Bowl"},{"floor":29.0,"key":"Golden Egg"},{"floor":31.0,"key":"testmod-Acrobat"},{"floor":40,"key":"AT_Kusabimaru"},{"floor":40,"key":"ats:Industrial Water Cannon"},{"floor":42,"key":"Bag of Marbles"},{"floor":43,"key":"Eternal Feather"},{"floor":46,"key":"ats:Rhine Circuitry"},{"floor":46,"key":"DemoMod:RingOfEthereal"},{"floor":54,"key":"White Beast Statue"}],"event_choices":[{"damage_healed":0.0,"max_hp_gain":0.0,"max_hp_loss":0.0,"gold_gain":0.0,"cards_transformed":["ats:Strike V"],"event_name":"Transmorgrifier","player_choice":"Transformed","floor":2.0,"gold_loss":0.0,"damage_taken":0.0,"cards_obtained":["ats:Demon Strength"]},{"damage_healed":0.0,"max_hp_gain":0.0,"max_hp_loss":0.0,"gold_gain":0.0,"event_name":"N\u0027loth","player_choice":"Ignored","floor":19.0,"gold_loss":0.0,"damage_taken":0.0},{"damage_healed":0.0,"max_hp_gain":0.0,"max_hp_loss":0.0,"gold_gain":0.0,"event_name":"Match and Keep!","player_choice":"0 cards matched","floor":36.0,"gold_loss":0.0,"damage_taken":0.0,"cards_obtained":[]},{"cards_removed":["ats:Strike C"],"damage_healed":0,"gold_gain":0,"player_choice":"Removed Attack","damage_taken":0,"max_hp_gain":0,"max_hp_loss":0,"event_name":"Falling","floor":45,"gold_loss":0}],"is_beta":false,"boss_relics":[{"not_picked":["ats:Sanity Plus","Velvet Choker"],"picked":"Calling Bell"},{"not_picked":["Cursed Key","testmod-Prudence"],"picked":"Black Star"}],"items_purged_floors":[0,0,41],"is_endless":false,"potions_floor_spawned":[4,5,6,7,11,13,21,23,24,27,28,31,37,39,40,54],"ascension_level":6}}