{"host":"gjbmv0wqve0qfw94","time":1612718735,"event":{"mods":["BaseMod","Colored Map","Colored Powertips","DeckTracker","Googly Eyes","Minty Spire (QoL Compilation)","StSLib"],"gold_per_floor":[117,117,136,147,160,160,177,211,211,226,241,241,271,285,285,362,362,380,360,360,360,275,275,304,304,304,337,102,115,115,145,145,220,220,238,258,268,281,8,42,42,56,56,87,87,34,34,48,48,48,48],"floor_reached":50,"language":"ENG","playtime":2363,"items_purged":["Strike_G","Strike_G"],"score":1329,"play_id":"bebf5976-75e0-4c64-a16c-2567fe336ed8","local_time":"20210207182535","is_ascension_mode":true,"campfire_choices":[{"data":"Quick Slash","floor":6,"key":"SMITH"},{"data":"Dagger Spray","floor":12,"key":"SMITH"},{"data":"Noxious Fumes","floor":15,"key":"SMITH"},{"data":"Calculated Gamble","floor":23,"key":"SMITH"},{"data":"Footwork","floor":25,"key":"SMITH"},{"data":"Neutralize","floor":32,"key":"SMITH"},{"data":"Burst","floor":41,"key":"SMITH"},{"data":"Malaise","floor":45,"key":"SMITH"},{"floor":49,"key":"RECALL"}],"circlet_count":0,"master_deck":["AscendersBane","Strike_G","Defend_G","Defend_G","Defend_G","Defend_G","Defend_G","Survivor","Neutralize+1","Blade Dance+1","Masterful Stab","Envenom+1","Noxious Fumes+1","Calculated Gamble+1","Dagger Spray+1","Riddle With Holes","Crippling Poison+1","Adrenaline","Backflip","Eviscerate","Eviscerate","Footwork+1","Dodge and Roll+1","Ghostly+1","Ghostly","Ghostly","Malaise+1","CurseOfTheBell","Bane+1","Dagger Spray+1","Burst+1","Envenom+1","Blur","Catalyst+1","Blur+1"],"relics":["Ring of the Snake","Juzu Bracelet","Blood Vial","Vajra","Coffee Dripper","InkBottle","Happy Flower","Bronze Scales","Centennial Puzzle","MealTicket","Red Mask","Calling Bell","Boot","Pantograph","Thread and Needle","DollysMirror","Ancient Tea Set","War Paint"],"acts_visited":["Exordium","TheCity","TheBeyond"],"potions_floor_usage":[8,8,14,16,24,27,31,31,50,50],"damage_taken":[{"damage":3,"enemies":"Cultist","floor":1,"turns":5},{"damage":0,"enemies":"Small Slimes","floor":3,"turns":3},{"damage":0,"enemies":"2 Louse","floor":4,"turns":2},{"damage":0,"enemies":"Gremlin Gang","floor":5,"turns":5},{"damage":0,"enemies":"Exordium Wildlife","floor":7,"turns":3},{"damage":0,"enemies":"Gremlin Nob","floor":8,"turns":3},{"damage":8,"enemies":"3 Louse","floor":10,"turns":2},{"damage":1,"enemies":"2 Fungi Beasts","floor":11,"turns":3},{"damage":12,"enemies":"3 Sentries","floor":13,"turns":6},{"damage":0,"enemies":"Exordium Wildlife","floor":14,"turns":3},{"damage":9,"enemies":"Slime Boss","floor":16,"turns":9},{"damage":5,"enemies":"Chosen","floor":18,"turns":4},{"damage":25,"enemies":"Book of Stabbing","floor":24,"turns":4},{"damage":0,"enemies":"Gremlin Leader","floor":27,"turns":4},{"damage":7,"enemies":"Shell Parasite","floor":29,"turns":3},{"damage":9,"enemies":"Masked Bandits","floor":31,"turns":2},{"damage":23,"enemies":"Automaton","floor":33,"turns":8},{"damage":0,"enemies":"Orb Walker","floor":35,"turns":4},{"damage":4,"enemies":"3 Darklings","floor":36,"turns":4},{"damage":0,"enemies":"Writhing Mass","floor":37,"turns":7},{"damage":0,"enemies":"Spire Growth","floor":38,"turns":5},{"damage":3,"enemies":"Nemesis","floor":40,"turns":7},{"damage":0,"enemies":"Maw","floor":42,"turns":7},{"damage":0,"enemies":"Giant Head","floor":44,"turns":6},{"damage":0,"enemies":"Transient","floor":48,"turns":6},{"damage":45,"enemies":"Time Eater","floor":50,"turns":14}],"seed_played":"-3882855541273225215","potions_obtained":[{"floor":4,"key":"Fire Potion"},{"floor":5,"key":"Poison Potion"},{"floor":11,"key":"Poison Potion"},{"floor":13,"key":"ColorlessPotion"},{"floor":14,"key":"LiquidMemories"},{"floor":18,"key":"Fire Potion"},{"floor":19,"key":"Explosive Potion"},{"floor":24,"key":"GamblersBrew"},{"floor":27,"key":"BlessingOfTheForge"},{"floor":37,"key":"SpeedPotion"},{"floor":38,"key":"DuplicationPotion"}],"is_trial":false,"path_per_floor":["M","?","M","M","M","R","M","E","T","M","M","R","E","M","R","B",null,"M","?","?","?","?","R","E","R","T","E","$","M","?","?","R","B",null,"M","M","M","M","$","E","R","M","T","E","R","$","?","M","R","B"],"character_chosen":"THE_SILENT","items_purchased":["MealTicket","DollysMirror","Dexterity Potion"],"campfire_rested":0,"item_purchase_floors":[28,39,46],"current_hp_per_floor":[62,62,62,62,62,62,62,62,62,56,57,57,47,49,49,42,65,62,62,62,62,62,62,39,39,39,41,41,36,36,27,27,6,29,31,29,31,33,36,33,33,35,35,36,36,36,36,36,36,0,0],"gold":48,"neow_bonus":"TEN_PERCENT_HP_BONUS","is_daily":false,"chose_seed":false,"campfire_upgraded":8,"win_rate":0.0,"timestamp":1612718735,"path_taken":["M","?","?","M","M","R","M","E","T","M","M","R","E","M","R","BOSS","M","?","?","?","?","R","E","R","T","E","$","M","?","?","R","BOSS","M","M","M","M","$","E","R","M","T","E","R","$","?","M","R","BOSS"],"items_purchased_type":["Relic","Relic","Potion"],"build_version":"2020-12-22","purchased_purges":2,"victory":false,"max_hp_per_floor":[72,72,72,72,72,72,72,72,72,72,72,72,72,72,72,72,72,72,72,72,72,72,72,72,72,72,72,72,72,36,36,36,36,36,36,36,36,36,36,36,36,36,36,36,36,36,36,36,36,36,36],"card_choices":[{"not_picked":["Poisoned Stab","Prepared"],"picked":"Blade Dance","floor":1},{"not_picked":["Setup","Acrobatics"],"picked":"Masterful Stab","floor":3},{"not_picked":["Outmaneuver","Well Laid Plans"],"picked":"Quick Slash","floor":4},{"not_picked":["Deadly Poison","Crippling Poison"],"picked":"Envenom","floor":5},{"not_picked":["Cloak And Dagger","Terror"],"picked":"Noxious Fumes","floor":7},{"not_picked":["Outmaneuver","Underhanded Strike"],"picked":"Calculated Gamble","floor":8},{"not_picked":["Slice","Underhanded Strike","Flechettes"],"picked":"SKIP","floor":10},{"not_picked":["Riddle With Holes","All Out Attack"],"picked":"Dagger Spray","floor":11},{"not_picked":["Footwork","Deadly Poison"],"picked":"Riddle With Holes","floor":13},{"not_picked":["Distraction","Dagger Spray"],"picked":"Crippling Poison","floor":14},{"not_picked":["Malaise","Burst"],"picked":"Adrenaline","floor":16},{"not_picked":["Prepared","Noxious Fumes"],"picked":"Backflip","floor":18},{"not_picked":["Dodge and Roll","Bouncing Flask"],"picked":"Footwork","floor":24},{"not_picked":["Quick Slash","Dash","Poisoned Stab"],"picked":"SKIP","floor":27},{"not_picked":["Dagger Spray","Caltrops"],"picked":"Dodge and Roll+1","floor":29},{"not_picked":["Bullet Time","Die Die Die"],"picked":"Malaise","floor":33},{"not_picked":["Poisoned Stab","Sucker Punch"],"picked":"Bane+1","floor":35},{"not_picked":["Reflex","Predator","Blade Dance"],"picked":"SKIP","floor":36},{"not_picked":["Poisoned Stab+1","Acrobatics"],"picked":"Dagger Spray+1","floor":37},{"not_picked":["Backflip","Underhanded Strike"],"picked":"Burst","floor":38},{"not_picked":["Dodge and Roll","Quick Slash","Outmaneuver+1"],"picked":"SKIP","floor":40},{"not_picked":["Cloak And Dagger","Sucker Punch"],"picked":"Blur","floor":42},{"not_picked":["Finisher","Blade Dance"],"picked":"Catalyst+1","floor":44},{"not_picked":["Dagger Spray","Flying Knee+1"],"picked":"Blur+1","floor":48}],"player_experience":1212286,"relics_obtained":[{"floor":8,"key":"Juzu Bracelet"},{"floor":9,"key":"Blood Vial"},{"floor":13,"key":"Vajra"},{"floor":24,"key":"Happy Flower"},{"floor":26,"key":"Bronze Scales"},{"floor":27,"key":"Centennial Puzzle"},{"floor":31,"key":"Red Mask"},{"floor":34,"key":"Boot"},{"floor":34,"key":"Pantograph"},{"floor":34,"key":"Thread and Needle"},{"floor":40,"key":"Ancient Tea Set"},{"floor":44,"key":"War Paint"}],"event_choices":[{"damage_healed":0,"gold_gain":0,"player_choice":"Forge","damage_taken":0,"max_hp_gain":0,"max_hp_loss":0,"event_name":"Accursed Blacksmith","floor":2,"gold_loss":0,"cards_upgraded":["Blade Dance"]},{"damage_healed":0,"gold_gain":0,"player_choice":"Bought 1 Potion","damage_taken":0,"max_hp_gain":0,"max_hp_loss":0,"event_name":"The Woman in Blue","floor":19,"gold_loss":0},{"damage_healed":0,"gold_gain":0,"cards_transformed":["Strike_G","Strike_G"],"player_choice":"Became Test Subject","damage_taken":0,"max_hp_gain":0,"max_hp_loss":0,"event_name":"Drug Dealer","floor":20,"gold_loss":0,"cards_obtained":["Eviscerate","Eviscerate"]},{"damage_healed":0,"gold_gain":0,"player_choice":"Upgraded","damage_taken":0,"max_hp_gain":0,"max_hp_loss":0,"event_name":"Upgrade Shrine","floor":21,"gold_loss":0,"cards_upgraded":["Envenom"]},{"damage_healed":0,"gold_gain":0,"player_choice":"Obtained Relic","damage_taken":0,"relics_obtained":["InkBottle"],"max_hp_gain":0,"max_hp_loss":0,"event_name":"Addict","floor":22,"gold_loss":85},{"damage_healed":0,"gold_gain":0,"player_choice":"Became a Ghost","damage_taken":0,"max_hp_gain":0,"max_hp_loss":36,"event_name":"Ghosts","floor":30,"gold_loss":0,"cards_obtained":["Ghostly","Ghostly","Ghostly"]},{"damage_healed":0,"gold_gain":0,"player_choice":"Fought Bandits","damage_taken":0,"max_hp_gain":0,"max_hp_loss":0,"event_name":"Masked Bandits","floor":31,"gold_loss":0},{"cards_removed":["Quick Slash"],"damage_healed":0,"gold_gain":0,"player_choice":"Removed Attack","damage_taken":0,"max_hp_gain":0,"max_hp_loss":0,"event_name":"Falling","floor":47,"gold_loss":0}],"is_beta":false,"boss_relics":[{"not_picked":["Ectoplasm","SlaversCollar"],"picked":"Coffee Dripper"},{"not_picked":["Black Star","Philosopher\u0027s Stone"],"picked":"Calling Bell"}],"items_purged_floors":[28,39],"is_endless":false,"potions_floor_spawned":[4,5,7,11,13,14,18,24,27,37,38,40],"killed_by":"Time Eater","ascension_level":20}}