{"host":"r91i8wii3z9p67t1","time":1612706407,"event":{"mods":["BaseMod","Minty Spire (QoL Compilation)","Relic Stats","StSLib"],"gold_per_floor":[111,111,129,146,165,165,181,181,263,263,277,310,310,336,336,431,431,441,441,356,372,389,421,20,20,20],"floor_reached":25,"language":"ENG","playtime":1741,"items_purged":["Strike_G"],"score":373,"play_id":"2b6eed49-292c-4a46-b352-3da4189d4161","local_time":"20210207220007","is_ascension_mode":true,"campfire_choices":[{"data":"Dagger Spray","floor":6.0,"key":"SMITH"},{"data":"Leg Sweep","floor":8.0,"key":"SMITH"},{"data":"Blade Dance","floor":10.0,"key":"SMITH"},{"data":"Infinite Blades","floor":15.0,"key":"SMITH"}],"circlet_count":0,"master_deck":["Strike_G","Strike_G","Strike_G","Strike_G","Defend_G","Defend_G","Defend_G","Defend_G","Defend_G","Survivor","Neutralize","Dagger Spray+1","Leg Sweep+1","Blade Dance+1","Predator","Corpse Explosion","Terror","Infinite Blades+1","Tools of the Trade","Ghostly","Ghostly","Ghostly","Ghostly","Ghostly","Caltrops+1","Cloak And Dagger","Well Laid Plans"],"relics":["Ring of the Snake","Shuriken","FossilizedHelix","Art of War","Pen Nib","Fusion Hammer","Letter Opener","Boot","Toxic Egg 2"],"acts_visited":["TheCity"],"potions_floor_usage":[],"damage_taken":[{"damage":5.0,"enemies":"2 Louse","floor":1.0,"turns":2.0},{"damage":0.0,"enemies":"Jaw Worm","floor":3.0,"turns":5.0},{"damage":0.0,"enemies":"Cultist","floor":4.0,"turns":5.0},{"damage":0.0,"enemies":"2 Fungi Beasts","floor":5.0,"turns":4.0},{"damage":3.0,"enemies":"3 Louse","floor":7.0,"turns":3.0},{"damage":0.0,"enemies":"Blue Slaver","floor":11.0,"turns":3.0},{"damage":11.0,"enemies":"Gremlin Nob","floor":12.0,"turns":4.0},{"damage":10.0,"enemies":"3 Sentries","floor":14.0,"turns":5.0},{"damage":29.0,"enemies":"Hexaghost","floor":16.0,"turns":6.0},{"damage":0,"enemies":"Spheric Guardian","floor":18,"turns":3},{"damage":0,"enemies":"Shell Parasite","floor":21,"turns":6},{"damage":2,"enemies":"Centurion and Healer","floor":22,"turns":5},{"damage":0,"enemies":"Slavers","floor":23,"turns":5},{"damage":0,"enemies":"Snecko","floor":25,"turns":3}],"seed_played":"8896759269173484653","potions_obtained":[{"floor":3.0,"key":"Explosive Potion"},{"floor":5.0,"key":"ColorlessPotion"},{"floor":11.0,"key":"SpeedPotion"},{"floor":14.0,"key":"Swift Potion"}],"is_trial":false,"path_per_floor":["M","?","M","M","M","R","M","R","T","R","M","E","?","E","R","B",null,"M","?","?","M","M","E","$","M"],"character_chosen":"THE_SILENT","items_purchased":["Toxic Egg 2","Well Laid Plans"],"campfire_rested":0,"item_purchase_floors":[24,24],"current_hp_per_floor":[65,70,70,70,70,70,67,67,67,67,67,56,49,39,39,10,64,64,41,41,41,39,39,39,39,39],"gold":20,"neow_bonus":"TEN_PERCENT_HP_BONUS","is_daily":false,"chose_seed":false,"campfire_upgraded":4,"win_rate":0.0,"timestamp":1612706407,"path_taken":["M","?","M","M","M","R","M","R","T","R","M","E","?","E","R","BOSS","M","?","?","M","M","E","$","M"],"items_purchased_type":["Relic","Card"],"build_version":"2020-12-22","purchased_purges":1,"victory":false,"max_hp_per_floor":[77,82,82,82,82,82,82,82,82,82,82,82,82,82,82,82,82,82,41,41,41,41,41,41,41,41],"relic_stats":{"counters":[5,22],"Shuriken":[12],"Pen Nib":[5],"Art of War":[4],"Letter Opener":[35],"Boot":[0],"obtain_stats":[{"Shuriken":0,"Pen Nib":0,"Fusion Hammer":17,"Art of War":0,"Letter Opener":20,"Toxic Egg 2":24,"Boot":23,"FossilizedHelix":0,"Ring of the Snake":0},{"Shuriken":0,"Pen Nib":0,"Fusion Hammer":0,"Art of War":0,"Letter Opener":1,"Toxic Egg 2":4,"Boot":4,"FossilizedHelix":0,"Ring of the Snake":0},{"Shuriken":0,"Pen Nib":0,"Fusion Hammer":0,"Art of War":0,"Letter Opener":3,"Toxic Egg 2":19,"Boot":19,"FossilizedHelix":0,"Ring of the Snake":0}],"Ring of the Snake":[10]},"card_choices":[{"not_picked":["Prepared","Quick Slash"],"picked":"Dagger Spray","floor":1.0},{"not_picked":["Dagger Spray","Deflect"],"picked":"Leg Sweep","floor":3.0},{"not_picked":["Backstab","Cloak And Dagger"],"picked":"Blade Dance","floor":4.0},{"not_picked":["Tactician","Skewer"],"picked":"Predator","floor":5.0},{"not_picked":["Sucker Punch","Underhanded Strike"],"picked":"Corpse Explosion","floor":7.0},{"not_picked":["Crippling Poison","Flying Knee"],"picked":"Terror","floor":11.0},{"not_picked":["Leg Sweep","Doppelganger","Deadly Poison"],"picked":"SKIP","floor":12.0},{"not_picked":["Dash","Noxious Fumes"],"picked":"Infinite Blades","floor":14.0},{"not_picked":["Adrenaline","Doppelganger"],"picked":"Tools of the Trade","floor":16.0},{"not_picked":["Deadly Poison","Bane","Distraction"],"picked":"SKIP","floor":18},{"not_picked":["Bane","Leg Sweep","PiercingWail"],"picked":"SKIP","floor":21},{"not_picked":["Flying Knee+1","Sucker Punch"],"picked":"Caltrops+1","floor":22},{"not_picked":["Flying Knee","Deflect"],"picked":"Cloak And Dagger","floor":23}],"player_experience":1024723,"relics_obtained":[{"floor":9.0,"key":"Shuriken"},{"floor":12.0,"key":"FossilizedHelix"},{"floor":14.0,"key":"Pen Nib"},{"floor":23,"key":"Boot"}],"event_choices":[{"damage_healed":0.0,"max_hp_gain":5.0,"max_hp_loss":0.0,"gold_gain":0.0,"event_name":"Big Fish","player_choice":"Donut","floor":2.0,"gold_loss":0.0,"damage_taken":0.0},{"damage_healed":0.0,"max_hp_gain":0.0,"max_hp_loss":0.0,"gold_gain":0.0,"event_name":"Scrap Ooze","player_choice":"Success","floor":13.0,"gold_loss":0.0,"damage_taken":7.0,"relics_obtained":["Art of War"]},{"damage_healed":0,"gold_gain":0,"player_choice":"Became a Ghost","damage_taken":0,"max_hp_gain":0,"max_hp_loss":41,"event_name":"Ghosts","floor":19,"gold_loss":0,"cards_obtained":["Ghostly","Ghostly","Ghostly","Ghostly","Ghostly"]},{"damage_healed":0,"gold_gain":0,"player_choice":"Obtained Relic","damage_taken":0,"relics_obtained":["Letter Opener"],"max_hp_gain":0,"max_hp_loss":0,"event_name":"Addict","floor":20,"gold_loss":85}],"is_beta":false,"boss_relics":[{"not_picked":["Coffee Dripper","Empty Cage"],"picked":"Fusion Hammer"}],"items_purged_floors":[24],"is_endless":false,"potions_floor_spawned":[3,5,11,14,16,22],"killed_by":"Snecko","ascension_level":7}}