{"host":"lmshf3swj20gmdor","time":1612680166,"event":{"mods":["2.2 Compatiblity","BaseMod","Conspire","Downfall","Googly Eyes","Hubris","Minty Spire (QoL Compilation)","Replay The Spire","Spikes Relics","StSLib","Synergy Search","The Servant 0.9.4"],"gold_per_floor":[112,125,125,137,150,150,172,172,226,240,240,258,274,274,274,393,493,516,531,552,576,576,609,609,634,679,679,679,604,451,467,467,590,590,515,528,575,506,529,563,563,584,584,598,598,598],"floor_reached":45,"language":"ENG","playtime":1541,"items_purged":[],"score":486,"play_id":"059f9425-6e97-4e5a-83d7-453dc3f9ed9e","local_time":"20210207064246","is_ascension_mode":false,"campfire_choices":[{"data":"Moonlight","floor":6,"key":"SMITH"},{"data":"Rearm","floor":8,"key":"SMITH"},{"data":"KidneyShot","floor":11,"key":"SMITH"},{"data":"Moonlight","floor":15,"key":"SMITH"},{"floor":24,"key":"REST"},{"data":"SilverBlades","floor":28,"key":"SMITH"},{"data":"FlawlessForm","floor":32,"key":"SMITH"},{"data":"hubris:DuctTapeCard","floor":41,"key":"SMITH"}],"circlet_count":0,"master_deck":["Strike_S","Strike_S","Strike_S","Defend_S","Defend_S","Defend_S","Defend_S","KidneyShot+1","Exchange","Unruled","Moonlight+1","Rearm+1","Moonlight+1","SoulSculpture","AbeCurse","BottledTime","DoubleEdge","FlawlessForm+1","Hightail","Solidify","Looming Evil","Amnesia","hubris:DuctTapeCard+2","MoonPhase+1","Parasite","Luminosity","Spin+1"],"relics":["SplendidAttire","NeowsBlessing","Orichalcum","Odd Mushroom","Pen Nib","Golden Idol","Replay:Grab Bag","Abe\u0027s Treasure","Replay:Wanted Poster","Ancient Tea Set","Potion Belt","Replay:Ancient Bell","MiniBlackHole","Blue Candle","TungstenRod","Happy Flower","hubris:DuctTape","InkBottle"],"acts_visited":["Exordium","TheCity","TheBeyond"],"potions_floor_usage":[7,23,33],"damage_taken":[{"damage":0,"enemies":"Jaw Worm","floor":1,"turns":1},{"damage":0,"enemies":"Cultist","floor":2,"turns":1},{"damage":0,"enemies":"2 Louse","floor":4,"turns":2},{"damage":6,"enemies":"Looter","floor":5,"turns":4},{"damage":14,"enemies":"The Mushroom Lair","floor":7,"turns":4},{"damage":0,"enemies":"2 Fungi Beasts","floor":10,"turns":3},{"damage":6,"enemies":"3 Louse","floor":12,"turns":4},{"damage":7,"enemies":"Lots of Slimes","floor":13,"turns":4},{"damage":12,"enemies":"Slime Boss","floor":16,"turns":7},{"damage":13,"enemies":"2 Thieves","floor":18,"turns":3},{"damage":0,"enemies":"Chosen","floor":19,"turns":2},{"damage":5,"enemies":"Snecko","floor":20,"turns":4},{"damage":4,"enemies":"Sentry and Sphere","floor":21,"turns":3},{"damage":24,"enemies":"Slavers","floor":23,"turns":3},{"damage":0,"enemies":"3 Cultists","floor":25,"turns":4},{"damage":0,"enemies":"Snake Plant","floor":31,"turns":3},{"damage":24,"enemies":"conspire:MysteriousRune","floor":33,"turns":9},{"damage":2,"enemies":"Orb Walker","floor":35,"turns":2},{"damage":3,"enemies":"3 Darklings","floor":36,"turns":6},{"damage":1,"enemies":"conspire:MimicChest","floor":37,"turns":7},{"damage":0,"enemies":"Spire Growth","floor":39,"turns":5},{"damage":0,"enemies":"R_Hoarder","floor":40,"turns":9},{"damage":0,"enemies":"Writhing Mass","floor":42,"turns":4},{"damage":13,"enemies":"Transient","floor":44,"turns":5},{"damage":42,"enemies":"Nemesis","floor":45,"turns":3}],"seed_played":"5447072226653672625","potions_obtained":[{"floor":1,"key":"Strength Potion"},{"floor":4,"key":"Adrenaline Potion"},{"floor":5,"key":"SkillPotion"},{"floor":13,"key":"Energy Potion"},{"floor":31,"key":"sneckomod:MuddlingPotion"},{"floor":33,"key":"SkillPotion"},{"floor":37,"key":"BlessingOfTheForge"},{"floor":39,"key":"FearPotion"}],"is_trial":false,"path_per_floor":["M","M","?","M","M","R","?","R","T","M","R","M","M","?","R","B",null,"M","M","M","M","?","E","R","M","T","?","R","?","$","M","R","B",null,"M","M","?","$","M","E","R","M","T","M","E"],"character_chosen":"THE_SERVANT","items_purchased":["FlawlessForm","SilverBlades"],"campfire_rested":1,"item_purchase_floors":[30,38],"current_hp_per_floor":[65,65,65,65,59,59,45,45,45,45,45,39,32,32,32,20,60,47,47,42,38,38,14,32,32,32,32,32,32,32,32,32,8,60,58,55,54,54,54,54,54,54,54,41,0,0],"gold":598,"neow_bonus":"THREE_ENEMY_KILL","is_daily":false,"chose_seed":false,"campfire_upgraded":7,"win_rate":0.0,"timestamp":1612680166,"path_taken":["M","M","?","M","?","R","?","R","T","M","R","M","M","?","R","BOSS","M","M","M","M","?","E","R","M","T","?","R","?","$","M","R","BOSS","M","M","?","$","?","E","R","?","T","M","E"],"items_purchased_type":["Card","Card"],"build_version":"2020-12-22","purchased_purges":0,"victory":false,"max_hp_per_floor":[65,65,65,65,65,65,65,65,65,65,65,65,65,60,60,60,60,60,60,60,60,60,60,60,60,60,60,60,60,60,60,60,60,60,60,60,60,60,60,60,60,60,60,60,60,60],"card_choices":[{"not_picked":["Read","TimeWarp","DoubleEdge"],"picked":"SKIP","floor":1},{"not_picked":["ShatteredReality","Foresight","Defy"],"picked":"SKIP","floor":2},{"not_picked":["Starlight","RealityMarble"],"picked":"Unruled","floor":4},{"not_picked":["FastForward","Replace"],"picked":"Moonlight","floor":5},{"not_picked":["Revamp","Alleviate"],"picked":"Rearm","floor":7},{"not_picked":["Potential","FanOfKnives","Rewind"],"picked":"SKIP","floor":10},{"not_picked":["Potential","ReturningBlade","TimeWarp"],"picked":"SKIP","floor":12},{"not_picked":["Desolation","Revamp"],"picked":"Moonlight","floor":13},{"not_picked":["FlawlessForm","Embodiment"],"picked":"SoulSculpture","floor":16},{"not_picked":["Unruled+1","Alleviate"],"picked":"BottledTime","floor":18},{"not_picked":["Defy+1","Foresight","ShatteredReality"],"picked":"SKIP","floor":19},{"not_picked":["ShatteredReality+1","Ricochet+1"],"picked":"DoubleEdge","floor":20},{"not_picked":["Rewind","Alleviate","Potential"],"picked":"SKIP","floor":21},{"not_picked":["DoubleEdge","ShatteredReality+1","Revamp+1"],"picked":"SKIP","floor":23},{"not_picked":["Dilation","DoubleEdge"],"picked":"SilverBlades","floor":25},{"not_picked":["TimeWarp+1","Ricochet"],"picked":"Hightail","floor":31},{"not_picked":["Initiator","Embodiment"],"picked":"Solidify","floor":33},{"not_picked":["hubris:Greed","hubris:Lust"],"picked":"Looming Evil","floor":34},{"not_picked":["ReplayTheSpireMod:Splinters","Overencumbered"],"picked":"Amnesia","floor":34},{"not_picked":["Pain","hubris:Wrath"],"picked":"ReplayTheSpireMod:IOU","floor":34},{"not_picked":["Snipe","Rewind","Contraction"],"picked":"SKIP","floor":35},{"not_picked":["Rewind","Comet","TimeWarp+1"],"picked":"SKIP","floor":36},{"not_picked":["Defy","TimeWarp+1","Replace+1"],"picked":"SKIP","floor":39},{"not_picked":["MoonPhase+1","Comet+1","Desolation+1"],"picked":"SKIP","floor":40},{"not_picked":["Comet+1","Desolation+1"],"picked":"MoonPhase+1","floor":40},{"not_picked":["Replace","Desolation+1"],"picked":"Luminosity","floor":42},{"not_picked":["Deny","DoubleEdge+1"],"picked":"Spin+1","floor":44}],"player_experience":793314,"relics_obtained":[{"floor":3,"key":"Orichalcum"},{"floor":7,"key":"Odd Mushroom"},{"floor":9,"key":"Pen Nib"},{"floor":23,"key":"Ancient Tea Set"},{"floor":26,"key":"Potion Belt"},{"floor":37,"key":"Happy Flower"},{"floor":40,"key":"hubris:DuctTape"},{"floor":43,"key":"InkBottle"}],"event_choices":[{"damage_healed":0,"gold_gain":0,"player_choice":"Relic","damage_taken":0,"max_hp_gain":0,"max_hp_loss":0,"event_name":"Wheel of Change","floor":3,"gold_loss":0},{"damage_healed":0,"gold_gain":0,"player_choice":"Fought Mushrooms","damage_taken":0,"max_hp_gain":0,"max_hp_loss":0,"event_name":"Mushrooms","floor":7,"gold_loss":0},{"damage_healed":0,"gold_gain":0,"player_choice":"Lose Max HP","damage_taken":0,"relics_obtained":["Golden Idol"],"max_hp_gain":0,"max_hp_loss":5,"event_name":"Golden Idol","floor":14,"gold_loss":0},{"damage_healed":0,"gold_gain":0,"player_choice":"Leave","damage_taken":0,"max_hp_gain":0,"max_hp_loss":0,"event_name":"conspire:Investor","floor":27,"gold_loss":0},{"cards_removed":["Strike_S"],"damage_healed":0,"gold_gain":0,"player_choice":"Gave Gold","damage_taken":0,"max_hp_gain":0,"max_hp_loss":0,"event_name":"Beggar","floor":29,"gold_loss":75}],"is_beta":false,"boss_relics":[{"not_picked":["hubris:CrackedHourglass","bronze:MakeshiftBattery"],"picked":"Replay:Grab Bag"},{"not_picked":["conspire:SeveredTorchhead","Runic Dome"],"picked":"Abe\u0027s Treasure"},{"not_picked":["Velvet Choker","MysterySword"],"picked":"Replay:Wanted Poster"},{"not_picked":["hubris:HollowSoul","Kintsugi"],"picked":"SplendidAttire"},{"not_picked":["SlaversCollar","Runic Pyramid"],"picked":"Replay:Ancient Bell"},{"not_picked":["Centennial Puzzle","Replay:Baseball"],"picked":"MiniBlackHole"},{"not_picked":["Singing Bowl","hubris:DeckOfHolding"],"picked":"Blue Candle"},{"not_picked":["Incense Burner","hubris:CuriousFeather"],"picked":"TungstenRod"}],"items_purged_floors":[],"is_endless":false,"potions_floor_spawned":[1,4,5,13,19,21,31,33,37,39,42,44],"killed_by":"Nemesis","ascension_level":0}}