{"host":"mydft8i2zzydgggw","time":1612666225,"event":{"mods":["AchievementEnabler","BaseMod","BetterRewards","Colored Map","Colored Powertips","DeckTracker","Keyboard Shortcuts","Minty Spire (QoL Compilation)","Rare Cards Sparkle","StSLib","SuperFastMode","everything is the same but u backflip on backflip"],"gold_per_floor":[117,134,134,146,20,46,46,146,171,198,17,27,40,54,54,152,152,164,164,64,64,1,1,30,30,30,60,60,60,70,103,103,203,203,214,264,277,23,123,123,123],"floor_reached":40,"language":"KOR","playtime":668,"items_purged":["Strike_R","Strike_R","Strike_R","Regret"],"score":665,"play_id":"3e4e5e0c-1f61-4c5a-9d15-fc55f6647bf6","local_time":"20210207115025","is_ascension_mode":true,"campfire_choices":[{"data":"Inflame","floor":7,"key":"SMITH"},{"floor":15,"key":"REST"},{"floor":23,"key":"REST"},{"floor":25,"key":"REST"},{"data":"Body Slam","floor":28,"key":"SMITH"},{"data":"Armaments","floor":32,"key":"SMITH"}],"circlet_count":0,"master_deck":["Defend_R","Defend_R","Defend_R","Bash","Body Slam+1","Inflame+1","Fire Breathing+1","Armaments+1","Blood for Blood","Immolate","Necronomicurse","Writhe","Shrug It Off","Perfected Strike+1","Flex+1","Intimidate+1","True Grit+1"],"relics":["Busted Crown","Smiling Mask","Anchor","Centennial Puzzle","Frozen Egg 2","Membership Card","Cursed Key","Necronomicon","Dream Catcher","InkBottle","Omamori","Sundial","Astrolabe","StoneCalendar","Gambling Chip"],"acts_visited":["Exordium","TheCity","TheBeyond"],"potions_floor_usage":[6,16,24,27,27,27,31,33,36,40,40],"damage_taken":[{"damage":1,"enemies":"2 Louse","floor":1,"turns":3},{"damage":6,"enemies":"Cultist","floor":2,"turns":3},{"damage":7,"enemies":"Jaw Worm","floor":4,"turns":3},{"damage":10,"enemies":"Gremlin Nob","floor":6,"turns":3},{"damage":20,"enemies":"3 Sentries","floor":10,"turns":7},{"damage":0,"enemies":"Exordium Wildlife","floor":12,"turns":5},{"damage":0,"enemies":"2 Fungi Beasts","floor":13,"turns":4},{"damage":6,"enemies":"Lots of Slimes","floor":14,"turns":4},{"damage":18,"enemies":"Slime Boss","floor":16,"turns":5},{"damage":35,"enemies":"Spheric Guardian","floor":18,"turns":4},{"damage":0,"enemies":"Slavers","floor":24,"turns":1},{"damage":28,"enemies":"Gremlin Leader","floor":27,"turns":5},{"damage":2,"enemies":"2 Thieves","floor":30,"turns":2},{"damage":6,"enemies":"Slavers","floor":31,"turns":4},{"damage":10,"enemies":"Collector","floor":33,"turns":5},{"damage":9,"enemies":"Orb Walker","floor":35,"turns":3},{"damage":10,"enemies":"Mind Bloom Boss Battle","floor":36,"turns":6},{"damage":7,"enemies":"3 Shapes","floor":37,"turns":2},{"damage":62,"enemies":"Giant Head","floor":40,"turns":6}],"seed_played":"5314502258764151755","potions_obtained":[{"floor":4,"key":"DuplicationPotion"},{"floor":10,"key":"Strength Potion"},{"floor":16,"key":"SneckoOil"},{"floor":18,"key":"BlessingOfTheForge"},{"floor":31,"key":"Swift Potion"},{"floor":35,"key":"ColorlessPotion"}],"is_trial":false,"path_per_floor":["M","M","?","M","$","E","R","?","T","E","$","M","M","M","R","B",null,"M","?","$","?","$","R","E","R","T","E","R","T","M","E","R","B",null,"M","?","M","$","?","E"],"character_chosen":"IRONCLAD","items_purchased":["Inflame","Membership Card","Armaments","EntropicBrew","Shrug It Off","Gambling Chip","BloodPotion","Strength Potion"],"campfire_rested":3,"item_purchase_floors":[5,11,11,20,22,38,38,38],"current_hp_per_floor":[71,65,58,51,51,41,41,41,41,21,21,21,21,15,39,21,65,30,14,14,14,14,38,38,62,62,48,48,48,46,40,40,30,68,59,49,42,42,42,0,0],"gold":123,"neow_bonus":"BOSS_RELIC","is_daily":false,"chose_seed":false,"campfire_upgraded":3,"win_rate":0.0,"timestamp":1612666225,"path_taken":["M","M","?","M","$","E","R","?","T","E","$","?","M","?","R","BOSS","M","?","$","?","$","R","E","R","T","E","R","?","M","E","R","BOSS","M","?","M","$","?","E"],"items_purchased_type":["Card","Relic","Card","Potion","Card","Relic","Potion","Potion"],"build_version":"2020-12-22","purchased_purges":4,"victory":false,"max_hp_per_floor":[80,80,80,80,80,80,80,80,80,80,80,80,80,80,80,80,80,80,80,80,80,80,80,80,80,80,80,80,80,80,80,80,80,80,80,80,80,80,80,80,80],"card_choices":[{"not_picked":["Havoc"],"picked":"SKIP","floor":1},{"not_picked":[],"picked":"Body Slam","floor":2},{"not_picked":["Spot Weakness"],"picked":"SKIP","floor":4},{"not_picked":["Rampage"],"picked":"SKIP","floor":6},{"not_picked":[],"picked":"Fire Breathing+1","floor":10},{"not_picked":[],"picked":"Blood for Blood","floor":12},{"not_picked":["Clothesline"],"picked":"SKIP","floor":13},{"not_picked":["Twin Strike"],"picked":"SKIP","floor":14},{"not_picked":[],"picked":"Immolate","floor":16},{"not_picked":["Thunderclap"],"picked":"SKIP","floor":18},{"not_picked":["Dropkick"],"picked":"SKIP","floor":24},{"not_picked":["Sword Boomerang"],"picked":"SKIP","floor":27},{"not_picked":["Anger"],"picked":"SKIP","floor":30},{"not_picked":["Brutality+1"],"picked":"SKIP","floor":31},{"not_picked":[],"picked":"True Grit+1","floor":35},{"not_picked":["Iron Wave"],"picked":"SKIP","floor":37}],"player_experience":239762,"relics_obtained":[{"floor":6,"key":"Anchor"},{"floor":9,"key":"Centennial Puzzle"},{"floor":10,"key":"Frozen Egg 2"},{"floor":19,"key":"Necronomicon"},{"floor":24,"key":"InkBottle"},{"floor":27,"key":"Omamori"},{"floor":31,"key":"Sundial"},{"floor":36,"key":"StoneCalendar"}],"event_choices":[{"damage_healed":0,"gold_gain":0,"player_choice":"Success","damage_taken":7,"relics_obtained":["Smiling Mask"],"max_hp_gain":0,"max_hp_loss":0,"event_name":"Scrap Ooze","floor":3,"gold_loss":0},{"damage_healed":0,"gold_gain":100,"player_choice":"Pray","damage_taken":0,"max_hp_gain":0,"max_hp_loss":0,"event_name":"Golden Shrine","floor":8,"gold_loss":0},{"damage_healed":0,"gold_gain":0,"player_choice":"Obtained Book","damage_taken":16,"max_hp_gain":0,"max_hp_loss":0,"event_name":"Cursed Tome","floor":19,"gold_loss":0},{"damage_healed":0,"gold_gain":0,"player_choice":"Opened","damage_taken":0,"relics_obtained":["Dream Catcher"],"max_hp_gain":0,"max_hp_loss":0,"event_name":"The Mausoleum","floor":21,"gold_loss":0,"cards_obtained":["Writhe"]},{"damage_healed":0,"gold_gain":0,"player_choice":"Fight","damage_taken":0,"max_hp_gain":0,"max_hp_loss":0,"event_name":"MindBloom","floor":36,"gold_loss":0},{"damage_healed":0,"gold_gain":100,"player_choice":"Pray","damage_taken":0,"max_hp_gain":0,"max_hp_loss":0,"event_name":"Golden Shrine","floor":39,"gold_loss":0}],"is_beta":false,"boss_relics":[{"not_picked":["Runic Cube","Coffee Dripper"],"picked":"Cursed Key"},{"not_picked":["Tiny House","Philosopher\u0027s Stone"],"picked":"Astrolabe"}],"items_purged_floors":[5,20,22,38],"is_endless":false,"potions_floor_spawned":[4,10,16,18,31,35],"killed_by":"Giant Head","ascension_level":8}}