{"host":"zwezhz46a5cjkxff","time":1612672848,"event":{"mods":["AchievementEnabler","BaseMod","Colored Map","Colored Powertips","DeckTracker","Minty Spire (QoL Compilation)","Permanent Neow","Quick Restart","Rare Cards Sparkle","Relic Stats","StSLib","SuperFastMode"],"gold_per_floor":[116,135,135,63,79,79,4,36,60,60,60,91,91,56,56,151,151,161,161,171,190,105,105,5,34,34,34,60,60,89,113,113,226,226,241,276,276,120,170,170,214,243,243,271,271,304,319,348,348,348],"floor_reached":51,"language":"ENG","playtime":1327,"items_purged":["Strike_G","Defend_G","Writhe"],"score":964,"play_id":"7339e289-d660-4358-ae21-e547006a5bc1","local_time":"20210206224048","is_ascension_mode":true,"campfire_choices":[{"floor":6,"key":"RECALL"},{"data":"Blade Dance","floor":10,"key":"SMITH"},{"data":"Cloak And Dagger","floor":13,"key":"SMITH"},{"data":"After Image","floor":15,"key":"SMITH"},{"data":"Adrenaline","floor":23,"key":"SMITH"},{"data":"Blade Dance","floor":27,"key":"SMITH"},{"data":"Neutralize","floor":32,"key":"SMITH"},{"data":"Accuracy","floor":40,"key":"SMITH"},{"data":"Burst","floor":49,"key":"SMITH"}],"circlet_count":0,"master_deck":["Strike_G+1","Strike_G","Strike_G+1","Defend_G","Defend_G","Defend_G","Defend_G","Survivor","Neutralize+1","After Image+1","Blade Dance+1","Cloak And Dagger","Corpse Explosion","Infinite Blades+1","Backstab","Cloak And Dagger+1","Well Laid Plans","Adrenaline+1","Backflip","Blade Dance+1","Terror+1","Caltrops+1","Burst+1","Accuracy+1","Blur+1","Caltrops"],"relics":["Ring of the Snake","Spirit Poop","Bag of Marbles","Pen Nib","Juzu Bracelet","WristBlade","Bronze Scales","CeramicFish","Orichalcum","Dream Catcher","Cursed Key","Omamori","Bird Faced Urn","Bottled Lightning","Torii","Molten Egg 2","Darkstone Periapt","Whetstone"],"acts_visited":["Exordium","TheCity","TheBeyond"],"potions_floor_usage":[12,16,25,33,39,41,48,50],"damage_taken":[{"damage":3,"enemies":"Jaw Worm","floor":1,"turns":7},{"damage":0,"enemies":"Cultist","floor":2,"turns":4},{"damage":2,"enemies":"Small Slimes","floor":5,"turns":4},{"damage":22,"enemies":"Gremlin Nob","floor":8,"turns":5},{"damage":10,"enemies":"3 Sentries","floor":12,"turns":5},{"damage":9,"enemies":"Hexaghost","floor":16,"turns":11},{"damage":0,"enemies":"3 Byrds","floor":18,"turns":1},{"damage":0,"enemies":"Spheric Guardian","floor":20,"turns":2},{"damage":0,"enemies":"3 Cultists","floor":21,"turns":2},{"damage":0,"enemies":"Gremlin Leader","floor":25,"turns":1},{"damage":0,"enemies":"Book of Stabbing","floor":28,"turns":2},{"damage":7,"enemies":"Centurion and Healer","floor":30,"turns":3},{"damage":0,"enemies":"Snake Plant","floor":31,"turns":2},{"damage":33,"enemies":"Collector","floor":33,"turns":4},{"damage":0,"enemies":"Orb Walker","floor":35,"turns":3},{"damage":13,"enemies":"Mind Bloom Boss Battle","floor":39,"turns":3},{"damage":1,"enemies":"Giant Head","floor":41,"turns":5},{"damage":0,"enemies":"3 Darklings","floor":42,"turns":1},{"damage":7,"enemies":"Nemesis","floor":44,"turns":3},{"damage":0,"enemies":"Giant Head","floor":46,"turns":5},{"damage":0,"enemies":"Sphere and 2 Shapes","floor":47,"turns":3},{"damage":10,"enemies":"Nemesis","floor":48,"turns":3},{"damage":66,"enemies":"Awakened One","floor":50,"turns":9}],"seed_played":"-5781594113054955996","potions_obtained":[{"floor":1,"key":"SpeedPotion"},{"floor":8,"key":"BlessingOfTheForge"},{"floor":12,"key":"Weak Potion"},{"floor":16,"key":"Dexterity Potion"},{"floor":18,"key":"ColorlessPotion"},{"floor":21,"key":"AttackPotion"},{"floor":35,"key":"LiquidMemories"},{"floor":39,"key":"Poison Potion"},{"floor":46,"key":"SkillPotion"},{"floor":47,"key":"PowerPotion"}],"is_trial":false,"path_per_floor":["M","M","?","$","M","R","$","E","T","R","?","E","R","$","R","B",null,"M","T","M","M","?","R","$","E","T","R","E","$","M","M","R","B",null,"M","T","?","$","?","R","E","M","T","E","?","E","M","E","R","B",null],"character_chosen":"THE_SILENT","items_purchased":["Corpse Explosion","Well Laid Plans","Accuracy"],"campfire_rested":0,"item_purchase_floors":[4,14,38],"current_hp_per_floor":[67,67,67,67,65,65,65,43,43,43,43,33,33,33,33,24,70,70,70,70,70,70,70,70,70,70,70,70,70,63,63,63,30,70,70,70,70,70,57,57,64,64,64,63,63,70,70,64,64,10],"gold":348,"neow_bonus":"THREE_RARE_CARDS","is_daily":false,"chose_seed":false,"campfire_upgraded":8,"win_rate":0.0,"timestamp":1612672848,"path_taken":["M","M","?","$","?","R","?","E","T","R","?","E","R","$","R","BOSS","M","?","M","M","?","R","?","E","T","R","E","$","M","M","R","BOSS","M","?","?","$","?","R","E","M","T","E","?","E","M","E","R","BOSS"],"items_purchased_type":["Card","Card","Card"],"build_version":"2020-12-22","purchased_purges":3,"victory":true,"max_hp_per_floor":[70,70,70,70,70,70,70,70,70,70,70,70,70,70,70,70,70,70,70,70,70,70,70,70,70,70,70,70,70,70,70,70,70,70,70,70,70,70,70,70,70,70,70,70,70,70,70,70,70,70],"relic_stats":{"Darkstone Periapt":0,"Torii":0,"counters":[23,88],"CeramicFish":63,"Pen Nib":[29],"Juzu Bracelet":0,"Whetstone":["Strike_G","Strike_G"],"Orichalcum":[0],"Cursed Key":2,"Dream Catcher":0,"Bronze Scales":[115],"Bird Faced Urn":[37],"obtain_stats":[{"Darkstone Periapt":46,"Torii":43,"CeramicFish":22,"Spirit Poop":3,"Pen Nib":9,"Juzu Bracelet":12,"Omamori":36,"Whetstone":48,"Orichalcum":25,"Cursed Key":34,"Dream Catcher":28,"WristBlade":17,"Bronze Scales":19,"Bird Faced Urn":39,"Molten Egg 2":44,"Bag of Marbles":8,"Bottled Lightning":41,"Ring of the Snake":0},{"Darkstone Periapt":20,"Torii":18,"CeramicFish":9,"Spirit Poop":2,"Pen Nib":4,"Juzu Bracelet":5,"Omamori":15,"Whetstone":22,"Orichalcum":10,"Cursed Key":14,"Dream Catcher":11,"WristBlade":6,"Bronze Scales":7,"Bird Faced Urn":16,"Molten Egg 2":19,"Bag of Marbles":4,"Bottled Lightning":17,"Ring of the Snake":0},{"Darkstone Periapt":73,"Torii":65,"CeramicFish":41,"Spirit Poop":11,"Pen Nib":20,"Juzu Bracelet":25,"Omamori":56,"Whetstone":79,"Orichalcum":42,"Cursed Key":53,"Dream Catcher":44,"WristBlade":36,"Bronze Scales":37,"Bird Faced Urn":59,"Molten Egg 2":68,"Bag of Marbles":20,"Bottled Lightning":64,"Ring of the Snake":0}],"Ring of the Snake":[46]},"card_choices":[{"not_picked":["Adrenaline","Malaise"],"picked":"After Image","floor":0},{"not_picked":["Heel Hook","Outmaneuver"],"picked":"Blade Dance","floor":1},{"not_picked":["Sucker Punch","PiercingWail"],"picked":"Cloak And Dagger","floor":2},{"not_picked":["Deflect","Predator"],"picked":"Infinite Blades","floor":5},{"not_picked":["Quick Slash","Heel Hook"],"picked":"Backstab","floor":8},{"not_picked":["Prepared","Malaise"],"picked":"Cloak And Dagger","floor":12},{"not_picked":["Venomology","Night Terror"],"picked":"Adrenaline","floor":16},{"not_picked":["Skewer+1","Slice+1"],"picked":"Backflip","floor":18},{"not_picked":["Reflex+1","Tactician+1"],"picked":"Blade Dance","floor":20},{"not_picked":["Underhanded Strike","Prepared","All Out Attack"],"picked":"SKIP","floor":21},{"not_picked":["Slice","Sucker Punch","Masterful Stab+1"],"picked":"SKIP","floor":25},{"not_picked":["Dagger Throw+1","Prepared","Tactician"],"picked":"SKIP","floor":28},{"not_picked":["Sucker Punch","Riddle With Holes"],"picked":"Terror+1","floor":30},{"not_picked":["Quick Slash","Predator"],"picked":"Caltrops+1","floor":31},{"not_picked":["Doppelganger","Wraith Form v2"],"picked":"Burst","floor":33},{"not_picked":["Poisoned Stab+1","Flechettes+1","Dagger Spray+1"],"picked":"SKIP","floor":35},{"not_picked":["Masterful Stab","Prepared+1"],"picked":"Blur+1","floor":41},{"not_picked":["Outmaneuver","Bane+1"],"picked":"Caltrops","floor":42},{"not_picked":["Acrobatics+1","Deadly Poison+1","Sucker Punch+1"],"picked":"SKIP","floor":44},{"not_picked":["Setup","Poisoned Stab+1","Eviscerate+1"],"picked":"SKIP","floor":46},{"not_picked":["Calculated Gamble+1","All Out Attack+1","Deadly Poison+1"],"picked":"SKIP","floor":47},{"not_picked":["Flying Knee+1","Underhanded Strike+1","Reflex+1"],"picked":"SKIP","floor":48}],"player_experience":78693,"relics_obtained":[{"floor":8,"key":"Bag of Marbles"},{"floor":9,"key":"Pen Nib"},{"floor":12,"key":"Juzu Bracelet"},{"floor":19,"key":"Bronze Scales"},{"floor":25,"key":"Orichalcum"},{"floor":28,"key":"Dream Catcher"},{"floor":36,"key":"Omamori"},{"floor":39,"key":"Bird Faced Urn"},{"floor":41,"key":"Bottled Lightning"},{"floor":43,"key":"Torii"},{"floor":44,"key":"Molten Egg 2"},{"floor":46,"key":"Darkstone Periapt"},{"floor":48,"key":"Whetstone"}],"event_choices":[{"cards_removed":["Regret"],"damage_healed":0,"gold_gain":0,"player_choice":"Offered Curse","damage_taken":0,"relics_obtained":["Spirit Poop"],"max_hp_gain":0,"max_hp_loss":0,"event_name":"Bonfire Elementals","floor":3,"gold_loss":0},{"damage_healed":0,"gold_gain":0,"player_choice":"Upgraded","damage_taken":0,"max_hp_gain":0,"max_hp_loss":0,"event_name":"Upgrade Shrine","floor":11,"gold_loss":0,"cards_upgraded":["Infinite Blades"]},{"damage_healed":0,"gold_gain":0,"player_choice":"Obtained Relic","damage_taken":0,"relics_obtained":["CeramicFish"],"max_hp_gain":0,"max_hp_loss":0,"event_name":"Addict","floor":22,"gold_loss":85},{"cards_removed":["Strike_G"],"damage_healed":0,"gold_gain":0,"player_choice":"Removed Attack","damage_taken":0,"max_hp_gain":0,"max_hp_loss":0,"event_name":"Falling","floor":37,"gold_loss":0},{"damage_healed":0,"gold_gain":0,"player_choice":"Fight","damage_taken":0,"max_hp_gain":0,"max_hp_loss":0,"event_name":"MindBloom","floor":39,"gold_loss":0},{"damage_healed":0,"gold_gain":0,"player_choice":"Memory 1","damage_taken":0,"max_hp_gain":0,"max_hp_loss":0,"event_name":"SensoryStone","floor":45,"gold_loss":0}],"is_beta":false,"boss_relics":[{"not_picked":["Empty Cage","Pandora\u0027s Box"],"picked":"WristBlade"},{"not_picked":["HoveringKite","Busted Crown"],"picked":"Cursed Key"}],"items_purged_floors":[7,24,38],"is_endless":false,"potions_floor_spawned":[1,8,12,16,18,20,21,35,39,46,47],"ascension_level":2}}