{"host":"ihsge0lre3slh6sc","time":1612718407,"event":{"mods":["BaseMod","Highlight Path","Lobotomy","LobotomyExtend","Marisa（F雨　魔理沙）","Minty Spire (QoL Compilation)","MostiFishMod","Quick Restart","Remilia（蕾米莉亚）","Shop Mod","StSLib","TestMod","Waifu the Spire","WarShipGirlsR/战舰少女R mod","Youmu（魂魄妖梦）","[IsaacMod]以撒尖塔","篝火指南"],"gold_per_floor":[15,64,64,81,81,106,126,126,126],"floor_reached":8,"language":"ZHS","playtime":205,"items_purged":[],"score":76,"play_id":"8e572953-435e-4275-a54e-04fd88b26b25","local_time":"20210208012007","is_ascension_mode":true,"campfire_choices":[],"circlet_count":0,"master_deck":["rmod:strick","rmod:strick","rmod:strick","rmod:defend","rmod:defend","rmod:defend","rmod:basicallowance","rmod:maingunfire","rmod:fletcherpendant","rmod:salvage","Regret","rmod:fletcherpendant","rmod:intelligenceanalysis","rmod:wife"],"relics":["rmod:firstchargereward","HushsDoor","testmod-TestBox","DaveBox","ChiXiaoBlade","testmod-BouquetWithThorns","TheBible","SynthV:TestCard","LetterFromLob","Sundial","GuppysPaw","Tiny Chest"],"acts_visited":["Exordium"],"potions_floor_usage":[],"damage_taken":[{"damage":1,"enemies":"Small Slimes","floor":1,"turns":4},{"damage":2,"enemies":"Cultist","floor":4,"turns":3},{"damage":4,"enemies":"3 Sentries","floor":6,"turns":2},{"damage":2,"enemies":"2 Louse","floor":7,"turns":2},{"damage":20,"enemies":"Lagavulin","floor":8,"turns":3}],"seed_played":"6912602684867843246","potions_obtained":[{"floor":1,"key":"Strength Potion"},{"floor":7,"key":"Swift Potion"}],"is_trial":false,"path_per_floor":["M","?","?","M","?","E","M","E"],"character_chosen":"PRAEFECT","items_purchased":[],"campfire_rested":0,"item_purchase_floors":[],"current_hp_per_floor":[67,52,52,50,47,43,41,21,21],"gold":126,"neow_bonus":"TRANSFORM_TWO_CARDS","is_daily":false,"chose_seed":false,"campfire_upgraded":0,"win_rate":0.0,"timestamp":1612718407,"path_taken":["M","?","?","M","?","E","M","E"],"items_purchased_type":[],"build_version":"2020-12-22","purchased_purges":0,"victory":false,"max_hp_per_floor":[75,75,75,75,75,75,75,75,75],"card_choices":[{"not_picked":[],"picked":"Bomb","floor":0},{"not_picked":["rmod:steelsupply","rmod:combined","rmod:wolves"],"picked":"SKIP","floor":1},{"not_picked":["rmod:victimresponsibility","rmod:maintain","rmod:garrisonisland","rmod:aluminumsupply"],"picked":"rmod:intelligenceanalysis","floor":4},{"not_picked":["rmod:bulid","rmod:aluminumsupply","rmod:punchline","rmod:goodfighter","rmod:auspiciousomen"],"picked":"SKIP","floor":6},{"not_picked":["rmod:highspeedshooting","rmod:wolves","rmod:punchline","rmod:intelligenceanalysis"],"picked":"rmod:wife","floor":7}],"player_experience":810173,"relics_obtained":[{"floor":1,"key":"SynthV:TestCard"},{"floor":1,"key":"LetterFromLob"},{"floor":6,"key":"Tiny Chest"}],"event_choices":[{"damage_healed":0,"gold_gain":0,"player_choice":"Box","damage_taken":0,"relics_obtained":["Sundial"],"max_hp_gain":0,"max_hp_loss":0,"event_name":"Big Fish","floor":3,"gold_loss":0,"cards_obtained":["Regret"]},{"damage_healed":0,"gold_gain":0,"player_choice":"Success","damage_taken":3,"relics_obtained":["GuppysPaw"],"max_hp_gain":0,"max_hp_loss":0,"event_name":"Scrap Ooze","floor":5,"gold_loss":0}],"is_beta":false,"boss_relics":[],"items_purged_floors":[],"is_endless":false,"potions_floor_spawned":[1,7],"killed_by":"Lagavulin","ascension_level":7}}