{"host":"9ahx8fyo8ahtgkt3","time":1612735782,"event":{"mods":["BaseMod","Bestiary","Better Third Choice","BetterRewards","Colored Powertips","Conspire","Curses Come First","Downfall","Evolution","Hubris","Infinite Spire","Minty Spire (QoL Compilation)","Quick Restart","Replay The Spire","Shop Mod","Spicy Shops","StSLib","Synergy Search"],"gold_per_floor":[309,324,324,399,141,141,141,158,184,204,204,232,247,258,258,358,358,377,396,412,427,342,342,617,634,634,634,634,648,658,675,675,773,773,792,792,242,292,342,342,94,94,94,109,119,119,119,139,139,139],"floor_reached":51,"language":"DEU","playtime":6700,"items_purged":["Parasite","hexamod:EtherealExpedition","Voices"],"score":724,"play_id":"2b18100c-3b11-4276-9ba1-f5c5675376f8","local_time":"20210207230942","is_ascension_mode":false,"campfire_choices":[{"data":"Calculated Gamble","floor":6.0,"key":"SMITH"},{"data":"Cloak And Dagger","floor":15.0,"key":"SMITH"},{"data":"ReplayTheSpireMod:Shiv Toss","floor":23.0,"key":"SMITH"},{"data":"ReplayTheSpireMod:The Works","floor":40.0,"key":"SMITH"},{"data":"Infinite Blades","floor":42.0,"key":"SMITH"},{"data":"Slimebound:Recycling","floor":49.0,"key":"SMITH"}],"circlet_count":0,"master_deck":["Dagger Throw","Dagger Throw","Dagger Throw","Dagger Throw","Dodge and Roll","Defend_G+1","Defend_G","Defend_G+1","Defend_G","Survivor","Neutralize","ReplayTheSpireMod:Shiv Toss+1","conspire:DoublingDagger","Endless Agony","Blade Dance","hubris:Sniper","Prepared+1","Calculated Gamble+1","Dagger Spray+1","Cloak And Dagger+1","Hidden Blade","ReplayTheSpireMod:The Works+1","Acrobatics","Doppelganger","Reflex","Blade Dance+1","Blade Dance+1","Acrobatics+1","Slimebound:Recycling+1","Well Laid Plans","ReplayTheSpireMod:Scrap Shanks","Infinite Blades+1","Cloak And Dagger","Storm of Steel","Cloak And Dagger"],"relics":["sneckomod:ConfusingCodex","ReplayTheSpireMod:Lightbulb","m_SlimeRing","MerchantsRug","hubris:AncientText","Simple Rune","Darkstone Periapt","conspire:RunicOctahedron","Oddly Smooth Stone","Replay:Baseball","Iron Hammer","WristBlade","Blue Doll","Ice Cream","conspire:TreasureMap","Ring of Greed","Membership Card","Tiny Chest","Ring of Fury","BargainBundle","Strange Spoon","infinitespire:Beetle Shell","infinitespire:Eraser","infinitespire:Satchel"],"acts_visited":["Exordium","TheCity","TheBeyond"],"potions_floor_usage":[],"damage_taken":[{"damage":1.0,"enemies":"infinitespire:Voidling","floor":1.0,"turns":4.0},{"damage":0.0,"enemies":"Small Slimes","floor":2.0,"turns":3.0},{"damage":3.0,"enemies":"conspire:RoseBush","floor":8.0,"turns":1.0},{"damage":13.0,"enemies":"Looter","floor":10.0,"turns":3.0},{"damage":4.0,"enemies":"3 Sentries","floor":12.0,"turns":4.0},{"damage":0.0,"enemies":"Red Slaver","floor":13.0,"turns":5.0},{"damage":4.0,"enemies":"Large Slime","floor":14.0,"turns":5.0},{"damage":10.0,"enemies":"Fading Forest","floor":16.0,"turns":11.0},{"damage":0.0,"enemies":"Spheric Guardian","floor":18.0,"turns":2.0},{"damage":0.0,"enemies":"Shell Parasite","floor":19.0,"turns":2.0},{"damage":0.0,"enemies":"3 Cultists","floor":20.0,"turns":2.0},{"damage":3.0,"enemies":"conspire:HollyBat","floor":21.0,"turns":5.0},{"damage":0.0,"enemies":"Centurion and Healer","floor":25.0,"turns":1.0},{"damage":0.0,"enemies":"Sentry and Sphere","floor":29.0,"turns":3.0},{"damage":0.0,"enemies":"conspire:HollyBat","floor":30.0,"turns":5.0},{"damage":18.0,"enemies":"conspire:MysteriousRune","floor":33.0,"turns":4.0},{"damage":0.0,"enemies":"3 Shapes","floor":35.0,"turns":3.0},{"damage":0.0,"enemies":"Mind Bloom Boss Battle","floor":39.0,"turns":3.0},{"damage":0.0,"enemies":"3 Darklings","floor":44.0,"turns":2.0},{"damage":0.0,"enemies":"Maw","floor":45.0,"turns":2.0},{"damage":0.0,"enemies":"Transient","floor":48.0,"turns":2.0},{"damage":19,"enemies":"Replay:Hell Engine","floor":50,"turns":3}],"seed_played":"-3056490957989350961","potions_obtained":[{"floor":2.0,"key":"Fruit Juice"},{"floor":8.0,"key":"Languid Potion"},{"floor":12.0,"key":"SpeedPotion"},{"floor":14.0,"key":"Block Potion"},{"floor":29.0,"key":"Slimebound:ThreeZeroPotion"},{"floor":32.0,"key":"PowerPotion"},{"floor":33.0,"key":"CunningPotion"},{"floor":44.0,"key":"champ:CounterPotion"},{"floor":48.0,"key":"Slimebound:ThreeZeroPotion"}],"is_trial":false,"path_per_floor":["M","M","?","?","$","R","?","M","T","M","?","E","M","M","R","B",null,"M","M","M","M","?","R","?","M","T","T","?","M","M","$","R","B",null,"M","?","$","?","?","R","$","R","T","M","M","AVR","T","M","R","B",null],"character_chosen":"THE_SILENT","items_purchased":["Orrery","Prepared+1","infinitespire:Chaos","MerchantsRug","Dagger Spray+1","ReplayTheSpireMod:Scrap Shanks","Blue Doll","Ice Cream","conspire:TreasureMap","Infinite Blades","BargainBundle","Cloak And Dagger","Strange Spoon"],"campfire_rested":0,"item_purchase_floors":[0,0,5,5,5,37,37,37,37,41,41,41,41],"current_hp_per_floor":[69,74,56,45,45,45,72,69,69,56,56,52,52,48,48,48,72,72,72,72,69,69,69,75,75,75,75,75,75,75,75,75,57,78,78,78,78,84,84,84,84,84,84,84,84,84,84,84,84,65],"gold":139,"neow_bonus":"","is_daily":false,"chose_seed":false,"campfire_upgraded":6,"win_rate":0.0,"timestamp":1612735782,"path_taken":["M","?","?","?","$","R","?","?","T","M","?","E","M","M","R","BOSS","M","M","?","M","?","R","?","?","T","?","?","M","M","$","R","BOSS","M","?","?","?","?","R","$","R","T","?","?","AVR","?","M","R","BOSS"],"items_purchased_type":["Relic","Card","Relic","Relic","Card","Card","Relic","Relic","Relic","Card","Relic","Card","Relic"],"build_version":"2020-12-22","purchased_purges":3,"victory":true,"max_hp_per_floor":[70,75,75,75,72,72,72,72,72,72,72,72,72,72,72,72,72,72,72,72,72,72,72,78,78,78,78,78,78,78,78,78,78,78,78,78,78,84,84,84,84,84,84,84,84,84,84,84,84,84],"card_choices":[{"not_picked":["Distraction","A Thousand Cuts"],"picked":"ReplayTheSpireMod:Shiv Toss","floor":0.0},{"not_picked":["Bane","Deflect"],"picked":"conspire:DoublingDagger","floor":0.0},{"not_picked":["hubris:SlightOfHand","ReplayTheSpireMod:Speed Training"],"picked":"Endless Agony","floor":0.0},{"not_picked":["Masterful Stab","Doppelganger"],"picked":"Blade Dance","floor":0.0},{"not_picked":["Crippling Poison","Slice"],"picked":"hubris:Sniper","floor":0.0},{"not_picked":["Skewer","Dagger Spray","PiercingWail"],"picked":"SKIP","floor":1.0},{"not_picked":["Bane","Dodge and Roll"],"picked":"Calculated Gamble","floor":2.0},{"not_picked":["PiercingWail","Poisoned Stab"],"picked":"hexamod:EtherealExpedition","floor":8.0},{"not_picked":["Catalyst","PiercingWail"],"picked":"Cloak And Dagger","floor":10.0},{"not_picked":["Deadly Poison","Escape Plan"],"picked":"Hidden Blade","floor":12.0},{"not_picked":["Dodge and Roll","Bane"],"picked":"ReplayTheSpireMod:The Works","floor":13.0},{"not_picked":["Warcry","Flying Knee"],"picked":"Acrobatics","floor":14.0},{"not_picked":["ReplayTheSpireMod:From All Sides","After Image"],"picked":"Doppelganger","floor":16.0},{"not_picked":["Well Laid Plans+1","hexamod:Hexaguard"],"picked":"Reflex","floor":18.0},{"not_picked":["Sucker Punch+1","hexamod:GhostShield","Flying Knee+1"],"picked":"SKIP","floor":19.0},{"not_picked":["hexamod:GhostLash","Warcry","Outmaneuver+1"],"picked":"SKIP","floor":20.0},{"not_picked":["hexamod:NightmareStrike+1","Underhanded Strike"],"picked":"Blade Dance+1","floor":21.0},{"not_picked":["hexamod:NecessarySacrifice","Quick Slash"],"picked":"Blade Dance+1","floor":25.0},{"not_picked":["Blur","Deflect+1"],"picked":"Acrobatics+1","floor":29.0},{"not_picked":["hexamod:GhostLash","Poisoned Stab","hubris:SlightOfHand+1"],"picked":"SKIP","floor":30.0},{"not_picked":["After Image","Night Terror"],"picked":"Slimebound:Recycling","floor":33.0},{"not_picked":["Bane+1","Quick Slash+1"],"picked":"Well Laid Plans","floor":35.0},{"not_picked":["Dodge and Roll+1","Slimebound:Prepare","hubris:SlightOfHand"],"picked":"SKIP","floor":44.0},{"not_picked":["conspire:PoisonWeapons","Quick Slash"],"picked":"Storm of Steel","floor":45.0},{"not_picked":["Bane+1","Eviscerate"],"picked":"Cloak And Dagger","floor":48.0}],"player_experience":49315,"relics_obtained":[{"floor":9.0,"key":"hubris:AncientText"},{"floor":12.0,"key":"Darkstone Periapt"},{"floor":26.0,"key":"Replay:Baseball"},{"floor":27.0,"key":"Iron Hammer"},{"floor":38.0,"key":"Ring of Greed"},{"floor":38.0,"key":"Membership Card"},{"floor":38.0,"key":"Tiny Chest"},{"floor":38.0,"key":"Ring of Fury"},{"floor":43.0,"key":"infinitespire:Beetle Shell"},{"floor":47.0,"key":"infinitespire:Satchel"}],"event_choices":[{"damage_healed":0.0,"max_hp_gain":0.0,"max_hp_loss":0.0,"gold_gain":0.0,"event_name":"Golden Idol","player_choice":"Take Damage","floor":3.0,"gold_loss":0.0,"damage_taken":18.0,"relics_obtained":["Golden Idol"]},{"damage_healed":0.0,"max_hp_gain":0.0,"max_hp_loss":0.0,"gold_gain":75.0,"event_name":"betterThird:BetterGoop","player_choice":"Gold","floor":4.0,"gold_loss":0.0,"damage_taken":11.0},{"damage_healed":27.0,"max_hp_gain":0.0,"max_hp_loss":0.0,"gold_gain":0.0,"event_name":"Wheel of Change","player_choice":"Full Heal","floor":7.0,"gold_loss":0.0,"damage_taken":0.0},{"cards_removed":["Dagger Throw"],"damage_healed":0.0,"max_hp_gain":0.0,"max_hp_loss":0.0,"gold_gain":0.0,"event_name":"WeMeetAgain","player_choice":"Gave Card","floor":11.0,"gold_loss":0.0,"damage_taken":0.0,"relics_obtained":["Simple Rune"]},{"damage_healed":0.0,"max_hp_gain":0.0,"max_hp_loss":0.0,"gold_gain":0.0,"event_name":"Addict","player_choice":"Obtained Relic","floor":22.0,"gold_loss":85.0,"damage_taken":0.0,"relics_obtained":["Oddly Smooth Stone"]},{"damage_healed":0.0,"max_hp_gain":0.0,"max_hp_loss":0.0,"gold_gain":275.0,"event_name":"Golden Shrine","player_choice":"Desecrate","floor":24.0,"gold_loss":0.0,"damage_taken":0.0,"cards_obtained":["Regret"]},{"cards_removed":["Regret"],"damage_healed":0.0,"max_hp_gain":0.0,"max_hp_loss":0.0,"gold_gain":0.0,"event_name":"betterThird:BetterWriting","player_choice":"Elegance","floor":28.0,"gold_loss":0.0,"damage_taken":0.0},{"damage_healed":0.0,"max_hp_gain":0.0,"max_hp_loss":0.0,"gold_gain":0.0,"event_name":"The Woman in Blue","player_choice":"Bought 0 Potions","floor":36.0,"gold_loss":0.0,"damage_taken":0.0},{"damage_healed":0.0,"max_hp_gain":0.0,"max_hp_loss":0.0,"gold_gain":0.0,"event_name":"MindBloom","player_choice":"Fight","floor":39.0,"gold_loss":0.0,"damage_taken":0.0}],"is_beta":false,"boss_relics":[{"not_picked":["hubris:RunicObelisk","ReplayTheSpireMod:SealedPack"],"picked":"conspire:RunicOctahedron"},{"not_picked":["HoveringKite","Kintsugi"],"picked":"WristBlade"}],"items_purged_floors":[5,31,41],"is_endless":false,"potions_floor_spawned":[2,8,12,14,16,19,25,29,33,39,44,48],"ascension_level":0}}