{"host":"xsuxkwaivmtd234a","time":1612725601,"event":{"mods":["BaseMod","Colored Map","Filter the Spire","Minty Spire (QoL Compilation)","Relic Stats","StSLib"],"gold_per_floor":[359,372,372,14,14,49,49,83,152,185,185,185,204,229,229,352,352,370,370,385,404,503,503,522,522,522],"floor_reached":25,"language":"ENG","playtime":1027,"items_purged":[],"score":336,"play_id":"1bf43399-c7ae-4d79-bc4f-32b21cc48672","local_time":"20210207142001","is_ascension_mode":true,"campfire_choices":[{"data":"Chaos","floor":7.0,"key":"SMITH"},{"data":"Barrage","floor":15.0,"key":"SMITH"},{"floor":23,"key":"REST"}],"circlet_count":0,"master_deck":["Strike_B","Strike_B","Strike_B","Defend_B","Defend_B","Defend_B","Zap","Dualcast","Go for the Eyes","Chaos+1","Sunder+1","Leap","Biased Cognition","Conserve Battery","Genetic Algorithm","Self Repair","Barrage+1","Amplify","Capacitor","Cold Snap+1","Cold Snap","Sweeping Beam"],"relics":["Cracked Core","Letter Opener","Bag of Marbles","Emotion Chip","Ancient Tea Set","Golden Idol","Unceasing Top","Odd Mushroom","Philosopher\u0027s Stone"],"acts_visited":["Exordium","TheCity"],"potions_floor_usage":[16,20],"damage_taken":[{"damage":1.0,"enemies":"Small Slimes","floor":1.0,"turns":3.0},{"damage":4.0,"enemies":"Jaw Worm","floor":2.0,"turns":2.0},{"damage":11.0,"enemies":"3 Sentries","floor":6.0,"turns":5.0},{"damage":8.0,"enemies":"Lagavulin","floor":8.0,"turns":5.0},{"damage":4.0,"enemies":"3 Sentries","floor":10.0,"turns":7.0},{"damage":0.0,"enemies":"Cultist","floor":13.0,"turns":2.0},{"damage":0.0,"enemies":"The Mushroom Lair","floor":14.0,"turns":1.0},{"damage":0,"enemies":"Slime Boss","floor":16,"turns":5},{"damage":24,"enemies":"3 Byrds","floor":18,"turns":3},{"damage":23,"enemies":"Spheric Guardian","floor":20,"turns":4},{"damage":0,"enemies":"3 Cultists","floor":21,"turns":5},{"damage":29,"enemies":"Snake Plant","floor":24,"turns":4},{"damage":27,"enemies":"Slavers","floor":25,"turns":1}],"seed_played":"-4320142987888639782","potions_obtained":[{"floor":2.0,"key":"Energy Potion"},{"floor":10.0,"key":"LiquidMemories"},{"floor":13.0,"key":"AttackPotion"},{"floor":18,"key":"Swift Potion"}],"is_trial":false,"path_per_floor":["M","M","?","$","?","E","R","E","T","E","?","?","M","?","R","B",null,"M","?","M","M","?","R","M","E"],"character_chosen":"DEFECT","items_purchased":["Sunder","Letter Opener","Leap"],"campfire_rested":1,"item_purchase_floors":[4,4,4],"current_hp_per_floor":[53,49,42,42,42,31,31,23,23,19,19,7,7,14,14,21,57,33,33,17,24,24,44,22,0,0],"gold":522,"neow_bonus":"TWO_FIFTY_GOLD","is_daily":false,"chose_seed":false,"campfire_upgraded":2,"win_rate":0.0,"timestamp":1612725601,"path_taken":["M","M","?","$","?","E","R","E","T","E","?","?","M","?","R","BOSS","M","?","M","?","?","R","M","E"],"items_purchased_type":["Card","Relic","Card"],"build_version":"2020-12-22","purchased_purges":0,"victory":false,"max_hp_per_floor":[75,75,75,75,75,75,75,75,75,75,69,69,69,69,69,69,69,69,69,69,69,69,69,69,69,69],"relic_stats":{"Emotion Chip":[13,6,2,1,4],"counters":[13,47],"Golden Idol":49,"Letter Opener":[89],"obtain_stats":[{"Emotion Chip":8,"Golden Idol":11,"Philosopher\u0027s Stone":17,"Bag of Marbles":6,"Letter Opener":4,"Odd Mushroom":14,"Cracked Core":0,"Ancient Tea Set":10,"Unceasing Top":12},{"Emotion Chip":4,"Golden Idol":5,"Philosopher\u0027s Stone":8,"Bag of Marbles":3,"Letter Opener":2,"Odd Mushroom":7,"Cracked Core":0,"Ancient Tea Set":5,"Unceasing Top":5},{"Emotion Chip":15,"Golden Idol":22,"Philosopher\u0027s Stone":30,"Bag of Marbles":10,"Letter Opener":5,"Odd Mushroom":25,"Cracked Core":0,"Ancient Tea Set":22,"Unceasing Top":22}],"Unceasing Top":[16]},"card_choices":[{"not_picked":["Loop","Streamline"],"picked":"Go for the Eyes","floor":1.0},{"not_picked":["Recycle","Steam"],"picked":"Chaos","floor":2.0},{"not_picked":["Leap","Barrage"],"picked":"Biased Cognition","floor":6.0},{"not_picked":["Streamline","Rebound","Conserve Battery"],"picked":"SKIP","floor":8.0},{"not_picked":["Streamline","Rebound"],"picked":"Conserve Battery","floor":8.0},{"not_picked":["Blizzard","Sunder"],"picked":"Genetic Algorithm","floor":10.0},{"not_picked":["Conserve Battery","BootSequence"],"picked":"Self Repair","floor":13.0},{"not_picked":["Compile Driver","Tempest"],"picked":"Barrage","floor":14.0},{"not_picked":["Reboot","Hyperbeam"],"picked":"Amplify","floor":16},{"not_picked":["Self Repair","White Noise+1"],"picked":"Capacitor","floor":18},{"not_picked":["Capacitor","Streamline"],"picked":"Cold Snap+1","floor":20},{"not_picked":["Lockon+1","Blizzard"],"picked":"Cold Snap","floor":21},{"not_picked":["Conserve Battery","Steam"],"picked":"Sweeping Beam","floor":24}],"player_experience":1219106,"relics_obtained":[{"floor":6.0,"key":"Bag of Marbles"},{"floor":8.0,"key":"Emotion Chip"},{"floor":10.0,"key":"Ancient Tea Set"},{"floor":14.0,"key":"Odd Mushroom"}],"event_choices":[{"cards_removed":["Defend_B"],"damage_healed":0.0,"max_hp_gain":0.0,"max_hp_loss":0.0,"gold_gain":0.0,"event_name":"Golden Wing","player_choice":"Card Removal","floor":3.0,"gold_loss":0.0,"damage_taken":7.0},{"damage_healed":0.0,"max_hp_gain":0.0,"max_hp_loss":0.0,"gold_gain":0.0,"event_name":"Living Wall","player_choice":"Grow","floor":5.0,"gold_loss":0.0,"damage_taken":0.0,"cards_upgraded":["Sunder"]},{"damage_healed":0.0,"max_hp_gain":0.0,"max_hp_loss":6.0,"gold_gain":0.0,"event_name":"Golden Idol","player_choice":"Lose Max HP","floor":11.0,"gold_loss":0.0,"damage_taken":0.0,"relics_obtained":["Golden Idol"]},{"damage_healed":0.0,"max_hp_gain":0.0,"max_hp_loss":0.0,"gold_gain":0.0,"event_name":"Scrap Ooze","player_choice":"Success","floor":12.0,"gold_loss":0.0,"damage_taken":12.0,"relics_obtained":["Unceasing Top"]},{"damage_healed":0.0,"max_hp_gain":0.0,"max_hp_loss":0.0,"gold_gain":0.0,"event_name":"Mushrooms","player_choice":"Fought Mushrooms","floor":14.0,"gold_loss":0.0,"damage_taken":0.0},{"cards_removed":["Strike_B"],"damage_healed":0,"gold_gain":0,"player_choice":"Purged","damage_taken":0,"max_hp_gain":0,"max_hp_loss":0,"event_name":"Purifier","floor":19,"gold_loss":0},{"damage_healed":0,"gold_gain":99,"player_choice":"Stole From Cult","damage_taken":0,"max_hp_gain":0,"max_hp_loss":0,"event_name":"Nest","floor":22,"gold_loss":0}],"is_beta":false,"boss_relics":[{"not_picked":["Tiny House","Busted Crown"],"picked":"Philosopher\u0027s Stone"}],"items_purged_floors":[],"is_endless":false,"potions_floor_spawned":[2,10,13,18],"killed_by":"Slavers","ascension_level":5}}