{"host":"t9zjxed0utvsfjwc","time":1612737468,"event":{"mods":["2.2 Compatiblity","Aspiration","BaseMod","Better Altar","Better Match","Better Note","Better Sensory Stone","Better Skull","Better Third Choice","Block Reminder","Colored Map","Colored Powertips","Custom Start","Downfall","Hermit","Highlight Path","Hubris","Infinite Spire","Marisa????????","Minty Spire (QoL Compilation)","Quick Restart","Rare Cards Sparkle","Reliquary","Replay The Spire","StSLib","The Cursed","The Marked","The Runesmith","Unceasing Turn Reminder","everything is the same but u backflip on backflip"],"gold_per_floor":[99,99,99,99,99,119,119,151,163,75,104,216,128,157,186,296,308,320,386,448,460,490,502,514,556,583,595,595,595],"floor_reached":27,"language":"ENG","playtime":1162,"items_purged":[],"score":263,"play_id":"700bc5a5-d9d1-4ab0-8b7c-0b98f31fe9d8","local_time":"20210207223748","is_ascension_mode":true,"campfire_choices":[{"floor":1,"key":"RECALL"},{"floor":10,"key":"REST"},{"data":"Slimebound:MegaLick","floor":10,"key":"SMITH"},{"floor":13,"key":"REST"},{"data":"Slimebound:MegaLick","floor":13,"key":"SMITH"},{"data":"Slimebound:Prepare","floor":23,"key":"SMITH"}],"circlet_count":0,"master_deck":["Slimebound:Strike_Slimebound","Slimebound:Tackle","Slimebound:Defend_Slimebound","Slimebound:Defend_Slimebound","Slimebound:Split","Slimebound:CorrosiveSpit","Slimebound:SlimeTap","Slimebound:MegaLick+1","Slimebound:HauntingLick","Slimebound:SamplingLick","Slimebound:RejuvenatingLick","Slimebound:MegaLick+1","Slimebound:Gluttony+1","Slimebound:HungryTackle","Slimebound:LeechLife","Slimebound:Gluttony+1","Slimebound:Prepare+1","Slimebound:LeechEnergy+1"],"relics":["downfall:HeartsMalice","infinitespire:Magic Flask","MawBank","m_BurningSludge","downfall:HeartBlessingRed","downfall:HeartBlessingBlue","Empty Cage","Juzu Bracelet","Simple Rune","Enchiridion","hubris:Reverence","Onion Ring"],"acts_visited":["Exordium","TheCity"],"potions_floor_usage":[12,12,16,16,19,25,27],"damage_taken":[{"damage":0,"enemies":"Cultist","floor":2,"turns":1},{"damage":0,"enemies":"Jaw Worm","floor":4,"turns":1},{"damage":0,"enemies":"Small Slimes","floor":5,"turns":1},{"damage":10,"enemies":"Blue Slaver","floor":6,"turns":3},{"damage":25,"enemies":"Lagavulin","floor":8,"turns":6},{"damage":0,"enemies":"Large Slime","floor":11,"turns":3},{"damage":9,"enemies":"downfall:Heads","floor":12,"turns":5},{"damage":0,"enemies":"Exordium Wildlife","floor":14,"turns":4},{"damage":10,"enemies":"2 Fungi Beasts","floor":15,"turns":3},{"damage":10,"enemies":"SI_SHIV_ARCHETYPE","floor":16,"turns":5},{"damage":16,"enemies":"Chosen","floor":22,"turns":2},{"damage":31,"enemies":"Gremlin Leader","floor":25,"turns":5},{"damage":34,"enemies":"Shelled Parasite and Fungi","floor":26,"turns":4},{"damage":52,"enemies":"Nightmare","floor":27,"turns":6}],"seed_played":"3129197962519288018","potions_obtained":[{"floor":6,"key":"Reflective Coating"},{"floor":8,"key":"Regen Potion"},{"floor":12,"key":"FearPotion"},{"floor":15,"key":"Ancient Potion"},{"floor":19,"key":"Fruit Juice"},{"floor":19,"key":"Block Potion"},{"floor":26,"key":"ColorlessPotion"}],"is_trial":false,"path_per_floor":["R_BF","M","T","M","M","M","T","E","?","R","M","?","R","M","M","B",null,"R_BF","?","T","?","M","R","T","E","M","NM"],"character_chosen":"SLIMEBOUND","items_purchased":[],"campfire_rested":2,"item_purchase_floors":[],"current_hp_per_floor":[65,65,65,65,65,57,57,40,40,59,61,65,75,75,65,55,75,75,62,62,46,50,50,50,45,31,0,0,0],"gold":595,"neow_bonus":"THREE_ENEMY_KILL","is_daily":false,"chose_seed":false,"campfire_upgraded":3,"win_rate":0.0,"timestamp":1612737468,"path_taken":["R_BF","M","?","M","?","M","T","E","?","R","M","?","R","M","M","BOSS","R_BF","?","?","?","M","R","T","E","M","NM"],"items_purchased_type":[],"build_version":"2020-12-22","purchased_purges":0,"victory":false,"max_hp_per_floor":[65,65,65,65,65,65,65,65,65,65,65,65,75,75,75,75,75,75,80,80,80,80,80,80,80,80,80,80,80],"card_choices":[{"not_picked":["Slimebound:SplitMire","Slimebound:ComboTackle"],"picked":"Slimebound:SlimeTap","floor":2},{"not_picked":["Slimebound:HauntingLick","Slimebound:Schlurp"],"picked":"Slimebound:MegaLick","floor":4},{"not_picked":["Slimebound:GoopSpray","Slimebound:Nibble"],"picked":"Slimebound:SplitAcid","floor":5},{"not_picked":["Slimebound:PressTheAttack","Slimebound:ProtectTheBoss"],"picked":"Slimebound:HauntingLick","floor":6},{"not_picked":["Slimebound:SlimeTap","Slimebound:DivideAndConquer"],"picked":"Slimebound:SamplingLick","floor":8},{"not_picked":["Slimebound:Equalize","Slimebound:LeechEnergy"],"picked":"Slimebound:RejuvenatingLick","floor":11},{"not_picked":["Slimebound:DuplicatedForm","Slimebound:LeadByExample"],"picked":"Slimebound:MegaLick","floor":12},{"not_picked":["Twin Strike","Slimebound:SplitLeeching"],"picked":"Slimebound:HungryTackle","floor":14},{"not_picked":["Slimebound:DisruptingSlam","Slimebound:SlimeSpikes","Slimebound:FinishingTackle"],"picked":"SKIP","floor":15},{"not_picked":["Slimebound:SlimeSlap","Slimebound:RallyTheTroops"],"picked":"Slimebound:LeechLife","floor":16},{"not_picked":["Slimebound:HauntingLick","Slimebound:SplitAcid"],"picked":"Slimebound:Gluttony+1","floor":19},{"not_picked":["Slimebound:ComboTackle","Slimebound:Overexert"],"picked":"Slimebound:Prepare","floor":22},{"not_picked":["Slimebound:LeechingTouch","Slimebound:SplitSpecialist+1","Slimebound:Replication"],"picked":"SKIP","floor":25},{"not_picked":["Slimebound:SplitLeeching","Slimebound:DisruptingSlam"],"picked":"Slimebound:LeechEnergy+1","floor":26}],"player_experience":506205,"relics_obtained":[{"floor":3,"key":"infinitespire:Magic Flask"},{"floor":8,"key":"MawBank"},{"floor":19,"key":"Juzu Bracelet"},{"floor":20,"key":"Simple Rune"},{"floor":21,"key":"Enchiridion"},{"floor":24,"key":"hubris:Reverence"},{"floor":25,"key":"Onion Ring"}],"event_choices":[],"is_beta":false,"boss_relics":[{"not_picked":["hubris:BlackHole","Runic Pyramid"],"picked":"Empty Cage"}],"items_purged_floors":[],"is_endless":false,"potions_floor_spawned":[6,8,12,15,26],"killed_by":"Nightmare","ascension_level":1}}