{"host":"j4g6ia6asvpyu2b0","time":1612711350,"event":{"mods":["BaseMod","Colored Map","Downfall","Minty Spire (QoL Compilation)","Permanent Neow","Quick Restart","Relic Stats","StSLib","Unceasing Turn Reminder"],"gold_per_floor":[349,363,380,480,490,490,513,544,544,558,586,586,301,301,317,418,418,418,432,451,451,245,262,262,282,301,315,315,595,608,637,647,743,743,743,760,776,786,786,786,786,333,368,368,368,368,368,368],"floor_reached":46,"language":"ENG","playtime":2309,"items_purged":["hexamod:Strike","hexamod:Strike","hexamod:Strike","hexamod:Strike"],"score":532,"play_id":"6d379ffe-9bc3-49ac-8f97-5e0d79462339","local_time":"20210207082230","is_ascension_mode":false,"campfire_choices":[{"data":"hexamod:Sear","floor":1.0,"key":"SMITH"},{"data":"hexamod:DynamicBlow","floor":6.0,"key":"SMITH"},{"data":"1","floor":18.0,"key":"LIFT"},{"data":"hexamod:GiftsFromTheDead","floor":28.0,"key":"SMITH"},{"data":"hexamod:SearingWound","floor":35.0,"key":"SMITH"},{"data":"hexamod:ForkedFlame","floor":40,"key":"SMITH"},{"data":"hexamod:HexaLevel","floor":44,"key":"SMITH"}],"circlet_count":0,"master_deck":["hexamod:Defend+1","hexamod:Defend+1","hexamod:Defend+1","hexamod:Defend+1","hexamod:Sear+1","hexamod:Float","hexamod:NightmareStrike","hexamod:DynamicBlow+1","hexamod:GhostOfSpireFuture","hexamod:ForkedFlame+1","hexamod:Incineration","hexamod:FourthSeal","expansioncontent:StudyTheSpire+1","hexamod:HeatMetal","hexamod:GiftsFromTheDead+1","hexamod:HauntingEcho","hexamod:EmpoweredFlame+1","hexamod:TimeWarp","hexamod:Hexaguard+1","hexamod:HeatMetal+1","hexamod:SearingWound+1","hexamod:HeatMetal+1","hexamod:BurningTouch","hexamod:TimeWarp","hexamod:FastForward+1","hexamod:DynamicBlow+1","hexamod:SixthSeal","hexamod:PowerFromBeyond+1","hexamod:NightmareGuise+1","hexamod:TimeWarp","hexamod:HexaLevel+1"],"relics":["hexamod:SpiritBrand","hexamod:MatchstickCase","Shuriken","Girya","Regal Pillow","Smiling Mask","Coffee Dripper","Letter Opener","Sundial","Philosopher\u0027s Stone","hexamod:SoulConsumer","Bag of Preparation","HornCleat","War Paint"],"acts_visited":["Exordium","TheCity","TheBeyond"],"potions_floor_usage":[38],"damage_taken":[{"damage":0.0,"enemies":"Small Slimes","floor":2.0,"turns":3.0},{"damage":1.0,"enemies":"Jaw Worm","floor":3.0,"turns":3.0},{"damage":0.0,"enemies":"2 Louse","floor":5.0,"turns":2.0},{"damage":14.0,"enemies":"Gremlin Nob","floor":8.0,"turns":4.0},{"damage":4.0,"enemies":"Gremlin Gang","floor":10.0,"turns":4.0},{"damage":0.0,"enemies":"Lagavulin","floor":11.0,"turns":3.0},{"damage":0.0,"enemies":"downfall:FleeingMerchant","floor":13.0,"turns":4.0},{"damage":0.0,"enemies":"Blue Slaver","floor":15.0,"turns":3.0},{"damage":16.0,"enemies":"DF_ARCHETYPE_STREAMLINE","floor":16.0,"turns":6.0},{"damage":2.0,"enemies":"Spheric Guardian","floor":19.0,"turns":4.0},{"damage":1.0,"enemies":"Shell Parasite","floor":20.0,"turns":3.0},{"damage":6.0,"enemies":"downfall:FleeingMerchant","floor":22.0,"turns":4.0},{"damage":0.0,"enemies":"Chosen and Byrds","floor":23.0,"turns":3.0},{"damage":2.0,"enemies":"3 Cultists","floor":25.0,"turns":5.0},{"damage":12.0,"enemies":"Centurion and Healer","floor":26.0,"turns":5.0},{"damage":3.0,"enemies":"Snecko","floor":27.0,"turns":4.0},{"damage":5.0,"enemies":"downfall:FleeingMerchant","floor":29.0,"turns":4.0},{"damage":6.0,"enemies":"Snake Plant","floor":30.0,"turns":3.0},{"damage":24.0,"enemies":"Gremlin Leader","floor":31.0,"turns":6.0},{"damage":0.0,"enemies":"Sentry and Sphere","floor":32.0,"turns":3.0},{"damage":7.0,"enemies":"SI_MIRROR_ARCHETYPE","floor":33.0,"turns":6.0},{"damage":0.0,"enemies":"Orb Walker","floor":36.0,"turns":3.0},{"damage":4.0,"enemies":"3 Shapes","floor":37.0,"turns":6.0},{"damage":0,"enemies":"Transient","floor":38,"turns":5},{"damage":57,"enemies":"Nemesis","floor":43,"turns":7},{"damage":13,"enemies":"Sphere and 2 Shapes","floor":46,"turns":3}],"seed_played":"-1082655047514270941","potions_obtained":[{"floor":2.0,"key":"PowerPotion"},{"floor":5.0,"key":"bronze:BurnAndBuffPotion"},{"floor":10.0,"key":"Block Potion"},{"floor":11.0,"key":"Regen Potion"},{"floor":15.0,"key":"hexamod:DoubleChargePotion"},{"floor":15.0,"key":"PowerPotion"},{"floor":16.0,"key":"hexamod:SoulburnPotion"},{"floor":20.0,"key":"BlessingOfTheForge"},{"floor":22.0,"key":"SpeedPotion"},{"floor":27.0,"key":"LiquidMemories"},{"floor":31.0,"key":"hexamod:EctoCoolerPotion"},{"floor":36.0,"key":"SteroidPotion"},{"floor":37,"key":"AttackPotion"},{"floor":38,"key":"Fire Potion"},{"floor":43,"key":"ColorlessPotion"}],"is_trial":false,"path_per_floor":["R","M","M","?","M","R","T","E","?","M","E","T","$","?","M","B",null,"R","M","M","?","$","M","T","M","M","M","R","$","M","E","M","B",null,"R","M","M","M","?","R","T","$","E","R","?","M"],"character_chosen":"THE_SPIRIT","items_purchased":["expansioncontent:StudyTheSpire","hexamod:TimeWarp","Bag of Preparation","HornCleat"],"campfire_rested":0,"item_purchase_floors":[13,22,42,42],"current_hp_per_floor":[49,49,48,48,48,48,48,34,34,30,30,30,30,23,23,7,70,70,68,67,67,61,61,61,59,47,44,44,39,33,24,24,17,70,70,70,66,66,66,66,66,66,13,13,13,0,0,0],"gold":368,"neow_bonus":"TWO_FIFTY_GOLD","is_daily":false,"chose_seed":false,"campfire_upgraded":6,"win_rate":0.0,"timestamp":1612711350,"path_taken":["R","M","M","?","M","R","T","E","?","M","E","?","$","?","M","BOSS","R","M","M","?","$","M","T","M","M","M","R","$","M","E","M","BOSS","R","M","M","?","?","R","T","$","E","R","?","M"],"items_purchased_type":["Card","Card","Relic","Relic"],"build_version":"2020-12-22","purchased_purges":4,"victory":false,"max_hp_per_floor":[70,70,70,70,70,70,70,70,70,70,70,70,70,70,70,70,70,70,70,70,70,70,70,70,70,70,70,70,70,70,70,70,70,70,70,70,70,70,70,70,70,70,70,70,70,70,70,70],"relic_stats":{"Regal Pillow":0,"counters":[26,106],"Shuriken":[31],"Sundial":[2],"Bag of Preparation":[4],"Letter Opener":[70],"War Paint":["hexamod:Defend","hexamod:Defend"],"Smiling Mask":225,"obtain_stats":[{"Girya":11,"Regal Pillow":12,"Bag of Preparation":42,"Letter Opener":24,"War Paint":43,"Smiling Mask":14,"hexamod:MatchstickCase":7,"downfall:BrokenWingStatue":9,"HornCleat":42,"Shuriken":8,"Sundial":31,"Philosopher\u0027s Stone":34,"Coffee Dripper":17,"hexamod:SoulConsumer":41,"hexamod:SpiritBrand":0},{"Girya":6,"Regal Pillow":6,"Bag of Preparation":24,"Letter Opener":13,"War Paint":25,"Smiling Mask":7,"hexamod:MatchstickCase":3,"downfall:BrokenWingStatue":4,"HornCleat":24,"Shuriken":4,"Sundial":19,"Philosopher\u0027s Stone":21,"Coffee Dripper":9,"hexamod:SoulConsumer":24,"hexamod:SpiritBrand":0},{"Girya":19,"Regal Pillow":19,"Bag of Preparation":96,"Letter Opener":46,"War Paint":103,"Smiling Mask":23,"hexamod:MatchstickCase":8,"downfall:BrokenWingStatue":12,"HornCleat":96,"Shuriken":12,"Sundial":73,"Philosopher\u0027s Stone":82,"Coffee Dripper":32,"hexamod:SoulConsumer":96,"hexamod:SpiritBrand":0}]},"card_choices":[{"not_picked":["hexamod:Firestarter","hexamod:NightmareGuise"],"picked":"hexamod:NightmareStrike","floor":2.0},{"not_picked":["hexamod:GhostLash","hexamod:ChargedBarrage"],"picked":"hexamod:DynamicBlow","floor":3.0},{"not_picked":["hexamod:Firestarter","hexamod:SwordOfDarkness"],"picked":"hexamod:GhostOfSpireFuture","floor":5.0},{"not_picked":["hexamod:ChargedBarrage","hexamod:ThermalTransfer"],"picked":"hexamod:ForkedFlame","floor":8.0},{"not_picked":["hexamod:InspiringFlames","hexamod:RetreatToShadows","hexamod:AdvancingGuard"],"picked":"SKIP","floor":10.0},{"not_picked":["hexamod:ThermalTransfer","hexamod:GhostLash"],"picked":"hexamod:Incineration","floor":11.0},{"not_picked":["hexamod:SwordOfDarkness","hexamod:TurnItUp"],"picked":"hexamod:FourthSeal","floor":13.0},{"not_picked":["hexamod:PhantomCloak","hexamod:InspiringFlames"],"picked":"hexamod:HeatMetal","floor":15.0},{"not_picked":["hexamod:WildfireWeapon","hexamod:UnlimitedPower"],"picked":"hexamod:GiftsFromTheDead","floor":16.0},{"not_picked":["hexamod:AdvancingGuard","hexamod:NightmareGuise"],"picked":"hexamod:HauntingEcho","floor":19.0},{"not_picked":["hexamod:NightmareStrike","hexamod:InspiringFlames","hexamod:SwordOfDarkness"],"picked":"SKIP","floor":20.0},{"not_picked":["hexamod:SwordOfDarkness+1","hexamod:HeatMetal"],"picked":"hexamod:EmpoweredFlame","floor":22.0},{"not_picked":["hexamod:ShieldOfDarkness","hexamod:HauntingEcho"],"picked":"hexamod:Hexaguard+1","floor":23.0},{"not_picked":["hexamod:GhostShield","hexamod:AdvancingGuard"],"picked":"hexamod:HeatMetal+1","floor":25.0},{"not_picked":["hexamod:Firestarter+1","hexamod:RetreatToShadows"],"picked":"hexamod:SearingWound","floor":26.0},{"not_picked":["hexamod:FlamesFromBeyond","hexamod:InspiringFlames+1"],"picked":"hexamod:HeatMetal+1","floor":27.0},{"not_picked":["hexamod:SwordOfDarkness","hexamod:ShieldOfDarkness"],"picked":"hexamod:BurningTouch","floor":29.0},{"not_picked":["hexamod:Haunt","hexamod:SwordOfDarkness"],"picked":"hexamod:TimeWarp","floor":30.0},{"not_picked":["hexamod:HeatMetal","hexamod:GhostShield"],"picked":"hexamod:FastForward+1","floor":31.0},{"not_picked":["hexamod:ThermalTransfer","hexamod:HauntingEcho"],"picked":"hexamod:DynamicBlow+1","floor":32.0},{"not_picked":["hexamod:VolcanoVisage","hexamod:GhostOfSpirePresent"],"picked":"hexamod:SixthSeal","floor":33.0},{"not_picked":["hexamod:GhostShield+1","hexamod:BacktrackSmack+1"],"picked":"hexamod:PowerFromBeyond+1","floor":36.0},{"not_picked":["hexamod:GhostOfSpirePast+1","hexamod:Firestarter"],"picked":"hexamod:NightmareGuise+1","floor":37},{"not_picked":["hexamod:Hexaguard","hexamod:InspiringFlames+1"],"picked":"hexamod:TimeWarp","floor":38},{"not_picked":["hexamod:DynamicBlow","hexamod:FirstSeal"],"picked":"hexamod:HexaLevel","floor":43}],"player_experience":1193789,"relics_obtained":[{"floor":7.0,"key":"hexamod:MatchstickCase"},{"floor":8.0,"key":"Shuriken"},{"floor":11.0,"key":"Girya"},{"floor":12.0,"key":"Regal Pillow"},{"floor":24.0,"key":"Letter Opener"},{"floor":31.0,"key":"Sundial"},{"floor":41,"key":"hexamod:SoulConsumer"},{"floor":43,"key":"War Paint"}],"event_choices":[{"damage_healed":0.0,"max_hp_gain":0.0,"max_hp_loss":0.0,"gold_gain":0.0,"event_name":"Scrap Ooze","player_choice":"Success","floor":14.0,"gold_loss":0.0,"damage_taken":7.0,"relics_obtained":["Smiling Mask"]}],"is_beta":false,"boss_relics":[{"not_picked":["Velvet Choker","Snecko Eye"],"picked":"Coffee Dripper"},{"not_picked":["Runic Dome","Astrolabe"],"picked":"Philosopher\u0027s Stone"}],"items_purged_floors":[13,22,29,42],"is_endless":false,"potions_floor_spawned":[2,5,10,11,15,16,20,23,25,27,31,32,43],"killed_by":"Sphere and 2 Shapes","ascension_level":0}}