{"host":"j019w4cyowrad0mf","time":1612657075,"event":{"mods":["2.2 Compatiblity","Act Like it!","BaseMod","CapriCore","Gensokyo","HololiveMod","Marisa????????","Minty Spire (QoL Compilation)","Reimu??????","StSLib","Waifu the Spire","WarShipGirlsR/????R mod"],"gold_per_floor":[91,112,159,13,32,32,67,67,67,67,47,64,93,117,117,229,229,242,256,25,25,38,38,50,598,685,725,737,629,652,664,676,800,812,837,864,876,888,370,408,420,444,456,468,799,831,843,855,867,1079],"floor_reached":51,"language":"ENG","playtime":3882,"items_purged":[],"score":1131,"play_id":"2f39e3a6-97cb-4426-b533-91efdb9e6eb7","local_time":"20210206161755","is_ascension_mode":true,"campfire_choices":[{"data":"Hololive_CallSpadeEcho","floor":6.0,"key":"SMITH"},{"data":"Hololive_CallUsadaPekora","floor":8.0,"key":"SMITH"},{"data":"Hololive_DDD","floor":15.0,"key":"SMITH"},{"data":"Hololive_CallMinatoAqua","floor":23,"key":"SMITH"},{"data":"Hololive_Teleport","floor":28,"key":"SMITH"},{"data":"Hololive_Nanodesu","floor":32,"key":"SMITH"},{"data":"Hololive_CallYozoraMel","floor":41,"key":"SMITH"},{"data":"Gensokyo:MenInBlack","floor":44,"key":"SMITH"},{"data":"Gensokyo:ShootingStar","floor":47,"key":"SMITH"},{"floor":49,"key":"REST"}],"circlet_count":0,"master_deck":["Hololive_CallMinatoAqua+1","Hololive_CallUsadaPekora+1","Hololive_CallMurasakiShion","Hololive_CallShiranuiFlare+1","Hololive_CallSpadeEcho+1","Hololive_Breathe","Hololive_Strike","Hololive_Strike","Hololive_Defend","Hololive_Defend","Hololive_CallOmaruPolka","Hololive_HuntDinosaur","Hololive_DDD+1","Hololive_CallYukihanaLamy","Hololive_CallAZKi","Clumsy","Hololive_Teleport+1","Hololive_Breathe","Hololive_Drill","Hololive_StrengthChampion","Hololive_IdolExercise","Hololive_CallDoris+1","Hololive_CallNatsuiroMatsuri","Hololive_Nanodesu+1","Hololive_CallAkaiHaato","Hololive_LuckPotion+1","Decay","Hololive_BringToTrial","Hololive_CallOzoraSubaru","Gensokyo:ShootingStar+1","Hololive_Rebirth","Hololive_CallYozoraMel+1","Hololive_CallTokinoSora","Gensokyo:MenInBlack+1","Gensokyo:Shovel","Hololive_CallHoshimachiSuisei+1","Hololive_CallTsunomakiWatame+1","Decay","Hololive_FlyingPonyTail+1","Hololive_CallShishiroBotan+1"],"relics":["Hololive_TheStar","Juzu Bracelet","TentaclePot:ReiMu","Meat on the Bone","Gensokyo:NagashiBinaDoll","Happy Flower","Cursed Key","Frozen Eye","MawBank","Unceasing Top","Mercury Hourglass","Bronze Scales","Gensokyo:LionMask","Gensokyo:RedStar","SlaversCollar","Darkstone Periapt","The Courier","Turnip"],"acts_visited":["Exordium","Gensokyo:Gensokyo","Gensokyo:Gensokyoer"],"potions_floor_usage":[22,50],"damage_taken":[{"damage":0.0,"enemies":"Gensokyo:3_Fairies","floor":1.0,"turns":4.0},{"damage":0.0,"enemies":"Gensokyo:Python","floor":2.0,"turns":3.0},{"damage":0.0,"enemies":"Gensokyo:Cirno","floor":3.0,"turns":7.0},{"damage":0.0,"enemies":"Gensokyo:2_Kodama","floor":5.0,"turns":4.0},{"damage":0.0,"enemies":"Gensokyo:Cirno","floor":7.0,"turns":5.0},{"damage":0.0,"enemies":"Gensokyo:VengefulSpirit","floor":12.0,"turns":4.0},{"damage":0.0,"enemies":"Gensokyo:Aya","floor":13.0,"turns":4.0},{"damage":0.0,"enemies":"Gensokyo:LivingMonolith","floor":14.0,"turns":3.0},{"damage":0.0,"enemies":"Gensokyo:Yukari","floor":16.0,"turns":6.0},{"damage":0.0,"enemies":"Gensokyo:CosmicMonolith","floor":18.0,"turns":3.0},{"damage":1.0,"enemies":"Gensokyo:3_Dogs","floor":19.0,"turns":5.0},{"damage":26,"enemies":"Gensokyo:Swordslinger","floor":22,"turns":4},{"damage":0,"enemies":"Gensokyo:Chomper_and_Gloop","floor":24,"turns":4},{"damage":1,"enemies":"Gensokyo:Reisen","floor":25,"turns":5},{"damage":0,"enemies":"Gensokyo:Koishi","floor":27,"turns":4},{"damage":0,"enemies":"Gensokyo:Wraith","floor":30,"turns":2},{"damage":0,"enemies":"Gensokyo:Kaguya","floor":33,"turns":7},{"damage":0,"enemies":"Gensokyo:3_Bats","floor":35,"turns":3},{"damage":0,"enemies":"Gensokyo:3_Boulders","floor":36,"turns":4},{"damage":0,"enemies":"Gensokyo:Doremy","floor":40,"turns":5},{"damage":3,"enemies":"Gensokyo:Rafflesia","floor":42,"turns":7},{"damage":0,"enemies":"Gensokyo:Dusk_and_Dawn","floor":45,"turns":4},{"damage":0,"enemies":"Gensokyo:4_Bats","floor":46,"turns":3},{"damage":0,"enemies":"Gensokyo:Scarlet_Devils","floor":50,"turns":9}],"seed_played":"4610786375560548474","potions_obtained":[{"floor":5.0,"key":"MagicPotion:ReiMu"},{"floor":13.0,"key":"SpeedPotion"},{"floor":16.0,"key":"LiquidMemories"},{"floor":24,"key":"DuplicationPotion"},{"floor":25,"key":"Strength Potion"}],"is_trial":false,"path_per_floor":["M","M","?","COS","M","R","E","R","T","?","?","M","E","M","R","B",null,"M","M","COS","$","M","R","M","E","T","E","R","?","M","?","R","B",null,"M","M","?","?","COS","E","R","M","T","R","M","M","R","?","R","B",null],"character_chosen":"Hololive_HololiveCharacter","items_purchased":[],"campfire_rested":1,"item_purchase_floors":[],"current_hp_per_floor":[35,35,35,35,35,35,35,35,35,35,35,35,35,35,35,35,35,35,34,34,34,20,20,20,19,19,19,19,19,19,19,19,35,35,35,35,35,35,35,35,35,32,38,38,38,41,41,25,37,41],"gold":1091,"neow_bonus":"UPGRADE_CARD","is_daily":false,"chose_seed":false,"campfire_upgraded":9,"win_rate":0.0,"timestamp":1612657075,"path_taken":["M","M","?","COS","M","R","E","R","T","?","?","M","E","M","R","BOSS","M","M","COS","?","M","R","M","E","T","E","R","?","M","?","R","BOSS","M","M","?","?","COS","E","R","M","T","R","M","M","R","?","R","BOSS"],"items_purchased_type":[],"build_version":"2020-12-22","purchased_purges":0,"victory":true,"max_hp_per_floor":[35,35,35,35,35,35,35,35,35,35,35,35,35,35,35,35,35,35,35,35,35,35,35,35,35,35,35,35,35,35,35,35,35,35,35,35,35,35,35,35,35,35,41,41,41,41,41,41,41,41],"card_choices":[{"not_picked":["Hololive_OvertimeWork","Hololive_Rebound","Hololive_RevenueBasedLive"],"picked":"Hololive_CallOmaruPolka","floor":1.0},{"not_picked":["Hololive_Psychosis","Hololive_Drill","Hololive_Sequa"],"picked":"Hololive_HuntDinosaur","floor":2.0},{"not_picked":["Hololive_FlyingPonyTail","Hololive_HuntDinosaur","Hololive_Psychosis"],"picked":"Hololive_DDD","floor":3.0},{"not_picked":["Hololive_CallSakuraMiko","Hololive_CallAkiRosenthal","Hololive_OvertimeWork"],"picked":"Hololive_CallYukihanaLamy","floor":5.0},{"not_picked":["Hololive_CallRosalyn","Hololive_CallFriendA","Hololive_Drill"],"picked":"Hololive_CallAZKi","floor":7.0},{"not_picked":[],"picked":"Hololive_Teleport","floor":11.0},{"not_picked":[],"picked":"Hololive_Breathe","floor":11.0},{"not_picked":["Hololive_CallMoonaHoshinova","Hololive_HuntDinosaur","Hololive_Trident"],"picked":"Hololive_Drill","floor":12.0},{"not_picked":["Hololive_OpenUp","Hololive_CocoNews","Hololive_HuntDinosaur"],"picked":"Hololive_StrengthChampion","floor":13.0},{"not_picked":["Hololive_Breathe","Hololive_Drill","Hololive_Psychosis","Hololive_Trident"],"picked":"SKIP","floor":14.0},{"not_picked":["Hololive_StarCraft","Hololive_OpenUp","Hololive_DiamondStrike"],"picked":"Hololive_IdolExercise","floor":16.0},{"not_picked":["Hololive_Sequa","Hololive_StrengthChampion","Hololive_RevenueBasedLive"],"picked":"Hololive_CallDoris+1","floor":18.0},{"not_picked":["Hololive_LuckPotion","Hololive_Psychosis","Hololive_CallTokinoSora"],"picked":"Hololive_CallNatsuiroMatsuri","floor":19.0},{"not_picked":["Hololive_Sequa","Hololive_FlyingPonyTail","Hololive_Psychosis"],"picked":"Hololive_Nanodesu","floor":22},{"not_picked":["Hololive_CallShiranuiFlare","Hololive_Sequa","Hololive_OvertimeWork"],"picked":"Hololive_CallAkaiHaato","floor":24},{"not_picked":["Hololive_FlyingPonyTail","Hololive_CallAZKi","Hololive_Watashimo"],"picked":"Hololive_LuckPotion+1","floor":25},{"not_picked":["Hololive_Trident+1","Hololive_CallMinatoAqua","Hololive_CallTokoyamiTowa"],"picked":"Hololive_BringToTrial","floor":27},{"not_picked":["Hololive_Drill","Hololive_CallRosalyn","Hololive_AWSL"],"picked":"Hololive_CallOzoraSubaru","floor":30},{"not_picked":[],"picked":"Gensokyo:ShootingStar","floor":33},{"not_picked":["Hololive_Nanodesu","Hololive_HighAtkLowDef","Hololive_IdolExercise"],"picked":"Hololive_Rebirth","floor":33},{"not_picked":["Hololive_ILoveYou+1","Hololive_RevenueBasedLive","Hololive_CocoNews+1"],"picked":"Hololive_CallYozoraMel","floor":35},{"not_picked":["Hololive_StrengthChampion","Hololive_CallYukihanaLamy+1","Hololive_Breathe+1"],"picked":"Hololive_CallTokinoSora","floor":36},{"not_picked":["Hololive_StrengthChampion+1","Hololive_Trident+1","Hololive_CallAiraniIofifteen+1"],"picked":"Hololive_CallHoshimachiSuisei+1","floor":40},{"not_picked":["Hololive_CallMomosuzuNene+1","Hololive_Trident+1","Hololive_StarCraft"],"picked":"Hololive_CallTsunomakiWatame+1","floor":42},{"not_picked":["Hololive_StrengthChampion+1","Hololive_LuckPotion","Hololive_Psychosis"],"picked":"Hololive_FlyingPonyTail+1","floor":45},{"not_picked":["Hololive_LuckPotion","Hololive_Drill","Hololive_Sequa"],"picked":"Hololive_CallShishiroBotan+1","floor":46}],"player_experience":355483,"relics_obtained":[{"floor":3.0,"key":"Juzu Bracelet"},{"floor":7.0,"key":"Meat on the Bone"},{"floor":13.0,"key":"Happy Flower"},{"floor":25,"key":"Unceasing Top"},{"floor":26,"key":"Mercury Hourglass"},{"floor":27,"key":"Bronze Scales"},{"floor":40,"key":"Darkstone Periapt"},{"floor":43,"key":"The Courier"}],"event_choices":[],"is_beta":false,"boss_relics":[{"not_picked":["Fusion Hammer","Tiny House"],"picked":"Cursed Key"},{"not_picked":["Busted Crown","SacredBark"],"picked":"SlaversCollar"}],"items_purged_floors":[],"is_endless":false,"potions_floor_spawned":[5,13,16,24,25,27,35,42,46],"ascension_level":1}}