{"host":"lehbxtjrpalkmwwj","time":1612696019,"event":{"mods":["Aspiration","BaseMod","Colored Map","Colored Powertips","Conspire","GungeonMod","KomeijiMod","Lobotomy","Minty Spire (QoL Compilation)","Quick Restart","Replay The Spire","Shop Mod","StSLib","The Cursed","The Poker Player","[IsaacMod]ÒÔÈö¼âËþ"],"gold_per_floor":[362,170,182,182,197,197,227,237,310,310,310],"floor_reached":10,"language":"ZHS","playtime":256,"items_purged":[],"score":78,"play_id":"29c6d5bf-81ba-49cd-b49b-fec6f89b11fe","local_time":"20210207190659","is_ascension_mode":true,"campfire_choices":[{"floor":6.0,"key":"RECALL"}],"circlet_count":0,"master_deck":["Strike_B","Strike_B","Strike_B","Strike_B","Defend_B","Defend_B","Defend_B","Defend_B","Zap","Dualcast","EpicFetus","DemoMod:Defend_Huntress","HpAim","Static Discharge+1","Buffer","Capacitor","Defragment"],"relics":["Cracked Core","HushsDoor","SteamSale","Potion Belt","DemoMod:GnawedKey","DemoMod:Metronome"],"acts_visited":["Exordium"],"potions_floor_usage":[8],"damage_taken":[{"damage":12.0,"enemies":"2 Louse","floor":1.0,"turns":3.0},{"damage":6.0,"enemies":"Cultist","floor":3.0,"turns":3.0},{"damage":21.0,"enemies":"Small Slimes","floor":5.0,"turns":3.0},{"damage":38,"enemies":"3 Sentries","floor":7,"turns":5},{"damage":6,"enemies":"3 Louse","floor":8,"turns":3},{"damage":37,"enemies":"Gremlin Nob","floor":10,"turns":4}],"seed_played":"-3324023556922956492","potions_obtained":[{"floor":7,"key":"Reflective Coating"}],"is_trial":false,"path_per_floor":["M","$","M","?","M","R","E","M","T","E"],"character_chosen":"DEFECT","items_purchased":["Potion Belt","DemoMod:GnawedKey"],"campfire_rested":0,"item_purchase_floors":[2,2],"current_hp_per_floor":[67,67,65,65,44,44,10,4,4,0,0],"gold":310,"neow_bonus":"TWO_FIFTY_GOLD","is_daily":false,"chose_seed":false,"campfire_upgraded":0,"win_rate":0.0,"timestamp":1612696019,"path_taken":["M","$","M","?","M","R","E","?","T","E"],"items_purchased_type":["Relic","Relic"],"build_version":"2020-12-22","purchased_purges":0,"victory":false,"max_hp_per_floor":[75,75,75,75,75,75,75,75,75,75,75],"card_choices":[{"not_picked":[],"picked":"EpicFetus","floor":0.0},{"not_picked":["Beam Cell","Turbo","Sweeping Beam"],"picked":"SKIP","floor":1.0},{"not_picked":["Loop","Redo"],"picked":"Static Discharge","floor":3.0},{"not_picked":["Cold Snap","Rebound"],"picked":"Buffer","floor":5.0},{"not_picked":["BasicCrystalCard","Gash"],"picked":"Capacitor","floor":7},{"not_picked":["Beam Cell","Hologram"],"picked":"Defragment","floor":8}],"player_experience":136764,"relics_obtained":[{"floor":7,"key":"DemoMod:Metronome"}],"event_choices":[{"damage_healed":0.0,"max_hp_gain":0.0,"max_hp_loss":0.0,"gold_gain":0.0,"event_name":"Living Wall","player_choice":"Grow","floor":4.0,"gold_loss":0.0,"damage_taken":0.0,"cards_upgraded":["Static Discharge"]}],"is_beta":false,"boss_relics":[],"items_purged_floors":[],"is_endless":false,"potions_floor_spawned":[7],"killed_by":"Gremlin Nob","ascension_level":3}}