{"host":"f5gffvlv6a66yqkd","time":1612688499,"event":{"mods":["2.2 Compatiblity","BaseMod","Colored Map","Custom Start","DeckTracker","Keyboard Shortcuts","Minty Spire (QoL Compilation)","Permanent Neow","Quick Restart","Relic Stats","StSLib","SuperFastMode"],"gold_per_floor":[110,129,147,147,164,164,175,175,175,187,187,112,112,129,129,203,203,220,9,9,9],"floor_reached":20,"language":"KOR","playtime":511,"items_purged":["Pain","Strike_P"],"score":382,"play_id":"8fa07914-b3ad-4698-9a1d-112327f3cf8a","local_time":"20210207180139","is_ascension_mode":true,"campfire_choices":[{"data":"Pray","floor":6.0,"key":"SMITH"},{"data":"Eruption","floor":8,"key":"SMITH"},{"data":"WheelKick","floor":13,"key":"SMITH"},{"floor":15,"key":"REST"}],"circlet_count":0,"master_deck":["AscendersBane","Strike_P","Strike_P","Strike_P","Defend_P","Defend_P","Defend_P","Defend_P","Eruption+1","Vigilance","CurseOfTheBell","SignatureMove","Pray+1","WheelKick+1","BowlingBash","EmptyFist","JustLucky","Scrawl","Prostrate"],"relics":["Calling Bell","Tiny Chest","Pantograph","TungstenRod","Blue Candle","WarpedTongs","Runic Pyramid"],"acts_visited":["Exordium","TheCity"],"potions_floor_usage":[10,16,20],"damage_taken":[{"damage":1.0,"enemies":"Jaw Worm","floor":1.0,"turns":3.0},{"damage":5.0,"enemies":"2 Louse","floor":2.0,"turns":2.0},{"damage":7.0,"enemies":"Cultist","floor":3.0,"turns":3.0},{"damage":5.0,"enemies":"Looter","floor":5.0,"turns":2.0},{"damage":7,"enemies":"Exordium Wildlife","floor":7,"turns":3},{"damage":23,"enemies":"Gremlin Gang","floor":10,"turns":3},{"damage":5,"enemies":"3 Louse","floor":14,"turns":2},{"damage":55,"enemies":"The Guardian","floor":16,"turns":8},{"damage":26,"enemies":"2 Thieves","floor":18,"turns":4},{"damage":44,"enemies":"3 Byrds","floor":20,"turns":3}],"seed_played":"-6931571452888162054","potions_obtained":[{"floor":2.0,"key":"EssenceOfSteel"},{"floor":7,"key":"BottledMiracle"},{"floor":14,"key":"Energy Potion"},{"floor":16,"key":"Regen Potion"}],"is_trial":false,"path_per_floor":["M","M","M","?","M","R","M","R","T","M","?","$","R","M","R","B",null,"M","$","M"],"character_chosen":"WATCHER","items_purchased":["Prostrate","Dexterity Potion"],"campfire_rested":1,"item_purchase_floors":[19,19],"current_hp_per_floor":[60,55,48,53,48,48,41,41,41,18,18,18,18,13,34,4,56,30,30,0,0],"gold":9,"neow_bonus":"BOSS_RELIC","is_daily":false,"chose_seed":false,"campfire_upgraded":3,"win_rate":0.0,"timestamp":1612688499,"path_taken":["M","M","M","?","M","R","M","R","T","M","?","$","R","M","R","BOSS","M","$","?"],"items_purchased_type":["Card","Potion"],"build_version":"2020-12-22","purchased_purges":2,"victory":false,"max_hp_per_floor":[68,68,68,73,73,73,73,73,73,73,73,73,73,73,73,73,73,73,73,73,73],"relic_stats":{"counters":[10,33],"Pantograph":25,"Blue Candle":[4],"Tiny Chest":0,"obtain_stats":[{"Calling Bell":0,"Pantograph":0,"Blue Candle":9,"Tiny Chest":0,"PureWater":0,"TungstenRod":0,"WarpedTongs":11,"Runic Pyramid":17},{"Calling Bell":0,"Pantograph":0,"Blue Candle":5,"Tiny Chest":0,"PureWater":0,"TungstenRod":0,"WarpedTongs":6,"Runic Pyramid":8},{"Calling Bell":0,"Pantograph":0,"Blue Candle":13,"Tiny Chest":0,"PureWater":0,"TungstenRod":0,"WarpedTongs":16,"Runic Pyramid":26}],"TungstenRod":43,"WarpedTongs":[17]},"card_choices":[{"not_picked":["Wireheading","Conclude"],"picked":"SignatureMove","floor":1.0},{"not_picked":["CrushJoints","EmptyBody"],"picked":"Pray","floor":2.0},{"not_picked":["FlurryOfBlows","Evaluate"],"picked":"WheelKick","floor":3.0},{"not_picked":["FollowUp","Alpha"],"picked":"BowlingBash","floor":5.0},{"not_picked":["BowlingBash","Perseverance","Weave"],"picked":"SKIP","floor":7},{"not_picked":["SignatureMove","Weave"],"picked":"EmptyFist","floor":10},{"not_picked":["CutThroughFate","ReachHeaven"],"picked":"JustLucky","floor":14},{"not_picked":["Alpha","Wish"],"picked":"Scrawl","floor":16},{"not_picked":["SashWhip","Weave","Consecrate"],"picked":"SKIP","floor":18}],"player_experience":1694932,"relics_obtained":[{"floor":0.0,"key":"Tiny Chest"},{"floor":0.0,"key":"Pantograph"},{"floor":0.0,"key":"TungstenRod"},{"floor":9,"key":"Blue Candle"}],"event_choices":[{"damage_healed":0.0,"max_hp_gain":5.0,"max_hp_loss":0.0,"gold_gain":0.0,"event_name":"Big Fish","player_choice":"Donut","floor":4.0,"gold_loss":0.0,"damage_taken":0.0},{"damage_healed":0,"gold_gain":0,"player_choice":"Rummage","damage_taken":0,"relics_obtained":["WarpedTongs"],"max_hp_gain":0,"max_hp_loss":0,"event_name":"Accursed Blacksmith","floor":11,"gold_loss":0,"cards_obtained":["Pain"]}],"is_beta":false,"boss_relics":[{"not_picked":["VioletLotus","SlaversCollar"],"picked":"Runic Pyramid"}],"items_purged_floors":[12,19],"is_endless":false,"potions_floor_spawned":[2,7,14,16],"killed_by":"3 Byrds","ascension_level":20}}