{"host":"jgyoyy5iuhtvyvtg","time":1612676918,"event":{"mods":["2.2 Compatiblity","BaseMod","Challenge The Spire","Colored Map","Conspire","Dark Map","Downfall","Hermit","Highlight Path","Infinite Spire","Lobotomy","LobotomyExtend","Minty Spire (QoL Compilation)","Quick Restart","Replay The Spire","Spikes Relics","StSLib","The Construct","The Disciple","The Jungle","Yuri Mod"],"gold_per_floor":[99,114,132,149,149,149,149,167,179,179,179,179,205,218,238,338,338,238,253,8,18,3,28,28,148,166,166,166,178,178,190,205,301,301,201,220,220,220,220,220,247,163,183,213,225,245,145,145,160,160,160,160,188,33,33,33,33],"floor_reached":58,"language":"ENG","playtime":4019,"items_purged":["bronze:Strike","bronze:Strike"],"score":1286,"play_id":"36392001-bdab-4704-9433-7a6a16fd63c4","local_time":"20210206214838","is_ascension_mode":false,"campfire_choices":[{"data":"bronze:Replicate","floor":1.0,"key":"SMITH"},{"data":"bronze:Mutator","floor":10.0,"key":"SMITH"},{"floor":12.0,"key":"REST"},{"data":"bronze:HardenedForm","floor":18.0,"key":"SMITH"},{"floor":30.0,"key":"RECALL"},{"data":"bronze:Verify","floor":35.0,"key":"SMITH"},{"data":"bronze:Flail","floor":35.0,"key":"SMITH"},{"data":"bronze:Philosophize","floor":40.0,"key":"SMITH"},{"data":"bronze:ClassDefault","floor":40.0,"key":"SMITH"},{"data":"bronze:Virus","floor":47,"key":"SMITH"},{"data":"bronze:Iterate","floor":47,"key":"SMITH"},{"floor":55,"key":"REST"}],"circlet_count":0,"master_deck":["bronze:Strike","bronze:Defend","bronze:Defend","bronze:Defend","bronze:Defend","bronze:TinkerersToolbox","bronze:Frontload","bronze:BuggyMess","bronze:Repulsor","m_BronzeAgony+1","m_BronzeSurvivor","bronze:Constructor","bronze:Mutator+1","bronze:HyperBeam","bronze:FollowUp","bronze:HardenedForm+1","bronze:Deprecate+1","bronze:Invalidate+1","bronze:BronzeOrb","bronze:Philosophize+1","bronze:BronzeOrb","bronze:Shield","bronze:Flail+1","bronze:Iterate+1","bronze:Separator","bronze:ClassDefault+1","bronze:Verify+1","bronze:Philosophize+1","expansioncontent:AwakenDeath","bronze:Repair+1","bronze:ItsAFeature","bronze:Shell+1","bronze:BuggyMess+1","bronze:FollowUp+1","bronze:Virus+1","bronze:BronzeArmor+1","bronze:MaxOutput"],"relics":["bronze:BronzeCore","LetterFromLob","infinitespire:Lucky Rock","infinitespire:Broken Mirror","Omamori","construct:WeddingRing","downfall:HeartBlessingGreen","Guardian:PocketSentry","Replay:Arrowhead","Calipers","conspire:DeflatedDodgeball","infinitespire:Cupcake","Philosopher\u0027s Stone","downfall:HeartBlessingRed","Replay:WaspNest","Pantograph","downfall:HeartBlessingBlue","Ring of Misfortune","ZombieTooth"],"acts_visited":["Exordium","Exordium","TheBeyond","TheEnding"],"potions_floor_usage":[42,42,53,56,56],"damage_taken":[{"damage":0.0,"enemies":"Cultist","floor":2.0,"turns":3.0},{"damage":17.0,"enemies":"infinitespire:Voidling","floor":3.0,"turns":5.0},{"damage":0.0,"enemies":"2 Louse","floor":4.0,"turns":3.0},{"damage":2.0,"enemies":"conspire:2 RoseBushes","floor":8.0,"turns":8.0},{"damage":7.0,"enemies":"Blue Slaver","floor":9.0,"turns":6.0},{"damage":50.0,"enemies":"Gremlin Nob","floor":13.0,"turns":6.0},{"damage":7.0,"enemies":"Gremlin Gang","floor":14.0,"turns":4.0},{"damage":6.0,"enemies":"Large Slime","floor":15.0,"turns":6.0},{"damage":0.0,"enemies":"WA_ARCHETYPE_RETAIN","floor":16.0,"turns":7.0},{"damage":0.0,"enemies":"theJungle:GiantWrat","floor":19.0,"turns":5.0},{"damage":0.0,"enemies":"downfall:FleeingMerchant","floor":20.0,"turns":4.0},{"damage":0.0,"enemies":"theJungle:5_Spyders","floor":21.0,"turns":9.0},{"damage":0.0,"enemies":"downfall:FleeingMerchant","floor":22.0,"turns":4.0},{"damage":19.0,"enemies":"theJungle:MamaSnecko","floor":23.0,"turns":7.0},{"damage":0.0,"enemies":"theJungle:SlimyTreeVines","floor":26.0,"turns":5.0},{"damage":0.0,"enemies":"theJungle:2_Snecko_Cultists","floor":29.0,"turns":4.0},{"damage":0.0,"enemies":"Snake Plant","floor":31.0,"turns":5.0},{"damage":0.0,"enemies":"theJungle:Lyon","floor":32.0,"turns":3.0},{"damage":20.0,"enemies":"DF_ARCHETYPE_CLAW","floor":33.0,"turns":8.0},{"damage":0.0,"enemies":"3 Shapes","floor":36.0,"turns":3.0},{"damage":0,"enemies":"downfall:FleeingMerchant","floor":42,"turns":4},{"damage":2,"enemies":"3 Darklings","floor":43,"turns":6},{"damage":4,"enemies":"Giant Head","floor":44,"turns":8},{"damage":0,"enemies":"Writhing Mass","floor":45,"turns":7},{"damage":1,"enemies":"Jaw Worm Horde","floor":46,"turns":3},{"damage":0,"enemies":"3 Darklings","floor":49,"turns":7},{"damage":7,"enemies":"SI_POISON_ARCHETYPE","floor":50,"turns":7},{"damage":54,"enemies":"downfall:CharBossMerchant","floor":53,"turns":10},{"damage":0,"enemies":"downfall:NeowBoss","floor":56,"turns":12},{"damage":24,"enemies":"downfall:NeowBossFinal","floor":57,"turns":13}],"seed_played":"5677601236589510491","potions_obtained":[{"floor":2.0,"key":"bronze:FreeFunctionsPotion"},{"floor":3.0,"key":"PowerPotion"},{"floor":9.0,"key":"FearPotion"},{"floor":16.0,"key":"infinitespire:BlackPotion"},{"floor":21.0,"key":"Energy Potion"},{"floor":43,"key":"Strength Potion"},{"floor":49,"key":"Swift Potion"},{"floor":53,"key":"champ:CounterPotion"}],"is_trial":false,"path_per_floor":["R","M","M","M","?","?","T","M","M","R","T","R","E","M","M","B",null,"R","M","$","M","$","E","T","?","M","AVR","?","M","R","M","M","B",null,"R","M","?","?","T","R","T","$","M","E","M","M","R","?","M","B",null,null,"E","$","R","B","B",null],"character_chosen":"THE_AUTOMATON","items_purchased":["bronze:BronzeOrb","Guardian:PocketSentry","bronze:ItsAFeature","bronze:MaxOutput"],"campfire_rested":2,"item_purchase_floors":[20,20,42,54],"current_hp_per_floor":[70,70,53,53,53,53,53,51,44,44,44,65,15,8,2,2,70,70,70,70,70,70,51,51,41,47,47,47,47,47,47,47,27,70,70,70,70,70,70,70,70,70,68,70,70,69,79,79,80,73,73,80,30,30,54,80,66],"gold":33,"neow_bonus":"ONE_RANDOM_RARE_CARD","is_daily":false,"chose_seed":false,"campfire_upgraded":9,"win_rate":0.0,"timestamp":1612676918,"path_taken":["R","M","?","?","?","?","T","M","M","R","?","R","E","M","M","BOSS","R","M","$","?","$","E","T","?","M","AVR","?","M","R","?","M","BOSS","R","M","?","?","?","R","T","$","M","E","M","M","R","?","M","BOSS","E","$","R","BOSS","BOSS"],"items_purchased_type":["Card","Relic","Card","Card"],"build_version":"2020-12-22","purchased_purges":2,"victory":true,"max_hp_per_floor":[70,70,70,70,70,70,70,70,70,70,70,70,70,70,70,70,70,70,70,70,70,70,70,70,70,70,70,70,70,70,70,70,70,70,70,70,70,70,70,70,70,70,70,70,70,70,80,80,80,80,80,80,80,80,80,80,80],"card_choices":[{"not_picked":["bronze:Optimize","bronze:BitShift"],"picked":"bronze:Frontload","floor":2.0},{"not_picked":["bronze:BitShift","bronze:WildBeam"],"picked":"bronze:BuggyMess","floor":3.0},{"not_picked":["bronze:Overheat","bronze:DarkDash"],"picked":"bronze:Repulsor","floor":4.0},{"not_picked":["bronze:BugBarrage","bronze:ForceShield"],"picked":"bronze:Constructor","floor":8.0},{"not_picked":["bronze:Constructor","bronze:BitShift"],"picked":"bronze:Mutator","floor":9.0},{"not_picked":["bronze:Constructor","bronze:BugBarrage"],"picked":"bronze:HyperBeam","floor":13.0},{"not_picked":["bronze:BugBarrage","bronze:WhirlingStrike"],"picked":"bronze:FollowUp","floor":14.0},{"not_picked":["bronze:Overheat","bronze:BugBarrage","bronze:Allocate"],"picked":"SKIP","floor":15.0},{"not_picked":["bronze:Format","bronze:CleanCode"],"picked":"bronze:HardenedForm","floor":16.0},{"not_picked":["bronze:FineTuning","bronze:ChildClass"],"picked":"bronze:Deprecate+1","floor":19.0},{"not_picked":["bronze:FollowUp+1","bronze:Refactor"],"picked":"bronze:Invalidate+1","floor":20.0},{"not_picked":["bronze:DelayedGuard","bronze:Branch"],"picked":"bronze:Philosophize+1","floor":21.0},{"not_picked":["bronze:BurnOut","bronze:Fortify"],"picked":"bronze:BronzeOrb","floor":22.0},{"not_picked":["bronze:Repulsor+1","bronze:FindAndReplace"],"picked":"bronze:Shield","floor":23.0},{"not_picked":["bronze:ChosenStrike","bronze:WhirlingStrike"],"picked":"bronze:Flail","floor":26.0},{"not_picked":["bronze:DarkDash","bronze:DelayedSlice"],"picked":"bronze:Iterate","floor":29.0},{"not_picked":["bronze:DigitalCarnage","bronze:GetLatest"],"picked":"bronze:Separator","floor":31.0},{"not_picked":["bronze:Optimize","bronze:DarkDash+1"],"picked":"bronze:ClassDefault","floor":32.0},{"not_picked":["bronze:BurnOut","bronze:SpaghettiCode"],"picked":"bronze:Verify","floor":33.0},{"not_picked":["bronze:OilSpill","bronze:Deprecate"],"picked":"bronze:Philosophize","floor":36.0},{"not_picked":["expansioncontent:LastStand","expansioncontent:InvincibleStrength"],"picked":"expansioncontent:AwakenDeath","floor":38.0},{"not_picked":["bronze:BugBarrage+1","bronze:Invalidate+1"],"picked":"bronze:Repair+1","floor":42},{"not_picked":["bronze:Overheat","bronze:Branch"],"picked":"bronze:Shell+1","floor":43},{"not_picked":["bronze:Overheat","bronze:Deprecate+1"],"picked":"bronze:BuggyMess+1","floor":44},{"not_picked":["bronze:DarkDash","bronze:WildBeam+1"],"picked":"bronze:FollowUp+1","floor":45},{"not_picked":["bronze:CutThrough","bronze:Iterate"],"picked":"bronze:Virus","floor":46},{"not_picked":["bronze:DigitalCarnage","bronze:Overheat","bronze:GetLatest"],"picked":"SKIP","floor":49},{"not_picked":["bronze:Backtrace+1","bronze:CutThrough+1"],"picked":"bronze:BronzeArmor+1","floor":53}],"player_experience":3251552,"relics_obtained":[{"floor":2.0,"key":"LetterFromLob"},{"floor":7.0,"key":"infinitespire:Lucky Rock"},{"floor":11.0,"key":"infinitespire:Broken Mirror"},{"floor":13.0,"key":"Omamori"},{"floor":23.0,"key":"Replay:Arrowhead"},{"floor":24.0,"key":"Calipers"},{"floor":39.0,"key":"Replay:WaspNest"},{"floor":44,"key":"Pantograph"},{"floor":48,"key":"Ring of Misfortune"},{"floor":53,"key":"ZombieTooth"}],"event_choices":[{"damage_healed":0.0,"max_hp_gain":0.0,"max_hp_loss":0.0,"gold_gain":0.0,"event_name":"conspire:Investor","player_choice":"Leave","floor":5.0,"gold_loss":0.0,"damage_taken":0.0},{"cards_removed":["bronze:Strike"],"damage_healed":0.0,"max_hp_gain":0.0,"max_hp_loss":0.0,"gold_gain":0.0,"event_name":"Wheel of Change","player_choice":"Card Removal","floor":28.0,"gold_loss":0.0,"damage_taken":0.0}],"is_beta":false,"boss_relics":[{"not_picked":["Painkiller Herb","Runic Pyramid"],"picked":"construct:WeddingRing"},{"not_picked":["Honey Jar","ReplayTheSpireMod:SealedPack"],"picked":"Philosopher\u0027s Stone"}],"items_purged_floors":[27,54],"is_endless":false,"potions_floor_spawned":[2,3,9,16,21,23,29,31,32,43,49,53],"ascension_level":0}}