{"host":"2l3i55whvwk76mom","time":1612716482,"event":{"mods":["BaseMod","Googly Eyes","Hermit","Hubris","Minty Spire (QoL Compilation)","Replay The Spire","StSLib","The Cursed","The Disciple","The Hierophant","The Jungle","The Necromancer"],"gold_per_floor":[116,128,203,221,162,162,194,204,204,224,78,78,109,120,120,215,215,231,248,3,19,19,19,50,50,130,130,130,130],"floor_reached":28,"language":"ENG","playtime":991,"items_purged":["Strike_G","Strike_G"],"score":328,"play_id":"5e290dd8-1c55-4a27-aba7-50212a862d78","local_time":"20210207084802","is_ascension_mode":true,"campfire_choices":[{"data":"Draining Mist","floor":6,"key":"SMITH"},{"floor":12,"key":"REST"},{"floor":15,"key":"REST"},{"data":"Corpse Explosion","floor":23,"key":"SMITH"},{"data":"Burst","floor":25,"key":"SMITH"},{"data":"Leg Sweep","floor":27,"key":"SMITH"}],"circlet_count":0,"master_deck":["Strike_G","Strike_G","Strike_G","Defend_G+1","Defend_G","Defend_G","Defend_G","Defend_G+1","Survivor","Neutralize","Dagger Spray","Prepared","Draining Mist+1","Calculated Gamble","Backflip","Blade Dance","Corpse Explosion+1","Corpse Explosion","Hidden Blade","Burst+1","Deadly Poison+1","Leg Sweep+1","Dodge and Roll+1","Replay:Poison Smokescreen+1"],"relics":["Ring of the Snake","NeowsBlessing","Omamori","Anchor","War Paint","hubris:OldNail","Black Star","Lee\u0027s Waffle","Replay:Ringing Soul","Gremlin Food"],"acts_visited":["Exordium","TheCity"],"potions_floor_usage":[7,7,16,18,21,24,24],"damage_taken":[{"damage":0,"enemies":"Small Slimes","floor":1,"turns":1},{"damage":0,"enemies":"Cultist","floor":2,"turns":1},{"damage":0,"enemies":"Jaw Worm","floor":4,"turns":1},{"damage":12,"enemies":"Gremlin Nob","floor":7,"turns":3},{"damage":16,"enemies":"2 Fungi Beasts","floor":8,"turns":4},{"damage":1,"enemies":"3 Louse","floor":10,"turns":3},{"damage":15,"enemies":"3 Sentries","floor":13,"turns":4},{"damage":16,"enemies":"Large Slime","floor":14,"turns":6},{"damage":27,"enemies":"Slime Boss","floor":16,"turns":5},{"damage":26,"enemies":"2 Thieves","floor":18,"turns":3},{"damage":8,"enemies":"3 Byrds","floor":19,"turns":2},{"damage":4,"enemies":"Snake Plant","floor":21,"turns":5},{"damage":26,"enemies":"Book of Stabbing","floor":24,"turns":8},{"damage":56,"enemies":"Gremlin Leader","floor":28,"turns":7}],"seed_played":"4783340599571362688","potions_obtained":[{"floor":2,"key":"DistilledChaos"},{"floor":4,"key":"Poison Potion"},{"floor":7,"key":"Death Potion"},{"floor":14,"key":"SteroidPotion"},{"floor":16,"key":"BlessingOfTheForge"},{"floor":18,"key":"Elixir"},{"floor":19,"key":"CunningPotion"},{"floor":21,"key":"AttackPotion"}],"is_trial":false,"path_per_floor":["M","M","?","M","?","R","E","M","T","M","$","R","E","M","R","B",null,"M","M","$","M","?","R","E","R","T","R","E"],"character_chosen":"THE_SILENT","items_purchased":["Corpse Explosion","Lee\u0027s Waffle"],"campfire_rested":2,"item_purchase_floors":[11,20],"current_hp_per_floor":[70,70,59,59,59,59,47,31,31,30,30,51,36,20,41,14,70,44,36,77,73,73,73,50,50,50,50,0,0],"gold":130,"neow_bonus":"THREE_ENEMY_KILL","is_daily":false,"chose_seed":false,"campfire_upgraded":4,"win_rate":0.0,"timestamp":1612716482,"path_taken":["M","M","?","M","?","R","E","?","T","?","$","R","E","M","R","BOSS","M","M","$","M","?","R","E","R","T","R","E"],"items_purchased_type":["Card","Relic"],"build_version":"2020-12-22","purchased_purges":2,"victory":false,"max_hp_per_floor":[70,70,70,70,70,70,70,70,70,70,70,70,70,70,70,70,70,70,70,77,77,77,77,80,80,80,80,80,80],"card_choices":[{"not_picked":["Dagger Throw","Hidden Blade"],"picked":"Dagger Spray","floor":1},{"not_picked":["Underhanded Strike","Eviscerate"],"picked":"Prepared","floor":2},{"not_picked":["Prepared","hubris:Counter"],"picked":"Draining Mist","floor":4},{"not_picked":["Flying Knee","Underhanded Strike"],"picked":"Calculated Gamble","floor":7},{"not_picked":["All Out Attack","ReplayTheSpireMod:Tripwire"],"picked":"Backflip","floor":8},{"not_picked":["Caltrops","hubris:TrickCloak"],"picked":"Blade Dance","floor":10},{"not_picked":["Flying Knee","Deflect"],"picked":"Corpse Explosion","floor":13},{"not_picked":["Slice","Backstab"],"picked":"Hidden Blade","floor":14},{"not_picked":["Night Terror","Wraith Form v2"],"picked":"Burst","floor":16},{"not_picked":["Concentrate","Blade Dance"],"picked":"Deadly Poison+1","floor":18},{"not_picked":["Acrobatics","Dodge and Roll"],"picked":"Leg Sweep","floor":19},{"not_picked":["Predator","Blade Dance"],"picked":"Dodge and Roll+1","floor":21},{"not_picked":["Dagger Spray+1","Hidden Blade"],"picked":"Replay:Poison Smokescreen+1","floor":24}],"player_experience":359669,"relics_obtained":[{"floor":7,"key":"Anchor"},{"floor":9,"key":"War Paint"},{"floor":13,"key":"hubris:OldNail"},{"floor":24,"key":"Replay:Ringing Soul"},{"floor":24,"key":"Gremlin Food"}],"event_choices":[{"damage_healed":0,"gold_gain":75,"player_choice":"Gather Gold","damage_taken":11,"max_hp_gain":0,"max_hp_loss":0,"event_name":"World of Goop","floor":3,"gold_loss":0},{"damage_healed":0,"gold_gain":0,"player_choice":"Paid Gold","damage_taken":0,"relics_obtained":["Omamori"],"max_hp_gain":0,"max_hp_loss":0,"event_name":"WeMeetAgain","floor":5,"gold_loss":59}],"is_beta":false,"boss_relics":[{"not_picked":["Empty Cage","Kintsugi"],"picked":"Black Star"}],"items_purged_floors":[11,20],"is_endless":false,"potions_floor_spawned":[2,4,7,14,16,18,19,21],"killed_by":"Gremlin Leader","ascension_level":4}}