{"host":"l60rmjjsfi0fipmi","time":1612665363,"event":{"mods":["BaseMod","Colored Map","DeckTracker","Downfall","Highlight Path","Minty Spire (QoL Compilation)","StSLib"],"gold_per_floor":[99,118,131,131,44,66,66,102,116,116,116,116,141,141,160,265,265,265,295,319,329,438,283,330,349,46,46,46,46],"floor_reached":27,"language":"ENG","playtime":3668,"items_purged":[],"score":215,"play_id":"4930d36f-a3fb-4524-afed-098d3b94e970","local_time":"20210206213603","is_ascension_mode":false,"campfire_choices":[{"data":"hexamod:Float","floor":1,"key":"SMITH"},{"floor":12,"key":"REST"},{"data":"hexamod:NightmareStrike","floor":18,"key":"SMITH"}],"circlet_count":0,"master_deck":["hexamod:Strike","hexamod:Strike","hexamod:Defend","hexamod:Defend","hexamod:Defend","hexamod:Sear","hexamod:Float+1","hexamod:HauntingEcho","hexamod:SecondSeal","hexamod:SoulSteal","hexamod:EmpoweredFlame","hexamod:NightmareStrike+1","hexamod:ChargedBarrage","hexamod:HeatShield","hexamod:TimeOfNeed","hexamod:Rewind+1","hexamod:InspiringFlames","hexamod:BurningTouch+1","hexamod:ExtraCrispy+1","hexamod:Incineration","expansioncontent:AwakenDeath","hexamod:HeatMetal+1"],"relics":["hexamod:SpiritBrand","hexamod:InflammatoryLetter","PreservedInsect","downfall:BrokenWingStatue","CeramicFish","Empty Cage","downfall:CloakOfManyFaces","CultistMask","FaceOfCleric","NlothsMask","GremlinMask","SsserpentHead","Bottled Flame"],"acts_visited":["Exordium","TheCity"],"potions_floor_usage":[25,25,27],"damage_taken":[{"damage":9,"enemies":"Small Slimes","floor":2,"turns":4},{"damage":0,"enemies":"Cultist","floor":3,"turns":3},{"damage":0,"enemies":"downfall:FleeingMerchant","floor":5,"turns":4},{"damage":6,"enemies":"2 Louse","floor":6,"turns":3},{"damage":23,"enemies":"Gremlin Nob","floor":8,"turns":4},{"damage":0,"enemies":"Blue Slaver","floor":9,"turns":3},{"damage":8,"enemies":"Lots of Slimes","floor":13,"turns":4},{"damage":6,"enemies":"Blue Slaver","floor":15,"turns":4},{"damage":10,"enemies":"SI_SHIV_ARCHETYPE","floor":16,"turns":8},{"damage":25,"enemies":"3 Byrds","floor":19,"turns":5},{"damage":5,"enemies":"Shell Parasite","floor":20,"turns":4},{"damage":27,"enemies":"Snecko","floor":21,"turns":6},{"damage":11,"enemies":"downfall:FaceTrader","floor":22,"turns":9},{"damage":0,"enemies":"downfall:FleeingMerchant","floor":23,"turns":4},{"damage":20,"enemies":"Snake Plant","floor":25,"turns":3},{"damage":15,"enemies":"downfall:FleeingMerchant","floor":26,"turns":4},{"damage":24,"enemies":"Slavers","floor":27,"turns":2}],"seed_played":"1263718784115954223","potions_obtained":[{"floor":3,"key":"SteroidPotion"},{"floor":4,"key":"hexamod:EctoCoolerPotion"},{"floor":4,"key":"GamblersBrew"},{"floor":15,"key":"EssenceOfSteel"}],"is_trial":false,"path_per_floor":["R","M","M","?","$","M","T","E","M","?","?","R","M","T","M","B",null,"R","M","M","M","?","$","T","M","$","E"],"character_chosen":"THE_SPIRIT","items_purchased":["hexamod:EmpoweredFlame","hexamod:Incineration","expansioncontent:AwakenDeath","Bottled Flame","Block Potion"],"campfire_rested":1,"item_purchase_floors":[5,23,23,26,26],"current_hp_per_floor":[77,68,68,68,68,62,62,39,39,39,39,62,54,54,48,38,77,77,52,47,20,9,10,10,14,21,0,0,0],"gold":46,"neow_bonus":"TEN_PERCENT_HP_BONUS","is_daily":false,"chose_seed":false,"campfire_upgraded":2,"win_rate":0.0,"timestamp":1612665363,"path_taken":["R","M","M","?","$","M","T","E","?","?","?","R","M","?","M","BOSS","R","M","M","M","?","$","T","M","$","E"],"items_purchased_type":["Card","Card","Card","Relic","Potion"],"build_version":"2020-12-22","purchased_purges":0,"victory":false,"max_hp_per_floor":[77,77,77,77,77,77,77,77,77,77,77,77,77,77,77,77,77,77,77,77,77,77,78,78,79,80,80,80,80],"card_choices":[{"not_picked":["hexamod:InspiringFlames","hexamod:SpectersWail"],"picked":"hexamod:HauntingEcho","floor":2},{"not_picked":["hexamod:Hexaguard","hexamod:Haunt"],"picked":"hexamod:SecondSeal","floor":3},{"not_picked":["hexamod:UnlimitedPower","hexamod:AdvancingGuard"],"picked":"hexamod:SoulSteal","floor":5},{"not_picked":["hexamod:AdvancingGuard","hexamod:SoulSteal"],"picked":"hexamod:NightmareStrike","floor":6},{"not_picked":["hexamod:BurningTouch","hexamod:EmpoweredFlame"],"picked":"hexamod:ChargedBarrage","floor":8},{"not_picked":["hexamod:GhostShield","hexamod:SpectralAdrenaline","hexamod:NightmareGuise"],"picked":"SKIP","floor":9},{"not_picked":["hexamod:SoulSteal","hexamod:HauntingEcho"],"picked":"hexamod:HeatShield","floor":13},{"not_picked":["hexamod:GhostShield","hexamod:CatchUp","hexamod:BacktrackSmack"],"picked":"SKIP","floor":15},{"not_picked":["hexamod:UnleashSpirits","hexamod:UnlimitedPower"],"picked":"hexamod:TimeOfNeed","floor":16},{"not_picked":["hexamod:Incineration","hexamod:NightmareGuise"],"picked":"hexamod:Rewind+1","floor":19},{"not_picked":["hexamod:HauntingEcho","hexamod:BurningTouch"],"picked":"hexamod:InspiringFlames","floor":20},{"not_picked":["hexamod:RainOfEmbers","hexamod:HauntingEcho+1","hexamod:CatchUp"],"picked":"SKIP","floor":21},{"not_picked":["hexamod:ThermalTransfer","hexamod:RadiantFlame"],"picked":"hexamod:BurningTouch+1","floor":22},{"not_picked":["hexamod:NightmareGuise","hexamod:SoulSteal"],"picked":"hexamod:ExtraCrispy+1","floor":23},{"not_picked":["hexamod:GhostShield","hexamod:Hexaguard","hexamod:ThermalTransfer"],"picked":"SKIP","floor":25},{"not_picked":["hexamod:Hexaguard","hexamod:NightmareGuise"],"picked":"hexamod:HeatMetal+1","floor":26}],"player_experience":797673,"relics_obtained":[{"floor":7,"key":"hexamod:InflammatoryLetter"},{"floor":8,"key":"PreservedInsect"},{"floor":14,"key":"CeramicFish"},{"floor":22,"key":"downfall:CloakOfManyFaces"}],"event_choices":[{"damage_healed":0,"gold_gain":0,"player_choice":"Got Potions","damage_taken":0,"max_hp_gain":0,"max_hp_loss":0,"event_name":"Lab","floor":4,"gold_loss":0},{"cards_removed":["hexamod:Strike"],"damage_healed":0,"gold_gain":0,"player_choice":"Card Removal","damage_taken":0,"max_hp_gain":0,"max_hp_loss":0,"event_name":"The Cleric","floor":10,"gold_loss":0}],"is_beta":false,"boss_relics":[{"not_picked":["Velvet Choker","Philosopher\u0027s Stone"],"picked":"Empty Cage"}],"items_purged_floors":[],"is_endless":false,"potions_floor_spawned":[3,9,15,16,22],"killed_by":"Slavers","ascension_level":0}}