{"host":"4u4xibnmtqpdl4qa","time":1612713562,"event":{"mods":["2.2 Compatiblity","AchievementEnabler","BaseMod","Colored Map","Colored Powertips","Curses Come First","DeckTracker","Highlight Path","Minty Spire (QoL Compilation)","Quick Restart","Rare Cards Sparkle","Relic Stats","Slay-I","StSLib","SuperFastMode","Waifu the Spire"],"gold_per_floor":[113,113,113,113,125,125,125,160,160,160,176,194,229,240,240,336,336,353,353,443,453,453,480,480,505,505,518,518,545,545,565,565,664,664,674,688,55,74,74,106,106,119,119,119,119,39,39,49,49,49],"floor_reached":51,"language":"ENG","playtime":5437,"items_purged":["Forethought+1","Strike_R"],"score":790,"play_id":"108473bc-2601-46bd-b7d5-c763e5d6bc84","local_time":"20210207165922","is_ascension_mode":true,"campfire_choices":[{"data":"Whirlwind","floor":6.0,"key":"SMITH"},{"data":"Thunderclap","floor":10.0,"key":"SMITH"},{"floor":15.0,"key":"REST"},{"data":"Demon Form","floor":24,"key":"SMITH"},{"floor":28,"key":"REST"},{"data":"Berserk","floor":32,"key":"SMITH"},{"data":"Shockwave","floor":41,"key":"SMITH"},{"data":"Shockwave","floor":44,"key":"SMITH"},{"data":"Heavy Blade","floor":49,"key":"SMITH"}],"circlet_count":0,"master_deck":["Strike_R","Strike_R","Strike_R","Defend_R","Defend_R+1","Defend_R","Defend_R","Bash","True Grit+1","Whirlwind+1","Thunderclap+1","Cleave","Shrug It Off","Demon Form+1","Clothesline","Shockwave+1","Berserk+1","Good Instincts","Armaments+1","Second Wind+1","Impervious","Shockwave+1","True Grit","Heavy Blade+1","Reaper"],"relics":["Burning Blood","Dream Catcher","Ancient Tea Set","Paper Frog","Blood Vial","Snecko Eye","Tiny Chest","War Paint","Pocketwatch","Bottled Flame","Incense Burner","The Courier","Busted Crown","Brimstone","HornCleat","Dead Branch","Regal Pillow","Bottled Tornado","Eternal Feather"],"acts_visited":["Exordium","TheCity","TheBeyond"],"potions_floor_usage":[23,29,50,50],"damage_taken":[{"damage":2.0,"enemies":"Small Slimes","floor":1.0,"turns":4.0},{"damage":0.0,"enemies":"2 Louse","floor":5.0,"turns":3.0},{"damage":14.0,"enemies":"Gremlin Nob","floor":8.0,"turns":4.0},{"damage":0.0,"enemies":"Jaw Worm","floor":11.0,"turns":1.0},{"damage":14.0,"enemies":"Looter","floor":12.0,"turns":4.0},{"damage":40.0,"enemies":"Lagavulin","floor":13.0,"turns":8.0},{"damage":0.0,"enemies":"Large Slime","floor":14.0,"turns":1.0},{"damage":20.0,"enemies":"Slime Boss","floor":16.0,"turns":8.0},{"damage":7.0,"enemies":"Spheric Guardian","floor":18.0,"turns":4.0},{"damage":12,"enemies":"Shell Parasite","floor":21,"turns":6},{"damage":33,"enemies":"Gremlin Leader","floor":23,"turns":7},{"damage":22,"enemies":"Book of Stabbing","floor":25,"turns":4},{"damage":0,"enemies":"Snecko","floor":27,"turns":4},{"damage":8,"enemies":"Slavers","floor":29,"turns":3},{"damage":20,"enemies":"Snake Plant","floor":31,"turns":4},{"damage":22,"enemies":"Champ","floor":33,"turns":7},{"damage":0,"enemies":"3 Darklings","floor":35,"turns":3},{"damage":0,"enemies":"Orb Walker","floor":36,"turns":3},{"damage":0,"enemies":"4 Shapes","floor":38,"turns":2},{"damage":22,"enemies":"Giant Head","floor":40,"turns":5},{"damage":3,"enemies":"Maw","floor":42,"turns":5},{"damage":3,"enemies":"Transient","floor":48,"turns":5},{"damage":28,"enemies":"Awakened One","floor":50,"turns":4}],"seed_played":"-8902422542605837055","potions_obtained":[{"floor":5.0,"key":"BloodPotion"},{"floor":8.0,"key":"AttackPotion"},{"floor":11.0,"key":"EntropicBrew"},{"floor":13.0,"key":"Swift Potion"},{"floor":23,"key":"ElixirPotion"},{"floor":25,"key":"Block Potion"},{"floor":31,"key":"Strength Potion"},{"floor":36,"key":"Regen Potion"},{"floor":40,"key":"LiquidMemories"}],"is_trial":false,"path_per_floor":["M","?","?","?","M","R","?","E","T","R","M","M","E","M","R","B",null,"M","?","?","M","?","E","R","E","T","M","R","E","T","M","R","B",null,"M","M","$","M","?","E","R","M","T","R","?","$","T","M","R","B",null],"character_chosen":"IRONCLAD","items_purchased":["Brimstone","HornCleat","Dead Branch"],"campfire_rested":2,"item_purchase_floors":[37,37,37],"current_hp_per_floor":[76,57,57,45,51,51,51,43,43,43,49,41,26,34,62,50,96,95,95,70,66,66,41,41,27,27,35,63,63,63,51,51,37,96,96,96,96,96,91,82,82,91,91,91,81,81,81,91,91,91],"gold":49,"neow_bonus":"TWENTY_PERCENT_HP_BONUS","is_daily":false,"chose_seed":false,"campfire_upgraded":7,"win_rate":0.0,"timestamp":1612713562,"path_taken":["M","?","?","?","M","R","?","E","T","R","M","M","E","?","R","BOSS","M","?","?","?","?","E","R","E","T","M","R","E","?","M","R","BOSS","M","M","$","M","?","E","R","M","T","R","?","?","?","M","R","BOSS"],"items_purchased_type":["Relic","Relic","Relic"],"build_version":"2020-12-22","purchased_purges":2,"victory":true,"max_hp_per_floor":[96,96,96,96,96,96,96,96,96,96,96,96,96,96,96,96,96,96,96,96,96,96,96,96,96,96,96,96,96,96,96,96,96,96,96,96,96,96,91,91,91,91,91,91,91,91,91,91,91,91],"relic_stats":{"Regal Pillow":0,"counters":[23,99],"Dead Branch":[18],"Eternal Feather":0,"War Paint":["Forethought","Armaments"],"Burning Blood":102,"Blood Vial":22,"Dream Catcher":2,"Busted Crown":18,"Snecko Eye":[120,122,117,130],"Tiny Chest":2,"obtain_stats":[{"Regal Pillow":40,"Dead Branch":37,"Eternal Feather":47,"The Courier":30,"Incense Burner":29,"War Paint":23,"Bottled Tornado":43,"Ancient Tea Set":8,"Burning Blood":0,"Blood Vial":13,"Dream Catcher":4,"Bottled Flame":26,"Busted Crown":34,"HornCleat":37,"Brimstone":37,"Snecko Eye":17,"Tiny Chest":19,"Paper Frog":9,"Pocketwatch":25},{"Regal Pillow":20,"Dead Branch":18,"Eternal Feather":21,"The Courier":14,"Incense Burner":14,"War Paint":11,"Bottled Tornado":21,"Ancient Tea Set":3,"Burning Blood":0,"Blood Vial":6,"Dream Catcher":1,"Bottled Flame":12,"Busted Crown":16,"HornCleat":18,"Brimstone":18,"Snecko Eye":8,"Tiny Chest":9,"Paper Frog":3,"Pocketwatch":12},{"Regal Pillow":85,"Dead Branch":78,"Eternal Feather":90,"The Courier":61,"Incense Burner":61,"War Paint":50,"Bottled Tornado":90,"Ancient Tea Set":11,"Burning Blood":0,"Blood Vial":24,"Dream Catcher":4,"Bottled Flame":54,"Busted Crown":72,"HornCleat":78,"Brimstone":78,"Snecko Eye":33,"Tiny Chest":37,"Paper Frog":11,"Pocketwatch":54}],"Pocketwatch":[42]},"card_choices":[{"not_picked":["Anger","Warcry"],"picked":"True Grit","floor":1.0},{"not_picked":["Body Slam","Metallicize"],"picked":"Whirlwind","floor":5.0},{"not_picked":["Twin Strike","Body Slam"],"picked":"Thunderclap","floor":8.0},{"not_picked":["True Grit","Shrug It Off"],"picked":"Cleave","floor":11.0},{"not_picked":["Infernal Blade","Headbutt"],"picked":"Shrug It Off","floor":12.0},{"not_picked":["Immolate","Pommel Strike"],"picked":"Demon Form","floor":13.0},{"not_picked":["Armaments","Combust"],"picked":"Clothesline","floor":14.0},{"not_picked":["Perfected Strike","Thunderclap"],"picked":"Shockwave","floor":15.0},{"not_picked":["Demon Form","Offering"],"picked":"Berserk","floor":16.0},{"not_picked":["Clash+1","Bloodletting+1","Pummel"],"picked":"SKIP","floor":18.0},{"not_picked":["Battle Trance","Whirlwind"],"picked":"Armaments","floor":21},{"not_picked":["Wild Strike","Anger"],"picked":"Second Wind+1","floor":23},{"not_picked":["Blood for Blood","Iron Wave"],"picked":"Impervious","floor":25},{"not_picked":["Body Slam+1","Anger"],"picked":"Shockwave","floor":27},{"not_picked":["Clash","Exhume"],"picked":"True Grit","floor":28},{"not_picked":["Fire Breathing","Double Tap"],"picked":"Heavy Blade","floor":29},{"not_picked":["Warcry","Armaments+1","Iron Wave"],"picked":"SKIP","floor":31},{"not_picked":["Corruption","Juggernaut"],"picked":"Reaper","floor":33},{"not_picked":["Cleave"],"picked":"SKIP","floor":35},{"not_picked":["Sword Boomerang"],"picked":"SKIP","floor":36},{"not_picked":["Clothesline+1"],"picked":"SKIP","floor":38},{"not_picked":["Dual Wield+1"],"picked":"SKIP","floor":40},{"not_picked":["Body Slam+1"],"picked":"SKIP","floor":42},{"not_picked":["True Grit"],"picked":"SKIP","floor":48}],"player_experience":155051,"relics_obtained":[{"floor":8.0,"key":"Ancient Tea Set"},{"floor":9.0,"key":"Paper Frog"},{"floor":13.0,"key":"Blood Vial"},{"floor":23,"key":"War Paint"},{"floor":25,"key":"Pocketwatch"},{"floor":26,"key":"Bottled Flame"},{"floor":29,"key":"Incense Burner"},{"floor":30,"key":"The Courier"},{"floor":40,"key":"Regal Pillow"},{"floor":43,"key":"Bottled Tornado"},{"floor":47,"key":"Eternal Feather"}],"event_choices":[{"damage_healed":0.0,"max_hp_gain":0.0,"max_hp_loss":0.0,"gold_gain":0.0,"event_name":"Shining Light","player_choice":"Entered Light","floor":2.0,"gold_loss":0.0,"damage_taken":19.0,"cards_upgraded":["True Grit","Defend_R"]},{"cards_removed":["Strike_R"],"damage_healed":0.0,"max_hp_gain":0.0,"max_hp_loss":0.0,"gold_gain":0.0,"event_name":"Living Wall","player_choice":"Forget","floor":3.0,"gold_loss":0.0,"damage_taken":0.0},{"damage_healed":0.0,"max_hp_gain":0.0,"max_hp_loss":0.0,"gold_gain":0.0,"event_name":"Scrap Ooze","player_choice":"Success","floor":4.0,"gold_loss":0.0,"damage_taken":12.0,"relics_obtained":["Dream Catcher"]},{"damage_healed":0.0,"max_hp_gain":0.0,"max_hp_loss":0.0,"gold_gain":0.0,"event_name":"Liars Game","player_choice":"Ignored","floor":7.0,"gold_loss":0.0,"damage_taken":0.0},{"damage_healed":0.0,"max_hp_gain":0.0,"max_hp_loss":0.0,"gold_gain":0.0,"event_name":"Addict","player_choice":"Stole Relic","floor":19.0,"gold_loss":0.0,"damage_taken":0.0,"relics_obtained":["Tiny Chest"],"cards_obtained":["Shame"]},{"damage_healed":0.0,"max_hp_gain":0.0,"max_hp_loss":0.0,"gold_gain":90.0,"event_name":"Knowing Skull","player_choice":"CARD GOLD CARD ","floor":20.0,"potions_obtained":[],"gold_loss":0.0,"damage_taken":25.0,"cards_obtained":["Good Instincts","Forethought"]},{"cards_removed":["Shame"],"damage_healed":0,"gold_gain":0,"player_choice":"Elegance","damage_taken":0,"max_hp_gain":0,"max_hp_loss":0,"event_name":"Back to Basics","floor":22,"gold_loss":0},{"damage_healed":0,"gold_gain":0,"player_choice":"Max HP","damage_taken":0,"max_hp_gain":0,"max_hp_loss":5,"event_name":"Winding Halls","floor":39,"gold_loss":0},{"damage_healed":0,"gold_gain":0,"player_choice":"Memory 3","damage_taken":10,"max_hp_gain":0,"max_hp_loss":0,"event_name":"SensoryStone","floor":45,"gold_loss":0}],"is_beta":false,"boss_relics":[{"not_picked":["Pandora\u0027s Box","Astrolabe"],"picked":"Snecko Eye"},{"not_picked":["Runic Dome","Philosopher\u0027s Stone"],"picked":"Busted Crown"}],"items_purged_floors":[37,46],"is_endless":false,"potions_floor_spawned":[5,8,11,13,23,25,31,36,38,40,42],"ascension_level":2}}