{"host":"w8xisjf5mgmfjvmt","time":1612677081,"event":{"mods":["BaseMod","BetterRewards","Challenge The Spire","Conspire","Energized Spire","Filter the Spire","Minty Spire (QoL Compilation)","Quarter Circle Forward PUNCH!","Quick Restart","Relic Filter Mod","Relic Stats","Reliquary","Replay The Spire","Shop Mod","Spicy Shops","StSLib","Thieving Mod","¡¾ÒÅÎï¿¨ÅÆ¡¿REMEMod","óô»ðÖ¸ÄÏ"],"gold_per_floor":[110,110,110,128,53,88,53,87,169,169,194,13,27,56,56,135,135,147,172,191,191,207,233,27,58,58,58,93,93,93,127,127,236,236,250,100,145,159,170,199,199,227,305,340,7,27,55,66,66,66,66,66,66,10,41,41],"floor_reached":57,"language":"ZHS","playtime":2861,"items_purged":["Strike_G","Strike_G","Strike_G","Strike_G","Spreading Infection"],"score":3719,"play_id":"766b4cab-9c96-43d7-a61e-841cac0f3e31","local_time":"20210207135121","is_ascension_mode":true,"campfire_choices":[{"data":"Apotheosis","floor":10.0,"key":"SMITH"},{"floor":15.0,"key":"REST"},{"data":"REME_ShadowForm","floor":27.0,"key":"SMITH"},{"data":"Footwork","floor":29.0,"key":"SMITH"},{"data":"Catalyst","floor":32.0,"key":"SMITH"},{"data":"Footwork","floor":41,"key":"SMITH"},{"floor":49,"key":"RECALL"},{"data":"Venomology","floor":53,"key":"SMITH"}],"circlet_count":0,"master_deck":["AscendersBane","Defend_G","Defend_G","Defend_G","Defend_G","Survivor","Neutralize","Apotheosis+1","Dodge and Roll","Corpse Explosion+1","Acrobatics","Footwork+1","Venomology+1","REME_ShadowForm+1","Deadly Poison","PiercingWail","Sneak Up","Catalyst+1","Footwork+1","Backflip+1","Reflex","Backflip","REME_ShadowForm+1","Draining Mist+1"],"relics":["Ring of the Snake","REME_ComplimentaryCards","qcfpunch:Lotus_Statue","reliquary:WeakTea","PreservedInsect","reliquary:OuijaBoard","reliquary:PrincelyHelmet","Ancient Tea Set","Blood Vial","reliquary:SilkGlove","Cursed Key","Red Mask","Ring of Panic","reliquary:FerryPass","Pen Nib","Mummified Hand","REME_PoisonedDagger","ReplayTheSpireMod:Shallot","Snecko Heart","REME_IWantAll","Replay:Accelerometer","Onion Ring","Juzu Bracelet","Guide Book","Replay:Rubber Ducky","reliquary:Stiletto"],"acts_visited":["Exordium","TheCity","TheBeyond","TheEnding"],"potions_floor_usage":[37,37,39,40,44,46,50,50,55,55,56,56,56,56],"damage_taken":[{"damage":2.0,"enemies":"Jaw Worm","floor":1.0,"turns":5.0},{"damage":0.0,"enemies":"Cultist","floor":4.0,"turns":4.0},{"damage":24.0,"enemies":"3 Sentries","floor":6.0,"turns":16.0},{"damage":11.0,"enemies":"Lagavulin","floor":8.0,"turns":6.0},{"damage":0.0,"enemies":"3 Sentries","floor":11.0,"turns":2.0},{"damage":0.0,"enemies":"Small Slimes","floor":13.0,"turns":3.0},{"damage":3.0,"enemies":"Lagavulin","floor":14.0,"turns":7.0},{"damage":13.0,"enemies":"Fading Forest","floor":16.0,"turns":13.0},{"damage":0.0,"enemies":"3 Byrds","floor":18.0,"turns":3.0},{"damage":0.0,"enemies":"Masked Bandits","floor":19.0,"turns":1.0},{"damage":0.0,"enemies":"Spheric Guardian","floor":20.0,"turns":3.0},{"damage":6.0,"enemies":"Snake Plant","floor":22.0,"turns":4.0},{"damage":6.0,"enemies":"Book of Stabbing","floor":23.0,"turns":6.0},{"damage":0.0,"enemies":"Gremlin Leader","floor":25.0,"turns":9.0},{"damage":0.0,"enemies":"Book of Stabbing","floor":28.0,"turns":4.0},{"damage":18.0,"enemies":"Gremlin Leader","floor":31.0,"turns":5.0},{"damage":7.0,"enemies":"Pondfish","floor":33.0,"turns":7.0},{"damage":0.0,"enemies":"3 Shapes","floor":35.0,"turns":5.0},{"damage":0,"enemies":"2 Orb Walkers","floor":37,"turns":3},{"damage":10,"enemies":"3 Darklings","floor":38,"turns":3},{"damage":0,"enemies":"Spire Growth","floor":39,"turns":4},{"damage":0,"enemies":"Reptomancer","floor":40,"turns":5},{"damage":6,"enemies":"R_Hoarder","floor":42,"turns":4},{"damage":0,"enemies":"Reptomancer","floor":44,"turns":3},{"damage":0,"enemies":"4 Shapes","floor":46,"turns":3},{"damage":0,"enemies":"Giant Head","floor":47,"turns":4},{"damage":0,"enemies":"Jaw Worm Horde","floor":48,"turns":2},{"damage":0,"enemies":"Replay:Hell Engine","floor":50,"turns":6},{"damage":0,"enemies":"Awakened One","floor":51,"turns":10},{"damage":11,"enemies":"Shield and Spear","floor":55,"turns":3},{"damage":6,"enemies":"The Heart","floor":56,"turns":6}],"seed_played":"8599197027863426315","potions_obtained":[{"floor":3.0,"key":"Block Potion"},{"floor":3.0,"key":"SpeedPotion"},{"floor":6.0,"key":"Swift Potion"},{"floor":8.0,"key":"Block Potion"},{"floor":16.0,"key":"Explosive Potion"},{"floor":19.0,"key":"AttackPotion"},{"floor":22.0,"key":"ThievingMod:ThievingPotion"},{"floor":25.0,"key":"DistilledChaos"},{"floor":55,"key":"SteroidPotion"}],"is_trial":false,"path_per_floor":["M","?","?","M","$","E","?","E","T","R","E","$","M","E","R","B",null,"M","?","M","?","M","E","$","E","T","R","E","R","?","E","R","B",null,"M","$","?","M","M","E","R","E","T","E","$","M","E","M","R","B","B",null,"R","$","E","B",null],"character_chosen":"THE_SILENT","items_purchased":["Blood Vial","Catalyst","Guide Book","SkillPotion"],"campfire_rested":1,"item_purchase_floors":[12,24,45,54],"current_hp_per_floor":[42,31,31,31,31,7,23,12,12,12,12,12,14,13,32,29,57,59,61,63,63,59,55,55,57,57,57,59,59,59,43,43,38,59,61,61,63,55,57,59,59,55,55,57,57,59,61,63,63,65,66,66,66,66,55,51],"gold":41,"neow_bonus":"ONE_RARE_RELIC","is_daily":false,"chose_seed":false,"campfire_upgraded":6,"win_rate":0.0,"timestamp":1612677081,"path_taken":["M","?","?","?","?","E","?","E","T","R","E","$","M","E","R","BOSS","M","?","M","?","M","E","?","E","T","R","E","R","?","E","R","BOSS","M","$","?","M","M","E","R","E","T","E","$","M","E","M","R","BOSS","BOSS","R","$","E","BOSS"],"items_purchased_type":["Relic","Card","Relic","Potion"],"build_version":"2020-12-22","purchased_purges":5,"victory":true,"max_hp_per_floor":[66,66,66,66,66,66,66,66,66,66,66,66,66,66,66,66,66,66,66,66,66,66,66,66,66,66,66,66,66,66,66,66,66,66,66,66,66,66,66,66,66,66,66,66,66,66,66,66,66,66,66,66,66,66,66,66],"relic_stats":{"Blood Vial":49,"counters":[31,159],"Mummified Hand":[102],"PreservedInsect":693,"Pen Nib":[10],"Juzu Bracelet":0,"Cursed Key":2,"obtain_stats":[{"reliquary:OuijaBoard":8,"Replay:Accelerometer":40,"reliquary:SilkGlove":14,"Snecko Heart":34,"reliquary:PrincelyHelmet":9,"Juzu Bracelet":44,"Ancient Tea Set":11,"Cursed Key":17,"REME_IWantAll":37,"reliquary:FerryPass":23,"Replay:Rubber Ducky":47,"Blood Vial":12,"qcfpunch:Lotus_Statue":0,"Mummified Hand":26,"Red Mask":19,"Ring of Panic":21,"Ring of the Snake":0,"Guide Book":45,"PreservedInsect":6,"Pen Nib":25,"reliquary:WeakTea":2,"REME_PoisonedDagger":28,"ReplayTheSpireMod:Shallot":31,"Onion Ring":42,"reliquary:Stiletto":55,"REME_ComplimentaryCards":0},{"reliquary:OuijaBoard":4,"Replay:Accelerometer":22,"reliquary:SilkGlove":7,"Snecko Heart":17,"reliquary:PrincelyHelmet":4,"Juzu Bracelet":24,"Ancient Tea Set":5,"Cursed Key":8,"REME_IWantAll":19,"reliquary:FerryPass":13,"Replay:Rubber Ducky":26,"Blood Vial":5,"qcfpunch:Lotus_Statue":0,"Mummified Hand":14,"Red Mask":10,"Ring of Panic":11,"Ring of the Snake":0,"Guide Book":24,"PreservedInsect":3,"Pen Nib":14,"reliquary:WeakTea":1,"REME_PoisonedDagger":15,"ReplayTheSpireMod:Shallot":16,"Onion Ring":23,"reliquary:Stiletto":30,"REME_ComplimentaryCards":0},{"reliquary:OuijaBoard":31,"Replay:Accelerometer":118,"reliquary:SilkGlove":43,"Snecko Heart":98,"reliquary:PrincelyHelmet":31,"Juzu Bracelet":125,"Ancient Tea Set":33,"Cursed Key":56,"REME_IWantAll":106,"reliquary:FerryPass":73,"Replay:Rubber Ducky":132,"Blood Vial":33,"qcfpunch:Lotus_Statue":0,"Mummified Hand":82,"Red Mask":60,"Ring of Panic":63,"Ring of the Snake":0,"Guide Book":125,"PreservedInsect":25,"Pen Nib":82,"reliquary:WeakTea":5,"REME_PoisonedDagger":86,"ReplayTheSpireMod:Shallot":91,"Onion Ring":122,"reliquary:Stiletto":153,"REME_ComplimentaryCards":0}],"Ring of the Snake":[62]},"card_choices":[{"not_picked":["ReplayTheSpireMod:Exploit Weakness","Deflect"],"picked":"Dodge and Roll","floor":1.0},{"not_picked":["Dodge and Roll","Draining Mist"],"picked":"Choke","floor":4.0},{"not_picked":["Outmaneuver","Endless Agony"],"picked":"Dagger Spray","floor":6.0},{"not_picked":["Dagger Spray","conspire:DoublingDagger"],"picked":"Corpse Explosion","floor":8.0},{"not_picked":["Grand Finale","Hidden Blade"],"picked":"Acrobatics","floor":11.0},{"not_picked":["REME_GreenPollution","Flying Knee"],"picked":"Footwork","floor":13.0},{"not_picked":["Hidden Blade","Bane"],"picked":"Venomology","floor":14.0},{"not_picked":["Grand Finale","Glass Knife"],"picked":"REME_ShadowForm","floor":16.0},{"not_picked":["Dagger Throw","Quick Slash"],"picked":"Deadly Poison","floor":18.0},{"not_picked":["Dodge and Roll","Quick Slash"],"picked":"PiercingWail","floor":19.0},{"not_picked":["Dodge and Roll","Storm of Steel","Quick Slash"],"picked":"SKIP","floor":20.0},{"not_picked":["Dagger Throw","Sucker Punch"],"picked":"Sneak Up","floor":22.0},{"not_picked":["Underhanded Strike+1","Grand Finale","Sucker Punch"],"picked":"SKIP","floor":23.0},{"not_picked":["Dash","Backflip"],"picked":"Footwork","floor":25.0},{"not_picked":["Escape Plan","PiercingWail"],"picked":"Backflip+1","floor":28.0},{"not_picked":["Footwork","Underhanded Strike","Backflip"],"picked":"SKIP","floor":31.0},{"not_picked":["Footwork","Underhanded Strike"],"picked":"Backflip","floor":31.0},{"not_picked":["Underhanded Strike+1","Dash+1","Cloak And Dagger"],"picked":"SKIP","floor":35.0},{"not_picked":["Crippling Poison","Dagger Throw","Accuracy+1"],"picked":"SKIP","floor":38},{"not_picked":["Flying Knee","Deadly Poison","Quick Slash+1"],"picked":"SKIP","floor":39},{"not_picked":["Acrobatics","Distraction","Outmaneuver"],"picked":"SKIP","floor":40},{"not_picked":["Deflect","Eviscerate"],"picked":"REME_ShadowForm","floor":42},{"not_picked":["Flying Knee","Masterful Stab","conspire:DoublingDagger+1"],"picked":"SKIP","floor":44},{"not_picked":["Bouncing Flask","Quick Slash"],"picked":"Draining Mist+1","floor":46},{"not_picked":["Backflip","PiercingWail","Calculated Gamble+1"],"picked":"SKIP","floor":47},{"not_picked":["Deadly Poison","Cloak And Dagger","Flying Knee"],"picked":"SKIP","floor":48},{"not_picked":["Acrobatics","Backflip","Flying Knee"],"picked":"SKIP","floor":55}],"player_experience":1297458,"relics_obtained":[{"floor":6.0,"key":"PreservedInsect"},{"floor":8.0,"key":"reliquary:OuijaBoard"},{"floor":9.0,"key":"reliquary:PrincelyHelmet"},{"floor":11.0,"key":"Ancient Tea Set"},{"floor":14.0,"key":"reliquary:SilkGlove"},{"floor":19.0,"key":"Red Mask"},{"floor":21.0,"key":"Ring of Panic"},{"floor":23.0,"key":"reliquary:FerryPass"},{"floor":25.0,"key":"Pen Nib"},{"floor":26.0,"key":"Mummified Hand"},{"floor":28.0,"key":"REME_PoisonedDagger"},{"floor":31.0,"key":"ReplayTheSpireMod:Shallot"},{"floor":37,"key":"REME_IWantAll"},{"floor":40,"key":"Replay:Accelerometer"},{"floor":42,"key":"Onion Ring"},{"floor":44,"key":"Juzu Bracelet"},{"floor":47,"key":"Replay:Rubber Ducky"},{"floor":55,"key":"reliquary:Stiletto"}],"event_choices":[{"damage_healed":0.0,"max_hp_gain":0.0,"max_hp_loss":0.0,"gold_gain":0.0,"event_name":"Scrap Ooze","player_choice":"Success","floor":2.0,"gold_loss":0.0,"damage_taken":11.0,"relics_obtained":["reliquary:WeakTea"]},{"damage_healed":0.0,"max_hp_gain":0.0,"max_hp_loss":0.0,"gold_gain":0.0,"event_name":"Lab","player_choice":"Got Potions","floor":3.0,"gold_loss":0.0,"damage_taken":0.0},{"damage_healed":16.0,"max_hp_gain":0.0,"max_hp_loss":0.0,"gold_gain":0.0,"event_name":"The Cleric","player_choice":"Healed","floor":7.0,"gold_loss":35.0,"damage_taken":0.0},{"damage_healed":0.0,"max_hp_gain":0.0,"max_hp_loss":0.0,"gold_gain":0.0,"event_name":"Masked Bandits","player_choice":"Fought Bandits","floor":19.0,"gold_loss":0.0,"damage_taken":0.0},{"damage_healed":0.0,"max_hp_gain":0.0,"max_hp_loss":0.0,"gold_gain":0.0,"event_name":"The Library","player_choice":"Read","floor":30.0,"gold_loss":0.0,"damage_taken":0.0,"cards_obtained":["Reflex"]},{"damage_healed":0,"gold_gain":0,"player_choice":"Fight","damage_taken":0,"max_hp_gain":0,"max_hp_loss":0,"event_name":"Mysterious Sphere","floor":37,"gold_loss":0}],"is_beta":false,"boss_relics":[{"not_picked":["Sozu","Runic Pyramid"],"picked":"Cursed Key"},{"not_picked":["qcfpunch:Crimson_Sash","energizedSpire:HighHeels"],"picked":"Snecko Heart"}],"items_purged_floors":[5,12,24,36,45],"is_endless":false,"potions_floor_spawned":[6,8,13,16,19,22,23,25,38,40,47,48,55],"ascension_level":20}}