{"host":"og21o26alpnbwmz8","time":1612719571,"event":{"mods":["Act Like it!","Aspiration","BaseMod","Conspire","Downfall","Halation","Hallownest","Hubris","Jedi Mod","Mimic Mod","Minty Spire (QoL Compilation)","Pale of the Ancients","Reliquary","Replay The Spire","Shop Mod","Spikes Relics","StSLib","The Alterego","The Blackbeard","The Blue Laboratory","The Death Knight","The Runesmith","Waifu the Spire"],"gold_per_floor":[99,119,119,119,131,146,146,146,146,146],"floor_reached":8,"language":"ENG","playtime":261,"items_purged":[],"score":46,"play_id":"c3098db7-7674-4a9b-b0a3-5d96ceedce40","local_time":"20210207123931","is_ascension_mode":false,"campfire_choices":[{"data":"champ:BerserkersShout","floor":1,"key":"SMITH"}],"circlet_count":0,"master_deck":["champ:Strike","champ:Strike","champ:Strike","champ:Defend","champ:Defend","champ:Defend","champ:Defend","champ:Execute","champ:Taunt","champ:BerserkersShout+1","champ:AdrenalArmor","Injury","champ:GladiatorForm","champ:BerserkersShout+1","champ:EndlessRage"],"relics":["champ:ChampionCrown","Toxic Egg 2"],"acts_visited":["Exordium"],"potions_floor_usage":[6],"damage_taken":[{"damage":12,"enemies":"2 Louse","floor":2,"turns":3},{"damage":18,"enemies":"Small Slimes","floor":5,"turns":4},{"damage":45,"enemies":"Jaw Worm","floor":6,"turns":4},{"damage":145,"enemies":"Gremlin Nob","floor":8,"turns":5}],"seed_played":"-8682626798817099053","potions_obtained":[{"floor":5,"key":"blueLaboratory:SavagePotion"}],"is_trial":false,"path_per_floor":["R","M","?","?","M","M","T","E"],"character_chosen":"THE_CHAMP","items_purchased":[],"campfire_rested":0,"item_purchase_floors":[],"current_hp_per_floor":[90,88,88,88,85,85,85,0,0,0],"gold":146,"neow_bonus":"THREE_CARDS","is_daily":false,"chose_seed":false,"campfire_upgraded":1,"win_rate":0.0,"timestamp":1612719571,"path_taken":["R","M","?","?","M","?","T","E"],"items_purchased_type":[],"build_version":"2020-12-22","purchased_purges":0,"victory":false,"max_hp_per_floor":[90,90,90,90,90,90,90,90,90,90],"card_choices":[{"not_picked":["champ:StanceDance","champ:ShieldSlam"],"picked":"champ:BerserkersShout","floor":0},{"not_picked":["champ:CrownThrow","champ:EndlessRage"],"picked":"champ:AdrenalArmor","floor":2},{"not_picked":["champ:PerfectedStrike","champ:PreemptiveStrike"],"picked":"champ:BerserkersShout+1","floor":5},{"not_picked":["champ:BringItOn+1","champ:StanceDance+1"],"picked":"champ:EndlessRage","floor":6}],"player_experience":247377,"relics_obtained":[],"event_choices":[],"is_beta":false,"boss_relics":[],"items_purged_floors":[],"is_endless":false,"potions_floor_spawned":[5],"killed_by":"Gremlin Nob","ascension_level":0}}