{"host":"2lo6hma6kymb0g9i","time":1612717692,"event":{"mods":["BaseMod","Colored Map","DeckTracker","Minty Spire (QoL Compilation)"],"gold_per_floor":[117,117,129,145,145,171,187,204,204,204,204,204,204,92,92,163,163,177,177,193,193,208,208,208],"floor_reached":23,"language":"JPN","playtime":1170,"items_purged":["Strike_G"],"score":382,"play_id":"835eed85-eeba-41df-a935-b30abd6c976a","local_time":"20210208020812","is_ascension_mode":true,"campfire_choices":[{"data":"Noxious Fumes","floor":10.0,"key":"SMITH"},{"data":"Terror","floor":12.0,"key":"SMITH"},{"data":"Footwork","floor":15.0,"key":"SMITH"}],"circlet_count":0,"master_deck":["AscendersBane","Strike_G","Strike_G","Strike_G","Strike_G","Defend_G","Defend_G","Defend_G","Defend_G","Defend_G","Survivor","Neutralize+1","Blur","Terror+1","Predator","Noxious Fumes+1","Footwork+1","Bullet Time","CurseOfTheBell","PiercingWail","Calculated Gamble"],"relics":["Ring of the Snake","NeowsBlessing","Bottled Lightning","Blue Candle","Calling Bell","PreservedInsect","Molten Egg 2","Girya"],"acts_visited":["Exordium","TheCity"],"potions_floor_usage":[23],"damage_taken":[{"damage":0.0,"enemies":"Cultist","floor":1.0,"turns":1.0},{"damage":0.0,"enemies":"2 Louse","floor":3.0,"turns":1.0},{"damage":0.0,"enemies":"Small Slimes","floor":4.0,"turns":1.0},{"damage":3.0,"enemies":"Gremlin Nob","floor":6.0,"turns":3.0},{"damage":0.0,"enemies":"Exordium Wildlife","floor":7.0,"turns":5.0},{"damage":2.0,"enemies":"Large Slime","floor":8.0,"turns":7.0},{"damage":51.0,"enemies":"Hexaghost","floor":16.0,"turns":13.0},{"damage":25.0,"enemies":"Spheric Guardian","floor":18.0,"turns":8.0},{"damage":24.0,"enemies":"Chosen","floor":20.0,"turns":6.0},{"damage":9.0,"enemies":"Snecko","floor":22.0,"turns":8.0},{"damage":10,"enemies":"Gremlin Leader","floor":23,"turns":2}],"seed_played":"-6782321929348524399","potions_obtained":[{"floor":1.0,"key":"AttackPotion"},{"floor":3.0,"key":"DuplicationPotion"},{"floor":7.0,"key":"Dexterity Potion"},{"floor":16.0,"key":"Regen Potion"},{"floor":18.0,"key":"PowerPotion"}],"is_trial":false,"path_per_floor":["M","?","M","M","$","E","M","M","T","R","?","R","?","$","R","B",null,"M","?","M","$","M","E"],"character_chosen":"THE_SILENT","items_purchased":["Footwork"],"campfire_rested":0,"item_purchase_floors":[14],"current_hp_per_floor":[59,59,59,59,59,56,56,54,54,54,54,54,59,59,59,8,55,45,45,21,21,12,2,2],"gold":208,"neow_bonus":"THREE_ENEMY_KILL","is_daily":false,"chose_seed":false,"campfire_upgraded":3,"win_rate":0.0,"timestamp":1612717692,"path_taken":["M","?","?","M","$","E","M","M","T","R","?","R","?","?","R","BOSS","M","?","M","$","M","E"],"items_purchased_type":["Card"],"build_version":"2020-12-22","purchased_purges":1,"victory":false,"max_hp_per_floor":[66,66,66,66,66,66,66,66,66,66,66,66,71,71,71,71,71,71,71,71,71,71,71,71],"card_choices":[{"not_picked":["Escape Plan","Acrobatics"],"picked":"Blur","floor":1.0},{"not_picked":["Bane","Tactician"],"picked":"Terror","floor":3.0},{"not_picked":["Masterful Stab","Catalyst","Endless Agony"],"picked":"SKIP","floor":4.0},{"not_picked":["Concentrate","Outmaneuver","Distraction"],"picked":"SKIP","floor":6.0},{"not_picked":["Riddle With Holes","Well Laid Plans"],"picked":"Predator","floor":7.0},{"not_picked":["Prepared","PiercingWail"],"picked":"Noxious Fumes","floor":8.0},{"not_picked":["Wraith Form v2","Glass Knife"],"picked":"Bullet Time","floor":16.0},{"not_picked":["Underhanded Strike+1","Slice+1"],"picked":"PiercingWail","floor":18.0},{"not_picked":["Outmaneuver+1","Deflect","Prepared"],"picked":"SKIP","floor":20.0},{"not_picked":["Slice+1","Deflect"],"picked":"Calculated Gamble","floor":22.0}],"player_experience":1145248,"relics_obtained":[{"floor":6.0,"key":"Bottled Lightning"},{"floor":9.0,"key":"Blue Candle"},{"floor":17.0,"key":"PreservedInsect"},{"floor":17.0,"key":"Molten Egg 2"},{"floor":17.0,"key":"Girya"}],"event_choices":[{"damage_healed":0.0,"max_hp_gain":0.0,"max_hp_loss":0.0,"gold_gain":0.0,"event_name":"Upgrade Shrine","player_choice":"Upgraded","floor":2.0,"gold_loss":0.0,"damage_taken":0.0,"cards_upgraded":["Neutralize"]},{"damage_healed":0.0,"max_hp_gain":0.0,"max_hp_loss":0.0,"gold_gain":0.0,"event_name":"Liars Game","player_choice":"Ignored","floor":11.0,"gold_loss":0.0,"damage_taken":0.0},{"damage_healed":0.0,"max_hp_gain":5.0,"max_hp_loss":0.0,"gold_gain":0.0,"event_name":"Big Fish","player_choice":"Donut","floor":13.0,"gold_loss":0.0,"damage_taken":0.0},{"damage_healed":0.0,"max_hp_gain":0.0,"max_hp_loss":0.0,"gold_gain":0.0,"event_name":"The Mausoleum","player_choice":"Ignored","floor":19.0,"gold_loss":0.0,"damage_taken":0.0}],"is_beta":false,"boss_relics":[{"not_picked":["Sozu","Philosopher\u0027s Stone"],"picked":"Calling Bell"}],"items_purged_floors":[14],"is_endless":false,"potions_floor_spawned":[1,3,7,16,18],"killed_by":"Gremlin Leader","ascension_level":20}}