{"host":"u3jctbsl7uavviuy","time":1612687546,"event":{"mods":["ATMod(阿瑾Mod)","Arknights","BaseMod","BetterRewards","GungeonMod","HololiveMod","Luminous","Marisa（F雨　魔理沙）","Minty Spire (QoL Compilation)","Relic Stats","Replay The Spire","Shop Mod","Spicy Shops","StSLib","TestMod","The Animator","The Cursed","The Gatherer","The Servant 0.9.4","WarShipGirlsR/战舰少女R mod","篝火指南"],"gold_per_floor":[118,118,88,106,120,120,134,165,165,193,223,262,297,347,195,316,316,342,360,17,59,59,59,93,127,127,163,163,163,186,228,290,409,409,443,462,380,402,413,460,277,335,335,386,439,289,332,357,67,96,96,96,24,72,116],"floor_reached":56,"language":"ZHS","playtime":1695,"items_purged":["ats:Strike S","ats:Defend","ats:Strike V","ats:Defend","Decay"],"score":2570,"play_id":"cd37224d-7c8a-46db-9ad5-e518891c5dac","local_time":"20210207174546","is_ascension_mode":true,"campfire_choices":[{"floor":6.0,"key":"REST"},{"floor":23.0,"key":"RECALL"},{"data":"ReplayTheSpireMod:Brewmster","floor":52,"key":"SMITH"}],"circlet_count":0,"master_deck":["ats:Strike C","ats:Strike G","ats:Armor Crushing Shot","ats:Defend","ats:Defend","ats:Emotion Absorption","AT_FamilyPortrait","ats:Poison Spread+1","ats:Overload+1","ReplayTheSpireMod:Brewmster+1","ats:Rapid Magazine","ats:Consecutive Shot Auto","ats:Poison Spread+1","ats:Apocalypse","ats:Explosion Area Strengthen","ats:Revitalization","ats:Powerful Strike","ats:Song Of Battle","ats:Apocalypse","ats:Calcification","ats:Healing Drone","ats:Echo Reverb+1","AT_EmpoweredMortalDraw+1","ats:Powerful Strike+1","ats:Sashimi Platter+1","CurseOfTheBell","ats:Healing Strengthening+1","ats:Nebulous Foxfire+1","ats:Soul Absorption+1"],"relics":["ats:Sanity","testmod-TestBox","AT_ATBox","testmod-PortableAltar","ClockworkSouvenir","Chemical X","AT_BellowingDragoncrestRing","AT_ChloranthyRing","FossilizedHelix","ats:Originium","Replay:Bandana","Replay:Bottled Eggs","Golden Egg","testmod-TurbochargingSystem","Medical Kit","Replay:Grab Bag","Busted Crown","Coffee Dripper","AT_MortalBlade","Potion Belt","Strawberry","testmod-Alchemist","Replay:Towering Pillar of Hats","Iron Hammer","Calling Bell","Lantern","InkBottle","DemoMod:GlassGuonStoneRelic","testmod-TheFather","Strange Spoon","Divine Protection","Blood Vial","TungstenRod","ReplayTheSpireMod:Lightbulb","Mango","ats:Berate"],"acts_visited":["Exordium","TheCity","TheBeyond","TheEnding"],"potions_floor_usage":[33,33,33,33,33,35,38,38,38,40,42,42,42,42,45,45,45,45,45,45,45,45,45,45,45,45,48,48,48,55,55,55,55,55],"damage_taken":[{"damage":2.0,"enemies":"Jaw Worm","floor":1.0,"turns":3.0},{"damage":8.0,"enemies":"2 Louse","floor":4.0,"turns":3.0},{"damage":0.0,"enemies":"Small Slimes","floor":5.0,"turns":2.0},{"damage":0.0,"enemies":"Red Slaver","floor":7.0,"turns":2.0},{"damage":7.0,"enemies":"Replay:BlueRogue","floor":8.0,"turns":5.0},{"damage":0.0,"enemies":"2 Fungi Beasts","floor":10.0,"turns":3.0},{"damage":0.0,"enemies":"Looter","floor":11.0,"turns":2.0},{"damage":1.0,"enemies":"Gremlin Nob","floor":12.0,"turns":4.0},{"damage":1.0,"enemies":"Exordium Thugs","floor":13.0,"turns":4.0},{"damage":0.0,"enemies":"Lagavulin","floor":14.0,"turns":3.0},{"damage":23.0,"enemies":"The Guardian","floor":16.0,"turns":7.0},{"damage":0.0,"enemies":"Chosen","floor":18.0,"turns":2.0},{"damage":0.0,"enemies":"Spheric Guardian","floor":19.0,"turns":2.0},{"damage":0.0,"enemies":"Centurion and Healer","floor":21.0,"turns":4.0},{"damage":8.0,"enemies":"Book of Stabbing","floor":24.0,"turns":3.0},{"damage":0.0,"enemies":"3 Cultists","floor":25.0,"turns":2.0},{"damage":0.0,"enemies":"Slavers","floor":27.0,"turns":2.0},{"damage":0.0,"enemies":"Snecko","floor":30.0,"turns":2.0},{"damage":0.0,"enemies":"Gremlin Leader","floor":31.0,"turns":2.0},{"damage":12,"enemies":"Automaton","floor":33,"turns":6},{"damage":20,"enemies":"3 Shapes","floor":35,"turns":2},{"damage":0,"enemies":"3 Darklings","floor":36,"turns":1},{"damage":0,"enemies":"Maw","floor":38,"turns":4},{"damage":0,"enemies":"Sphere and 2 Shapes","floor":39,"turns":2},{"damage":0,"enemies":"R_Hoarder","floor":40,"turns":3},{"damage":0,"enemies":"Giant Head","floor":42,"turns":3},{"damage":0,"enemies":"R_Hoarder","floor":44,"turns":2},{"damage":0,"enemies":"Transient","floor":45,"turns":5},{"damage":0,"enemies":"Nemesis","floor":47,"turns":1},{"damage":0,"enemies":"Spire Growth","floor":48,"turns":3},{"damage":0,"enemies":"Donu and Deca","floor":50,"turns":3},{"damage":0,"enemies":"Shield and Spear","floor":54,"turns":1},{"damage":0,"enemies":"The Heart","floor":55,"turns":3}],"seed_played":"-2793962149871488588","potions_obtained":[{"floor":4.0,"key":"Ancient Potion"},{"floor":8.0,"key":"BlessingOfTheForge"},{"floor":13.0,"key":"DemoMod:LeadSkinPotion"},{"floor":14.0,"key":"Adrenaline Potion"},{"floor":21.0,"key":"PowerPotion"},{"floor":24.0,"key":"Strength Potion"},{"floor":36,"key":"Block Potion"},{"floor":40,"key":"ats:Emergency Sanity Potion"},{"floor":45,"key":"FearPotion"},{"floor":47,"key":"Block Potion"},{"floor":54,"key":"Strength Potion"}],"is_trial":false,"path_per_floor":["M","?","?","M","M","R","M","E","T","M","M","E","M","E","R","B",null,"M","M","$","M","?","R","E","M","T","E","T","$","M","E","R","B",null,"M","M","$","M","M","E","$","E","T","E","M","R","E","M","R","B",null,"R","$","E","B",null],"character_chosen":"DOCTOR_CLASS","items_purchased":["ClockworkSouvenir","Chemical X","ats:Poison Spread","AT_BellowingDragoncrestRing","AT_ChloranthyRing","FossilizedHelix","ats:Overload+1","ReplayTheSpireMod:Brewmster","ats:Rapid Magazine","ats:Consecutive Shot Auto","Medical Kit","Potion Belt","Fruit Juice","ats:Healing Strengthening","Strange Spoon","ats:Soul Absorption","Mango","LiquidMemories"],"campfire_rested":1,"item_purchase_floors":[0,0,0,0,0,0,0,0,0,0,15,20,20,37,41,41,49,53],"current_hp_per_floor":[21,21,21,13,13,32,36,38,38,41,45,53,58,58,57,34,50,52,52,62,61,50,50,57,57,57,67,66,65,64,63,62,61,60,39,45,45,56,55,54,53,52,51,50,49,48,47,46,59,58,57,56,55,54,53],"gold":116,"neow_bonus":"","is_daily":false,"chose_seed":false,"campfire_upgraded":1,"win_rate":0.0,"timestamp":1612687546,"path_taken":["M","?","?","?","M","R","M","E","T","M","M","E","M","E","R","BOSS","M","M","?","M","?","R","E","M","T","E","?","$","M","E","R","BOSS","M","M","$","M","M","E","$","E","T","E","M","R","E","?","R","BOSS","R","$","E","BOSS"],"items_purchased_type":["Relic","Relic","Card","Relic","Relic","Relic","Card","Card","Card","Card","Relic","Relic","Potion","Card","Relic","Card","Relic","Potion"],"build_version":"2020-12-22","purchased_purges":5,"victory":true,"max_hp_per_floor":[71,70,69,68,67,66,65,64,63,62,61,60,59,58,57,56,55,54,53,62,61,65,64,70,69,68,67,66,65,64,63,62,61,60,59,58,57,56,55,54,53,52,51,50,49,48,47,46,59,58,57,56,55,54,53],"relic_stats":{"Blood Vial":0,"Strange Spoon":[4],"Busted Crown":62,"counters":[122,494],"Chemical X":[2],"Medical Kit":[1],"obtain_stats":[{"Golden Egg":7,"Replay:Accelerometer":17,"AT_ATBox":0,"AT_ArcaneBoots":12,"Boot":6,"Blood Vial":43,"Replay:Bottled Flurry":41,"Replay:Wax Seal":40,"ats:Rhine Circuitry":46,"testmod-TestBox":0,"ats:Lavender":0,"DemoMod:OrangeGuonStone":11,"ats:Assault":45,"AT_MortalBlade":17,"Eternal Feather":43,"AT_EbonyIvory":25,"AT_SilvercatRing":0,"AT_SpeedBoots":43,"DemoMod:MeatBun":25,"Bird Faced Urn":44,"ats:Spiritual Recovery":20,"Lantern":34,"Singing Bowl":26,"Bag of Preparation":19,"Cursed Key":17,"Ancient Tea Set":0,"testmod-CasingShield":29,"Pet Ghost":24,"ats:Industrial Water Cannon":40,"Matryoshka":0,"AT_Kusabimaru":40,"vexMod:RedPlottingStone":44,"ats:Berate":9,"AT_TrinityForce":34,"ats:Sanity":0,"Chemical X":0,"Replay:Bottled Eggs":9,"InkBottle":0,"AT_ChloranthyRing":27,"Potion Belt":23,"Lee\u0027s Waffle":0,"NeowsBlessing":0,"Golden Idol":4,"DemoMod:WeirdEgg":54,"DemoMod:Antibody":17,"vexMod:BerryBomb":9,"DemoMod:PinkGuonStone":26,"The Courier":41,"Omamori":3,"testmod-TurbochargingSystem":54,"MawBank":7,"AT_BellowingDragoncrestRing":0,"Busted Crown":17,"ats:Originium":6,"Art of War":26,"Bottled Lightning":8,"ReplayTheSpireMod:Lightbulb":30,"Ice Cream":41,"Divine Protection":42,"DemoMod:BlueGuonStone":8,"Tiny House":34,"AT_MibuBalloonWealth":41,"DemoMod:GlassGuonStoneRelic":6,"testmod-PortableAltar":4,"HornCleat":0,"DemoMod:Metronome":43,"Strawberry":24,"Philosopher\u0027s Stone":17,"Iron Hammer":31,"ats:Omniscience":17,"Toxic Egg 2":25,"DemoMod:ClearGuonStone":26,"AT_RedNoBalance":22,"Replay:Grab Bag":17,"testmod-FatalChain":10,"DemoMod:ChaffGrenade":13,"Oddly Smooth Stone":27,"AT_SilverBalance":20,"Replay:Baseball":41,"Shuriken":48,"testmod-Acrobat":9,"ReplayTheSpireMod:TigerMarble":45,"Black Star":34,"Pocketwatch":23,"Meat on the Bone":28,"Mango":49,"Incense Burner":0,"Empty Cage":45,"testmod-BouquetWithThorns":40,"ClockworkSouvenir":7,"testmod-CrystalShield":6,"Dream Catcher":17,"Replay:Bandana":8,"testmod-Alchemist":26,"Pantograph":11,"testmod-TheFather":40,"testmod-Déjàvu":0,"Gremlin Food":6,"ReplayTheSpireMod:Ninjato":0,"Replay:Towering Pillar of Hats":27,"Guide Book":20,"testmod-IndustrialRevolution":42,"Medical Kit":15,"White Beast Statue":54,"Calling Bell":17,"Strange Spoon":41,"Anchor":47,"Pondfish Scales":24,"Bag of Marbles":42,"Coffee Dripper":17,"Membership Card":0,"DemoMod:RingOfEthereal":46,"testmod-Nine":17,"FossilizedHelix":0,"TungstenRod":44,"ReplayTheSpireMod:ShopPack":53},{"Golden Egg":30,"Replay:Accelerometer":67,"AT_ATBox":0,"AT_ArcaneBoots":64,"Boot":30,"Blood Vial":115,"Replay:Bottled Flurry":83,"Replay:Wax Seal":21,"ats:Rhine Circuitry":86,"testmod-TestBox":0,"ats:Lavender":55,"DemoMod:OrangeGuonStone":32,"ats:Assault":51,"AT_MortalBlade":100,"Eternal Feather":84,"AT_EbonyIvory":41,"AT_SilvercatRing":26,"AT_SpeedBoots":50,"DemoMod:MeatBun":12,"Bird Faced Urn":51,"ats:Spiritual Recovery":68,"Lantern":109,"Singing Bowl":72,"Bag of Preparation":8,"Cursed Key":35,"Ancient Tea Set":55,"testmod-CasingShield":14,"Pet Ghost":40,"ats:Industrial Water Cannon":83,"Matryoshka":26,"AT_Kusabimaru":83,"vexMod:RedPlottingStone":23,"ats:Berate":61,"AT_TrinityForce":44,"ats:Sanity":0,"Chemical X":55,"Replay:Bottled Eggs":94,"InkBottle":55,"AT_ChloranthyRing":13,"Potion Belt":40,"Lee\u0027s Waffle":55,"NeowsBlessing":0,"Golden Idol":1,"DemoMod:WeirdEgg":54,"DemoMod:Antibody":67,"vexMod:BerryBomb":3,"DemoMod:PinkGuonStone":72,"The Courier":83,"Omamori":1,"testmod-TurbochargingSystem":54,"MawBank":30,"AT_BellowingDragoncrestRing":89,"Busted Crown":100,"ats:Originium":2,"Art of War":12,"Bottled Lightning":31,"ReplayTheSpireMod:Lightbulb":14,"Ice Cream":83,"Divine Protection":115,"DemoMod:BlueGuonStone":3,"Tiny House":16,"AT_MibuBalloonWealth":21,"DemoMod:GlassGuonStoneRelic":2,"testmod-PortableAltar":91,"HornCleat":55,"DemoMod:Metronome":22,"Strawberry":104,"Philosopher\u0027s Stone":35,"Iron Hammer":108,"ats:Omniscience":7,"Toxic Egg 2":12,"DemoMod:ClearGuonStone":41,"AT_RedNoBalance":70,"Replay:Grab Bag":35,"testmod-FatalChain":62,"DemoMod:ChaffGrenade":65,"Oddly Smooth Stone":42,"AT_SilverBalance":68,"Replay:Baseball":21,"Shuriken":52,"testmod-Acrobat":31,"ReplayTheSpireMod:TigerMarble":51,"Black Star":78,"Pocketwatch":11,"Meat on the Bone":42,"Mango":119,"Incense Burner":26,"Empty Cage":23,"testmod-BouquetWithThorns":49,"ClockworkSouvenir":30,"testmod-CrystalShield":59,"Dream Catcher":67,"Replay:Bandana":94,"testmod-Alchemist":105,"Pantograph":4,"testmod-TheFather":114,"testmod-Déjàvu":0,"Gremlin Food":2,"ReplayTheSpireMod:Ninjato":55,"Replay:Towering Pillar of Hats":106,"Guide Book":68,"testmod-IndustrialRevolution":22,"Medical Kit":99,"White Beast Statue":88,"Calling Bell":67,"Strange Spoon":114,"Anchor":25,"Pondfish Scales":40,"Bag of Marbles":84,"Coffee Dripper":100,"Membership Card":55,"DemoMod:RingOfEthereal":86,"testmod-Nine":35,"FossilizedHelix":89,"TungstenRod":116,"ReplayTheSpireMod:ShopPack":87},{"Golden Egg":143,"Replay:Accelerometer":282,"AT_ATBox":0,"AT_ArcaneBoots":263,"Boot":143,"Blood Vial":476,"Replay:Bottled Flurry":361,"Replay:Wax Seal":90,"ats:Rhine Circuitry":380,"testmod-TestBox":0,"ats:Lavender":230,"DemoMod:OrangeGuonStone":151,"ats:Assault":215,"AT_MortalBlade":436,"Eternal Feather":369,"AT_EbonyIvory":182,"AT_SilvercatRing":132,"AT_SpeedBoots":212,"DemoMod:MeatBun":39,"Bird Faced Urn":215,"ats:Spiritual Recovery":286,"Lantern":461,"Singing Bowl":305,"Bag of Preparation":24,"Cursed Key":161,"Ancient Tea Set":230,"testmod-CasingShield":50,"Pet Ghost":180,"ats:Industrial Water Cannon":361,"Matryoshka":132,"AT_Kusabimaru":361,"vexMod:RedPlottingStone":104,"ats:Berate":253,"AT_TrinityForce":196,"ats:Sanity":0,"Chemical X":230,"Replay:Bottled Eggs":413,"InkBottle":230,"AT_ChloranthyRing":44,"Potion Belt":180,"Lee\u0027s Waffle":230,"NeowsBlessing":0,"Golden Idol":1,"DemoMod:WeirdEgg":225,"DemoMod:Antibody":282,"vexMod:BerryBomb":4,"DemoMod:PinkGuonStone":305,"The Courier":361,"Omamori":1,"testmod-TurbochargingSystem":225,"MawBank":143,"AT_BellowingDragoncrestRing":398,"Busted Crown":436,"ats:Originium":2,"Art of War":39,"Bottled Lightning":145,"ReplayTheSpireMod:Lightbulb":50,"Ice Cream":361,"Divine Protection":476,"DemoMod:BlueGuonStone":4,"Tiny House":62,"AT_MibuBalloonWealth":90,"DemoMod:GlassGuonStoneRelic":2,"testmod-PortableAltar":403,"HornCleat":230,"DemoMod:Metronome":96,"Strawberry":447,"Philosopher\u0027s Stone":161,"Iron Hammer":455,"ats:Omniscience":21,"Toxic Egg 2":39,"DemoMod:ClearGuonStone":182,"AT_RedNoBalance":291,"Replay:Grab Bag":161,"testmod-FatalChain":260,"DemoMod:ChaffGrenade":274,"Oddly Smooth Stone":187,"AT_SilverBalance":286,"Replay:Baseball":90,"Shuriken":217,"testmod-Acrobat":145,"ReplayTheSpireMod:TigerMarble":215,"Black Star":335,"Pocketwatch":34,"Meat on the Bone":187,"Mango":487,"Incense Burner":132,"Empty Cage":104,"testmod-BouquetWithThorns":207,"ClockworkSouvenir":143,"testmod-CrystalShield":243,"Dream Catcher":282,"Replay:Bandana":413,"testmod-Alchemist":449,"Pantograph":7,"testmod-TheFather":473,"testmod-Déjàvu":0,"Gremlin Food":2,"ReplayTheSpireMod:Ninjato":230,"Replay:Towering Pillar of Hats":451,"Guide Book":286,"testmod-IndustrialRevolution":96,"Medical Kit":429,"White Beast Statue":388,"Calling Bell":282,"Strange Spoon":473,"Anchor":122,"Pondfish Scales":180,"Bag of Marbles":369,"Coffee Dripper":436,"Membership Card":230,"DemoMod:RingOfEthereal":380,"testmod-Nine":161,"FossilizedHelix":398,"TungstenRod":478,"ReplayTheSpireMod:ShopPack":385}],"InkBottle":[68],"TungstenRod":5},"card_choices":[{"not_picked":["ats:Revitalization","ats:Shell Defense"],"picked":"ats:Poison Spread","floor":1.0},{"not_picked":[],"picked":"ats:Apocalypse","floor":3.0},{"not_picked":["ats:Curse Doll","ats:Red Shift"],"picked":"ats:Explosion Area Strengthen","floor":4.0},{"not_picked":["ats:Fractured Body","ats:Cat Scratch"],"picked":"ats:Revitalization","floor":5.0},{"not_picked":["ats:Absolute Focus","ats:Literary Storm"],"picked":"ats:Powerful Strike","floor":7.0},{"not_picked":["ats:Guard Mode","ats:Serious Mode"],"picked":"ats:Song Of Battle","floor":8.0},{"not_picked":["ats:Sword Rain","ats:Guard Mode"],"picked":"ats:Apocalypse","floor":10.0},{"not_picked":["ats:Blood Oath","ats:Defend Order"],"picked":"ats:Calcification","floor":11.0},{"not_picked":["ats:Absolute Focus","ats:Phantom","ats:Support Order"],"picked":"SKIP","floor":12.0},{"not_picked":["ats:Phantom","ats:Poison Spread"],"picked":"ats:Healing Drone","floor":13.0},{"not_picked":["ats:Poison Spread","ats:Chain Hook","ats:Closed Bolt Burst Fire"],"picked":"SKIP","floor":14.0},{"not_picked":["ats:True Silver Slash","ats:Rat Pack"],"picked":"ats:Echo Reverb","floor":16.0},{"not_picked":[],"picked":"ats:Powerful Strike+1","floor":18.0},{"not_picked":[],"picked":"ats:Sashimi Platter+1","floor":19.0},{"not_picked":["ats:Very Hot Blade"],"picked":"SKIP","floor":21.0},{"not_picked":["ats:Absolute Focus+1"],"picked":"SKIP","floor":24.0},{"not_picked":["ats:Curse Doll"],"picked":"SKIP","floor":25.0},{"not_picked":["ats:Collapsing Strike"],"picked":"SKIP","floor":27.0},{"not_picked":["ats:Encircling Forest"],"picked":"SKIP","floor":30.0},{"not_picked":["ats:Leaping Hammer"],"picked":"SKIP","floor":31.0},{"not_picked":["ats:Leaping Hammer+1"],"picked":"SKIP","floor":35},{"not_picked":["ats:Hammer On"],"picked":"SKIP","floor":36},{"not_picked":["ats:Closed Bolt Burst Fire"],"picked":"SKIP","floor":38},{"not_picked":["ats:Ignite+1"],"picked":"SKIP","floor":39},{"not_picked":[],"picked":"ats:Nebulous Foxfire","floor":40},{"not_picked":["ats:Hammer On"],"picked":"SKIP","floor":42},{"not_picked":["ats:LN2 Cannon"],"picked":"SKIP","floor":44},{"not_picked":["ats:Flexible Camouflage+1"],"picked":"SKIP","floor":45},{"not_picked":["ats:Apocalypse+1"],"picked":"SKIP","floor":47},{"not_picked":["ats:Apocalypse+1"],"picked":"SKIP","floor":48},{"not_picked":["ats:Curse Doll+1"],"picked":"SKIP","floor":54}],"player_experience":459349,"relics_obtained":[{"floor":8.0,"key":"ats:Originium"},{"floor":8.0,"key":"Replay:Bandana"},{"floor":9.0,"key":"Replay:Bottled Eggs"},{"floor":12.0,"key":"ats:Originium"},{"floor":12.0,"key":"Golden Egg"},{"floor":14.0,"key":"ats:Originium"},{"floor":14.0,"key":"testmod-TurbochargingSystem"},{"floor":24.0,"key":"ats:Originium"},{"floor":24.0,"key":"Strawberry"},{"floor":26.0,"key":"testmod-Alchemist"},{"floor":27.0,"key":"Replay:Towering Pillar of Hats"},{"floor":31.0,"key":"Iron Hammer"},{"floor":34,"key":"Lantern"},{"floor":34,"key":"InkBottle"},{"floor":40,"key":"testmod-TheFather"},{"floor":42,"key":"Divine Protection"},{"floor":43,"key":"Blood Vial"},{"floor":44,"key":"TungstenRod"},{"floor":47,"key":"ReplayTheSpireMod:Lightbulb"},{"floor":54,"key":"ats:Berate"}],"event_choices":[{"damage_healed":0.0,"max_hp_gain":0.0,"max_hp_loss":0.0,"gold_gain":0.0,"event_name":"Golden Wing","player_choice":"Ignored","floor":2.0,"gold_loss":0.0,"damage_taken":0.0},{"damage_healed":0.0,"max_hp_gain":5.0,"max_hp_loss":0.0,"gold_gain":0.0,"event_name":"Forgotten Altar","player_choice":"Shed Blood","floor":22.0,"gold_loss":0.0,"damage_taken":15.0}],"is_beta":false,"boss_relics":[{"not_picked":["Velvet Choker","Empty Cage"],"picked":"Replay:Grab Bag"},{"not_picked":["ChewingGum","Fusion Hammer"],"picked":"Busted Crown"},{"not_picked":["Cursed Key","Sozu"],"picked":"Coffee Dripper"},{"not_picked":["testmod-CardMagician","Ring of Chaos"],"picked":"AT_MortalBlade"},{"not_picked":["Replay:Ancient Bell","testmod-Nine"],"picked":"Calling Bell"}],"items_purged_floors":[0,0,0,46,49],"is_endless":false,"potions_floor_spawned":[4,8,13,14,19,21,24,36,40,45,47,48,54],"ascension_level":7}}