{"host":"3n5xmnb54n2y5mb4","time":1612740858,"event":{"mods":["BaseMod","Colored Map","Colored Powertips","Downfall","Minty Spire (QoL Compilation)","Permanent Neow","StSLib","Unceasing Turn Reminder","everything is the same but u backflip on backflip"],"gold_per_floor":[117,129,11,24,24,24,42,42,42,42,42],"floor_reached":10,"language":"ENG","playtime":939,"items_purged":["Strike_G"],"score":87,"play_id":"6b7bd26c-75c1-476f-aaf5-1e80c1521611","local_time":"20210207183418","is_ascension_mode":true,"campfire_choices":[{"data":"Infinite Blades","floor":6,"key":"SMITH"}],"circlet_count":0,"master_deck":["AscendersBane","Strike_G","Strike_G","Strike_G","Strike_G","Defend_G","Defend_G","Defend_G","Defend_G","Defend_G","Survivor","Neutralize","Backflip","Reflex","Infinite Blades+1","Deflect","Prepared","Injury"],"relics":["Ring of the Snake","Smiling Mask","Golden Idol","Boot"],"acts_visited":["Exordium"],"potions_floor_usage":[7,10],"damage_taken":[{"damage":0.0,"enemies":"2 Louse","floor":1.0,"turns":3.0},{"damage":8.0,"enemies":"Small Slimes","floor":2.0,"turns":5.0},{"damage":0,"enemies":"Cultist","floor":4,"turns":4},{"damage":4,"enemies":"Red Slaver","floor":7,"turns":6},{"damage":80,"enemies":"Gremlin Nob","floor":10,"turns":6}],"seed_played":"2484594775438949019","potions_obtained":[{"floor":2.0,"key":"SkillPotion"},{"floor":4,"key":"Weak Potion"}],"is_trial":false,"path_per_floor":["M","M","$","M","$","R","M","?","T","E"],"character_chosen":"THE_SILENT","items_purchased":["Infinite Blades"],"campfire_rested":0,"item_purchase_floors":[3],"current_hp_per_floor":[63,55,55,55,55,55,51,51,51,0,0],"gold":42,"neow_bonus":"RANDOM_COMMON_RELIC","is_daily":false,"chose_seed":false,"campfire_upgraded":1,"win_rate":0.0,"timestamp":1612740858,"path_taken":["M","M","$","M","$","R","M","?","T","E"],"items_purchased_type":["Card"],"build_version":"2020-12-22","purchased_purges":1,"victory":false,"max_hp_per_floor":[70,70,70,70,70,70,70,70,70,70,70],"card_choices":[{"not_picked":["Well Laid Plans","Choke"],"picked":"Backflip","floor":1.0},{"not_picked":["Riddle With Holes","Bane"],"picked":"Reflex","floor":2.0},{"not_picked":["PiercingWail","Outmaneuver"],"picked":"Deflect","floor":4},{"not_picked":["Sucker Punch","Masterful Stab"],"picked":"Prepared","floor":7}],"player_experience":992348,"relics_obtained":[{"floor":9,"key":"Boot"}],"event_choices":[{"damage_healed":0,"gold_gain":0,"player_choice":"Take Wound","damage_taken":0,"relics_obtained":["Golden Idol"],"max_hp_gain":0,"max_hp_loss":0,"event_name":"Golden Idol","floor":8,"gold_loss":0,"cards_obtained":["Injury"]}],"is_beta":false,"boss_relics":[],"items_purged_floors":[3],"is_endless":false,"potions_floor_spawned":[2,4],"killed_by":"Gremlin Nob","ascension_level":10}}