{"host":"utqe55yv0jihe4d6","time":1612718217,"event":{"mods":["2.2 Compatiblity","AchievementEnabler","BaseMod","Block Reminder","Colored Map","Colored Powertips","Minty Spire (QoL Compilation)","Quick Restart","Rare Cards Sparkle","Relic Stats","SuperFastMode"],"gold_per_floor":[115,128,45,45,45,45,78,97,123,142,152,187,274,303,315,401,413,379,405,417,417],"floor_reached":20,"language":"ENG","playtime":688,"items_purged":[],"score":422,"play_id":"b90fdac5-57c0-41ce-9dae-b4ad4b0bda19","local_time":"20210207121657","is_ascension_mode":true,"campfire_choices":[{"data":"True Grit","floor":6.0,"key":"SMITH"},{"data":"Battle Trance","floor":15.0,"key":"SMITH"}],"circlet_count":0,"master_deck":["AscendersBane","Strike_R","Strike_R","Defend_R","Defend_R","Defend_R","Defend_R","Bash+1","Reaper","True Grit+1","Shrug It Off","Headbutt","Sword Boomerang","Battle Trance+1","Hemokinesis","Corruption","Carnage","Reaper","Feed+1","Fire Breathing+1","Inflame+1","Inflame","Rage+1"],"relics":["Burning Blood","Red Skull","Omamori","MawBank","Astrolabe"],"acts_visited":["TheCity"],"potions_floor_usage":[],"damage_taken":[{"damage":12.0,"enemies":"2 Louse","floor":1.0,"turns":4.0},{"damage":14.0,"enemies":"Jaw Worm","floor":2.0,"turns":5.0},{"damage":32.0,"enemies":"Gremlin Nob","floor":7.0,"turns":4.0},{"damage":0.0,"enemies":"Cultist","floor":8.0,"turns":4.0},{"damage":15.0,"enemies":"3 Louse","floor":10.0,"turns":4.0},{"damage":10.0,"enemies":"Blue Slaver","floor":11.0,"turns":6.0},{"damage":2.0,"enemies":"Lagavulin","floor":12.0,"turns":4.0},{"damage":3.0,"enemies":"Lots of Slimes","floor":14.0,"turns":5.0},{"damage":46.0,"enemies":"The Guardian","floor":16.0,"turns":17.0},{"damage":49,"enemies":"2 Thieves","floor":18,"turns":5},{"damage":27,"enemies":"Spheric Guardian","floor":19,"turns":5},{"damage":62,"enemies":"Cultist and Chosen","floor":20,"turns":5}],"seed_played":"-2547390923519518970","potions_obtained":[{"floor":7.0,"key":"Dexterity Potion"},{"floor":8.0,"key":"ColorlessPotion"},{"floor":10.0,"key":"Energy Potion"},{"floor":19,"key":"Dexterity Potion"}],"is_trial":false,"path_per_floor":["M","M","$","?","?","R","E","M","T","M","M","E","?","M","R","B",null,"M","M","M"],"character_chosen":"IRONCLAD","items_purchased":["Headbutt","FearPotion"],"campfire_rested":0,"item_purchase_floors":[3,3],"current_hp_per_floor":[68,60,60,60,60,60,40,49,49,60,59,63,52,61,61,21,56,51,34,0,0],"gold":417,"neow_bonus":"THREE_RARE_CARDS","is_daily":false,"chose_seed":false,"campfire_upgraded":2,"win_rate":0.0,"timestamp":1612718217,"path_taken":["M","M","$","?","?","R","E","M","T","M","M","E","?","M","R","BOSS","M","M","M"],"items_purchased_type":["Card","Potion"],"build_version":"2020-12-22","purchased_purges":0,"victory":false,"max_hp_per_floor":[68,68,68,68,68,68,68,68,68,68,68,68,68,68,68,68,68,72,76,80,80],"relic_stats":{"counters":[12,68],"Astrolabe":["Feed","Fire Breathing","Inflame"],"MawBank":96,"obtain_stats":[{"Astrolabe":17,"Omamori":9,"MawBank":12,"Burning Blood":0,"Red Skull":7},{"Astrolabe":9,"Omamori":4,"MawBank":7,"Burning Blood":0,"Red Skull":3},{"Astrolabe":53,"Omamori":17,"MawBank":31,"Burning Blood":0,"Red Skull":13}],"Burning Blood":64},"card_choices":[{"not_picked":["Impervious","Offering"],"picked":"Reaper","floor":0.0},{"not_picked":["Ghostly Armor","Iron Wave"],"picked":"True Grit","floor":1.0},{"not_picked":["Body Slam","Bloodletting"],"picked":"Shrug It Off","floor":2.0},{"not_picked":["Sever Soul","Heavy Blade"],"picked":"Sword Boomerang","floor":7.0},{"not_picked":["Thunderclap","Headbutt"],"picked":"Battle Trance","floor":8.0},{"not_picked":["Pommel Strike","Dual Wield"],"picked":"Hemokinesis","floor":10.0},{"not_picked":["Dropkick","Sword Boomerang"],"picked":"Corruption","floor":11.0},{"not_picked":["Twin Strike","Flex"],"picked":"Carnage","floor":12.0},{"not_picked":["Twin Strike","Sword Boomerang","Pummel"],"picked":"SKIP","floor":14.0},{"not_picked":["Bludgeon","Brutality"],"picked":"Reaper","floor":16.0},{"not_picked":["Seeing Red","Clothesline"],"picked":"Inflame","floor":18},{"not_picked":["Shrug It Off","Havoc"],"picked":"Rage+1","floor":19}],"player_experience":3046088,"relics_obtained":[{"floor":7.0,"key":"Red Skull"},{"floor":9.0,"key":"Omamori"},{"floor":12.0,"key":"MawBank"}],"event_choices":[{"damage_healed":0.0,"max_hp_gain":0.0,"max_hp_loss":0.0,"gold_gain":0.0,"event_name":"The Cleric","player_choice":"Leave","floor":4.0,"gold_loss":0.0,"damage_taken":0.0},{"damage_healed":0.0,"max_hp_gain":0.0,"max_hp_loss":0.0,"gold_gain":0.0,"event_name":"Living Wall","player_choice":"Grow","floor":5.0,"gold_loss":0.0,"damage_taken":0.0,"cards_upgraded":["Bash"]},{"damage_healed":0.0,"max_hp_gain":0.0,"max_hp_loss":0.0,"gold_gain":75.0,"event_name":"World of Goop","player_choice":"Gather Gold","floor":13.0,"gold_loss":0.0,"damage_taken":11.0}],"is_beta":false,"boss_relics":[{"not_picked":["SlaversCollar","Runic Pyramid"],"picked":"Astrolabe"}],"items_purged_floors":[],"is_endless":false,"potions_floor_spawned":[7,8,10,11,19],"killed_by":"Cultist and Chosen","ascension_level":20}}