{"host":"o3b7ow6d1xe49css","time":1612657574,"event":{"mods":["Act Like it!","Aspiration","BaseMod","Bestiary","Better Altar","Better Match","Better Note","Better Sensory Stone","Better Skull","Better Third Choice","Colored Powertips","Conspire","Energized Spire","Force Act Four","GifTheSpireLib","Halation","Hermit","Hubris","Infinite Spire","Lobotomy","Minty Spire (QoL Compilation)","Quick Restart","Rare Cards Sparkle","Relic Filter Mod","Reliquary","Replay The Spire","Spicy Shops","Spikes Relics","Spire Arcade","StSLib","Stuff the Spire","The Blue Laboratory","Wandering Minibosses"],"gold_per_floor":[117,117,137,137,137,171,171,201,228,228,368,368,368,383,383,487,487,443,443,459,459,459,595,607,751,789,921,761,877,877,1017,1017,1116,1116,1135,1155,1155,889,591,707,719,719,719,719,737,737,737,841,841,841,841,363,471,572],"floor_reached":55,"language":"ENG","playtime":2361,"items_purged":["Regret","Strike_G","Clumsy","Strike_G","Strike_G","Strike_G"],"score":1791,"play_id":"72183a38-9404-4a6d-bbf8-7d1f77c055cb","local_time":"20210206152614","daily_mods":["Heirloom","Flight"],"is_ascension_mode":true,"campfire_choices":[{"data":"Acrobatics","floor":7,"key":"SMITH"},{"floor":10,"key":"REST"},{"data":"Bullet Time","floor":12,"key":"SMITH"},{"data":"Blade Dance","floor":15,"key":"SMITH"},{"floor":24,"key":"REST"},{"floor":30,"key":"REST"},{"data":"Adrenaline","floor":32,"key":"SMITH"},{"floor":42,"key":"REST"},{"floor":44,"key":"REST"},{"data":"Burst","floor":49,"key":"SMITH"},{"data":"infinitespire:SevenWalls","floor":51,"key":"SMITH"}],"circlet_count":0,"master_deck":["Strike_G","Defend_G+1","Defend_G+1","Defend_G","Defend_G","Defend_G","Survivor","Neutralize","Acrobatics+1","GreedKing","UniverseFragment","Bullet Time+1","Accuracy+1","Blade Dance+1","Replay:Bag of Tricks","Blade Dance","Dagger Spray","Adrenaline+1","Burst+1","Blade Dance","Wraith Form v2+1","Acrobatics","Panache","infinitespire:SevenWalls+1","Envenom"],"relics":["Ring of the Snake","Ring of Chaos","CogitoBucket","infinitespire:CursedDice","StuffTheSpire:RedRose","halation:PinkSoulGem","infinitespire:Lucky Rock","halation:OrihimeAndHikoboshiSamaAndTears","StuffTheSpire:TintedRock","reliquary:TuningFork","BackwardClock","ChewingGum","reliquary:Craggleroot","Anchor","Nloth\u0027s Gift","MawBank","War Paint","StuffTheSpire:HeavyRock","Replay:Bottled Flurry","reliquary:TatteredRug","StuffTheSpire:Kangaroo","halation:TrafficLight","Incense Burner","reliquary:Buckler","infinitespire:BottledMercury","hubris:VirtuousBlindfold","Pet Ghost","Medical Kit","ClockworkSouvenir","halation:KoshaPiece"],"acts_visited":["Exordium","TheCity","TheBeyond","TheEnding"],"potions_floor_usage":[6,23,25,27,27,29,29,31,54],"damage_taken":[{"damage":9,"enemies":"Small Slimes","floor":1,"turns":4},{"damage":4,"enemies":"2 Louse","floor":3,"turns":5},{"damage":23,"enemies":"3 Sentries","floor":6,"turns":2},{"damage":6,"enemies":"Gremlin Nob","floor":8,"turns":2},{"damage":39,"enemies":"3 Sentries","floor":11,"turns":6},{"damage":0,"enemies":"Cultist","floor":14,"turns":1},{"damage":39,"enemies":"Fading Forest","floor":16,"turns":11},{"damage":11,"enemies":"Shell Parasite","floor":18,"turns":6},{"damage":3,"enemies":"Spheric Guardian","floor":20,"turns":1},{"damage":13,"enemies":"conspire:SneckoGhost","floor":23,"turns":4},{"damage":6,"enemies":"Slavers","floor":25,"turns":3},{"damage":38,"enemies":"Nightmare","floor":27,"turns":8},{"damage":23,"enemies":"Gremlin Leader","floor":29,"turns":3},{"damage":3,"enemies":"Slavers","floor":31,"turns":3},{"damage":11,"enemies":"Collector","floor":33,"turns":4},{"damage":13,"enemies":"3 Darklings","floor":35,"turns":4},{"damage":0,"enemies":"Orb Walker","floor":36,"turns":2},{"damage":29,"enemies":"Nightmare","floor":40,"turns":5},{"damage":0,"enemies":"Spire Growth","floor":41,"turns":1},{"damage":0,"enemies":"3 Darklings","floor":45,"turns":2},{"damage":1,"enemies":"Nemesis","floor":48,"turns":3},{"damage":16,"enemies":"Time Eater","floor":50,"turns":5},{"damage":0,"enemies":"Shield and Spear","floor":53,"turns":1},{"damage":0,"enemies":"The Heart","floor":54,"turns":4}],"seed_played":"3815945705375842376","potions_obtained":[{"floor":3,"key":"blueLaboratory:PolymorphPotion"},{"floor":14,"key":"blueLaboratory:EmptyBottle"},{"floor":16,"key":"blueLaboratory:BubblePotion"},{"floor":18,"key":"blueLaboratory:TrueEctoplasm"},{"floor":23,"key":"Adrenaline Potion"},{"floor":25,"key":"Toxic Potion"},{"floor":29,"key":"Adrenaline Potion"},{"floor":35,"key":"Strength Potion"},{"floor":37,"key":"Doom Potion"},{"floor":37,"key":"LiquidBronze"},{"floor":37,"key":"blueLaboratory:ArtificerPotion"},{"floor":48,"key":"BlessingOfTheForge"}],"is_trial":true,"path_per_floor":["M","?","M","?","?","E","R","E","T","R","E","R","?","M","R","B",null,"M","HB","M","AVR","?","E","R","E","T","NM","$","E","R","E","R","B",null,"M","M","?","$","$","NM","M","R","T","R","M","AVR","HB","E","R","B","R","$","E","B",null],"character_chosen":"THE_SILENT","items_purchased":["Blade Dance","blueLaboratory:FruitPunch","halation:TrafficLight","Panache","Medical Kit","ClockworkSouvenir","blueLaboratory:HorrorPotion"],"campfire_rested":5,"item_purchase_floors":[28,28,38,39,52,52,52],"current_hp_per_floor":[61,61,57,57,57,34,34,28,28,49,31,31,70,70,70,45,64,53,53,50,50,50,37,58,52,52,14,14,26,47,44,44,33,62,49,49,49,49,49,20,20,41,41,62,62,62,62,61,61,65,65,65,65,65],"gold":572,"neow_bonus":"","is_daily":false,"chose_seed":false,"campfire_upgraded":6,"win_rate":0.0,"timestamp":1612657574,"path_taken":["M","?","M","?","?","E","R","E","T","R","E","R","?","M","R","BOSS","M","HB","M","AVR","?","E","R","E","T","NM","$","E","R","E","R","BOSS","M","M","?","$","$","NM","?","R","T","R","M","AVR","HB","E","R","BOSS","R","$","E","BOSS"],"items_purchased_type":["Card","Potion","Relic","Card","Relic","Relic","Potion"],"build_version":"2020-12-22","purchased_purges":6,"victory":true,"max_hp_per_floor":[70,70,70,70,70,70,70,70,70,70,70,70,70,70,70,70,70,70,70,70,70,70,70,70,70,70,70,70,72,72,72,72,72,72,72,72,72,72,72,72,72,72,72,72,72,72,72,72,72,72,72,72,72,72],"card_choices":[{"not_picked":["Concentrate","Quick Slash"],"picked":"Acrobatics","floor":1},{"not_picked":["Variant","DespairKnight"],"picked":"GreedKing","floor":1},{"not_picked":["DreamingCurrent","Scorched","LittlePrince"],"picked":"Singing Bowl","floor":3},{"not_picked":["BeautyBeast","PunishingBird"],"picked":"UniverseFragment","floor":3},{"not_picked":["StuffTheSpire:Injection","ShadowRift","Poisoned Stab"],"picked":"SKIP","floor":3},{"not_picked":["ReplayTheSpireMod:The Works","StuffTheSpire:Fury"],"picked":"Bullet Time","floor":6},{"not_picked":["Bloodbath","VoidDream","BlackSwan"],"picked":"Singing Bowl","floor":6},{"not_picked":["hubris:SlightOfHand","Underhanded Strike","Heel Hook"],"picked":"SKIP","floor":8},{"not_picked":["Unload","conspire:PoisonWeapons"],"picked":"Accuracy","floor":11},{"not_picked":["VoidDream","Yin","DespairKnight"],"picked":"Singing Bowl","floor":11},{"not_picked":["Funeral","QueenOfHatred","BigBadWolf"],"picked":"Singing Bowl","floor":14},{"not_picked":["Backflip","Prepared"],"picked":"Blade Dance","floor":14},{"not_picked":["Phantasmal Killer","Bullet Time"],"picked":"Replay:Bag of Tricks","floor":16},{"not_picked":["WallGazer","WhiteNight","Wellcheers"],"picked":"Singing Bowl","floor":16},{"not_picked":["Expertise","StuffTheSpire:ReptileScales"],"picked":"Blade Dance","floor":18},{"not_picked":["HappyTeddy","BlackSwan","BlueStar"],"picked":"Singing Bowl","floor":18},{"not_picked":["Deadly Poison","Accuracy"],"picked":"Dagger Spray","floor":20},{"not_picked":["Flying Knee","Heel Hook"],"picked":"Adrenaline","floor":23},{"not_picked":["Scorched","PunishingBird","MeatLantern"],"picked":"Singing Bowl","floor":23},{"not_picked":["Dodge and Roll","Envenom","StuffTheSpire:Shiver"],"picked":"SKIP","floor":25},{"not_picked":["Replay:Poison Smokescreen","Deflect+1"],"picked":"Burst","floor":27},{"not_picked":["hubris:Counter","Masterful Stab","Underhanded Strike+1"],"picked":"SKIP","floor":29},{"not_picked":["Dodge and Roll","Dagger Throw","A Thousand Cuts"],"picked":"SKIP","floor":31},{"not_picked":["Grand Finale","ReplayTheSpireMod:From All Sides"],"picked":"Wraith Form v2","floor":33},{"not_picked":["Flying Knee","StuffTheSpire:Sprint","Noxious Fumes"],"picked":"SKIP","floor":35},{"not_picked":["aspiration:Lunge","ReplayTheSpireMod:Exploit Weakness+1"],"picked":"Acrobatics","floor":36},{"not_picked":["ReplayTheSpireMod:??????????????????????","infinitespire:Gouge"],"picked":"infinitespire:SevenWalls","floor":40},{"not_picked":["Replay:Bag of Tricks","Phantasmal Killer","Night Terror"],"picked":"SKIP","floor":40},{"not_picked":["BlackSwan","DreamingCurrent","Woodsman"],"picked":"Singing Bowl","floor":41},{"not_picked":["Poisoned Stab","Dash","Dodge and Roll"],"picked":"SKIP","floor":41},{"not_picked":["ShadowRift+1","StuffTheSpire:Python","Hidden Blade"],"picked":"SKIP","floor":45},{"not_picked":["Deflect+1","StuffTheSpire:ClusterCrunch+1","Toxin Wave"],"picked":"SKIP","floor":48},{"not_picked":["Outmaneuver","PiercingWail","Venomology"],"picked":"SKIP","floor":53},{"not_picked":["Venomology","Atom Bomb"],"picked":"Envenom","floor":54}],"player_experience":1313119,"relics_obtained":[{"floor":6,"key":"infinitespire:Lucky Rock"},{"floor":8,"key":"halation:OrihimeAndHikoboshiSamaAndTears"},{"floor":9,"key":"StuffTheSpire:TintedRock"},{"floor":11,"key":"reliquary:TuningFork"},{"floor":23,"key":"MawBank"},{"floor":25,"key":"War Paint"},{"floor":27,"key":"StuffTheSpire:HeavyRock"},{"floor":29,"key":"Replay:Bottled Flurry"},{"floor":31,"key":"reliquary:TatteredRug"},{"floor":40,"key":"Incense Burner"},{"floor":43,"key":"reliquary:Buckler"},{"floor":48,"key":"Pet Ghost"},{"floor":53,"key":"halation:KoshaPiece"}],"event_choices":[{"damage_healed":39,"gold_gain":0,"player_choice":"Full Heal","damage_taken":0,"max_hp_gain":0,"max_hp_loss":0,"event_name":"Wheel of Change","floor":13,"gold_loss":0},{"damage_healed":0,"gold_gain":0,"player_choice":"Traded Relic","damage_taken":0,"relics_obtained":["Nloth\u0027s Gift"],"max_hp_gain":0,"max_hp_loss":0,"event_name":"N\u0027loth","floor":22,"relics_lost":["hubris:Icosahedron"],"gold_loss":0},{"damage_healed":0,"gold_gain":0,"player_choice":"Got Potions","damage_taken":0,"max_hp_gain":0,"max_hp_loss":0,"event_name":"Lab","floor":37,"gold_loss":0}],"is_beta":false,"boss_relics":[{"not_picked":["halation:Yufonium","halation:LoveArrow"],"picked":"ChewingGum"},{"not_picked":["Velvet Choker","aspiration:SecretTechniqueScroll"],"picked":"StuffTheSpire:Kangaroo"}],"items_purged_floors":[21,28,38,39,46,52],"is_endless":true,"potions_floor_spawned":[3,14,16,18,23,25,29,35,48],"ascension_level":5}}