{"host":"d52brwsy6af8zvaq","time":1612721606,"event":{"mods":["AchievementEnabler","BaseMod","Bestiary","Highlight Path","Minty Spire (QoL Compilation)","Quick Restart","Relic Stats","ojb\u0027s Better Paths Mod"],"gold_per_floor":[209,226,26,41,55,86,86,113,113,138,138,31,31,0,0,98,98,114,145,26,0,50,50,76,76,76],"floor_reached":25,"language":"ENG","playtime":884,"items_purged":["Strike_B"],"score":474,"play_id":"1ac67ef7-a7b6-4d50-8004-3436a1759256","local_time":"20210207111326","is_ascension_mode":true,"campfire_choices":[{"floor":7.0,"key":"REST"},{"floor":11.0,"key":"REST"},{"data":"Defragment","floor":13.0,"key":"SMITH"},{"data":"Hologram","floor":15.0,"key":"SMITH"},{"floor":23.0,"key":"REST"}],"circlet_count":0,"master_deck":["AscendersBane","Strike_B","Strike_B","Strike_B","Defend_B","Defend_B","Defend_B","Defend_B","Zap","Dualcast","Lockon","Sunder","Static Discharge","Conserve Battery","Sweeping Beam","Turbo","Defragment+1","Hologram+1","HandOfGreed","Creative AI","Steam","Ball Lightning","Loop"],"relics":["Cracked Core","Membership Card","Prayer Wheel","Strawberry","Mummified Hand","Pocketwatch","Cursed Key","Anchor","Omamori"],"acts_visited":["Exordium","TheCity"],"potions_floor_usage":[],"damage_taken":[{"damage":0.0,"enemies":"Cultist","floor":1.0,"turns":3.0},{"damage":6.0,"enemies":"Jaw Worm","floor":2.0,"turns":4.0},{"damage":5.0,"enemies":"Small Slimes","floor":4.0,"turns":2.0},{"damage":0.0,"enemies":"Exordium Thugs","floor":5.0,"turns":3.0},{"damage":32.0,"enemies":"Lagavulin","floor":6.0,"turns":9.0},{"damage":18.0,"enemies":"3 Sentries","floor":8.0,"turns":7.0},{"damage":23.0,"enemies":"Lagavulin","floor":10.0,"turns":5.0},{"damage":9.0,"enemies":"Hexaghost","floor":16.0,"turns":8.0},{"damage":19.0,"enemies":"3 Byrds","floor":18.0,"turns":4.0},{"damage":17.0,"enemies":"2 Thieves","floor":19.0,"turns":3.0},{"damage":50.0,"enemies":"Slavers","floor":24.0,"turns":6.0},{"damage":1,"enemies":"Centurion and Healer","floor":25,"turns":2}],"seed_played":"-7297069308382269030","potions_obtained":[{"floor":4.0,"key":"SkillPotion"},{"floor":6.0,"key":"Block Potion"},{"floor":8.0,"key":"AttackPotion"},{"floor":10.0,"key":"SkillPotion"},{"floor":24.0,"key":"SteroidPotion"}],"is_trial":false,"path_per_floor":["M","M","$","M","M","E","R","E","T","E","R","$","R","?","R","B",null,"M","M","$","?","?","R","E","M"],"character_chosen":"DEFECT","items_purchased":["Membership Card","Static Discharge","HandOfGreed","Anchor"],"campfire_rested":3,"item_purchase_floors":[3,3,12,20],"current_hp_per_floor":[64,58,58,53,53,21,42,31,31,8,31,31,31,31,31,22,64,45,28,28,28,28,51,1,0,0],"gold":76,"neow_bonus":"HUNDRED_GOLD","is_daily":false,"chose_seed":false,"campfire_upgraded":2,"win_rate":0.0,"timestamp":1612721606,"path_taken":["M","M","$","M","?","E","R","E","T","E","R","$","R","?","R","BOSS","M","M","$","?","?","R","E","M"],"items_purchased_type":["Relic","Card","Card","Relic"],"build_version":"2020-12-22","purchased_purges":1,"victory":false,"max_hp_per_floor":[71,71,71,71,71,71,71,78,78,78,78,78,78,78,78,78,78,78,78,78,78,78,78,78,78,78],"relic_stats":{"counters":[12,56],"Mummified Hand":[22],"Prayer Wheel":2,"Cursed Key":0,"obtain_stats":[{"Anchor":20,"Mummified Hand":9,"Strawberry":8,"Prayer Wheel":6,"Omamori":24,"Membership Card":3,"Cracked Core":0,"Cursed Key":17,"Pocketwatch":10},{"Anchor":10,"Mummified Hand":6,"Strawberry":6,"Prayer Wheel":5,"Omamori":11,"Membership Card":2,"Cracked Core":0,"Cursed Key":8,"Pocketwatch":7},{"Anchor":48,"Mummified Hand":28,"Strawberry":28,"Prayer Wheel":21,"Omamori":54,"Membership Card":7,"Cracked Core":0,"Cursed Key":41,"Pocketwatch":33}],"Pocketwatch":[15]},"card_choices":[{"not_picked":["Coolheaded","Cold Snap"],"picked":"Lockon","floor":1.0},{"not_picked":["Ball Lightning","Leap"],"picked":"Sunder","floor":2.0},{"not_picked":["Gash","Scrape"],"picked":"Conserve Battery","floor":4.0},{"not_picked":["Turbo","Ball Lightning"],"picked":"Sweeping Beam","floor":5.0},{"not_picked":["Undo","FTL"],"picked":"Turbo","floor":6.0},{"not_picked":["Compile Driver","Doom and Gloom"],"picked":"Defragment","floor":8.0},{"not_picked":["Go for the Eyes","Rebound"],"picked":"Hologram","floor":10.0},{"not_picked":["Thunder Strike","All For One"],"picked":"Creative AI","floor":16.0},{"not_picked":["Beam Cell","Streamline"],"picked":"Steam","floor":18.0},{"not_picked":["Compile Driver","Tempest","Turbo"],"picked":"SKIP","floor":18.0},{"not_picked":["Hello World","Lockon"],"picked":"Ball Lightning","floor":19.0},{"not_picked":["Hello World","Rip and Tear"],"picked":"Loop","floor":19.0},{"not_picked":["Coolheaded","Go for the Eyes","Beam Cell"],"picked":"SKIP","floor":24.0}],"player_experience":2183494,"relics_obtained":[{"floor":6.0,"key":"Prayer Wheel"},{"floor":8.0,"key":"Strawberry"},{"floor":9.0,"key":"Mummified Hand"},{"floor":10.0,"key":"Pocketwatch"},{"floor":24.0,"key":"Omamori"}],"event_choices":[{"damage_healed":0.0,"max_hp_gain":0.0,"max_hp_loss":0.0,"gold_gain":0.0,"event_name":"World of Goop","player_choice":"Left Gold","floor":14.0,"gold_loss":31.0,"damage_taken":0.0},{"damage_healed":0.0,"max_hp_gain":0.0,"max_hp_loss":0.0,"gold_gain":0.0,"event_name":"Masked Bandits","player_choice":"Paid Fearfully","floor":21.0,"gold_loss":26.0,"damage_taken":0.0},{"damage_healed":0.0,"max_hp_gain":0.0,"max_hp_loss":0.0,"gold_gain":50.0,"event_name":"Golden Shrine","player_choice":"Pray","floor":22.0,"gold_loss":0.0,"damage_taken":0.0}],"is_beta":false,"boss_relics":[{"not_picked":["Tiny House","Nuclear Battery"],"picked":"Cursed Key"}],"items_purged_floors":[20],"is_endless":false,"potions_floor_spawned":[4,6,8,10,24],"killed_by":"Centurion and Healer","ascension_level":20}}