{"host":"hjajo0rafoe1e6c4","time":1612673684,"event":{"mods":["AchievementEnabler","BaseMod","Bestiary","Colored Map","Colored Powertips","Downfall","Highlight Path","Minty Spire (QoL Compilation)","Relic Stats","StSLib"],"gold_per_floor":[111,111,130,80,128,128,153,178,216,238,250,277,289,313,325,438,450,475,503,531,555,567,579,0,12,24,36,48,80,92,29,41,53,53],"floor_reached":33,"language":"ENG","playtime":618,"items_purged":[],"score":272,"play_id":"837480fc-6de6-4a48-821e-47d0263342a7","local_time":"20210206235444","is_ascension_mode":false,"campfire_choices":[{"data":"Anger","floor":6,"key":"SMITH"},{"data":"Battle Trance","floor":15,"key":"SMITH"},{"data":"Anger","floor":23,"key":"SMITH"},{"data":"Combust","floor":28,"key":"SMITH"},{"data":"Shockwave","floor":32,"key":"SMITH"}],"circlet_count":0,"master_deck":["Strike_R","Strike_R","Defend_R","Defend_R","Defend_R","Defend_R","Bash+1","Anger+1","Anger+1","Shockwave+1","Combust+1","Battle Trance+1","Carnage+1","Armaments","Combust"],"relics":["Burning Blood","NeowsBlessing","MealTicket","MawBank","Blood Vial","Runic Dome","Singing Bowl","Enchiridion","Blue Candle"],"acts_visited":["Exordium","TheCity"],"potions_floor_usage":[16,16,33],"damage_taken":[{"damage":0,"enemies":"2 Louse","floor":1,"turns":1},{"damage":0,"enemies":"Cultist","floor":3,"turns":1},{"damage":0,"enemies":"Lagavulin","floor":7,"turns":2},{"damage":6,"enemies":"Jaw Worm","floor":8,"turns":3},{"damage":12,"enemies":"Blue Slaver","floor":10,"turns":3},{"damage":12,"enemies":"Exordium Thugs","floor":12,"turns":4},{"damage":10,"enemies":"Large Slime","floor":14,"turns":5},{"damage":52,"enemies":"Hexaghost","floor":16,"turns":7},{"damage":18,"enemies":"2 Thieves","floor":18,"turns":4},{"damage":7,"enemies":"Spheric Guardian","floor":19,"turns":3},{"damage":20,"enemies":"Chosen and Byrds","floor":20,"turns":4},{"damage":26,"enemies":"Shelled Parasite and Fungi","floor":21,"turns":4},{"damage":14,"enemies":"Snecko","floor":29,"turns":3},{"damage":86,"enemies":"Automaton","floor":33,"turns":6}],"seed_played":"-1364121552964954668","potions_obtained":[{"floor":3,"key":"GamblersBrew"},{"floor":7,"key":"FearPotion"},{"floor":8,"key":"ElixirPotion"},{"floor":19,"key":"champ:CounterPotion"},{"floor":20,"key":"hexamod:SoulburnPotion"}],"is_trial":false,"path_per_floor":["M","?","M","?","T","R","E","M","T","M","?","M","?","M","R","B",null,"M","M","M","M","?","R","?","?","T","$","R","M","$","?","R","B"],"character_chosen":"IRONCLAD","items_purchased":[],"campfire_rested":0,"item_purchase_floors":[],"current_hp_per_floor":[80,80,80,80,80,80,80,80,80,74,74,70,70,68,68,24,80,68,69,57,39,39,39,39,23,23,38,38,34,49,49,49,0,0],"gold":53,"neow_bonus":"THREE_ENEMY_KILL","is_daily":false,"chose_seed":false,"campfire_upgraded":5,"win_rate":0.0,"timestamp":1612673684,"path_taken":["M","?","?","?","?","R","E","?","T","M","?","M","?","M","R","BOSS","M","?","M","M","?","R","?","?","T","$","R","M","$","?","R","BOSS"],"items_purchased_type":[],"build_version":"2020-12-22","purchased_purges":0,"victory":false,"max_hp_per_floor":[80,80,80,80,80,80,80,80,80,80,80,80,80,80,80,80,80,80,80,80,80,80,80,80,80,80,80,80,82,82,82,82,82,82],"relic_stats":{"Blood Vial":16,"Singing Bowl":2,"counters":[14,50],"Blue Candle":[0],"MealTicket":30,"MawBank":312,"obtain_stats":[{"Blood Vial":9,"Runic Dome":17,"NeowsBlessing":0,"Singing Bowl":22,"Blue Candle":26,"Enchiridion":25,"MealTicket":5,"MawBank":7,"Burning Blood":0},{"Blood Vial":4,"Runic Dome":8,"NeowsBlessing":0,"Singing Bowl":12,"Blue Candle":12,"Enchiridion":12,"MealTicket":2,"MawBank":3,"Burning Blood":0},{"Blood Vial":7,"Runic Dome":26,"NeowsBlessing":0,"Singing Bowl":41,"Blue Candle":41,"Enchiridion":41,"MealTicket":2,"MawBank":4,"Burning Blood":0}],"Burning Blood":60},"card_choices":[{"not_picked":["Havoc","Wild Strike"],"picked":"Anger","floor":1},{"not_picked":["Headbutt","Infernal Blade"],"picked":"Anger","floor":3},{"not_picked":["Body Slam","Metallicize"],"picked":"Shockwave","floor":7},{"not_picked":["Hemokinesis","Seeing Red","Metallicize"],"picked":"SKIP","floor":8},{"not_picked":["Twin Strike","Dark Embrace","Warcry"],"picked":"SKIP","floor":10},{"not_picked":["Second Wind","Infernal Blade"],"picked":"Combust","floor":12},{"not_picked":["Iron Wave","Cleave"],"picked":"Battle Trance","floor":14},{"not_picked":["Feed","Exhume"],"picked":"Limit Break","floor":16},{"not_picked":["Whirlwind","Wild Strike"],"picked":"Carnage+1","floor":18},{"not_picked":["Seeing Red","Clash","Bloodletting"],"picked":"SKIP","floor":19},{"not_picked":["Body Slam+1","Clash"],"picked":"Armaments","floor":20},{"not_picked":["Twin Strike","Pommel Strike"],"picked":"Combust","floor":21},{"not_picked":["Flame Barrier","Warcry+1","Clash"],"picked":"Singing Bowl","floor":29}],"player_experience":252348,"relics_obtained":[{"floor":5,"key":"MealTicket"},{"floor":7,"key":"MawBank"},{"floor":9,"key":"Blood Vial"},{"floor":25,"key":"Enchiridion"},{"floor":26,"key":"Blue Candle"}],"event_choices":[{"cards_removed":["Strike_R"],"damage_healed":0,"gold_gain":0,"player_choice":"Offered Basic","damage_taken":0,"max_hp_gain":0,"max_hp_loss":0,"event_name":"Bonfire Elementals","floor":2,"gold_loss":0},{"cards_removed":["Strike_R"],"damage_healed":0,"gold_gain":0,"player_choice":"Card Removal","damage_taken":0,"max_hp_gain":0,"max_hp_loss":0,"event_name":"The Cleric","floor":4,"gold_loss":50},{"cards_removed":["Strike_R"],"damage_healed":0,"gold_gain":0,"player_choice":"Forget","damage_taken":0,"max_hp_gain":0,"max_hp_loss":0,"event_name":"Living Wall","floor":11,"gold_loss":0},{"damage_healed":0,"gold_gain":0,"player_choice":"Forge","damage_taken":0,"max_hp_gain":0,"max_hp_loss":0,"event_name":"Accursed Blacksmith","floor":13,"gold_loss":0,"cards_upgraded":["Bash"]},{"damage_healed":0,"gold_gain":0,"player_choice":"Opened","damage_taken":0,"relics_obtained":["Singing Bowl"],"max_hp_gain":0,"max_hp_loss":0,"event_name":"The Mausoleum","floor":22,"gold_loss":0},{"damage_healed":0,"gold_gain":0,"player_choice":"Paid Fearfully","damage_taken":0,"max_hp_gain":0,"max_hp_loss":0,"event_name":"Masked Bandits","floor":24,"gold_loss":591},{"damage_healed":0,"gold_gain":0,"player_choice":"Obtained Book","damage_taken":16,"max_hp_gain":0,"max_hp_loss":0,"event_name":"Cursed Tome","floor":25,"gold_loss":0},{"cards_removed":["Limit Break"],"damage_healed":0,"gold_gain":0,"player_choice":"Gave Gold","damage_taken":0,"max_hp_gain":0,"max_hp_loss":0,"event_name":"Beggar","floor":31,"gold_loss":75}],"is_beta":false,"boss_relics":[{"not_picked":["Sozu","Pandora\u0027s Box"],"picked":"Runic Dome"}],"items_purged_floors":[],"is_endless":false,"potions_floor_spawned":[3,7,8,10,19,20],"killed_by":"Automaton","ascension_level":0}}