{"host":"a4s27ghlnr83kbqz","time":1612697090,"event":{"mods":["AchievementEnabler","BaseMod","Colored Map","Minty Spire (QoL Compilation)","Permanent Neow","SuperFastMode"],"gold_per_floor":[14,14,14,32,32,32,55,55,78,94,94,19,32,51,51,150,150,171,186,205,220,233,233,12,43,43,43,43,56,56,3,3,3,3],"floor_reached":33,"language":"KOR","playtime":712,"items_purged":["Strike_R","Strike_R"],"score":518,"play_id":"fc8f1c61-c4eb-496f-84b5-fb47d28aff64","local_time":"20210207202450","is_ascension_mode":true,"campfire_choices":[{"data":"Searing Blow+1","floor":6,"key":"SMITH"},{"data":"Berserk","floor":8,"key":"SMITH"},{"data":"Searing Blow+2","floor":11,"key":"SMITH"},{"data":"Searing Blow+3","floor":15,"key":"SMITH"},{"data":"Searing Blow+4","floor":23,"key":"SMITH"},{"data":"Searing Blow+5","floor":27,"key":"SMITH"},{"data":"Dark Embrace","floor":30,"key":"SMITH"},{"data":"Searing Blow+6","floor":32,"key":"SMITH"}],"circlet_count":0,"master_deck":["AscendersBane","Strike_R","Defend_R","Defend_R+1","Defend_R+1","Defend_R","Bash","Searing Blow+7","Berserk+1","Hemokinesis","Offering","Battle Trance","Second Wind","Dropkick","Shockwave","Feel No Pain+1","Dark Embrace+1","Evolve"],"relics":["Black Blood","Golden Idol","Centennial Puzzle","Membership Card","Omamori","Self Forming Clay","War Paint"],"acts_visited":["Exordium","TheCity"],"potions_floor_usage":[18,20,33],"damage_taken":[{"damage":6.0,"enemies":"Jaw Worm","floor":1.0,"turns":5.0},{"damage":1.0,"enemies":"Cultist","floor":4.0,"turns":4.0},{"damage":0,"enemies":"2 Louse","floor":7,"turns":2},{"damage":8,"enemies":"Red Slaver","floor":10,"turns":2},{"damage":6,"enemies":"2 Fungi Beasts","floor":13,"turns":2},{"damage":7,"enemies":"Gremlin Gang","floor":14,"turns":6},{"damage":22,"enemies":"Slime Boss","floor":16,"turns":5},{"damage":12,"enemies":"2 Thieves","floor":18,"turns":3},{"damage":28,"enemies":"Spheric Guardian","floor":19,"turns":4},{"damage":9,"enemies":"Snake Plant","floor":20,"turns":2},{"damage":3,"enemies":"Centurion and Healer","floor":21,"turns":5},{"damage":8,"enemies":"Cultist and Chosen","floor":22,"turns":4},{"damage":19,"enemies":"Gremlin Leader","floor":25,"turns":3},{"damage":2,"enemies":"Snecko","floor":29,"turns":3},{"damage":97,"enemies":"Automaton","floor":33,"turns":6}],"seed_played":"8350259807812519690","potions_obtained":[{"floor":1.0,"key":"Block Potion"},{"floor":7,"key":"Swift Potion"},{"floor":18,"key":"SmokeBomb"},{"floor":20,"key":"Weak Potion"}],"is_trial":false,"path_per_floor":["M","?","?","M","T","R","M","R","T","M","R","$","M","M","R","B",null,"M","M","M","M","M","R","$","E","T","R","?","M","R","?","R","B"],"character_chosen":"IRONCLAD","items_purchased":["Membership Card"],"campfire_rested":0,"item_purchase_floors":[24],"current_hp_per_floor":[68,42,42,47,47,47,53,53,53,51,51,51,51,50,50,34,65,65,49,52,61,65,65,65,58,58,58,58,68,68,68,68,0,0],"gold":3,"neow_bonus":"TRANSFORM_TWO_CARDS","is_daily":false,"chose_seed":false,"campfire_upgraded":8,"win_rate":0.0,"timestamp":1612697090,"path_taken":["M","?","?","?","?","R","M","R","T","M","R","$","M","M","R","BOSS","M","M","M","M","M","R","$","E","T","R","?","?","R","?","R","BOSS"],"items_purchased_type":["Relic"],"build_version":"2020-12-22","purchased_purges":2,"victory":false,"max_hp_per_floor":[75,75,75,75,75,75,75,75,75,75,75,75,75,75,75,75,75,75,75,75,75,75,75,75,75,75,75,75,75,75,75,75,75,75],"card_choices":[{"not_picked":["Clothesline","Bloodletting"],"picked":"Hemokinesis","floor":1.0},{"not_picked":["Clothesline","Seeing Red","Wild Strike"],"picked":"SKIP","floor":4.0},{"not_picked":["Headbutt","Rage"],"picked":"Offering","floor":7},{"not_picked":["Disarm","Havoc"],"picked":"Battle Trance","floor":10},{"not_picked":["Sword Boomerang","Feel No Pain"],"picked":"Second Wind","floor":13},{"not_picked":["Clothesline","Uppercut"],"picked":"Dropkick","floor":14},{"not_picked":["Perfected Strike","Thunderclap","Pummel"],"picked":"SKIP","floor":18},{"not_picked":["Entrench","Seeing Red","Perfected Strike"],"picked":"SKIP","floor":19},{"not_picked":["Seeing Red","Twin Strike+1","Clothesline"],"picked":"SKIP","floor":20},{"not_picked":["Armaments","Iron Wave"],"picked":"Shockwave","floor":21},{"not_picked":["Iron Wave","Heavy Blade","Dual Wield"],"picked":"SKIP","floor":22},{"not_picked":["Iron Wave","Warcry"],"picked":"Feel No Pain+1","floor":25},{"not_picked":["Warcry","Clothesline"],"picked":"Evolve","floor":29}],"player_experience":1121835,"relics_obtained":[{"floor":9,"key":"Centennial Puzzle"},{"floor":25,"key":"Omamori"},{"floor":26,"key":"Self Forming Clay"}],"event_choices":[{"damage_healed":0.0,"max_hp_gain":0.0,"max_hp_loss":0.0,"gold_gain":0.0,"event_name":"Golden Idol","player_choice":"Take Damage","floor":2.0,"gold_loss":0.0,"damage_taken":26.0,"relics_obtained":["Golden Idol"]},{"damage_healed":0.0,"max_hp_gain":0.0,"max_hp_loss":0.0,"gold_gain":0.0,"event_name":"Upgrade Shrine","player_choice":"Upgraded","floor":3.0,"gold_loss":0.0,"damage_taken":0.0,"cards_upgraded":["Searing Blow"]},{"damage_healed":0,"gold_gain":0,"player_choice":"1 cards matched","damage_taken":0,"max_hp_gain":0,"max_hp_loss":0,"event_name":"Match and Keep!","floor":28,"gold_loss":0,"cards_obtained":["Dark Embrace"]},{"damage_healed":0,"gold_gain":0,"player_choice":"Paid Gold","damage_taken":0,"relics_obtained":["War Paint"],"max_hp_gain":0,"max_hp_loss":0,"event_name":"WeMeetAgain","floor":31,"gold_loss":53}],"is_beta":false,"boss_relics":[{"not_picked":["Pandora\u0027s Box","Runic Cube"],"picked":"Black Blood"}],"items_purged_floors":[12,24],"is_endless":false,"potions_floor_spawned":[1,7,13,18,20,22],"killed_by":"Automaton","ascension_level":20}}