{"host":"88gqw5ki7llrf2bp","time":1612660502,"event":{"mods":["BaseMod","Downfall","Duelist Mod","Friendly Minions","Hubris","Jorbs\u0027s Wanderer Trilogy","Minty Spire (QoL Compilation)","Quick Restart","Railgun Mod","Rare Cards Sparkle","StSLib","The Animator","The Construct","The Cursed","The Gatherer","slay the spire mod where everything is the same but ironclad has a cowboy hat"],"gold_per_floor":[99,110,122,62,62,237,237,267,267,285,302,452,485,485,499,600,600,500,513,59,59,74,91,91,103,13,13,40,63,63,63,74,170,170,170,182,182,192,192,209,209,94,94,126,126,178,178,178,191,191,191,191],"floor_reached":50,"language":"ENG","playtime":3935,"items_purged":["downfall:Malfunctioning","downfall:Aged"],"score":498,"play_id":"be095e21-efa8-4f5a-8535-cbbabea106d9","local_time":"20210206191502","is_ascension_mode":false,"campfire_choices":[{"data":"Guardian:CurlUp","floor":1.0,"key":"SMITH"},{"data":"Guardian:Preprogram","floor":9.0,"key":"SMITH"},{"data":"Guardian:Emergency","floor":18,"key":"SMITH"},{"data":"Guardian:DecasProtection","floor":27,"key":"SMITH"},{"data":"expansioncontent:DashGenerateEvil","floor":30,"key":"SMITH"},{"data":"Guardian:SphericShield","floor":35,"key":"SMITH"},{"data":"Guardian:TwinSlam","floor":43,"key":"SMITH"},{"data":"Guardian:RollAttack","floor":47,"key":"SMITH"}],"circlet_count":0,"master_deck":["Guardian:Defend_Guardian+1","Guardian:Defend_Guardian","Guardian:Defend_Guardian","Guardian:Defend_Guardian","Guardian:CurlUp+1","Guardian:TwinSlam+1","Guardian:Preprogram+1","Guardian:TemporalShield+1","Guardian:PrimingBeam+1","Guardian:Planning","Guardian:StasisField+1","downfall:Icky","Guardian:Emergency+1","Guardian:RollAttack+1","Guardian:Recover+1","Guardian:ShieldCharger","expansioncontent:DashGenerateEvil+1","Guardian:ShieldSpikes+1","Guardian:DecasProtection+1","Guardian:SpikerProtocol+1","Slimebound:Tackle+1","Slimebound:Tackle+1","Slimebound:Tackle+1","Guardian:DecasProtection+1","Guardian:SphericShield+1","Guardian:ChargeCore+1","Guardian:Gem_Green","Guardian:ShieldSpikes+1","Guardian:Gem_Orange","Guardian:FloatingOrbs+1"],"relics":["Guardian:ModeShifter","Mercury Hourglass","Art of War","hubris:CrystalStatue","construct:WeddingRing","downfall:HeartBlessingGreen","Bottled Flame","War Paint","Ice Cream","Anchor","SlaversCollar","Guardian:StasisEgg","construct:FoamFinger","Vajra","hubris:Icosahedron","Peace Pipe"],"acts_visited":["Exordium","TheCity","TheBeyond"],"potions_floor_usage":[23,32,33,44,46,50],"damage_taken":[{"damage":10.0,"enemies":"Jaw Worm","floor":2.0,"turns":5.0},{"damage":5.0,"enemies":"Small Slimes","floor":3.0,"turns":4.0},{"damage":10.0,"enemies":"downfall:FleeingMerchant","floor":4.0,"turns":4.0},{"damage":8.0,"enemies":"Gremlin Nob","floor":8.0,"turns":5.0},{"damage":0.0,"enemies":"2 Louse","floor":10.0,"turns":3.0},{"damage":5.0,"enemies":"Exordium Wildlife","floor":11.0,"turns":3.0},{"damage":18.0,"enemies":"Lagavulin","floor":13.0,"turns":9.0},{"damage":0.0,"enemies":"3 Louse","floor":15.0,"turns":2.0},{"damage":29.0,"enemies":"WA_ARCHETYPE_RETAIN","floor":16.0,"turns":13.0},{"damage":4,"enemies":"Shell Parasite","floor":19,"turns":5},{"damage":0,"enemies":"downfall:FleeingMerchant","floor":20,"turns":4},{"damage":4,"enemies":"Centurion and Healer","floor":22,"turns":8},{"damage":12,"enemies":"Sentry and Sphere","floor":23,"turns":8},{"damage":1,"enemies":"3 Cultists","floor":25,"turns":6},{"damage":20,"enemies":"downfall:FleeingMerchant","floor":26,"turns":4},{"damage":2,"enemies":"Book of Stabbing","floor":28,"turns":6},{"damage":8,"enemies":"Snake Plant","floor":32,"turns":4},{"damage":15,"enemies":"DF_ARCHETYPE_CLAW","floor":33,"turns":12},{"damage":0,"enemies":"Orb Walker","floor":36,"turns":5},{"damage":6,"enemies":"3 Shapes","floor":38,"turns":5},{"damage":12,"enemies":"Spire Growth","floor":40,"turns":8},{"damage":0,"enemies":"downfall:FleeingMerchant","floor":42,"turns":4},{"damage":10,"enemies":"Reptomancer","floor":44,"turns":6},{"damage":0,"enemies":"2 Orb Walkers","floor":46,"turns":7},{"damage":37,"enemies":"Transient","floor":49,"turns":5},{"damage":41,"enemies":"IC_BLOCK_ARCHETYPE","floor":50,"turns":4}],"seed_played":"404447266680208618","potions_obtained":[{"floor":2.0,"key":"SkillPotion"},{"floor":3.0,"key":"Dexterity Potion"},{"floor":11.0,"key":"BlessingOfTheForge"},{"floor":13.0,"key":"Strength Potion"},{"floor":19,"key":"BlessingOfTheForge"},{"floor":28,"key":"Energy Potion"},{"floor":32,"key":"Energy Potion"},{"floor":33,"key":"SteroidPotion"},{"floor":37,"key":"downfall:CursedFountainPotion"},{"floor":40,"key":"sneckomod:MuddlingPotion"},{"floor":44,"key":"PowerPotion"},{"floor":49,"key":"SteroidPotion"}],"is_trial":false,"path_per_floor":["R","M","M","$","?","?","T","E","R","M","M","?","E","?","M","B",null,"R","M","$","?","M","M","T","M","$","R","E","T","R","?","M","B",null,"R","M","?","M","?","M","T","$","R","E","?","?","R","?","M","B"],"character_chosen":"GUARDIAN","items_purchased":["Guardian:PrimingBeam","expansioncontent:DashGenerateEvil","Bottled Flame"],"campfire_rested":0,"item_purchase_floors":[4,20,20],"current_hp_per_floor":[88,78,73,63,63,63,63,55,55,55,50,50,32,32,32,3,88,88,84,84,84,80,68,68,67,47,47,45,45,45,45,37,32,88,88,88,88,82,82,70,70,70,70,60,60,60,60,77,40,0,0,0],"gold":191,"neow_bonus":"TEN_PERCENT_HP_BONUS","is_daily":false,"chose_seed":false,"campfire_upgraded":8,"win_rate":0.0,"timestamp":1612660502,"path_taken":["R","M","M","$","?","?","T","E","R","M","M","?","E","?","M","BOSS","R","M","$","?","M","M","T","M","$","R","E","?","R","?","M","BOSS","R","M","?","?","?","M","T","$","R","E","?","?","R","?","M","BOSS"],"items_purchased_type":["Card","Card","Relic"],"build_version":"2020-12-22","purchased_purges":2,"victory":false,"max_hp_per_floor":[88,88,88,88,88,88,88,88,88,88,88,88,88,88,88,88,88,88,88,88,88,88,88,88,88,88,88,88,88,88,88,88,88,88,88,88,88,88,88,88,88,88,88,88,88,88,88,77,77,77,77,77],"card_choices":[{"not_picked":["Guardian:TimeBomb","Guardian:Reroute"],"picked":"Guardian:Preprogram","floor":2.0},{"not_picked":["Guardian:CrystalBeam","Guardian:Reroute"],"picked":"Guardian:Gem_Green","floor":3.0},{"not_picked":["Guardian:CrystalBeam","Guardian:TemporalStrike"],"picked":"Guardian:TemporalShield","floor":4.0},{"not_picked":["Guardian:TemporalShield","Guardian:VentSteam"],"picked":"Guardian:Planning","floor":8.0},{"not_picked":["Guardian:TemporalStrike","Guardian:Gem_Green"],"picked":"Guardian:Gem_Red","floor":10.0},{"not_picked":["Guardian:PiercingHide","Guardian:Gem_Purple"],"picked":"Guardian:StasisField","floor":11.0},{"not_picked":["Guardian:TemporalStrike","Guardian:Recover"],"picked":"Guardian:Emergency","floor":13.0},{"not_picked":["Guardian:Planning","Guardian:PiercingHide"],"picked":"Guardian:RollAttack","floor":15.0},{"not_picked":["Guardian:RevengeProtocol","Guardian:StasisField"],"picked":"Guardian:Gem_Orange","floor":16.0},{"not_picked":["Guardian:ChargeCore","Guardian:RollAttack"],"picked":"Guardian:Recover+1","floor":19},{"not_picked":["Guardian:CrystalBeam","Guardian:RevengeProtocol"],"picked":"Guardian:ShieldCharger","floor":20},{"not_picked":["Guardian:PrimingBeam","Guardian:VentSteam","Guardian:Recover"],"picked":"SKIP","floor":22},{"not_picked":["Guardian:Gem_Cyan","Guardian:TemporalShield"],"picked":"Guardian:ShieldSpikes+1","floor":23},{"not_picked":["Guardian:SpikerProtocol","Guardian:WalkerClaw"],"picked":"Guardian:DecasProtection","floor":25},{"not_picked":["Guardian:Gem_Lightblue","Guardian:PrimingBeam"],"picked":"Guardian:Gem_Purple","floor":26},{"not_picked":["Guardian:Gem_Cyan","Guardian:ArmoredProtocol+1"],"picked":"Guardian:SpikerProtocol+1","floor":28},{"not_picked":["Guardian:WalkerClaw","Guardian:Gem_Yellow"],"picked":"Guardian:DecasProtection+1","floor":32},{"not_picked":["Guardian:ExploitGems","Guardian:StasisStrike"],"picked":"Guardian:SphericShield","floor":33},{"not_picked":["Guardian:TemporalStrike","Guardian:Recover+1"],"picked":"Guardian:ChargeCore+1","floor":36},{"not_picked":["Guardian:Incinerate","Guardian:WalkerClaw"],"picked":"Guardian:Gem_Green","floor":38},{"not_picked":["Guardian:BronzeOrb+1","Guardian:PrimingBeam+1"],"picked":"Guardian:ShieldSpikes+1","floor":40},{"not_picked":["Guardian:Reroute","Guardian:Emergency+1"],"picked":"Guardian:Gem_Red","floor":42},{"not_picked":["Guardian:Gem_Fragmented","Guardian:Gem_Red"],"picked":"Guardian:Gem_Orange","floor":44},{"not_picked":["Guardian:Reroute","Guardian:Gem_White"],"picked":"Guardian:FloatingOrbs+1","floor":49}],"player_experience":1855929,"relics_obtained":[{"floor":7.0,"key":"Mercury Hourglass"},{"floor":8.0,"key":"Art of War"},{"floor":13.0,"key":"hubris:CrystalStatue"},{"floor":24,"key":"War Paint"},{"floor":28,"key":"Ice Cream"},{"floor":29,"key":"Anchor"},{"floor":41,"key":"construct:FoamFinger"},{"floor":44,"key":"Vajra"},{"floor":46,"key":"Peace Pipe"}],"event_choices":[{"damage_healed":0,"gold_gain":0,"player_choice":"Fight","damage_taken":0,"max_hp_gain":0,"max_hp_loss":0,"event_name":"Mysterious Sphere","floor":46,"gold_loss":0}],"is_beta":false,"boss_relics":[{"not_picked":["hubris:Stopwatch","hubris:VirtuousBlindfold"],"picked":"construct:WeddingRing"},{"not_picked":["hubris:BlackHole","hubris:ScarierMask"],"picked":"SlaversCollar"}],"items_purged_floors":[26,42],"is_endless":false,"potions_floor_spawned":[2,3,11,13,19,28,32,33,40,44,49],"killed_by":"IC_BLOCK_ARCHETYPE","ascension_level":0}}