{"host":"d52brwsy6af8zvaq","time":1612658493,"event":{"mods":["AchievementEnabler","BaseMod","Bestiary","Highlight Path","Minty Spire (QoL Compilation)","Quick Restart","Relic Stats","ojb\u0027s Better Paths Mod"],"gold_per_floor":[113,113,113,263,273,273,298,310,310,116,68,81,81,111,111,188,188,203,203,203],"floor_reached":19,"language":"ENG","playtime":483,"items_purged":["Doubt"],"score":400,"play_id":"e1077821-0219-4207-9562-9dc5341458d1","local_time":"20210206174133","is_ascension_mode":true,"campfire_choices":[{"data":"Zap","floor":6.0,"key":"SMITH"},{"data":"Defragment","floor":13,"key":"SMITH"},{"data":"Consume","floor":15,"key":"SMITH"}],"circlet_count":0,"master_deck":["AscendersBane","Strike_B","Strike_B","Strike_B","Defend_B","Defend_B","Defend_B","Defend_B","Zap+1","Dualcast","Consume+1","Streamline","Static Discharge","Gash","Gash","Defragment+1","Steam","Doom and Gloom","Seek","Chill"],"relics":["Cracked Core","NeowsBlessing","Peace Pipe","Turnip","Lizard Tail","Eternal Feather","Nuclear Battery"],"acts_visited":["Exordium","TheCity"],"potions_floor_usage":[12],"damage_taken":[{"damage":0.0,"enemies":"2 Louse","floor":1.0,"turns":1.0},{"damage":0.0,"enemies":"Small Slimes","floor":5.0,"turns":1.0},{"damage":0.0,"enemies":"3 Sentries","floor":7.0,"turns":1.0},{"damage":9.0,"enemies":"Jaw Worm","floor":8.0,"turns":4.0},{"damage":6,"enemies":"2 Fungi Beasts","floor":12,"turns":3},{"damage":19,"enemies":"Lagavulin","floor":14,"turns":5},{"damage":38,"enemies":"Slime Boss","floor":16,"turns":7},{"damage":40,"enemies":"3 Byrds","floor":18,"turns":5},{"damage":22,"enemies":"Spheric Guardian","floor":19,"turns":3}],"seed_played":"3781232125134265794","potions_obtained":[{"floor":5.0,"key":"SpeedPotion"},{"floor":12,"key":"Dexterity Potion"}],"is_trial":false,"path_per_floor":["M","?","?","?","M","R","E","M","T","$","?","M","R","E","R","B",null,"M","M"],"character_chosen":"DEFECT","items_purchased":["Gash","Defragment"],"campfire_rested":0,"item_purchase_floors":[10,10],"current_hp_per_floor":[64,53,53,53,53,53,53,44,44,44,44,38,38,19,28,35,62,22,0,0],"gold":203,"neow_bonus":"THREE_ENEMY_KILL","is_daily":false,"chose_seed":false,"campfire_upgraded":3,"win_rate":0.0,"timestamp":1612658493,"path_taken":["M","?","?","?","M","R","E","?","T","$","?","M","R","E","R","BOSS","M","M"],"items_purchased_type":["Card","Card"],"build_version":"2020-12-22","purchased_purges":1,"victory":false,"max_hp_per_floor":[71,71,71,71,71,71,71,71,71,71,71,71,71,71,71,71,71,71,71,71],"relic_stats":{"Peace Pipe":0,"Lizard Tail":35,"counters":[9,30],"Eternal Feather":9,"Turnip":[6],"obtain_stats":[{"Peace Pipe":2,"Lizard Tail":9,"NeowsBlessing":0,"Eternal Feather":14,"Turnip":7,"Cracked Core":0,"Nuclear Battery":17},{"Peace Pipe":1,"Lizard Tail":4,"NeowsBlessing":0,"Eternal Feather":6,"Turnip":3,"Cracked Core":0,"Nuclear Battery":7},{"Peace Pipe":1,"Lizard Tail":7,"NeowsBlessing":0,"Eternal Feather":15,"Turnip":3,"Cracked Core":0,"Nuclear Battery":22}]},"card_choices":[{"not_picked":["Conserve Battery","Steam"],"picked":"Consume","floor":1.0},{"not_picked":["Beam Cell","Turbo"],"picked":"Static Discharge","floor":5.0},{"not_picked":["Redo","Steam"],"picked":"Gash","floor":7.0},{"not_picked":["Hello World","Hologram","Beam Cell"],"picked":"SKIP","floor":8.0},{"not_picked":["Barrage","Rip and Tear"],"picked":"Steam","floor":12},{"not_picked":["Steam Power","Force Field"],"picked":"Doom and Gloom","floor":14},{"not_picked":["Hyperbeam","All For One"],"picked":"Seek","floor":16},{"not_picked":["Steam","Leap"],"picked":"Chill","floor":18}],"player_experience":2167773,"relics_obtained":[{"floor":7.0,"key":"Turnip"},{"floor":9.0,"key":"Lizard Tail"},{"floor":14,"key":"Eternal Feather"}],"event_choices":[{"damage_healed":0.0,"max_hp_gain":0.0,"max_hp_loss":0.0,"gold_gain":0.0,"event_name":"Scrap Ooze","player_choice":"Success","floor":2.0,"gold_loss":0.0,"damage_taken":11.0,"relics_obtained":["Peace Pipe"]},{"damage_healed":0.0,"max_hp_gain":0.0,"max_hp_loss":0.0,"gold_gain":0.0,"cards_transformed":["Strike_B"],"event_name":"Living Wall","player_choice":"Change","floor":3.0,"gold_loss":0.0,"damage_taken":0.0,"cards_obtained":["Streamline"]},{"damage_healed":0.0,"max_hp_gain":0.0,"max_hp_loss":0.0,"gold_gain":150.0,"event_name":"Liars Game","player_choice":"AGREE","floor":4.0,"gold_loss":0.0,"damage_taken":0.0,"cards_obtained":["Doubt"]},{"damage_healed":0,"gold_gain":0,"player_choice":"Left Gold","damage_taken":0,"max_hp_gain":0,"max_hp_loss":0,"event_name":"World of Goop","floor":11,"gold_loss":48}],"is_beta":false,"boss_relics":[{"not_picked":["Philosopher\u0027s Stone","Snecko Eye"],"picked":"Nuclear Battery"}],"items_purged_floors":[10],"is_endless":false,"potions_floor_spawned":[5,12],"killed_by":"Spheric Guardian","ascension_level":20}}