{"host":"6xsbn6ynqlzwllfm","time":1612722936,"event":{"mods":["2.2 Compatiblity","BaseMod","Bestiary","Colored Map","Colored Powertips","Curses Come First","Highlight Path","Keyboard Shortcuts","Minty Spire (QoL Compilation)","Relic Stats","Slay the Relics Exporter","StSLib","SuperFastMode"],"gold_per_floor":[116,135,153,153,164,192,192,218,218,30,60,60,60,79,79,177,177,197,221,221,259,259,290,290,322,322,364,407,468,51,96,96,198,198,244,261,21,21,21,78,78,138,162,162,212,212,223,264,264,264,264],"floor_reached":50,"language":"ENG","playtime":5209,"items_purged":["Strike_P","Strike_P+1"],"score":1410,"play_id":"61ac748e-f21a-46cd-a7d5-52ff66125e86","local_time":"20210207133536","is_ascension_mode":true,"campfire_choices":[{"data":"FlurryOfBlows","floor":7,"key":"SMITH"},{"floor":13,"key":"REST"},{"floor":15,"key":"REST"},{"floor":24,"key":"REST"},{"floor":32,"key":"REST"},{"floor":41,"key":"REST"},{"floor":44,"key":"RECALL"},{"floor":46,"key":"REST"},{"floor":49,"key":"REST"}],"circlet_count":0,"master_deck":["AscendersBane","Strike_P+1","Strike_P+1","Defend_P+1","Defend_P+1","Defend_P+1","Defend_P+1","Eruption","Vigilance","Crescendo","FlurryOfBlows+1","LikeWater","CutThroughFate","Blasphemy+1","ThirdEye+1","Consecrate+1","WindmillStrike+1","Weave+1","WheelKick+1","Pray+1","Ragnarok+1","CurseOfTheBell","Tantrum+1","CrushJoints+1","Meditate+1","Collect+1","EmptyBody+1","Wish+1","Wallop+1","TalkToTheHand+1","Discovery+1","Scrawl+1","DevaForm+1","Worship+1","Chrysalis+1","Prostrate+1","Study+1"],"relics":["PureWater","Pen Nib","Toxic Egg 2","Molten Egg 2","Blue Candle","Dream Catcher","Bloody Idol","Calling Bell","Incense Burner","Singing Bowl","Toy Ornithopter","Red Mask","Frozen Egg 2","Dead Branch","Orichalcum","Bird Faced Urn","Frozen Eye","Busted Crown","Medical Kit","Pear","StrikeDummy"],"acts_visited":["Exordium","TheCity","TheBeyond"],"potions_floor_usage":[6,8,18,19,21,29,33,36,40,48,48,50],"damage_taken":[{"damage":0,"enemies":"2 Louse","floor":1,"turns":2},{"damage":3,"enemies":"Cultist","floor":2,"turns":4},{"damage":8,"enemies":"Small Slimes","floor":3,"turns":4},{"damage":5,"enemies":"Exordium Wildlife","floor":5,"turns":5},{"damage":5,"enemies":"3 Sentries","floor":6,"turns":12},{"damage":0,"enemies":"Gremlin Nob","floor":8,"turns":3},{"damage":10,"enemies":"3 Sentries","floor":11,"turns":7},{"damage":0,"enemies":"3 Louse","floor":14,"turns":2},{"damage":41,"enemies":"Hexaghost","floor":16,"turns":5},{"damage":26,"enemies":"Shell Parasite","floor":18,"turns":4},{"damage":10,"enemies":"2 Thieves","floor":19,"turns":4},{"damage":3,"enemies":"Masked Bandits","floor":21,"turns":2},{"damage":1,"enemies":"Gremlin Leader","floor":23,"turns":3},{"damage":22,"enemies":"Book of Stabbing","floor":25,"turns":4},{"damage":12,"enemies":"Cultist and Chosen","floor":27,"turns":4},{"damage":18,"enemies":"Centurion and Healer","floor":28,"turns":3},{"damage":22,"enemies":"Slavers","floor":29,"turns":5},{"damage":3,"enemies":"Shelled Parasite and Fungi","floor":31,"turns":3},{"damage":12,"enemies":"Champ","floor":33,"turns":5},{"damage":34,"enemies":"3 Shapes","floor":35,"turns":3},{"damage":1,"enemies":"Orb Walker","floor":36,"turns":1},{"damage":27,"enemies":"Nemesis","floor":40,"turns":5},{"damage":20,"enemies":"Reptomancer","floor":42,"turns":4},{"damage":14,"enemies":"Transient","floor":45,"turns":6},{"damage":81,"enemies":"4 Shapes","floor":47,"turns":3},{"damage":14,"enemies":"Spire Growth","floor":48,"turns":6},{"damage":103,"enemies":"Awakened One","floor":50,"turns":8}],"seed_played":"-3955070397932601012","potions_obtained":[{"floor":1,"key":"Strength Potion"},{"floor":3,"key":"PowerPotion"},{"floor":5,"key":"DuplicationPotion"},{"floor":16,"key":"SpeedPotion"},{"floor":18,"key":"Explosive Potion"},{"floor":27,"key":"LiquidBronze"},{"floor":28,"key":"Fire Potion"},{"floor":35,"key":"BottledMiracle"},{"floor":36,"key":"Weak Potion"},{"floor":47,"key":"Fruit Juice"},{"floor":48,"key":"LiquidBronze"}],"is_trial":false,"path_per_floor":["M","M","M","?","M","E","R","E","T","$","E","?","R","M","R","B",null,"M","M","?","?","?","E","R","E","T","M","M","E","$","M","R","B",null,"M","M","$","?","?","E","R","E","T","R","M","R","M","M","R","B"],"character_chosen":"WATCHER","items_purchased":["Consecrate+1","AttackPotion","Strength Potion","Frozen Eye","Discovery+1","Worship+1","Medical Kit"],"campfire_rested":7,"item_purchase_floors":[10,10,30,30,30,37,37],"current_hp_per_floor":[67,64,56,56,51,46,46,46,46,46,36,11,33,33,55,14,59,38,33,33,35,35,39,61,44,44,42,36,29,29,36,60,63,74,53,64,64,58,58,66,97,89,94,94,102,104,30,51,86,0,0],"gold":264,"neow_bonus":"TEN_PERCENT_HP_BONUS","is_daily":false,"chose_seed":false,"campfire_upgraded":1,"win_rate":0.0,"timestamp":1612722936,"path_taken":["M","M","M","?","M","E","R","E","T","?","E","?","R","M","R","BOSS","M","M","?","?","?","E","R","E","T","M","M","E","$","M","R","BOSS","M","M","$","?","?","E","R","E","T","R","M","R","M","M","R","BOSS"],"items_purchased_type":["Card","Potion","Potion","Relic","Card","Card","Relic"],"build_version":"2020-12-22","purchased_purges":2,"victory":false,"max_hp_per_floor":[74,74,74,74,74,74,74,74,74,74,74,74,74,74,74,74,74,74,74,74,74,74,74,74,74,74,74,76,76,76,76,78,78,78,80,82,82,86,86,98,100,102,102,102,104,104,106,111,113,113,113],"relic_stats":{"Singing Bowl":24,"counters":[27,117],"Blue Candle":[15],"Dead Branch":[121],"Pen Nib":[25],"Orichalcum":[66],"Medical Kit":[0],"Dream Catcher":7,"Busted Crown":26,"Bloody Idol":124,"Bird Faced Urn":[42],"obtain_stats":[{"Pear":40,"Singing Bowl":17,"Golden Idol":12,"Blue Candle":9,"Dead Branch":25,"Pen Nib":4,"Incense Burner":17,"Frozen Egg 2":23,"Orichalcum":26,"Medical Kit":37,"Calling Bell":17,"Frozen Eye":30,"Dream Catcher":11,"Busted Crown":34,"Bloody Idol":22,"Bird Faced Urn":29,"Molten Egg 2":8,"Red Mask":21,"PureWater":0,"Toxic Egg 2":6,"StrikeDummy":42,"Toy Ornithopter":17},{"Pear":22,"Singing Bowl":9,"Golden Idol":7,"Blue Candle":6,"Dead Branch":14,"Pen Nib":3,"Incense Burner":9,"Frozen Egg 2":13,"Orichalcum":14,"Medical Kit":21,"Calling Bell":9,"Frozen Eye":17,"Dream Catcher":7,"Busted Crown":19,"Bloody Idol":12,"Bird Faced Urn":17,"Molten Egg 2":6,"Red Mask":12,"PureWater":0,"Toxic Egg 2":5,"StrikeDummy":23,"Toy Ornithopter":9},{"Pear":90,"Singing Bowl":44,"Golden Idol":37,"Blue Candle":30,"Dead Branch":61,"Pen Nib":10,"Incense Burner":44,"Frozen Egg 2":57,"Orichalcum":61,"Medical Kit":85,"Calling Bell":44,"Frozen Eye":73,"Dream Catcher":37,"Busted Crown":81,"Bloody Idol":54,"Bird Faced Urn":73,"Molten Egg 2":30,"Red Mask":54,"PureWater":0,"Toxic Egg 2":27,"StrikeDummy":94,"Toy Ornithopter":44}],"Toy Ornithopter":50},"card_choices":[{"not_picked":["Swivel","Pray"],"picked":"Crescendo","floor":1},{"not_picked":["Protect","Evaluate"],"picked":"FlurryOfBlows","floor":2},{"not_picked":["SashWhip","PathToVictory"],"picked":"LikeWater","floor":3},{"not_picked":["EmptyBody","SignatureMove"],"picked":"CutThroughFate","floor":5},{"not_picked":["EmptyFist","BattleHymn"],"picked":"Blasphemy+1","floor":6},{"not_picked":["Pray+1","JustLucky+1"],"picked":"ThirdEye+1","floor":8},{"not_picked":["Swivel+1","Vengeance+1"],"picked":"WindmillStrike+1","floor":11},{"not_picked":["Collect+1","Study"],"picked":"Weave+1","floor":13},{"not_picked":["Wallop+1","Tantrum+1"],"picked":"WheelKick+1","floor":14},{"not_picked":["Fasting2","Crescendo+1"],"picked":"Pray+1","floor":15},{"not_picked":["MasterReality","Judgement+1"],"picked":"Ragnarok+1","floor":16},{"not_picked":["Swivel+1","ForeignInfluence+1"],"picked":"Tantrum+1","floor":18},{"not_picked":["FlurryOfBlows+1","WaveOfTheHand+1"],"picked":"CrushJoints+1","floor":19},{"not_picked":["EmptyFist+1","PathToVictory+1"],"picked":"Meditate+1","floor":21},{"not_picked":["Conclude+1","SashWhip+1"],"picked":"Collect+1","floor":23},{"not_picked":["Pray+1","Tantrum+1"],"picked":"EmptyBody+1","floor":24},{"not_picked":["EmptyFist+1","JustLucky+1"],"picked":"Wish+1","floor":25},{"not_picked":["Fasting2+1","CrushJoints+1"],"picked":"Wallop+1","floor":27},{"not_picked":["Pray+1","Adaptation+1","Collect+1"],"picked":"Singing Bowl","floor":28},{"not_picked":["JustLucky+1","Crescendo+1"],"picked":"TalkToTheHand+1","floor":29},{"not_picked":["Crescendo+1","BowlingBash+1"],"picked":"Scrawl+1","floor":31},{"not_picked":["Perseverance+1","ThirdEye+1","Weave+1"],"picked":"Singing Bowl","floor":32},{"not_picked":["Ragnarok+1","Judgement+1"],"picked":"DevaForm+1","floor":33},{"not_picked":["CutThroughFate+1"],"picked":"Singing Bowl","floor":35},{"not_picked":["WaveOfTheHand+1"],"picked":"Singing Bowl","floor":36},{"not_picked":["Flash of Steel+1"],"picked":"Singing Bowl","floor":38},{"not_picked":[],"picked":"Chrysalis+1","floor":38},{"not_picked":["The Bomb+1"],"picked":"Singing Bowl","floor":38},{"not_picked":["Evaluate+1"],"picked":"Singing Bowl","floor":40},{"not_picked":["PathToVictory+1"],"picked":"Singing Bowl","floor":41},{"not_picked":["DeceiveReality+1"],"picked":"Singing Bowl","floor":42},{"not_picked":["FlyingSleeves+1"],"picked":"Singing Bowl","floor":45},{"not_picked":[],"picked":"Prostrate+1","floor":46},{"not_picked":["EmptyFist+1"],"picked":"Singing Bowl","floor":47},{"not_picked":[],"picked":"Study+1","floor":48},{"not_picked":["Swivel+1"],"picked":"Singing Bowl","floor":49}],"player_experience":1390140,"relics_obtained":[{"floor":4,"key":"Pen Nib"},{"floor":6,"key":"Toxic Egg 2"},{"floor":8,"key":"Molten Egg 2"},{"floor":9,"key":"Blue Candle"},{"floor":11,"key":"Dream Catcher"},{"floor":17,"key":"Incense Burner"},{"floor":17,"key":"Singing Bowl"},{"floor":17,"key":"Toy Ornithopter"},{"floor":21,"key":"Red Mask"},{"floor":23,"key":"Frozen Egg 2"},{"floor":25,"key":"Dead Branch"},{"floor":26,"key":"Orichalcum"},{"floor":29,"key":"Bird Faced Urn"},{"floor":40,"key":"Pear"},{"floor":42,"key":"StrikeDummy"}],"event_choices":[{"damage_healed":0,"gold_gain":0,"player_choice":"Relic","damage_taken":0,"max_hp_gain":0,"max_hp_loss":0,"event_name":"Wheel of Change","floor":4,"gold_loss":0},{"damage_healed":0,"gold_gain":0,"player_choice":"Take Damage","damage_taken":25,"relics_obtained":["Golden Idol"],"max_hp_gain":0,"max_hp_loss":0,"event_name":"Golden Idol","floor":12,"gold_loss":0},{"damage_healed":0,"gold_gain":0,"player_choice":"Simplicity","damage_taken":0,"max_hp_gain":0,"max_hp_loss":0,"event_name":"Back to Basics","floor":20,"gold_loss":0,"cards_upgraded":["Strike_P","Strike_P","Strike_P","Defend_P","Defend_P","Defend_P","Defend_P"]},{"damage_healed":0,"gold_gain":0,"player_choice":"Fought Bandits","damage_taken":0,"max_hp_gain":0,"max_hp_loss":0,"event_name":"Masked Bandits","floor":21,"gold_loss":0},{"damage_healed":0,"gold_gain":0,"player_choice":"Gave Idol","damage_taken":0,"relics_obtained":["Bloody Idol"],"max_hp_gain":0,"max_hp_loss":0,"event_name":"Forgotten Altar","floor":22,"relics_lost":["Golden Idol"],"gold_loss":0},{"damage_healed":0,"gold_gain":0,"player_choice":"Memory 3","damage_taken":10,"max_hp_gain":0,"max_hp_loss":0,"event_name":"SensoryStone","floor":38,"gold_loss":0},{"damage_healed":0,"gold_gain":0,"player_choice":"0 cards matched","damage_taken":0,"max_hp_gain":0,"max_hp_loss":0,"event_name":"Match and Keep!","floor":39,"gold_loss":0,"cards_obtained":[]}],"is_beta":false,"boss_relics":[{"not_picked":["Velvet Choker","Empty Cage"],"picked":"Calling Bell"},{"not_picked":["Astrolabe","Runic Pyramid"],"picked":"Busted Crown"}],"items_purged_floors":[10,30],"is_endless":false,"potions_floor_spawned":[1,3,5,16,18,27,28,31,35,36,47,48],"killed_by":"Awakened One","ascension_level":20}}