{"host":"l0i0y1oyvm6rmxxu","time":1612689034,"event":{"mods":["BaseMod","Minty Spire (QoL Compilation)","Quick Restart","Replay The Spire","StSLib"],"gold_per_floor":[113,113,113,132,143,143,170,170,170,170,190,190,202,233,233,328,328,340,340,340,230,230,260,260,285,336,375,395,395,404,424,424,526,526,538,538,104,125,125,156,183,183,208,208,258,330,352,82,82,82,82,82,27,53,53],"floor_reached":56,"language":"ZHS","playtime":4101,"items_purged":["Strike_R","Strike_R","Bash+1"],"score":1317,"play_id":"9a12eaf1-e1c2-46ce-a984-918c062bac46","local_time":"20210207171034","is_ascension_mode":false,"campfire_choices":[{"data":"Barricade","floor":6.0,"key":"SMITH"},{"data":"Immolate","floor":8.0,"key":"SMITH"},{"data":"Bash","floor":10.0,"key":"SMITH"},{"data":"True Grit","floor":24.0,"key":"SMITH"},{"data":"Exhume","floor":29.0,"key":"SMITH"},{"floor":32.0,"key":"REST"},{"data":"Battle Trance","floor":42.0,"key":"SMITH"},{"data":"Shockwave","floor":44.0,"key":"SMITH"},{"floor":49.0,"key":"RECALL"},{"data":"Strike_R+1","floor":52,"key":"PURGE"}],"circlet_count":0,"master_deck":["Defend_R","Defend_R+1","Defend_R","Barricade+1","Headbutt+1","Immolate+1","True Grit+1","Feed","Body Slam+1","Feel No Pain+1","Exhume+1","Shockwave+1","Battle Trance+1","Evolve+1","Reckless Charge","True Grit+1","Armaments+1","Second Wind+1","Shrug It Off+1","Power Through","Impervious","ReplayTheSpireMod:Stacked"],"relics":["Burning Blood","WingedGreaves","Another Sword","MealTicket","Ring of Chaos","BargainBundle","Champion Belt","Gremlin Food","CeramicFish","Happy Flower","Letter Opener","Black Star","War Paint","Bag of Marbles","Bronze Scales","Turnip","PreservedInsect","Replay:Bottled Flurry","Replay:Multitool","The Courier","Onion Ring","Replay:Rubber Ducky"],"acts_visited":["Exordium","TheCity","TheBeyond","TheEnding"],"potions_floor_usage":[55],"damage_taken":[{"damage":1.0,"enemies":"2 Louse","floor":1.0,"turns":3.0},{"damage":17.0,"enemies":"Small Slimes","floor":4.0,"turns":6.0},{"damage":6.0,"enemies":"Jaw Worm","floor":5.0,"turns":4.0},{"damage":42.0,"enemies":"3 Sentries","floor":7.0,"turns":9.0},{"damage":2.0,"enemies":"3 Louse","floor":11.0,"turns":2.0},{"damage":4.0,"enemies":"Exordium Wildlife","floor":13.0,"turns":3.0},{"damage":4.0,"enemies":"Replay:BlueRogue","floor":14.0,"turns":5.0},{"damage":0.0,"enemies":"Fading Forest","floor":16.0,"turns":11.0},{"damage":23.0,"enemies":"2 Thieves","floor":18.0,"turns":3.0},{"damage":1.0,"enemies":"Gremlin Leader","floor":23.0,"turns":7.0},{"damage":14.0,"enemies":"Replay:Snechameleon","floor":25.0,"turns":6.0},{"damage":33.0,"enemies":"Book of Stabbing","floor":27.0,"turns":7.0},{"damage":16.0,"enemies":"Shell Parasite","floor":28.0,"turns":7.0},{"damage":29.0,"enemies":"Shelled Parasite and Fungi","floor":31.0,"turns":4.0},{"damage":27.0,"enemies":"Champ","floor":33.0,"turns":9.0},{"damage":16.0,"enemies":"3 Shapes","floor":35.0,"turns":6.0},{"damage":0.0,"enemies":"Orb Walker","floor":38.0,"turns":4.0},{"damage":5.0,"enemies":"R_Hoarder","floor":40.0,"turns":11.0},{"damage":4.0,"enemies":"Giant Head","floor":41.0,"turns":8.0},{"damage":21.0,"enemies":"Mind Bloom Boss Battle","floor":45.0,"turns":7.0},{"damage":14.0,"enemies":"Spire Growth","floor":47.0,"turns":7.0},{"damage":38.0,"enemies":"Awakened One","floor":50.0,"turns":10.0},{"damage":38,"enemies":"Shield and Spear","floor":54,"turns":7},{"damage":18,"enemies":"The Heart","floor":55,"turns":10}],"seed_played":"-3693618324449459008","potions_obtained":[{"floor":4.0,"key":"ColorlessPotion"},{"floor":11.0,"key":"Weak Potion"},{"floor":13.0,"key":"LifebloodPotion"},{"floor":27.0,"key":"FearPotion"},{"floor":31.0,"key":"Regen Potion"},{"floor":33.0,"key":"FairyPotion"},{"floor":38.0,"key":"Adrenaline Potion"},{"floor":41.0,"key":"LiquidMemories"},{"floor":54,"key":"SteroidPotion"}],"is_trial":false,"path_per_floor":["M","?","?","M","M","R","E","R","T","R","M","?","M","E","R","B",null,"M","?","?","$","?","E","R","E","T","E","M","R","?","M","R","B",null,"M","?","$","M","?","E","E","R","T","R","?","T","M","$","R","B",null,"R","$","E","B",null],"character_chosen":"IRONCLAD","items_purchased":["BargainBundle","Champion Belt","Adrenaline Potion","Feel No Pain+1","Exhume","Armaments","War Paint","Bag of Marbles","Power Through","Impervious","ReplayTheSpireMod:Stacked"],"campfire_rested":1,"item_purchase_floors":[21,21,21,21,21,37,37,37,48,48,53],"current_hp_per_floor":[80,80,85,74,74,74,38,38,38,38,42,25,27,29,29,35,85,71,71,54,69,69,74,74,66,66,39,32,32,32,12,41,35,99,92,92,102,102,97,101,101,101,101,101,89,89,85,100,100,71,111,111,111,79,71],"gold":53,"neow_bonus":"TRANSFORM_CARD","is_daily":false,"chose_seed":false,"campfire_upgraded":7,"win_rate":0.0,"timestamp":1612689034,"path_taken":["M","?","?","M","M","R","E","R","T","R","M","?","M","E","R","BOSS","M","?","?","$","?","E","R","E","T","E","?","R","?","M","R","BOSS","M","?","$","M","?","E","E","R","T","R","?","?","M","$","R","BOSS","R","$","E","BOSS"],"items_purchased_type":["Relic","Relic","Potion","Card","Card","Card","Relic","Relic","Card","Card","Card"],"build_version":"2020-12-22","purchased_purges":3,"victory":true,"max_hp_per_floor":[80,80,85,85,85,85,85,85,85,85,85,85,85,85,85,85,85,88,88,93,93,93,93,93,93,93,93,96,96,96,99,99,99,99,102,102,102,102,97,101,101,101,101,101,104,104,108,108,108,111,111,111,111,111,115],"card_choices":[{"not_picked":["Run Through","Clash","Iron Wave"],"picked":"SKIP","floor":1.0},{"not_picked":["Perfected Strike","Rage"],"picked":"Headbutt","floor":4.0},{"not_picked":["Flex","Clothesline","Dropkick"],"picked":"SKIP","floor":5.0},{"not_picked":["Flex","Thunderclap"],"picked":"Immolate","floor":7.0},{"not_picked":["ReplayTheSpireMod:Strike From Hell","Clothesline","Clash"],"picked":"SKIP","floor":11.0},{"not_picked":["ReplayTheSpireMod:Strike From Hell","Clothesline","Clash"],"picked":"SKIP","floor":11.0},{"not_picked":["Anger","Clothesline"],"picked":"True Grit","floor":13.0},{"not_picked":["Immolate","ReplayTheSpireMod:Limb From Limb","Rupture"],"picked":"SKIP","floor":14.0},{"not_picked":["Hemogenesis","Barricade"],"picked":"Feed","floor":16.0},{"not_picked":["ReplayTheSpireMod:Stacked","Perfected Strike"],"picked":"Body Slam+1","floor":18.0},{"not_picked":["Dark Embrace","Disarm"],"picked":"Shockwave","floor":23.0},{"not_picked":["Sword Boomerang","Spot Weakness+1","Pommel Strike"],"picked":"SKIP","floor":25.0},{"not_picked":["Abandon","True Grit"],"picked":"Battle Trance","floor":27.0},{"not_picked":["Run Through+1","Ghostly Armor"],"picked":"Evolve+1","floor":28.0},{"not_picked":["Thunderclap","Twin Strike"],"picked":"True Grit+1","floor":31.0},{"not_picked":["ReplayTheSpireMod:LeadingStrike","Combust","ReplayTheSpireMod:Strike From Hell"],"picked":"SKIP","floor":35.0},{"not_picked":["ReplayTheSpireMod:LeadingStrike","Combust","ReplayTheSpireMod:Strike From Hell"],"picked":"SKIP","floor":35.0},{"not_picked":["Havoc","True Grit+1"],"picked":"Second Wind+1","floor":38.0},{"not_picked":["Twin Strike+1","Run Through","Replay:Undeath\u0027s Touch+1"],"picked":"SKIP","floor":40.0},{"not_picked":["Twin Strike+1","Run Through","Replay:Undeath\u0027s Touch+1"],"picked":"SKIP","floor":40.0},{"not_picked":["Demonic Infusion","Reaper","Clothesline+1"],"picked":"SKIP","floor":41.0},{"not_picked":["Heavy Blade","Flex"],"picked":"Shrug It Off+1","floor":47.0},{"not_picked":["Intimidate+1","Shockwave","Anger+1"],"picked":"SKIP","floor":54}],"player_experience":524617,"relics_obtained":[{"floor":7.0,"key":"WingedGreaves"},{"floor":9.0,"key":"Another Sword"},{"floor":14.0,"key":"MealTicket"},{"floor":23.0,"key":"Gremlin Food"},{"floor":25.0,"key":"CeramicFish"},{"floor":26.0,"key":"Happy Flower"},{"floor":27.0,"key":"Letter Opener"},{"floor":40.0,"key":"Bronze Scales"},{"floor":40.0,"key":"Turnip"},{"floor":41.0,"key":"PreservedInsect"},{"floor":41.0,"key":"Replay:Bottled Flurry"},{"floor":45.0,"key":"Replay:Multitool"},{"floor":46.0,"key":"The Courier"},{"floor":54,"key":"Onion Ring"},{"floor":54,"key":"Replay:Rubber Ducky"}],"event_choices":[{"damage_healed":0.0,"max_hp_gain":5.0,"max_hp_loss":0.0,"gold_gain":0.0,"event_name":"Big Fish","player_choice":"Donut","floor":3.0,"gold_loss":0.0,"damage_taken":0.0},{"damage_healed":0.0,"max_hp_gain":0.0,"max_hp_loss":0.0,"gold_gain":0.0,"event_name":"Shining Light","player_choice":"Entered Light","floor":12.0,"gold_loss":0.0,"damage_taken":17.0,"cards_upgraded":["Strike_R","Strike_R"]},{"damage_healed":0.0,"max_hp_gain":5.0,"max_hp_loss":0.0,"gold_gain":0.0,"event_name":"Forgotten Altar","player_choice":"Shed Blood","floor":20.0,"gold_loss":0.0,"damage_taken":22.0},{"damage_healed":0.0,"max_hp_gain":0.0,"max_hp_loss":0.0,"gold_gain":0.0,"event_name":"Ghosts","player_choice":"Ignored","floor":22.0,"gold_loss":0.0,"damage_taken":0.0},{"damage_healed":0.0,"max_hp_gain":0.0,"max_hp_loss":0.0,"gold_gain":0.0,"event_name":"The Library","player_choice":"Read","floor":30.0,"gold_loss":0.0,"damage_taken":0.0,"cards_obtained":["Reckless Charge"]},{"cards_removed":["Strike_R"],"damage_healed":0.0,"max_hp_gain":0.0,"max_hp_loss":0.0,"gold_gain":0.0,"event_name":"Falling","player_choice":"Removed Attack","floor":36.0,"gold_loss":0.0,"damage_taken":0.0},{"damage_healed":0.0,"max_hp_gain":0.0,"max_hp_loss":5.0,"gold_gain":0.0,"event_name":"Winding Halls","player_choice":"Max HP","floor":39.0,"gold_loss":0.0,"damage_taken":0.0},{"damage_healed":0.0,"max_hp_gain":0.0,"max_hp_loss":0.0,"gold_gain":0.0,"event_name":"MindBloom","player_choice":"Fight","floor":45.0,"gold_loss":0.0,"damage_taken":0.0}],"is_beta":false,"boss_relics":[{"not_picked":["Replay:Wanted Poster","Fusion Hammer"],"picked":"Ring of Chaos"},{"not_picked":["SlaversCollar","Tiny House"],"picked":"Black Star"}],"items_purged_floors":[21,37,48],"is_endless":false,"potions_floor_spawned":[4,11,13,27,31,33,38,41,54],"ascension_level":0}}