{"host":"sc0o2qwpf9j16a4i","time":1612697500,"event":{"mods":["AchievementEnabler","BaseMod","BetterRewards","Block Reminder","Colored Map","Colored Powertips","Custom Start","Highlight Path","Minty Spire (QoL Compilation)","Relic Stats"],"gold_per_floor":[138,198,228,228,279,378,432,537,537,549,594,657,669,681,693,1011,1023,1077,1137,1197,1263,1275,1383,1395,1440,1533,588,588,690,690,720,720,1011,1011,1050,1080,1080,1113,1113,1113,1215,1257,1257,1296,1322,99,141,228,228,228],"floor_reached":51,"language":"ENG","playtime":2459,"items_purged":["Strike_B","Enlightenment"],"score":1038,"play_id":"d79dc331-b2ae-41f2-bd2a-7d6dc9094995","local_time":"20210207133140","daily_mods":["Allstar","Time Dilation","Midas"],"is_ascension_mode":false,"campfire_choices":[{"floor":13,"key":"REST"},{"floor":15,"key":"REST"},{"floor":24,"key":"REST"},{"floor":28,"key":"REST"},{"floor":30,"key":"REST"},{"floor":32,"key":"REST"},{"floor":40,"key":"REST"},{"data":"1","floor":49,"key":"LIFT"}],"circlet_count":0,"master_deck":["Strike_B","Strike_B","Defend_B+1","Defend_B","Defend_B","Defend_B","Zap","Dualcast","Metamorphosis","Violence","Transmutation","Dark Shackles","Secret Weapon","Rebound","Hologram","Gash","Cold Snap","White Noise","Hologram+1","Buffer","Cold Snap","Ball Lightning","Electrodynamics","Reinforced Body+1","Barrage","Hologram","Doom and Gloom","Turbo","Apotheosis","Barrage","Static Discharge","Hologram","Force Field","Ball Lightning","Aggregate+1","Doom and Gloom+1","Echo Form","Turbo","Stack+1","Stack+1","Barrage+1","White Noise","Conserve Battery","Apotheosis","Thunder Strike+1","Loop","Loop+1"],"relics":["Cracked Core","Mummified Hand","Turnip","Tiny Chest","MawBank","Ancient Tea Set","Inserter","FossilizedHelix","Regal Pillow","Darkstone Periapt","Pear","Bronze Scales","MealTicket","Snecko Eye","Molten Egg 2","Symbiotic Virus","War Paint","TungstenRod","Chemical X","Girya","Cables"],"acts_visited":["Exordium","TheCity","TheBeyond"],"potions_floor_usage":[2,6,12,23,41,48,50,50],"damage_taken":[{"damage":0,"enemies":"Jaw Worm","floor":1,"turns":1},{"damage":0,"enemies":"2 Louse","floor":2,"turns":1},{"damage":0,"enemies":"Cultist","floor":3,"turns":4},{"damage":0,"enemies":"Blue Slaver","floor":5,"turns":2},{"damage":11,"enemies":"3 Sentries","floor":6,"turns":5},{"damage":3,"enemies":"Gremlin Gang","floor":7,"turns":3},{"damage":27,"enemies":"Gremlin Nob","floor":8,"turns":4},{"damage":9,"enemies":"Large Slime","floor":11,"turns":5},{"damage":7,"enemies":"Exordium Wildlife","floor":12,"turns":2},{"damage":0,"enemies":"Slime Boss","floor":16,"turns":7},{"damage":6,"enemies":"Spheric Guardian","floor":18,"turns":3},{"damage":26,"enemies":"3 Byrds","floor":19,"turns":4},{"damage":12,"enemies":"Snecko","floor":20,"turns":6},{"damage":20,"enemies":"Cultist and Chosen","floor":21,"turns":7},{"damage":6,"enemies":"Book of Stabbing","floor":23,"turns":7},{"damage":14,"enemies":"Snake Plant","floor":25,"turns":4},{"damage":7,"enemies":"Slavers","floor":29,"turns":3},{"damage":0,"enemies":"Centurion and Healer","floor":31,"turns":5},{"damage":0,"enemies":"Automaton","floor":33,"turns":9},{"damage":17,"enemies":"3 Darklings","floor":35,"turns":3},{"damage":9,"enemies":"3 Shapes","floor":36,"turns":3},{"damage":0,"enemies":"Transient","floor":38,"turns":5},{"damage":0,"enemies":"Giant Head","floor":41,"turns":6},{"damage":9,"enemies":"3 Darklings","floor":42,"turns":3},{"damage":27,"enemies":"Jaw Worm Horde","floor":44,"turns":2},{"damage":0,"enemies":"4 Shapes","floor":47,"turns":1},{"damage":0,"enemies":"Reptomancer","floor":48,"turns":6},{"damage":54,"enemies":"Time Eater","floor":50,"turns":11}],"seed_played":"428195986443476898","potions_obtained":[{"floor":1,"key":"GamblersBrew"},{"floor":3,"key":"FairyPotion"},{"floor":5,"key":"ColorlessPotion"},{"floor":8,"key":"Explosive Potion"},{"floor":21,"key":"Swift Potion"},{"floor":23,"key":"FairyPotion"},{"floor":25,"key":"LiquidBronze"},{"floor":35,"key":"Dexterity Potion"},{"floor":38,"key":"FearPotion"}],"is_trial":true,"path_per_floor":["M","M","M","T","M","E","M","E","T","?","M","M","R","?","R","B",null,"M","M","M","M","T","E","R","M","T","$","R","E","R","M","R","B",null,"M","M","?","M","?","R","E","M","T","M","T","$","M","E","R","B",null],"character_chosen":"DEFECT","items_purchased":["Apotheosis","Pear","Bronze Scales","Barrage","Static Discharge","Hologram","Enlightenment","Force Field","Ball Lightning","TungstenRod","Chemical X","Apotheosis","Girya","Thunder Strike+1","GamblersBrew","Loop"],"campfire_rested":7,"item_purchase_floors":[27,27,27,27,27,27,27,27,27,46,46,46,46,46,46,46],"current_hp_per_floor":[75,75,75,75,75,64,61,34,34,16,7,22,44,44,66,66,75,69,43,31,11,11,5,42,28,28,38,78,71,85,85,85,85,85,68,59,59,59,59,85,85,76,76,49,49,64,64,64,64,10],"gold":228,"neow_bonus":"","is_daily":false,"chose_seed":false,"campfire_upgraded":0,"win_rate":0.0,"timestamp":1612697500,"path_taken":["M","M","M","?","M","E","M","E","T","?","M","M","R","?","R","BOSS","M","?","M","M","?","E","R","?","T","$","R","E","R","M","R","BOSS","M","M","?","M","?","R","E","M","T","M","?","?","M","E","R","BOSS"],"items_purchased_type":["Card","Relic","Relic","Card","Card","Card","Card","Card","Card","Relic","Relic","Card","Relic","Card","Potion","Card"],"build_version":"2020-12-22","purchased_purges":2,"victory":true,"max_hp_per_floor":[75,75,75,75,75,75,75,75,75,75,75,75,75,75,75,75,75,75,75,75,75,75,75,75,75,75,85,85,85,85,85,85,85,85,85,85,85,85,85,85,85,85,85,85,85,85,85,85,85,85],"relic_stats":{"Darkstone Periapt":0,"Regal Pillow":31,"Inserter":[44],"counters":[28,122],"War Paint":["Defend_B","Hologram"],"MawBank":216,"Cables":[10,5,0,5,0],"Mummified Hand":[83],"Bronze Scales":[144],"Snecko Eye":[65,61,69,80],"Tiny Chest":2,"MealTicket":15,"Turnip":[9],"Chemical X":[5],"obtain_stats":[{"Darkstone Periapt":26,"Girya":46,"Regal Pillow":23,"Inserter":17,"Pear":27,"War Paint":45,"MawBank":9,"Ancient Tea Set":10,"Cables":48,"Mummified Hand":4,"Bronze Scales":27,"Snecko Eye":34,"Tiny Chest":8,"MealTicket":29,"Molten Egg 2":41,"Turnip":6,"Chemical X":46,"Cracked Core":0,"Symbiotic Virus":43,"FossilizedHelix":22,"TungstenRod":46},{"Darkstone Periapt":16,"Girya":25,"Regal Pillow":15,"Inserter":10,"Pear":16,"War Paint":25,"MawBank":7,"Ancient Tea Set":7,"Cables":27,"Mummified Hand":3,"Bronze Scales":16,"Snecko Eye":19,"Tiny Chest":7,"MealTicket":17,"Molten Egg 2":23,"Turnip":5,"Chemical X":25,"Cracked Core":0,"Symbiotic Virus":24,"FossilizedHelix":14,"TungstenRod":25},{"Darkstone Periapt":65,"Girya":104,"Regal Pillow":61,"Inserter":34,"Pear":65,"War Paint":104,"MawBank":20,"Ancient Tea Set":20,"Cables":111,"Mummified Hand":6,"Bronze Scales":65,"Snecko Eye":82,"Tiny Chest":20,"MealTicket":68,"Molten Egg 2":99,"Turnip":13,"Chemical X":104,"Cracked Core":0,"Symbiotic Virus":102,"FossilizedHelix":54,"TungstenRod":104}],"TungstenRod":2},"card_choices":[{"not_picked":["Aggregate","Hello World"],"picked":"Rebound","floor":1},{"not_picked":["Compile Driver","Consume"],"picked":"Hologram","floor":2},{"not_picked":["Skim","Rebound"],"picked":"Gash","floor":3},{"not_picked":["Barrage","Hello World"],"picked":"Cold Snap","floor":5},{"not_picked":["Cold Snap","Stack"],"picked":"White Noise","floor":6},{"not_picked":["Compile Driver","Double Energy"],"picked":"Hologram","floor":7},{"not_picked":["Self Repair","Undo"],"picked":"Buffer","floor":8},{"not_picked":["Sweeping Beam","Barrage"],"picked":"Cold Snap","floor":11},{"not_picked":["Go for the Eyes","Glacier"],"picked":"Ball Lightning","floor":12},{"not_picked":["Buffer","Machine Learning"],"picked":"Electrodynamics","floor":16},{"not_picked":["Ball Lightning","Redo"],"picked":"Cold Snap","floor":18},{"not_picked":["Stack+1","Rip and Tear+1"],"picked":"Reinforced Body+1","floor":19},{"not_picked":["Gash","Conserve Battery"],"picked":"Barrage","floor":20},{"not_picked":["Conserve Battery","Lockon"],"picked":"Hologram","floor":21},{"not_picked":["Redo","Sweeping Beam"],"picked":"Doom and Gloom","floor":23},{"not_picked":["Leap","Streamline"],"picked":"Turbo","floor":25},{"not_picked":["Hello World+1","Beam Cell"],"picked":"Aggregate+1","floor":29},{"not_picked":["Chaos","Redo"],"picked":"Doom and Gloom+1","floor":31},{"not_picked":["Multi-Cast","Rainbow"],"picked":"Echo Form","floor":33},{"not_picked":["Leap","Rebound+1"],"picked":"Turbo","floor":35},{"not_picked":["Blizzard","Reprogram"],"picked":"Stack+1","floor":36},{"not_picked":["Melter+1","Rip and Tear"],"picked":"Stack+1","floor":38},{"not_picked":["Double Energy+1","Static Discharge"],"picked":"Barrage+1","floor":41},{"not_picked":["Beam Cell+1","Streamline+1"],"picked":"White Noise","floor":42},{"not_picked":["Compile Driver+1","Coolheaded"],"picked":"Conserve Battery","floor":44},{"not_picked":["Scrape+1","Self Repair","Reprogram"],"picked":"SKIP","floor":47},{"not_picked":["Fusion+1","Sunder+1"],"picked":"Loop+1","floor":48}],"player_experience":1252168,"relics_obtained":[{"floor":4,"key":"Mummified Hand"},{"floor":6,"key":"Turnip"},{"floor":8,"key":"Tiny Chest"},{"floor":9,"key":"MawBank"},{"floor":22,"key":"FossilizedHelix"},{"floor":23,"key":"Regal Pillow"},{"floor":26,"key":"Darkstone Periapt"},{"floor":29,"key":"MealTicket"},{"floor":41,"key":"Molten Egg 2"},{"floor":43,"key":"Symbiotic Virus"},{"floor":45,"key":"War Paint"},{"floor":48,"key":"Cables"}],"event_choices":[{"damage_healed":0,"gold_gain":0,"player_choice":"Success","damage_taken":18,"relics_obtained":["Ancient Tea Set"],"max_hp_gain":0,"max_hp_loss":0,"event_name":"Scrap Ooze","floor":10,"gold_loss":0},{"cards_removed":["Strike_B"],"damage_healed":0,"gold_gain":0,"player_choice":"Purged","damage_taken":0,"max_hp_gain":0,"max_hp_loss":0,"event_name":"Purifier","floor":14,"gold_loss":0},{"cards_removed":["Cold Snap"],"damage_healed":0,"gold_gain":0,"player_choice":"Removed Attack","damage_taken":0,"max_hp_gain":0,"max_hp_loss":0,"event_name":"Falling","floor":37,"gold_loss":0},{"damage_healed":0,"gold_gain":0,"player_choice":"Ignored","damage_taken":0,"max_hp_gain":0,"max_hp_loss":0,"event_name":"Tomb of Lord Red Mask","floor":39,"gold_loss":0}],"is_beta":false,"boss_relics":[{"not_picked":["Philosopher\u0027s Stone","Ectoplasm"],"picked":"Inserter"},{"not_picked":["Runic Pyramid","Busted Crown"],"picked":"Snecko Eye"}],"items_purged_floors":[27,46],"is_endless":false,"potions_floor_spawned":[1,3,5,8,21,23,25,35,38],"ascension_level":0}}