{"host":"v3qphhcqhwfpabne","time":1612707386,"event":{"mods":["100% Spire Juice","2.2 Compatiblity","BaseMod","CapriCore","KinomotoSakuraMod(ÙÊñýÜâ?)","Koishi","Marisa£¨Ùöéë¡¡Øª×âÞÞ£©","Minty Spire (QoL Compilation)","Permanent Neow","Prisma Mod","StSLib","Td1madao Mod","The Bug Knight","The Cursed","The Immortal","The Runesmith","WarShipGirlsR/??á´Ò³R mod"],"gold_per_floor":[113,132,142,153,169,169,198,198,225,225,225],"floor_reached":10,"language":"KOR","playtime":584,"items_purged":[],"score":77,"play_id":"4d554678-62de-447a-8190-ac23f37ef736","local_time":"20210207231626","is_ascension_mode":true,"campfire_choices":[{"data":"Barricade","floor":6,"key":"SMITH"}],"circlet_count":0,"master_deck":["Strike_R","Strike_R","Strike_R","Strike_R","Strike_R","Defend_R","Defend_R","Defend_R","Defend_R","Bash","Barricade+1","Warcry","Iron Wave","True Grit","Warcry","Rage+1"],"relics":["Burning Blood","HollowMod:LifeEnderRelic","Vajra"],"acts_visited":["Exordium"],"potions_floor_usage":[7,7,7],"damage_taken":[{"damage":33,"enemies":"Jaw Worm","floor":1,"turns":10},{"damage":17,"enemies":"2 Louse","floor":2,"turns":8},{"damage":4,"enemies":"Small Slimes","floor":3,"turns":5},{"damage":20,"enemies":"2 Fungi Beasts","floor":4,"turns":6},{"damage":13,"enemies":"Blue Slaver","floor":5,"turns":8},{"damage":15,"enemies":"Gremlin Nob","floor":7,"turns":5},{"damage":17,"enemies":"3 Sentries","floor":10,"turns":5}],"seed_played":"-3235063028902566665","potions_obtained":[{"floor":1,"key":"SpeedPotion"},{"floor":3,"key":"PowerPotion"},{"floor":5,"key":"LiquidMemories"}],"is_trial":false,"path_per_floor":["M","M","M","M","M","R","E","?","T","E"],"character_chosen":"IRONCLAD","items_purchased":[],"campfire_rested":0,"item_purchase_floors":[],"current_hp_per_floor":[53,42,44,30,23,23,14,14,14,0,0],"gold":225,"neow_bonus":"ONE_RANDOM_RARE_CARD","is_daily":false,"chose_seed":false,"campfire_upgraded":1,"win_rate":0.0,"timestamp":1612707386,"path_taken":["M","M","M","M","M","R","E","?","T","E"],"items_purchased_type":[],"build_version":"2020-12-22","purchased_purges":0,"victory":false,"max_hp_per_floor":[80,80,80,80,80,80,80,80,80,80,80],"card_choices":[{"not_picked":["Dropkick","Carnage"],"picked":"Warcry","floor":1},{"not_picked":["Pommel Strike","Battle Trance"],"picked":"Iron Wave","floor":2},{"not_picked":["Searing Blow","Carnage"],"picked":"True Grit","floor":3},{"not_picked":["Dark Embrace","True Grit"],"picked":"Warcry","floor":4},{"not_picked":["Sword Boomerang","Clash","Clothesline"],"picked":"SKIP","floor":5},{"not_picked":["Fiend Fire","Power Through"],"picked":"Rage","floor":7}],"player_experience":96574,"relics_obtained":[{"floor":7,"key":"HollowMod:LifeEnderRelic"},{"floor":9,"key":"Vajra"}],"event_choices":[{"damage_healed":0,"gold_gain":0,"player_choice":"Grow","damage_taken":0,"max_hp_gain":0,"max_hp_loss":0,"event_name":"Living Wall","floor":8,"gold_loss":0,"cards_upgraded":["Rage"]}],"is_beta":false,"boss_relics":[],"items_purged_floors":[],"is_endless":false,"potions_floor_spawned":[1,3,5],"killed_by":"3 Sentries","ascension_level":2}}