{"host":"z16h96csw6gsetxl","time":1612702676,"event":{"mods":["BaseMod","Minty Spire (QoL Compilation)"],"gold_per_floor":[115,0,13,13,13,45,45,45,45,59,72,1,22,37,37,167,167,185,203,228,251,251,282,300,300,324,348,447,447,463,494,494,613,613,629,962,962,974,986,1014,1014,39,89,89,114,129,129,164,164,164,164],"floor_reached":50,"language":"ZHS","playtime":2378,"items_purged":["Defend_G","Tactician"],"score":829,"play_id":"ce8add9d-6a81-4f37-b5d2-965fb8b3566b","local_time":"20210207205756","is_ascension_mode":true,"campfire_choices":[{"data":"Masterful Stab","floor":7.0,"key":"SMITH"},{"data":"Cloak And Dagger","floor":15.0,"key":"SMITH"},{"data":"A Thousand Cuts","floor":25.0,"key":"SMITH"},{"floor":32.0,"key":"REST"},{"data":"Masterful Stab","floor":44,"key":"SMITH"},{"floor":49,"key":"REST"}],"circlet_count":0,"master_deck":["Strike_G","Strike_G","Strike_G","Defend_G","Defend_G","Survivor+1","Neutralize","Tactician","Infinite Blades+1","Prepared+1","Masterful Stab+1","Escape Plan+1","Backstab","Terror","Cloak And Dagger+1","A Thousand Cuts+1","Backflip","Finisher+1","Deflect","Phantasmal Killer+1","Backstab","Escape Plan","Venomology","Slice+1","Slice","Secret Weapon+1","Endless Agony","Masterful Stab+1"],"relics":["Ring of the Snake","NeowsBlessing","Mummified Hand","Mango","Busted Crown","HornCleat","Anchor","War Paint","WristBlade","Ginger","Toxic Egg 2","Boot","HandDrill","Pen Nib","Bottled Tornado","Happy Flower"],"acts_visited":["Exordium","TheCity","TheBeyond"],"potions_floor_usage":[40,45,46,48,48,50,50],"damage_taken":[{"damage":0.0,"enemies":"2 Louse","floor":1.0,"turns":1.0},{"damage":0.0,"enemies":"Jaw Worm","floor":3.0,"turns":1.0},{"damage":0.0,"enemies":"Lagavulin","floor":6.0,"turns":1.0},{"damage":0.0,"enemies":"Small Slimes","floor":10.0,"turns":2.0},{"damage":4.0,"enemies":"Exordium Thugs","floor":11.0,"turns":5.0},{"damage":6.0,"enemies":"Looter","floor":13.0,"turns":3.0},{"damage":0.0,"enemies":"Large Slime","floor":14.0,"turns":4.0},{"damage":0.0,"enemies":"Slime Boss","floor":16.0,"turns":3.0},{"damage":0.0,"enemies":"Spheric Guardian","floor":18.0,"turns":4.0},{"damage":0.0,"enemies":"Chosen","floor":19.0,"turns":4.0},{"damage":5.0,"enemies":"Shelled Parasite and Fungi","floor":20.0,"turns":5.0},{"damage":19.0,"enemies":"Snake Plant","floor":21.0,"turns":4.0},{"damage":16.0,"enemies":"Book of Stabbing","floor":23.0,"turns":4.0},{"damage":2.0,"enemies":"Sentry and Sphere","floor":24.0,"turns":4.0},{"damage":0.0,"enemies":"Centurion and Healer","floor":27.0,"turns":4.0},{"damage":0.0,"enemies":"Snecko","floor":30.0,"turns":3.0},{"damage":17.0,"enemies":"Gremlin Leader","floor":31.0,"turns":3.0},{"damage":39.0,"enemies":"Champ","floor":33.0,"turns":7.0},{"damage":0.0,"enemies":"Orb Walker","floor":35.0,"turns":2.0},{"damage":0.0,"enemies":"3 Darklings","floor":38.0,"turns":2.0},{"damage":20,"enemies":"Jaw Worm Horde","floor":39,"turns":4},{"damage":0,"enemies":"Nemesis","floor":40,"turns":3},{"damage":0,"enemies":"Reptomancer","floor":45,"turns":3},{"damage":5,"enemies":"4 Shapes","floor":46,"turns":2},{"damage":5,"enemies":"Nemesis","floor":48,"turns":2},{"damage":50,"enemies":"Time Eater","floor":50,"turns":6}],"seed_played":"-3629976935121920996","potions_obtained":[{"floor":1.0,"key":"CunningPotion"},{"floor":6.0,"key":"Poison Potion"},{"floor":10.0,"key":"PowerPotion"},{"floor":18.0,"key":"GhostInAJar"},{"floor":20.0,"key":"GamblersBrew"},{"floor":21.0,"key":"SpeedPotion"},{"floor":31.0,"key":"BlessingOfTheForge"},{"floor":35.0,"key":"Swift Potion"},{"floor":39,"key":"Swift Potion"}],"is_trial":false,"path_per_floor":["M","$","M","?","?","E","R","?","T","M","M","$","M","M","R","B",null,"M","M","M","M","?","E","M","R","T","M","?","?","M","E","R","B",null,"M","?","?","M","M","E","?","$","T","R","E","M","?","E","R","B"],"character_chosen":"THE_SILENT","items_purchased":["Infinite Blades","Terror","Toxic Egg 2","Boot","Secret Weapon+1","HandDrill","Endless Agony","Masterful Stab","BlessingOfTheForge"],"campfire_rested":2,"item_purchase_floors":[2,12,42,42,42,42,42,42,42],"current_hp_per_floor":[70,70,70,63,49,49,49,49,63,63,59,59,53,53,53,53,79,79,79,74,55,55,39,37,37,37,37,37,37,37,20,43,4,79,79,79,79,79,59,59,59,59,59,59,59,54,54,49,71,21,21],"gold":164,"neow_bonus":"THREE_ENEMY_KILL","is_daily":false,"chose_seed":false,"campfire_upgraded":4,"win_rate":0.0,"timestamp":1612702676,"path_taken":["M","$","M","?","?","E","R","?","T","M","M","$","M","M","R","BOSS","M","M","M","M","?","E","M","R","T","M","?","?","?","E","R","BOSS","M","?","?","M","M","E","?","$","T","R","E","?","?","E","R","BOSS"],"items_purchased_type":["Card","Card","Relic","Relic","Card","Relic","Card","Card","Potion"],"build_version":"2020-12-22","purchased_purges":2,"victory":false,"max_hp_per_floor":[70,70,70,70,70,70,70,65,79,79,79,79,79,79,79,79,79,79,79,79,79,79,79,79,79,79,79,79,79,79,79,79,79,79,79,79,79,79,79,79,79,79,79,79,79,79,75,75,75,75,75],"card_choices":[{"not_picked":["Sucker Punch","Quick Slash"],"picked":"Tactician","floor":1.0},{"not_picked":["Slice","Dagger Spray"],"picked":"Prepared","floor":3.0},{"not_picked":["Sucker Punch","Deflect"],"picked":"Masterful Stab","floor":6.0},{"not_picked":["Slice","Deadly Poison"],"picked":"Escape Plan","floor":10.0},{"not_picked":["Flying Knee","Dagger Throw"],"picked":"Backstab","floor":11.0},{"not_picked":["Flying Knee","Sucker Punch"],"picked":"Tactician","floor":13.0},{"not_picked":["Grand Finale","Distraction"],"picked":"Cloak And Dagger","floor":14.0},{"not_picked":["Malaise","Doppelganger"],"picked":"A Thousand Cuts","floor":16.0},{"not_picked":[],"picked":"Backflip","floor":18.0},{"not_picked":["Underhanded Strike"],"picked":"SKIP","floor":19.0},{"not_picked":["Leg Sweep"],"picked":"SKIP","floor":20.0},{"not_picked":[],"picked":"Finisher","floor":21.0},{"not_picked":[],"picked":"Backstab","floor":23.0},{"not_picked":["Flying Knee"],"picked":"SKIP","floor":24.0},{"not_picked":[],"picked":"Escape Plan","floor":27.0},{"not_picked":["Night Terror"],"picked":"SKIP","floor":30.0},{"not_picked":["Flechettes+1"],"picked":"SKIP","floor":31.0},{"not_picked":[],"picked":"Venomology","floor":33.0},{"not_picked":["Bane"],"picked":"SKIP","floor":35.0},{"not_picked":[],"picked":"Slice+1","floor":38.0},{"not_picked":["Deflect"],"picked":"SKIP","floor":39},{"not_picked":[],"picked":"Slice","floor":40},{"not_picked":["Dodge and Roll+1"],"picked":"SKIP","floor":45},{"not_picked":["Flying Knee+1"],"picked":"SKIP","floor":46},{"not_picked":["Flying Knee"],"picked":"SKIP","floor":48}],"player_experience":83223,"relics_obtained":[{"floor":6.0,"key":"Mummified Hand"},{"floor":9.0,"key":"Mango"},{"floor":23.0,"key":"HornCleat"},{"floor":26.0,"key":"Anchor"},{"floor":31.0,"key":"War Paint"},{"floor":40,"key":"Ginger"},{"floor":43,"key":"Pen Nib"},{"floor":45,"key":"Bottled Tornado"},{"floor":48,"key":"Happy Flower"}],"event_choices":[{"cards_removed":["Defend_G"],"damage_healed":0.0,"max_hp_gain":0.0,"max_hp_loss":0.0,"gold_gain":0.0,"event_name":"Golden Wing","player_choice":"Card Removal","floor":4.0,"gold_loss":0.0,"damage_taken":7.0},{"damage_healed":0.0,"max_hp_gain":0.0,"max_hp_loss":0.0,"gold_gain":0.0,"event_name":"Shining Light","player_choice":"Entered Light","floor":5.0,"gold_loss":0.0,"damage_taken":14.0,"cards_upgraded":["Survivor","Infinite Blades"]},{"damage_healed":0.0,"max_hp_gain":0.0,"max_hp_loss":5.0,"gold_gain":0.0,"event_name":"Golden Idol","player_choice":"Lose Max HP","floor":8.0,"gold_loss":0.0,"damage_taken":0.0,"relics_obtained":["Golden Idol"]},{"damage_healed":0.0,"max_hp_gain":0.0,"max_hp_loss":0.0,"gold_gain":0.0,"cards_transformed":["Strike_G","Defend_G"],"event_name":"Drug Dealer","player_choice":"Became Test Subject","floor":22.0,"gold_loss":0.0,"damage_taken":0.0,"cards_obtained":["Deflect","Phantasmal Killer"]},{"damage_healed":0.0,"max_hp_gain":0.0,"max_hp_loss":0.0,"gold_gain":99.0,"event_name":"Nest","player_choice":"Stole From Cult","floor":28.0,"gold_loss":0.0,"damage_taken":0.0},{"damage_healed":0.0,"max_hp_gain":0.0,"max_hp_loss":0.0,"gold_gain":0.0,"event_name":"Upgrade Shrine","player_choice":"Upgraded","floor":29.0,"gold_loss":0.0,"damage_taken":0.0,"cards_upgraded":["Finisher"]},{"damage_healed":0.0,"max_hp_gain":0.0,"max_hp_loss":0.0,"gold_gain":333.0,"event_name":"The Moai Head","player_choice":"Gave Idol","floor":36.0,"relics_lost":["Golden Idol"],"gold_loss":0.0,"damage_taken":0.0},{"cards_removed":["Strike_G"],"damage_healed":0.0,"max_hp_gain":0.0,"max_hp_loss":0.0,"gold_gain":0.0,"event_name":"Falling","player_choice":"Removed Attack","floor":37.0,"gold_loss":0.0,"damage_taken":0.0},{"damage_healed":0,"gold_gain":0,"player_choice":"Upgraded","damage_taken":0,"max_hp_gain":0,"max_hp_loss":0,"event_name":"Upgrade Shrine","floor":41,"gold_loss":0,"cards_upgraded":["Prepared"]},{"damage_healed":0,"gold_gain":0,"player_choice":"Max HP","damage_taken":0,"max_hp_gain":0,"max_hp_loss":4,"event_name":"Winding Halls","floor":47,"gold_loss":0}],"is_beta":false,"boss_relics":[{"not_picked":["Velvet Choker","HoveringKite"],"picked":"Busted Crown"},{"not_picked":["Snecko Eye","Coffee Dripper"],"picked":"WristBlade"}],"items_purged_floors":[2,42],"is_endless":false,"potions_floor_spawned":[1,6,10,13,18,20,21,31,35,39],"killed_by":"Time Eater","ascension_level":3}}