{"host":"2qstd83ou5jzlfqv","time":1612666085,"event":{"mods":["BaseMod","Colored Powertips","Minty Spire (QoL Compilation)","Relic Stats"],"gold_per_floor":[112,125,141,141,141,171,171,189,259,270,284,284,310,50,50,124,124,124,124,124,124,64,64,64,64],"floor_reached":24,"language":"ENG","playtime":1074,"items_purged":[],"score":361,"play_id":"2d222016-c213-46c1-a465-c7460ab0d616","local_time":"20210206184805","is_ascension_mode":true,"campfire_choices":[{"data":"All Out Attack","floor":7,"key":"SMITH"},{"floor":12,"key":"REST"},{"data":"Deadly Poison","floor":15,"key":"SMITH"},{"floor":23,"key":"REST"}],"circlet_count":0,"master_deck":["AscendersBane","Strike_G","Strike_G","Strike_G","Strike_G","Defend_G","Defend_G","Defend_G","Defend_G","Defend_G","Survivor","Neutralize","Deadly Poison+1","Poisoned Stab","All Out Attack+1","Expertise","Backflip","Predator","After Image","Well Laid Plans","Noxious Fumes","PiercingWail"],"relics":["Ring of the Snake","Vajra","WingedGreaves","Darkstone Periapt","PreservedInsect","Singing Bowl","Ectoplasm","Red Mask"],"acts_visited":["Exordium","TheCity"],"potions_floor_usage":[11,13,16,16,22],"damage_taken":[{"damage":1,"enemies":"2 Louse","floor":1,"turns":3},{"damage":1,"enemies":"Cultist","floor":2,"turns":4},{"damage":2,"enemies":"Jaw Worm","floor":3,"turns":3},{"damage":34,"enemies":"Lagavulin","floor":6,"turns":6},{"damage":2,"enemies":"Exordium Wildlife","floor":8,"turns":4},{"damage":8,"enemies":"2 Fungi Beasts","floor":10,"turns":4},{"damage":5,"enemies":"Red Slaver","floor":11,"turns":5},{"damage":19,"enemies":"Gremlin Nob","floor":13,"turns":4},{"damage":17,"enemies":"Hexaghost","floor":16,"turns":11},{"damage":0,"enemies":"Chosen","floor":18,"turns":4},{"damage":41,"enemies":"Masked Bandits","floor":20,"turns":5},{"damage":5,"enemies":"2 Thieves","floor":22,"turns":4},{"damage":32,"enemies":"Slavers","floor":24,"turns":3}],"seed_played":"3551041147758474443","potions_obtained":[{"floor":2,"key":"Regen Potion"},{"floor":6,"key":"EssenceOfSteel"},{"floor":11,"key":"EssenceOfSteel"},{"floor":13,"key":"BlessingOfTheForge"},{"floor":20,"key":"Energy Potion"},{"floor":22,"key":"SteroidPotion"}],"is_trial":false,"path_per_floor":["M","M","M","?","?","E","R","M","T","M","M","R","E","$","R","B",null,"M","?","?","?","M","R","E"],"character_chosen":"THE_SILENT","items_purchased":["Singing Bowl"],"campfire_rested":2,"item_purchase_floors":[14],"current_hp_per_floor":[58,57,55,60,60,26,26,24,24,16,23,44,25,25,25,8,55,55,55,16,16,11,32,0,0],"gold":64,"neow_bonus":"RANDOM_COMMON_RELIC","is_daily":false,"chose_seed":false,"campfire_upgraded":2,"win_rate":0.0,"timestamp":1612666085,"path_taken":["M","M","M","?","?","E","R","M","T","?","M","R","E","$","R","BOSS","M","?","?","?","M","R","E"],"items_purchased_type":["Relic"],"build_version":"2020-12-22","purchased_purges":0,"victory":false,"max_hp_per_floor":[66,66,66,71,71,71,71,71,71,71,71,71,71,71,71,71,71,71,71,73,73,73,73,73,73],"relic_stats":{"Darkstone Periapt":0,"Singing Bowl":2,"counters":[13,60],"PreservedInsect":40,"Ectoplasm":115,"obtain_stats":[{"Darkstone Periapt":9,"Singing Bowl":14,"Vajra":0,"WingedGreaves":6,"PreservedInsect":13,"Ectoplasm":17,"Red Mask":20,"Ring of the Snake":0},{"Darkstone Periapt":5,"Singing Bowl":8,"Vajra":0,"WingedGreaves":4,"PreservedInsect":8,"Ectoplasm":9,"Red Mask":11,"Ring of the Snake":0},{"Darkstone Periapt":20,"Singing Bowl":33,"Vajra":0,"WingedGreaves":16,"PreservedInsect":33,"Ectoplasm":44,"Red Mask":53,"Ring of the Snake":0}],"Ring of the Snake":[26]},"card_choices":[{"not_picked":["Dagger Throw","Distraction"],"picked":"Deadly Poison","floor":1},{"not_picked":["Acrobatics","Skewer"],"picked":"Poisoned Stab","floor":2},{"not_picked":["Calculated Gamble","Setup"],"picked":"All Out Attack","floor":3},{"not_picked":["Venomology","Choke"],"picked":"Backflip","floor":6},{"not_picked":["Accuracy","Backflip","Slice"],"picked":"SKIP","floor":8},{"not_picked":["Deflect","PiercingWail","Setup"],"picked":"SKIP","floor":10},{"not_picked":["Dagger Spray","Quick Slash"],"picked":"Predator","floor":11},{"not_picked":["Quick Slash","Backflip","Blade Dance"],"picked":"SKIP","floor":13},{"not_picked":["Tools of the Trade","Venomology"],"picked":"After Image","floor":16},{"not_picked":["Dodge and Roll","Bane"],"picked":"Well Laid Plans","floor":18},{"not_picked":["Bane","Deflect","Choke"],"picked":"Singing Bowl","floor":20},{"not_picked":["Poisoned Stab","Predator"],"picked":"PiercingWail","floor":22}],"player_experience":425579,"relics_obtained":[{"floor":6,"key":"WingedGreaves"},{"floor":9,"key":"Darkstone Periapt"},{"floor":13,"key":"PreservedInsect"},{"floor":20,"key":"Red Mask"}],"event_choices":[{"damage_healed":0,"gold_gain":0,"player_choice":"Donut","damage_taken":0,"max_hp_gain":5,"max_hp_loss":0,"event_name":"Big Fish","floor":4,"gold_loss":0},{"damage_healed":0,"gold_gain":0,"cards_transformed":["Strike_G"],"player_choice":"Transformed","damage_taken":0,"max_hp_gain":0,"max_hp_loss":0,"event_name":"Transmorgrifier","floor":5,"gold_loss":0,"cards_obtained":["Expertise"]},{"damage_healed":0,"gold_gain":0,"player_choice":"Read","damage_taken":0,"max_hp_gain":0,"max_hp_loss":0,"event_name":"The Library","floor":19,"gold_loss":0,"cards_obtained":["Noxious Fumes"]},{"damage_healed":0,"gold_gain":0,"player_choice":"Fought Bandits","damage_taken":0,"max_hp_gain":0,"max_hp_loss":0,"event_name":"Masked Bandits","floor":20,"gold_loss":0},{"damage_healed":0,"gold_gain":0,"player_choice":"Ignored","damage_taken":0,"max_hp_gain":0,"max_hp_loss":0,"event_name":"The Mausoleum","floor":21,"gold_loss":0}],"is_beta":false,"boss_relics":[{"not_picked":["Coffee Dripper","Runic Dome"],"picked":"Ectoplasm"}],"items_purged_floors":[],"is_endless":false,"potions_floor_spawned":[2,6,11,13,20,22],"killed_by":"Slavers","ascension_level":15}}