{"host":"ueef25wtkg2eer3h","time":1612729353,"event":{"mods":["AchievementEnabler","BaseMod","Colored Map","Colored Powertips","DeckTracker","Displayed Cursed Tome","Googly Eyes","Highlight Path","Minty Spire (QoL Compilation)","Slay the Relics Exporter","StSLib"],"gold_per_floor":[367,380,395,412,26,26,51,51,51,64,97,67,83,102,102,198,198,218,218,218,230,7,7,27,55,80,22,22,22],"floor_reached":28,"language":"ENG","playtime":2048,"items_purged":[],"score":400,"play_id":"169e7155-47c0-44db-ac61-c382598d03a0","local_time":"20210207212233","is_ascension_mode":true,"campfire_choices":[{"floor":6,"key":"REST"},{"data":"Sunder","floor":8,"key":"SMITH"},{"floor":15,"key":"REST"},{"floor":23,"key":"REST"}],"circlet_count":0,"master_deck":["AscendersBane","Strike_B","Strike_B","Defend_B","Defend_B","Zap","Dualcast","Reinforced Body","Coolheaded","Sunder+1","Double Energy","Streamline+1","White Noise","Turbo","Capacitor","Defragment","Coolheaded","Capacitor","Glacier","Echo Form","Rebound+1","Hologram+1","Chaos+1","Go for the Eyes+1","Aggregate","Barrage+1","Static Discharge","Bandage Up","Coolheaded+1","Gash+1"],"relics":["Cracked Core","Molten Egg 2","Gremlin Horn","Meat on the Bone","Darkstone Periapt","Astrolabe","Pen Nib","Strawberry","Regal Pillow"],"acts_visited":["Exordium","TheCity"],"potions_floor_usage":[4,13,16,21,25,28],"damage_taken":[{"damage":8,"enemies":"Jaw Worm","floor":1,"turns":4},{"damage":7,"enemies":"2 Louse","floor":2,"turns":3},{"damage":6,"enemies":"Cultist","floor":3,"turns":4},{"damage":5,"enemies":"Looter","floor":4,"turns":4},{"damage":12,"enemies":"3 Sentries","floor":7,"turns":8},{"damage":6,"enemies":"Exordium Thugs","floor":10,"turns":3},{"damage":36,"enemies":"Gremlin Nob","floor":11,"turns":5},{"damage":0,"enemies":"3 Louse","floor":13,"turns":2},{"damage":14,"enemies":"Looter","floor":14,"turns":3},{"damage":32,"enemies":"The Guardian","floor":16,"turns":14},{"damage":4,"enemies":"Spheric Guardian","floor":18,"turns":3},{"damage":21,"enemies":"3 Byrds","floor":21,"turns":3},{"damage":20,"enemies":"Snake Plant","floor":24,"turns":6},{"damage":38,"enemies":"Gremlin Leader","floor":25,"turns":9},{"damage":43,"enemies":"Book of Stabbing","floor":28,"turns":5}],"seed_played":"-3753770201870799267","potions_obtained":[{"floor":1,"key":"PotionOfCapacity"},{"floor":3,"key":"SpeedPotion"},{"floor":11,"key":"Fire Potion"},{"floor":13,"key":"SmokeBomb"},{"floor":14,"key":"Energy Potion"},{"floor":18,"key":"Weak Potion"},{"floor":24,"key":"Dexterity Potion"},{"floor":25,"key":"Strength Potion"}],"is_trial":false,"path_per_floor":["M","M","M","M","$","R","E","R","T","M","E","?","M","M","R","B",null,"M","?","?","M","$","R","M","E","T","?","E"],"character_chosen":"DEFECT","items_purchased":["Molten Egg 2","Streamline+1","White Noise","Turbo","Barrage+1","Static Discharge","Bandage Up"],"campfire_rested":3,"item_purchase_floors":[5,5,5,5,22,22,22],"current_hp_per_floor":[42,35,29,24,24,46,34,34,34,40,16,16,28,26,48,28,63,59,45,45,36,36,60,44,26,33,33,0,0],"gold":22,"neow_bonus":"TWO_FIFTY_GOLD","is_daily":false,"chose_seed":false,"campfire_upgraded":1,"win_rate":0.0,"timestamp":1612729353,"path_taken":["M","M","M","M","$","R","E","R","T","M","E","?","M","M","R","BOSS","M","?","?","?","$","R","M","E","T","?","E"],"items_purchased_type":["Relic","Card","Card","Card","Card","Card","Card"],"build_version":"2020-12-22","purchased_purges":0,"victory":false,"max_hp_per_floor":[75,75,75,75,75,75,75,75,75,75,75,75,75,75,75,75,75,75,80,80,80,80,80,80,80,87,87,87,87],"card_choices":[{"not_picked":["Steam","Hologram"],"picked":"Reinforced Body","floor":1},{"not_picked":["Tempest","Steam"],"picked":"Coolheaded","floor":2},{"not_picked":["Beam Cell","Hologram"],"picked":"Sunder","floor":3},{"not_picked":["Hologram","Rip and Tear"],"picked":"Double Energy","floor":4},{"not_picked":["Hologram","Cold Snap+1"],"picked":"Capacitor","floor":7},{"not_picked":["Seek","Genetic Algorithm"],"picked":"Defragment","floor":10},{"not_picked":["Double Energy","Consume"],"picked":"Coolheaded","floor":11},{"not_picked":["Genetic Algorithm","Steam"],"picked":"Capacitor","floor":13},{"not_picked":["Chill","Beam Cell+1"],"picked":"Glacier","floor":14},{"not_picked":["Biased Cognition","Seek"],"picked":"Echo Form","floor":16},{"not_picked":["Redo","Auto Shields"],"picked":"Go for the Eyes+1","floor":18},{"not_picked":["Stack","FTL+1","Streamline+1"],"picked":"SKIP","floor":21},{"not_picked":["Loop","Rebound+1"],"picked":"Coolheaded+1","floor":24},{"not_picked":["Hello World","Go for the Eyes+1"],"picked":"Gash+1","floor":25}],"player_experience":290776,"relics_obtained":[{"floor":7,"key":"Gremlin Horn"},{"floor":9,"key":"Meat on the Bone"},{"floor":11,"key":"Darkstone Periapt"},{"floor":25,"key":"Pen Nib"},{"floor":26,"key":"Strawberry"}],"event_choices":[{"damage_healed":0,"gold_gain":0,"player_choice":"Left Gold","damage_taken":0,"max_hp_gain":0,"max_hp_loss":0,"event_name":"World of Goop","floor":12,"gold_loss":30},{"damage_healed":0,"gold_gain":0,"player_choice":"Shed Blood","damage_taken":19,"max_hp_gain":5,"max_hp_loss":0,"event_name":"Forgotten Altar","floor":19,"gold_loss":0},{"damage_healed":0,"gold_gain":0,"cards_transformed":["Defend_B"],"player_choice":"Transformed","damage_taken":0,"max_hp_gain":0,"max_hp_loss":0,"event_name":"Transmorgrifier","floor":20,"gold_loss":0,"cards_obtained":["Aggregate"]},{"damage_healed":0,"gold_gain":0,"player_choice":"Paid Gold","damage_taken":0,"relics_obtained":["Regal Pillow"],"max_hp_gain":0,"max_hp_loss":0,"event_name":"WeMeetAgain","floor":27,"gold_loss":58}],"is_beta":false,"boss_relics":[{"not_picked":["Nuclear Battery","Empty Cage"],"picked":"Astrolabe"}],"items_purged_floors":[],"is_endless":false,"potions_floor_spawned":[1,3,11,13,14,18,24,25],"killed_by":"Book of Stabbing","ascension_level":12}}