{"host":"a3wpq7kyokchzawk","time":1612727063,"event":{"mods":["BaseMod","Colored Map","Highlight Path","Minty Spire (QoL Compilation)","Permanent Neow","Potion Indicator Mod","Relic Stats","Weighted Paths"],"gold_per_floor":[118,168,9,9,28,54,54,71,71,88,88,88,88,88],"floor_reached":13,"language":"ENG","playtime":1004,"items_purged":["Strike_B"],"score":162,"play_id":"006485f8-f199-4436-911c-140c1364d62c","local_time":"20210207174423","is_ascension_mode":true,"campfire_choices":[{"floor":7,"key":"REST"},{"data":"Defragment","floor":11,"key":"SMITH"}],"circlet_count":0,"master_deck":["AscendersBane","Strike_B","Strike_B","Strike_B","Defend_B","Defend_B","Defend_B","Defend_B","Zap+1","Dualcast","Sweeping Beam","Defragment+1","Rip and Tear","Sunder","White Noise","Loop"],"relics":["Inserter","Peace Pipe","Mango"],"acts_visited":["Exordium"],"potions_floor_usage":[6,13],"damage_taken":[{"damage":7,"enemies":"Cultist","floor":1,"turns":4},{"damage":4,"enemies":"Small Slimes","floor":5,"turns":4},{"damage":35,"enemies":"Lagavulin","floor":6,"turns":8},{"damage":0,"enemies":"2 Louse","floor":8,"turns":2},{"damage":12,"enemies":"Lots of Slimes","floor":10,"turns":2},{"damage":36,"enemies":"3 Sentries","floor":13,"turns":4}],"seed_played":"-4581334927170604919","potions_obtained":[{"floor":1,"key":"EssenceOfSteel"},{"floor":5,"key":"CultistPotion"},{"floor":10,"key":"Dexterity Potion"}],"is_trial":false,"path_per_floor":["M","?","$","?","M","E","R","M","T","M","R","$","E"],"character_chosen":"DEFECT","items_purchased":["Defragment"],"campfire_rested":1,"item_purchase_floors":[3],"current_hp_per_floor":[57,50,50,50,46,11,32,32,46,34,34,34,0,0],"gold":88,"neow_bonus":"BOSS_RELIC","is_daily":false,"chose_seed":false,"campfire_upgraded":1,"win_rate":0.0,"timestamp":1612727063,"path_taken":["M","?","?","?","M","E","R","M","T","M","R","$","E"],"items_purchased_type":["Card"],"build_version":"2020-12-22","purchased_purges":1,"victory":false,"max_hp_per_floor":[71,71,71,71,71,71,71,71,85,85,85,85,85,85],"relic_stats":{"Peace Pipe":0,"Inserter":[12],"counters":[6,24],"obtain_stats":[{"Peace Pipe":6,"Inserter":0,"Mango":9,"Cracked Core":0},{"Peace Pipe":3,"Inserter":0,"Mango":4,"Cracked Core":0},{"Peace Pipe":16,"Inserter":0,"Mango":18,"Cracked Core":0}]},"card_choices":[{"not_picked":["Melter","Streamline"],"picked":"Sweeping Beam","floor":1},{"not_picked":["Sweeping Beam","Genetic Algorithm"],"picked":"Rip and Tear","floor":5},{"not_picked":["FTL","Storm"],"picked":"Sunder","floor":6},{"not_picked":["Beam Cell","Reinforced Body"],"picked":"White Noise","floor":8},{"not_picked":["Redo","Sweeping Beam"],"picked":"Loop","floor":10}],"player_experience":2660409,"relics_obtained":[{"floor":6,"key":"Peace Pipe"},{"floor":9,"key":"Mango"}],"event_choices":[{"damage_healed":0,"gold_gain":50,"player_choice":"Touch","damage_taken":7,"max_hp_gain":0,"max_hp_loss":0,"event_name":"FaceTrader","floor":2,"gold_loss":0},{"damage_healed":0,"gold_gain":0,"player_choice":"Grow","damage_taken":0,"max_hp_gain":0,"max_hp_loss":0,"event_name":"Living Wall","floor":4,"gold_loss":0,"cards_upgraded":["Zap"]}],"is_beta":false,"boss_relics":[],"items_purged_floors":[3],"is_endless":false,"potions_floor_spawned":[1,5,10],"killed_by":"3 Sentries","ascension_level":19}}