{"host":"88hg6ocvqrqxrx5h","time":1612710468,"event":{"mods":["2.2 Compatiblity","BaseMod","Bestiary","Block Reminder","Colored Map","DeckTracker","Highlight Path","Minty Spire (QoL Compilation)","Relic Stats","Unceasing Turn Reminder","slay the spire mod where everything is the same but ironclad has a cowboy hat"],"gold_per_floor":[111,286,286,300,300,300,331,331,331,366,378,78,91,91,91,186,186,200,140,152,170,269,269,285,285,285,320,0,0,12,25,25,122,122,140,189,202,222,222,254,268,268,338,338,27,27,44,44,44,44],"floor_reached":51,"language":"ENG","playtime":1994,"items_purged":["Strike_R"],"score":968,"play_id":"c27ca669-c5aa-450b-8c0c-d08ad02ff74c","local_time":"20210207070748","is_ascension_mode":true,"campfire_choices":[{"data":"Fire Breathing","floor":6.0,"key":"SMITH"},{"data":"Sword Boomerang","floor":8.0,"key":"SMITH"},{"floor":15.0,"key":"REST"},{"floor":23.0,"key":"REST"},{"data":"Corruption","floor":25.0,"key":"SMITH"},{"floor":29.0,"key":"REST"},{"floor":32.0,"key":"REST"},{"floor":42.0,"key":"REST"},{"floor":44.0,"key":"REST"},{"floor":49.0,"key":"DIG"}],"circlet_count":0,"master_deck":["Strike_R","Strike_R+1","Defend_R","Defend_R","Defend_R","Defend_R","Bash+1","Headbutt","Fire Breathing+1","Clothesline+1","Uppercut+1","Shockwave","Feel No Pain","Corruption+1","Evolve","Iron Wave+1","Spot Weakness","Armaments+1","Exhume","Sentinel+1","Spot Weakness","Immolate+1","Warcry+1","Bloodletting+1","Burning Pact+1","True Grit","Rage+1","Reaper+1","Disarm+1","Doubt"],"relics":["Black Blood","NeowsBlessing","Juzu Bracelet","Self Forming Clay","Molten Egg 2","Strange Spoon","Mark of Pain","Smiling Mask","Shuriken","Shovel","Matryoshka","Vajra","Orichalcum","Sundial"],"acts_visited":["Exordium","TheCity","TheBeyond"],"potions_floor_usage":[],"damage_taken":[{"damage":0.0,"enemies":"Jaw Worm","floor":1.0,"turns":1.0},{"damage":0.0,"enemies":"2 Louse","floor":4.0,"turns":1.0},{"damage":0.0,"enemies":"Gremlin Nob","floor":7.0,"turns":1.0},{"damage":42.0,"enemies":"Lagavulin","floor":10.0,"turns":8.0},{"damage":0.0,"enemies":"Cultist","floor":11.0,"turns":2.0},{"damage":13.0,"enemies":"Blue Slaver","floor":13.0,"turns":5.0},{"damage":48.0,"enemies":"Slime Boss","floor":16.0,"turns":9.0},{"damage":16.0,"enemies":"3 Byrds","floor":18.0,"turns":6.0},{"damage":14.0,"enemies":"Shell Parasite","floor":20.0,"turns":5.0},{"damage":27.0,"enemies":"Centurion and Healer","floor":21.0,"turns":7.0},{"damage":16.0,"enemies":"Shelled Parasite and Fungi","floor":24.0,"turns":6.0},{"damage":31.0,"enemies":"Book of Stabbing","floor":27.0,"turns":6.0},{"damage":16.0,"enemies":"Snake Plant","floor":30.0,"turns":4.0},{"damage":15.0,"enemies":"Sentry and Sphere","floor":31.0,"turns":4.0},{"damage":37.0,"enemies":"Collector","floor":33.0,"turns":9.0},{"damage":14.0,"enemies":"Orb Walker","floor":35.0,"turns":4.0},{"damage":52.0,"enemies":"2 Orb Walkers","floor":36.0,"turns":4.0},{"damage":3.0,"enemies":"3 Shapes","floor":37.0,"turns":8.0},{"damage":29.0,"enemies":"Spire Growth","floor":38.0,"turns":6.0},{"damage":66.0,"enemies":"Giant Head","floor":40.0,"turns":8.0},{"damage":6.0,"enemies":"Maw","floor":41.0,"turns":8.0},{"damage":58.0,"enemies":"Transient","floor":47.0,"turns":5.0},{"damage":103,"enemies":"Donu and Deca","floor":50,"turns":10}],"seed_played":"4704541513123914544","potions_obtained":[{"floor":7.0,"key":"SteroidPotion"},{"floor":10.0,"key":"PowerPotion"},{"floor":13.0,"key":"FearPotion"},{"floor":27.0,"key":"SkillPotion"},{"floor":30.0,"key":"LiquidBronze"},{"floor":31.0,"key":"Weak Potion"},{"floor":33.0,"key":"Swift Potion"},{"floor":35.0,"key":"Swift Potion"},{"floor":37.0,"key":"Swift Potion"},{"floor":40.0,"key":"Swift Potion"},{"floor":41.0,"key":"FairyPotion"}],"is_trial":false,"path_per_floor":["M","?","?","M","?","R","E","R","T","E","M","$","M","?","R","B",null,"M","?","M","M","?","R","M","R","T","E","?","R","M","M","R","B",null,"M","?","M","M","?","E","M","R","T","R","$","?","M","?","R","B",null],"character_chosen":"IRONCLAD","items_purchased":["Strange Spoon","Shockwave","Orichalcum","Reaper+1"],"campfire_rested":6,"item_purchase_floors":[12,12,45,45],"current_hp_per_floor":[78,78,62,68,80,80,80,80,80,44,50,50,43,36,60,18,65,55,55,47,26,26,50,40,40,40,15,15,39,29,20,44,13,63,61,21,30,13,70,16,22,43,43,64,64,64,18,70,70,28],"gold":44,"neow_bonus":"THREE_ENEMY_KILL","is_daily":false,"chose_seed":false,"campfire_upgraded":3,"win_rate":0.0,"timestamp":1612710468,"path_taken":["M","?","?","M","?","R","E","R","T","E","M","$","M","?","R","BOSS","M","?","M","M","?","R","M","R","T","E","?","R","M","M","R","BOSS","M","?","M","M","?","E","M","R","T","R","$","?","M","?","R","BOSS"],"items_purchased_type":["Relic","Card","Relic","Card"],"build_version":"2020-12-22","purchased_purges":1,"victory":true,"max_hp_per_floor":[80,80,80,80,80,80,80,80,80,80,80,80,80,80,80,80,80,80,80,80,80,80,80,80,80,80,80,80,80,80,80,80,80,80,80,80,80,80,70,70,70,70,70,70,70,70,70,70,70,70],"relic_stats":{"Strange Spoon":[68],"Shovel":1,"counters":[23,127],"Self Forming Clay":[219],"Shuriken":[9],"Sundial":[0],"Black Blood":180,"Juzu Bracelet":3,"Orichalcum":[6],"Smiling Mask":0,"obtain_stats":[{"NeowsBlessing":0,"Self Forming Clay":9,"Black Blood":34,"Vajra":43,"Juzu Bracelet":7,"Orichalcum":45,"Smiling Mask":26,"Burning Blood":0,"Strange Spoon":12,"Shovel":36,"Matryoshka":40,"Shuriken":27,"Sundial":49,"Molten Egg 2":10,"Mark of Pain":17},{"NeowsBlessing":0,"Self Forming Clay":3,"Black Blood":15,"Vajra":21,"Juzu Bracelet":3,"Orichalcum":21,"Smiling Mask":11,"Burning Blood":0,"Strange Spoon":5,"Shovel":17,"Matryoshka":20,"Shuriken":12,"Sundial":22,"Molten Egg 2":4,"Mark of Pain":7},{"NeowsBlessing":0,"Self Forming Clay":3,"Black Blood":74,"Vajra":112,"Juzu Bracelet":3,"Orichalcum":112,"Smiling Mask":51,"Burning Blood":0,"Strange Spoon":13,"Shovel":82,"Matryoshka":104,"Shuriken":57,"Sundial":117,"Molten Egg 2":11,"Mark of Pain":27}]},"card_choices":[{"not_picked":["True Grit","Burning Pact"],"picked":"Headbutt","floor":1.0},{"not_picked":["Sentinel","Twin Strike"],"picked":"Fire Breathing","floor":4.0},{"not_picked":["Searing Blow","Perfected Strike"],"picked":"Sword Boomerang","floor":7.0},{"not_picked":["Sword Boomerang+1","Heavy Blade+1"],"picked":"Clothesline+1","floor":10.0},{"not_picked":["Seeing Red","Heavy Blade+1"],"picked":"Uppercut+1","floor":11.0},{"not_picked":["Rampage+1","Anger+1"],"picked":"Feel No Pain","floor":13.0},{"not_picked":["Exhume","Impervious"],"picked":"Corruption","floor":16.0},{"not_picked":["Shockwave","Pommel Strike+1"],"picked":"Evolve","floor":18.0},{"not_picked":["Shrug It Off","Evolve"],"picked":"Armaments+1","floor":20.0},{"not_picked":["Thunderclap+1","Sword Boomerang+1","Heavy Blade+1"],"picked":"SKIP","floor":21.0},{"not_picked":["Headbutt+1","Sword Boomerang+1"],"picked":"Exhume","floor":24.0},{"not_picked":["Twin Strike+1","Wild Strike+1"],"picked":"Sentinel+1","floor":27.0},{"not_picked":["Clothesline+1","Perfected Strike+1"],"picked":"Spot Weakness","floor":30.0},{"not_picked":["Cleave+1","Sever Soul+1","Shockwave"],"picked":"SKIP","floor":31.0},{"not_picked":["Demon Form","Juggernaut"],"picked":"Immolate+1","floor":33.0},{"not_picked":["Wild Strike+1","Seeing Red"],"picked":"Warcry+1","floor":35.0},{"not_picked":["Heavy Blade+1","Armaments"],"picked":"Bloodletting+1","floor":37.0},{"not_picked":["Twin Strike+1","Sword Boomerang+1"],"picked":"Burning Pact+1","floor":38.0},{"not_picked":["Feel No Pain+1","Anger+1"],"picked":"True Grit","floor":40.0},{"not_picked":["Sever Soul+1","Twin Strike+1"],"picked":"Rage+1","floor":41.0},{"not_picked":["Twin Strike+1","Havoc+1"],"picked":"Disarm+1","floor":47.0}],"player_experience":165919,"relics_obtained":[{"floor":7.0,"key":"Juzu Bracelet"},{"floor":9.0,"key":"Self Forming Clay"},{"floor":10.0,"key":"Molten Egg 2"},{"floor":26.0,"key":"Smiling Mask"},{"floor":27.0,"key":"Shuriken"},{"floor":36.0,"key":"Shovel"},{"floor":40.0,"key":"Matryoshka"},{"floor":43.0,"key":"Vajra"},{"floor":49.0,"key":"Sundial"}],"event_choices":[{"damage_healed":0.0,"max_hp_gain":0.0,"max_hp_loss":0.0,"gold_gain":175.0,"event_name":"Liars Game","player_choice":"AGREE","floor":2.0,"gold_loss":0.0,"damage_taken":0.0,"cards_obtained":["Doubt"]},{"damage_healed":0.0,"max_hp_gain":0.0,"max_hp_loss":0.0,"gold_gain":0.0,"event_name":"Shining Light","player_choice":"Entered Light","floor":3.0,"gold_loss":0.0,"damage_taken":16.0,"cards_upgraded":["Bash","Strike_R"]},{"damage_healed":12.0,"max_hp_gain":0.0,"max_hp_loss":0.0,"gold_gain":0.0,"event_name":"Wheel of Change","player_choice":"Full Heal","floor":5.0,"gold_loss":0.0,"damage_taken":0.0},{"cards_removed":["Doubt"],"damage_healed":0.0,"max_hp_gain":0.0,"max_hp_loss":0.0,"gold_gain":0.0,"event_name":"Golden Wing","player_choice":"Card Removal","floor":14.0,"gold_loss":0.0,"damage_taken":7.0},{"damage_healed":0.0,"max_hp_gain":0.0,"max_hp_loss":0.0,"gold_gain":0.0,"cards_transformed":["Strike_R","Strike_R"],"event_name":"Designer","player_choice":"Transformed Cards","floor":19.0,"gold_loss":60.0,"damage_taken":0.0,"cards_obtained":["Iron Wave","Spot Weakness"]},{"damage_healed":0.0,"max_hp_gain":0.0,"max_hp_loss":0.0,"gold_gain":99.0,"event_name":"Nest","player_choice":"Stole From Cult","floor":22.0,"gold_loss":0.0,"damage_taken":0.0},{"damage_healed":0.0,"max_hp_gain":0.0,"max_hp_loss":0.0,"gold_gain":0.0,"event_name":"Masked Bandits","player_choice":"Paid Fearfully","floor":28.0,"gold_loss":320.0,"damage_taken":0.0},{"damage_healed":0.0,"max_hp_gain":0.0,"max_hp_loss":0.0,"gold_gain":0.0,"event_name":"Mysterious Sphere","player_choice":"Fight","floor":36.0,"gold_loss":0.0,"damage_taken":0.0},{"damage_healed":70.0,"max_hp_gain":0.0,"max_hp_loss":10.0,"gold_gain":0.0,"event_name":"The Moai Head","player_choice":"Heal","floor":39.0,"gold_loss":0.0,"damage_taken":0.0},{"cards_removed":["Sword Boomerang"],"damage_healed":0.0,"max_hp_gain":0.0,"max_hp_loss":0.0,"gold_gain":0.0,"event_name":"Falling","player_choice":"Removed Attack","floor":46.0,"gold_loss":0.0,"damage_taken":0.0},{"damage_healed":52.0,"max_hp_gain":0.0,"max_hp_loss":0.0,"gold_gain":0.0,"event_name":"MindBloom","player_choice":"Heal","floor":48.0,"gold_loss":0.0,"damage_taken":0.0,"cards_obtained":["Doubt"]}],"is_beta":false,"boss_relics":[{"not_picked":["Ectoplasm","Black Star"],"picked":"Mark of Pain"},{"not_picked":["Coffee Dripper","Cursed Key"],"picked":"Black Blood"}],"items_purged_floors":[12],"is_endless":false,"potions_floor_spawned":[7,10,13,27,30,31,33,35,37,40,41],"ascension_level":7}}