{"host":"l15sdf2mmi0nobpi","time":1612678148,"event":{"mods":["BaseMod","Highlight Path","Minty Spire (QoL Compilation)","MostiFishMod","Quick Restart","StSLib","¡¾¹¦ÄÜMod¡¿Neow½±Àø"],"gold_per_floor":[111,186,200,200,125,156,172,204,204,233,233,249,267,283,283,356,356,368,378,395,395,395,395,422,337,337,237,264,264,289,87,87,164,164,182,230,57,74,1073,1106,1106,1106,1131,1142,1168,1185,1218,637,637,637,637,637,637,132,167,167],"floor_reached":57,"language":"ZHS","playtime":2231,"items_purged":["Strike_R","Strike_R","Strike_R","Strike_R","Strike_R"],"score":3607,"play_id":"352e4a81-9731-49ff-a293-1f019c56b76a","local_time":"20210207140908","is_ascension_mode":true,"campfire_choices":[{"data":"MostiFishMod:NightSea","floor":11.0,"key":"SMITH"},{"data":"Fire Breathing","floor":15.0,"key":"SMITH"},{"data":"MostiFishMod:FlyOverUtopia","floor":23,"key":"SMITH"},{"data":"Burning Pact","floor":32,"key":"SMITH"},{"floor":41,"key":"RECALL"},{"floor":49,"key":"REST"},{"floor":53,"key":"REST"}],"circlet_count":0,"master_deck":["AscendersBane","Defend_R+1","Defend_R","Defend_R","Defend_R","Bash","MostiFishMod:Neptune","MostiFishMod:TheEndOfMoonlight","MostiFishMod:SparklingWater+1","MostiFishMod:FantasySummer","MostiFishMod:NightSea+1","True Grit","Immolate","MostiFishMod:ChineseTea","Shrug It Off","Fire Breathing+1","MostiFishMod:FlyOverUtopia+1","Battle Trance+1","Feel No Pain","Burning Pact+1","Barricade","Power Through","Shockwave","Dark Embrace+1","Corruption","Body Slam","Feel No Pain","Feel No Pain","Entrench+1","Second Wind"],"relics":["Burning Blood","DaveBox","MoonlightInvasionPlan","Nunchaku","SynthV:TestCard","Pear","Singing Bowl","Pantograph","Lantern","HereWithMe","Blood Vial","Omamori","StrikeDummy","Strawberry","Fusion Hammer","Bird Faced Urn","Orrery","Ornamental Fan","Dream Catcher","Boot","Centennial Puzzle","ImprovedEquipment","Anchor","Charon\u0027s Ashes"],"acts_visited":["Exordium","TheCity","TheBeyond","TheEnding"],"potions_floor_usage":[56,56],"damage_taken":[{"damage":2.0,"enemies":"2 Louse","floor":1.0,"turns":2.0},{"damage":0.0,"enemies":"Small Slimes","floor":3.0,"turns":3.0},{"damage":27.0,"enemies":"3 Sentries","floor":6.0,"turns":12.0},{"damage":7.0,"enemies":"Jaw Worm","floor":7.0,"turns":3.0},{"damage":0.0,"enemies":"Gremlin Nob","floor":8.0,"turns":2.0},{"damage":3.0,"enemies":"3 Sentries","floor":10.0,"turns":5.0},{"damage":0.0,"enemies":"Blue Slaver","floor":12.0,"turns":1.0},{"damage":0.0,"enemies":"Looter","floor":13.0,"turns":2.0},{"damage":0.0,"enemies":"3 Louse","floor":14.0,"turns":2.0},{"damage":0.0,"enemies":"Slime Boss","floor":16.0,"turns":5.0},{"damage":4.0,"enemies":"Spheric Guardian","floor":18.0,"turns":2.0},{"damage":4.0,"enemies":"Chosen","floor":19.0,"turns":3.0},{"damage":0.0,"enemies":"Snake Plant","floor":20.0,"turns":1.0},{"damage":19,"enemies":"Slavers","floor":24,"turns":4},{"damage":9,"enemies":"Gremlin Leader","floor":28,"turns":5},{"damage":9,"enemies":"Slavers","floor":30,"turns":5},{"damage":27,"enemies":"Champ","floor":33,"turns":9},{"damage":12,"enemies":"3 Darklings","floor":35,"turns":3},{"damage":4,"enemies":"2 Orb Walkers","floor":36,"turns":3},{"damage":12,"enemies":"Orb Walker","floor":38,"turns":3},{"damage":9,"enemies":"Reptomancer","floor":40,"turns":3},{"damage":4,"enemies":"Jaw Worm Horde","floor":44,"turns":3},{"damage":4,"enemies":"Giant Head","floor":45,"turns":1},{"damage":9,"enemies":"Maw","floor":46,"turns":5},{"damage":4,"enemies":"Reptomancer","floor":47,"turns":2},{"damage":9,"enemies":"Donu and Deca","floor":50,"turns":3},{"damage":9,"enemies":"Time Eater","floor":51,"turns":6},{"damage":27,"enemies":"Shield and Spear","floor":55,"turns":4},{"damage":18,"enemies":"The Heart","floor":56,"turns":9}],"seed_played":"7082884168373534312","potions_obtained":[{"floor":7.0,"key":"PowerPotion"},{"floor":8.0,"key":"ElixirPotion"}],"is_trial":false,"path_per_floor":["M","?","M","?","$","E","M","E","T","E","R","M","M","M","R","B",null,"M","M","M","?","?","R","E","?","T","$","E","T","E","$","R","B",null,"M","?","$","M","?","E","R","?","T","M","E","M","E","$","R","B","B",null,"R","$","E","B",null],"character_chosen":"IRONCLAD","items_purchased":["Burning Pact","Orrery","ImprovedEquipment","Anchor","Charon\u0027s Ashes"],"campfire_rested":2,"item_purchase_floors":[31,37,48,48,54],"current_hp_per_floor":[72,61,67,44,44,33,32,48,48,61,61,67,81,91,91,91,91,91,93,95,67,67,67,66,66,66,66,75,75,93,93,93,94,107,111,113,117,119,119,119,119,119,119,119,119,121,123,123,125,125,125,125,125,125,110,125],"gold":167,"neow_bonus":"RANDOM_COMMON_RELIC","is_daily":false,"chose_seed":false,"campfire_upgraded":4,"win_rate":0.0,"timestamp":1612678148,"path_taken":["M","?","M","?","?","E","M","E","T","E","R","M","M","M","R","BOSS","M","M","M","?","?","R","E","?","T","$","E","?","E","$","R","BOSS","M","?","$","M","?","E","R","?","T","M","E","?","E","?","R","BOSS","BOSS","R","$","E","BOSS"],"items_purchased_type":["Card","Relic","Relic","Relic","Relic"],"build_version":"2020-12-22","purchased_purges":5,"victory":true,"max_hp_per_floor":[75,75,75,75,75,85,85,87,87,89,89,89,89,91,91,91,91,91,93,95,100,100,100,102,102,102,102,102,102,111,111,111,111,111,111,113,117,119,119,119,119,119,119,119,119,121,123,123,125,125,125,125,125,125,125,125],"card_choices":[{"not_picked":["Cleave","Combust"],"picked":"True Grit","floor":1.0},{"not_picked":["Cleave","True Grit","Iron Wave","Anger","Sword Boomerang"],"picked":"SKIP","floor":3.0},{"not_picked":["Clothesline","Intimidate","Warcry","MostiFishMod:TemporaryOutbreak"],"picked":"Immolate","floor":6.0},{"not_picked":["Pommel Strike","Iron Wave","Headbutt","Blood for Blood"],"picked":"MostiFishMod:ChineseTea","floor":7.0},{"not_picked":["Sword Boomerang","Perfected Strike","Juggernaut","Anger","Clash"],"picked":"Singing Bowl","floor":8.0},{"not_picked":["Cleave","Headbutt","True Grit","Thunderclap","Inflame"],"picked":"Singing Bowl","floor":10.0},{"not_picked":["Disarm","Sword Boomerang","Wild Strike","Uppercut"],"picked":"Shrug It Off","floor":12.0},{"not_picked":["Havoc","Iron Wave","Double Tap","Thunderclap"],"picked":"Fire Breathing","floor":13.0},{"not_picked":["Pommel Strike","Clash","Havoc","Perfected Strike","Headbutt"],"picked":"Singing Bowl","floor":14.0},{"not_picked":["Barricade","MostiFishMod:PerfectStrikeMKII","MostiFishMod:OrdinaryWorld","MostiFishMod:DoubleSword"],"picked":"MostiFishMod:FlyOverUtopia","floor":16.0},{"not_picked":["Flex","Armaments","Dual Wield","Sword Boomerang"],"picked":"Battle Trance+1","floor":18.0},{"not_picked":["Entrench","Combust+1","True Grit","Flex","Dual Wield+1"],"picked":"Singing Bowl","floor":19.0},{"not_picked":["Clothesline","Cleave","Thunderclap","Headbutt","Sentinel"],"picked":"Singing Bowl","floor":20.0},{"not_picked":["Perfected Strike","Warcry","Rampage","Dual Wield","Evolve"],"picked":"Singing Bowl","floor":24},{"not_picked":["Metallicize","Shrug It Off","Rampage","Warcry"],"picked":"Feel No Pain","floor":28},{"not_picked":["Shrug It Off","Evolve","MostiFishMod:DoubleSword","Havoc+1","Pommel Strike"],"picked":"Singing Bowl","floor":30},{"not_picked":["MostiFishMod:UltimateDefense","MostiFishMod:404NotFound","Feed","Corruption"],"picked":"Barricade","floor":33},{"not_picked":["Perfected Strike","Headbutt","Clothesline","Blood for Blood"],"picked":"Power Through","floor":35},{"not_picked":["Bloodletting","Clothesline","Iron Wave","Flex+1","Heavy Blade"],"picked":"Singing Bowl","floor":36},{"not_picked":["Thunderclap","Shrug It Off","Rupture","Cleave"],"picked":"Shockwave","floor":37},{"not_picked":["Metallicize+1","Fire Breathing","MostiFishMod:HellRitual","Entrench"],"picked":"Dark Embrace+1","floor":37},{"not_picked":["Warcry","Wild Strike","Cleave","Thunderclap"],"picked":"Corruption","floor":37},{"not_picked":["Cleave+1","Searing Blow","Power Through","Havoc","Fire Breathing"],"picked":"Singing Bowl","floor":37},{"not_picked":["Rampage","Fiend Fire","Flex","Anger","Havoc"],"picked":"Singing Bowl","floor":37},{"not_picked":["Heavy Blade+1","Flex","Clothesline","MostiFishMod:#F4004","Inflame"],"picked":"Singing Bowl","floor":38},{"not_picked":["Power Through","Thunderclap","Shrug It Off","Flame Barrier"],"picked":"Body Slam","floor":40},{"not_picked":["Cleave","Pommel Strike+1","Anger+1","Infernal Blade+1"],"picked":"Feel No Pain","floor":44},{"not_picked":["Havoc+1","Twin Strike","Limit Break","Infernal Blade+1"],"picked":"Feel No Pain","floor":45},{"not_picked":["Armaments","Intimidate","Clash","Cleave+1","MostiFishMod:BrandingRite"],"picked":"Singing Bowl","floor":46},{"not_picked":["Wild Strike","Shrug It Off","Warcry","Fire Breathing","Combust"],"picked":"Singing Bowl","floor":47},{"not_picked":["Havoc+1","Warcry","True Grit","Ghostly Armor+1","Clothesline+1"],"picked":"Singing Bowl","floor":49},{"not_picked":["Blood for Blood","Cleave+1","Thunderclap+1","Perfected Strike+1"],"picked":"Entrench+1","floor":53},{"not_picked":["Cleave","MostiFishMod:404NotFound","Body Slam+1","Flame Barrier"],"picked":"Second Wind","floor":55}],"player_experience":555841,"relics_obtained":[{"floor":1.0,"key":"SynthV:TestCard"},{"floor":6.0,"key":"Pear"},{"floor":8.0,"key":"Singing Bowl"},{"floor":9.0,"key":"Pantograph"},{"floor":10.0,"key":"Lantern"},{"floor":24,"key":"Blood Vial"},{"floor":29,"key":"StrikeDummy"},{"floor":30,"key":"Strawberry"},{"floor":36,"key":"Bird Faced Urn"},{"floor":40,"key":"Ornamental Fan"},{"floor":43,"key":"Dream Catcher"},{"floor":45,"key":"Boot"},{"floor":47,"key":"Centennial Puzzle"}],"event_choices":[{"damage_healed":0.0,"max_hp_gain":0.0,"max_hp_loss":0.0,"gold_gain":75.0,"event_name":"World of Goop","player_choice":"Gather Gold","floor":2.0,"gold_loss":0.0,"damage_taken":11.0},{"damage_healed":0.0,"max_hp_gain":0.0,"max_hp_loss":0.0,"gold_gain":0.0,"event_name":"Shining Light","player_choice":"Entered Light","floor":4.0,"gold_loss":0.0,"damage_taken":23.0,"cards_upgraded":["Defend_R","MostiFishMod:SparklingWater"]},{"damage_healed":0.0,"max_hp_gain":5.0,"max_hp_loss":0.0,"gold_gain":0.0,"event_name":"Forgotten Altar","player_choice":"Shed Blood","floor":21.0,"gold_loss":0.0,"damage_taken":33.0},{"damage_healed":0,"gold_gain":0,"player_choice":"Ignored","damage_taken":0,"max_hp_gain":0,"max_hp_loss":0,"event_name":"The Mausoleum","floor":22,"gold_loss":0},{"damage_healed":0,"gold_gain":0,"player_choice":"Obtained Relic","damage_taken":0,"relics_obtained":["Omamori"],"max_hp_gain":0,"max_hp_loss":0,"event_name":"Addict","floor":25,"gold_loss":85},{"damage_healed":0,"gold_gain":0,"player_choice":"Fight","damage_taken":0,"max_hp_gain":0,"max_hp_loss":0,"event_name":"Mysterious Sphere","floor":36,"gold_loss":0},{"damage_healed":0,"gold_gain":999,"player_choice":"Gold","damage_taken":0,"max_hp_gain":0,"max_hp_loss":0,"event_name":"MindBloom","floor":39,"gold_loss":0,"cards_obtained":["Normality","Normality"]},{"damage_healed":0,"gold_gain":0,"player_choice":"Ignored","damage_taken":0,"max_hp_gain":0,"max_hp_loss":0,"event_name":"SecretPortal","floor":42,"gold_loss":0}],"is_beta":false,"boss_relics":[{"not_picked":["Snecko Eye","EE1DDrone"],"picked":"HereWithMe"},{"not_picked":["SlaversCollar","Cursed Key"],"picked":"Fusion Hammer"}],"items_purged_floors":[5,27,31,48,54],"is_endless":false,"potions_floor_spawned":[7,8,10,13,14,18,19,35,45,46,55],"ascension_level":20}}