{"host":"z9rwthyxsf7d04ix","time":1612726285,"event":{"mods":["AchievementEnabler","BaseMod","Colored Map","Colored Powertips","Minty Spire (QoL Compilation)","Quick Restart"],"gold_per_floor":[119,135,147,147,163,196,196,121,121,155,155,155,176,207,207,327,327,343,343,343],"floor_reached":19,"language":"ENG","playtime":1471,"items_purged":["Defend_R"],"score":287,"play_id":"0e670f6c-f0dd-4b68-b416-ad36370893d0","local_time":"20210207213125","is_ascension_mode":false,"campfire_choices":[{"data":"Metallicize","floor":7.0,"key":"SMITH"},{"data":"Armaments","floor":12.0,"key":"SMITH"},{"floor":15,"key":"REST"}],"circlet_count":0,"master_deck":["Strike_R","Strike_R","Strike_R","Strike_R","Strike_R","Defend_R","Defend_R","Defend_R","Bash","Metallicize+1","Seeing Red","Armaments+1","Intimidate+1","Anger","Second Wind+1","Armaments+1","Barricade","CurseOfTheBell"],"relics":["Burning Blood","Golden Idol","Toxic Egg 2","Magic Flower","Turnip","Kunai","The Courier","Calling Bell","Regal Pillow","Shuriken","Calipers"],"acts_visited":["Exordium","TheCity"],"potions_floor_usage":[16,19],"damage_taken":[{"damage":3.0,"enemies":"Small Slimes","floor":1.0,"turns":4.0},{"damage":4.0,"enemies":"Jaw Worm","floor":2.0,"turns":5.0},{"damage":4.0,"enemies":"Cultist","floor":3.0,"turns":4.0},{"damage":0.0,"enemies":"Blue Slaver","floor":5.0,"turns":6.0},{"damage":16.0,"enemies":"Gremlin Nob","floor":6.0,"turns":5.0},{"damage":13.0,"enemies":"3 Sentries","floor":10.0,"turns":12.0},{"damage":0.0,"enemies":"Exordium Thugs","floor":13.0,"turns":5.0},{"damage":19,"enemies":"Lagavulin","floor":14,"turns":9},{"damage":35,"enemies":"Hexaghost","floor":16,"turns":10},{"damage":49,"enemies":"3 Byrds","floor":18,"turns":10},{"damage":66,"enemies":"Masked Bandits","floor":19,"turns":4}],"seed_played":"3689932414742083449","potions_obtained":[{"floor":2.0,"key":"Block Potion"},{"floor":3.0,"key":"Regen Potion"},{"floor":6.0,"key":"FearPotion"},{"floor":14,"key":"PowerPotion"}],"is_trial":true,"path_per_floor":["M","M","M","?","M","E","R","$","T","E","?","R","M","E","R","B",null,"M","?"],"character_chosen":"IRONCLAD","items_purchased":[],"campfire_rested":1,"item_purchase_floors":[],"current_hp_per_floor":[80,80,80,60,66,56,56,56,56,52,49,49,58,48,72,46,80,40,0,0],"gold":343,"neow_bonus":"","is_daily":false,"chose_seed":false,"campfire_upgraded":2,"win_rate":0.0,"timestamp":1612726285,"path_taken":["M","M","M","?","M","E","R","$","T","E","?","R","M","E","R","BOSS","M","?"],"items_purchased_type":[],"build_version":"2020-12-22","purchased_purges":1,"victory":false,"max_hp_per_floor":[80,80,80,80,80,80,80,80,80,80,80,80,80,80,80,80,80,80,80,80],"card_choices":[{"not_picked":["True Grit","Shockwave"],"picked":"Metallicize","floor":1.0},{"not_picked":["Body Slam","Disarm","True Grit"],"picked":"SKIP","floor":2.0},{"not_picked":["Headbutt","Perfected Strike"],"picked":"Seeing Red","floor":3.0},{"not_picked":["Cleave","Twin Strike"],"picked":"Armaments","floor":5.0},{"not_picked":["Heavy Blade","Carnage"],"picked":"Intimidate+1","floor":6.0},{"not_picked":["Havoc+1","Carnage"],"picked":"Anger","floor":10.0},{"not_picked":["Whirlwind","Dual Wield+1"],"picked":"Second Wind+1","floor":13},{"not_picked":["Brutality","Iron Wave"],"picked":"Armaments+1","floor":14},{"not_picked":["Fiend Fire","Corruption"],"picked":"Barricade","floor":16},{"not_picked":["Anger+1","Heavy Blade","Havoc+1"],"picked":"SKIP","floor":18}],"player_experience":743296,"relics_obtained":[{"floor":6.0,"key":"Toxic Egg 2"},{"floor":9.0,"key":"Magic Flower"},{"floor":10.0,"key":"Turnip"},{"floor":14,"key":"The Courier"},{"floor":17,"key":"Regal Pillow"},{"floor":17,"key":"Shuriken"},{"floor":17,"key":"Calipers"}],"event_choices":[{"damage_healed":0.0,"max_hp_gain":0.0,"max_hp_loss":0.0,"gold_gain":0.0,"event_name":"Golden Idol","player_choice":"Take Damage","floor":4.0,"gold_loss":0.0,"damage_taken":20.0,"relics_obtained":["Golden Idol"]},{"damage_healed":0.0,"max_hp_gain":0.0,"max_hp_loss":0.0,"gold_gain":0.0,"event_name":"Scrap Ooze","player_choice":"Success","floor":11.0,"gold_loss":0.0,"damage_taken":3.0,"relics_obtained":["Kunai"]},{"damage_healed":0,"gold_gain":0,"player_choice":"Fought Bandits","damage_taken":0,"max_hp_gain":0,"max_hp_loss":0,"event_name":"Masked Bandits","floor":19,"gold_loss":0}],"is_beta":false,"boss_relics":[{"not_picked":["Velvet Choker","Cursed Key"],"picked":"Calling Bell"}],"items_purged_floors":[8],"is_endless":true,"potions_floor_spawned":[2,3,6,14,16],"killed_by":"Masked Bandits","ascension_level":0}}