{"host":"x3688v8yj57o2b0e","time":1612660082,"event":{"mods":["BaseMod","Minty Spire (QoL Compilation)"],"gold_per_floor":[99,99,99,99,69,69,24,24,24,24,24,24,24,24,24,24,24,24,24,24,24,24,24,24,24,24,24,24,24,24,24,24,24,24,24,24,24,24,24,24,24],"floor_reached":40,"language":"ENG","playtime":2988,"items_purged":[],"score":516,"play_id":"7d46a0fe-60e2-472b-8eb4-189314610688","local_time":"20210206200802","is_ascension_mode":true,"campfire_choices":[{"data":"Vigilance","floor":6,"key":"SMITH"},{"floor":15,"key":"REST"},{"data":"Alpha","floor":23,"key":"SMITH"},{"data":"TalkToTheHand","floor":25,"key":"SMITH"},{"floor":32,"key":"REST"}],"circlet_count":0,"master_deck":["Eruption","Vigilance+1","PathToVictory","Crescendo","SashWhip","FlurryOfBlows","EmptyFist","CrushJoints","Establishment","Halt","Tantrum","CutThroughFate","BowlingBash","DeusExMachina","Wallop","ForeignInfluence","SignatureMove","SashWhip","CarveReality","TalkToTheHand+1","Alpha+1","ClearTheMind","FlurryOfBlows","SashWhip+1","EmptyBody","FollowUp","Vault","CutThroughFate+1","LessonLearned","CurseOfTheBell","WaveOfTheHand","EmptyFist","CutThroughFate+1","ClearTheMind+1"],"relics":["Ectoplasm","Yang","Tiny Chest","Pandora\u0027s Box","Red Mask","Mercury Hourglass","Regal Pillow","CaptainsWheel","Calling Bell","Orichalcum","Sundial","Pocketwatch","Question Card"],"acts_visited":["Exordium","TheCity","TheBeyond"],"potions_floor_usage":[10,16,18,20,30,31,31,37],"damage_taken":[{"damage":5,"enemies":"2 Louse","floor":1,"turns":3},{"damage":2,"enemies":"Cultist","floor":2,"turns":3},{"damage":1,"enemies":"Jaw Worm","floor":3,"turns":3},{"damage":10,"enemies":"Looter","floor":5,"turns":3},{"damage":6,"enemies":"3 Louse","floor":8,"turns":2},{"damage":0,"enemies":"3 Sentries","floor":10,"turns":5},{"damage":13,"enemies":"Gremlin Gang","floor":11,"turns":4},{"damage":0,"enemies":"2 Fungi Beasts","floor":12,"turns":2},{"damage":0,"enemies":"Exordium Thugs","floor":13,"turns":2},{"damage":5,"enemies":"Lots of Slimes","floor":14,"turns":3},{"damage":0,"enemies":"Slime Boss","floor":16,"turns":3},{"damage":0,"enemies":"Chosen","floor":18,"turns":3},{"damage":18,"enemies":"Masked Bandits","floor":20,"turns":3},{"damage":15,"enemies":"Shell Parasite","floor":24,"turns":3},{"damage":2,"enemies":"Snake Plant","floor":27,"turns":2},{"damage":1,"enemies":"Sentry and Sphere","floor":28,"turns":3},{"damage":0,"enemies":"Cultist and Chosen","floor":30,"turns":2},{"damage":27,"enemies":"Book of Stabbing","floor":31,"turns":4},{"damage":17,"enemies":"Champ","floor":33,"turns":8},{"damage":1,"enemies":"Orb Walker","floor":35,"turns":2},{"damage":26,"enemies":"3 Darklings","floor":37,"turns":4},{"damage":0,"enemies":"Transient","floor":38,"turns":5},{"damage":16,"enemies":"Maw","floor":39,"turns":8},{"damage":78,"enemies":"Giant Head","floor":40,"turns":8}],"seed_played":"-6231874141295109334","potions_obtained":[{"floor":1,"key":"LiquidBronze"},{"floor":4,"key":"Ambrosia"},{"floor":4,"key":"SneckoOil"},{"floor":5,"key":"Ambrosia"},{"floor":10,"key":"AttackPotion"},{"floor":16,"key":"SkillPotion"},{"floor":20,"key":"DistilledChaos"},{"floor":24,"key":"Block Potion"},{"floor":33,"key":"Strength Potion"},{"floor":37,"key":"FairyPotion"}],"is_trial":false,"path_per_floor":["M","M","M","?","M","R","$","M","T","E","M","M","M","M","R","B",null,"M","?","?","T","$","R","M","R","T","M","M","?","M","E","R","B",null,"M","T","M","M","M","E"],"character_chosen":"WATCHER","items_purchased":["EmptyFist"],"campfire_rested":2,"item_purchase_floors":[7],"current_hp_per_floor":[67,65,64,64,54,54,54,48,48,48,35,35,35,30,51,51,72,72,72,54,54,54,54,39,39,39,37,36,36,36,9,45,28,72,71,71,45,45,29,0,0],"gold":24,"neow_bonus":"BOSS_RELIC","is_daily":false,"chose_seed":false,"campfire_upgraded":3,"win_rate":0.0,"timestamp":1612660082,"path_taken":["M","M","M","?","M","R","$","M","T","E","M","M","M","?","R","BOSS","M","?","?","?","$","R","?","R","T","M","M","?","?","E","R","BOSS","M","?","M","M","?","E"],"items_purchased_type":["Card"],"build_version":"2020-12-22","purchased_purges":0,"victory":false,"max_hp_per_floor":[72,72,72,72,72,72,72,72,72,72,72,72,72,72,72,72,72,72,72,72,72,72,72,72,72,72,72,72,72,72,72,72,72,72,72,72,72,72,72,72,72],"card_choices":[{"not_picked":["Collect","SandsOfTime"],"picked":"PathToVictory","floor":1},{"not_picked":["FlyingSleeves","FlurryOfBlows"],"picked":"Crescendo","floor":2},{"not_picked":["Halt","Protect"],"picked":"SashWhip","floor":3},{"not_picked":["Protect","Consecrate"],"picked":"FlurryOfBlows","floor":5},{"not_picked":["SignatureMove","JustLucky"],"picked":"CrushJoints","floor":8},{"not_picked":["FollowUp","CrushJoints"],"picked":"Establishment","floor":10},{"not_picked":["CrushJoints","Prostrate"],"picked":"Halt","floor":11},{"not_picked":["Crescendo","CrushJoints"],"picked":"Tantrum","floor":12},{"not_picked":["EmptyMind","FollowUp"],"picked":"CutThroughFate","floor":13},{"not_picked":["Ragnarok","Crescendo"],"picked":"BowlingBash","floor":14},{"not_picked":["Ragnarok","ConjureBlade"],"picked":"DeusExMachina","floor":16},{"not_picked":["SashWhip+1","Sanctity"],"picked":"ClearTheMind","floor":18},{"not_picked":["Evaluate","FollowUp"],"picked":"FlurryOfBlows","floor":20},{"not_picked":["PathToVictory","CrushJoints"],"picked":"SashWhip+1","floor":24},{"not_picked":["Halt","WaveOfTheHand+1"],"picked":"EmptyBody","floor":27},{"not_picked":["Prostrate+1","BattleHymn"],"picked":"FollowUp","floor":28},{"not_picked":["FlyingSleeves","PathToVictory"],"picked":"Vault","floor":30},{"not_picked":["Crescendo","Halt+1"],"picked":"CutThroughFate+1","floor":31},{"not_picked":["SpiritShield","Judgement"],"picked":"LessonLearned","floor":33},{"not_picked":["Halt","Protect"],"picked":"WaveOfTheHand","floor":35},{"not_picked":["EmptyBody+1","FlurryOfBlows","BowlingBash+1"],"picked":"EmptyFist","floor":37},{"not_picked":["SignatureMove","Prostrate","Study"],"picked":"CutThroughFate+1","floor":38},{"not_picked":["WaveOfTheHand","BowlingBash","Meditate"],"picked":"ClearTheMind+1","floor":39}],"player_experience":199323,"relics_obtained":[{"floor":9,"key":"Yang"},{"floor":10,"key":"Tiny Chest"},{"floor":20,"key":"Red Mask"},{"floor":21,"key":"Mercury Hourglass"},{"floor":26,"key":"Regal Pillow"},{"floor":31,"key":"CaptainsWheel"},{"floor":34,"key":"Orichalcum"},{"floor":34,"key":"Sundial"},{"floor":34,"key":"Pocketwatch"},{"floor":36,"key":"Question Card"}],"event_choices":[{"damage_healed":0,"gold_gain":0,"player_choice":"Got Potions","damage_taken":0,"max_hp_gain":0,"max_hp_loss":0,"event_name":"Lab","floor":4,"gold_loss":0},{"damage_healed":0,"gold_gain":0,"player_choice":"Ignored","damage_taken":0,"max_hp_gain":0,"max_hp_loss":0,"event_name":"Vampires","floor":19,"gold_loss":0},{"damage_healed":0,"gold_gain":0,"player_choice":"Fought Bandits","damage_taken":0,"max_hp_gain":0,"max_hp_loss":0,"event_name":"Masked Bandits","floor":20,"gold_loss":0},{"cards_removed":["WreathOfFlame"],"damage_healed":0,"gold_gain":0,"player_choice":"Purged","damage_taken":0,"max_hp_gain":0,"max_hp_loss":0,"event_name":"Purifier","floor":29,"gold_loss":0}],"is_beta":false,"boss_relics":[{"not_picked":["Fusion Hammer","Astrolabe"],"picked":"Pandora\u0027s Box"},{"not_picked":["SlaversCollar","Tiny House"],"picked":"Calling Bell"}],"items_purged_floors":[],"is_endless":false,"potions_floor_spawned":[1,5,10,11,16,20,24,33,37],"killed_by":"Giant Head","ascension_level":1}}