{"host":"o3b7ow6d1xe49css","time":1612700599,"event":{"mods":["Act Like it!","Aspiration","BaseMod","Bestiary","Better Altar","Better Match","Better Note","Better Sensory Stone","Better Skull","Better Third Choice","Colored Powertips","Conspire","Energized Spire","Force Act Four","GifTheSpireLib","Halation","Hermit","Hubris","Infinite Spire","Lobotomy","Minty Spire (QoL Compilation)","Quick Restart","Rare Cards Sparkle","Relic Filter Mod","Reliquary","Replay The Spire","Spicy Shops","Spikes Relics","Spire Arcade","StSLib","Stuff the Spire","The Blue Laboratory","Wandering Minibosses"],"gold_per_floor":[115,133,152,163,177,177,209,242,268,268,284,284,68,94,94,94,94],"floor_reached":16,"language":"ENG","playtime":417,"items_purged":[],"score":184,"play_id":"5d0cc980-c6d5-47b0-a281-5d92c9fd18d5","local_time":"20210207032319","daily_mods":["Heirloom","Flight"],"is_ascension_mode":true,"campfire_choices":[{"data":"Bash","floor":6,"key":"SMITH"},{"data":"Double Tap","floor":10,"key":"SMITH"},{"floor":12,"key":"REST"},{"data":"Battle Trance","floor":15,"key":"SMITH"}],"circlet_count":0,"master_deck":["Strike_R","Strike_R","Strike_R","Strike_R","Strike_R","Defend_R","Defend_R+1","Defend_R","Scorched","Whirlwind","UniverseFragment","Twin Strike","Double Tap+1","Battle Trance+1","Doubt","UniverseFragment","Shrug It Off"],"relics":["Burning Blood","Ring of Chaos","StoneCalendar","CogitoBucket","RollingBoulder","Gremlin Food","Pen Nib","hubris:OldNail","DollysMirror","HornCleat"],"acts_visited":["Exordium"],"potions_floor_usage":[3,7,8,14],"damage_taken":[{"damage":6,"enemies":"Cultist","floor":1,"turns":3},{"damage":5,"enemies":"2 Louse","floor":2,"turns":2},{"damage":0,"enemies":"Small Slimes","floor":3,"turns":3},{"damage":1,"enemies":"2 Fungi Beasts","floor":4,"turns":2},{"damage":6,"enemies":"Looter","floor":5,"turns":4},{"damage":14,"enemies":"Gremlin Nob","floor":7,"turns":4},{"damage":10,"enemies":"3 Sentries","floor":8,"turns":2},{"damage":57,"enemies":"Blue Slaver","floor":11,"turns":4},{"damage":0,"enemies":"Gremlin Nob","floor":14,"turns":2},{"damage":52,"enemies":"Hexaghost","floor":16,"turns":9}],"seed_played":"-4086539464404445781","potions_obtained":[{"floor":2,"key":"Block Potion"},{"floor":4,"key":"HeartOfIron"},{"floor":7,"key":"blueLaboratory:FruitPunch"},{"floor":11,"key":"FearPotion"}],"is_trial":true,"path_per_floor":["M","M","M","M","M","R","E","E","T","R","M","R","$","E","R","B"],"character_chosen":"IRONCLAD","items_purchased":["hubris:OldNail","DollysMirror"],"campfire_rested":1,"item_purchase_floors":[13,13],"current_hp_per_floor":[80,80,80,80,80,80,72,70,70,70,19,43,43,49,49,0,0],"gold":94,"neow_bonus":"","is_daily":false,"chose_seed":false,"campfire_upgraded":3,"win_rate":0.0,"timestamp":1612700599,"path_taken":["M","M","M","M","M","R","E","E","T","R","?","R","$","E","R","BOSS"],"items_purchased_type":["Relic","Relic"],"build_version":"2020-12-22","purchased_purges":0,"victory":false,"max_hp_per_floor":[80,80,80,80,80,80,80,82,82,82,82,82,82,82,82,82,82],"card_choices":[{"not_picked":["OSAHOGD","FairyFestival"],"picked":"Scorched","floor":1},{"not_picked":["Body Slam","hubris:SharpeningStone","Havoc"],"picked":"SKIP","floor":1},{"not_picked":["OSAHOGD","OldLady","MeatLantern"],"picked":"Singing Bowl","floor":2},{"not_picked":["Reckless Charge","Cleave","Blood for Blood"],"picked":"SKIP","floor":2},{"not_picked":["Combust","Run Through"],"picked":"Whirlwind","floor":3},{"not_picked":["CrumblingArmor","VoidDream","SnowQueen"],"picked":"Singing Bowl","floor":3},{"not_picked":["VoidDream","CherryBlossoms"],"picked":"UniverseFragment","floor":4},{"not_picked":["Cleave","Headbutt","Massacre"],"picked":"SKIP","floor":4},{"not_picked":["Wellcheers","SpiderBud","WallGazer"],"picked":"Singing Bowl","floor":5},{"not_picked":["Dual Wield","Carnage","ReplayTheSpireMod:Strike From Hell"],"picked":"SKIP","floor":5},{"not_picked":["Whirlwind","Headbutt"],"picked":"Twin Strike","floor":7},{"not_picked":["Ghostly Armor","StuffTheSpire:RockThrow"],"picked":"Double Tap","floor":8},{"not_picked":["CherryBlossoms","LaLuna","Alriune"],"picked":"Singing Bowl","floor":11},{"not_picked":["Body Slam","StuffTheSpire:Slingshot"],"picked":"Battle Trance","floor":11},{"not_picked":["hubris:CleavingFinish","Rage"],"picked":"Shrug It Off","floor":14},{"not_picked":["Wellcheers","Bloodbath","OSAHOGD"],"picked":"Singing Bowl","floor":14}],"player_experience":1320373,"relics_obtained":[{"floor":7,"key":"RollingBoulder"},{"floor":8,"key":"Gremlin Food"},{"floor":9,"key":"Pen Nib"},{"floor":14,"key":"HornCleat"}],"event_choices":[],"is_beta":false,"boss_relics":[],"items_purged_floors":[],"is_endless":false,"potions_floor_spawned":[2,4,7,11],"killed_by":"Hexaghost","ascension_level":5}}