{"host":"etcb6tchevl37gae","time":1612669541,"event":{"mods":["BaseMod","Duelist Mod","GifTheSpireLib","Hubris","Minty Spire (QoL Compilation)","Permanent Neow","Remove Card Discount Mod","StSLib"],"gold_per_floor":[143,153,5000,4359,4375,4408,4408,4388,4438,4005,4005,4065,4085,4039,4039,4138,4138,4149,4131,3956,3971,3635,3666,3666,3695,3695,3670,3670,3670],"floor_reached":28,"language":"ENG","playtime":1580,"items_purged":["theDuelist:Sparks","theDuelist:Sparks","theDuelist:CastleWalls","theDuelist:CastleWalls","theDuelist:ToonAncientGear","theDuelist:ToonSummonedSkull","theDuelist:ToonBriefcase","theDuelist:MangaRyuRan","theDuelist:CheerfulCoffin"],"score":382,"play_id":"fff1ff89-e004-45c7-89bd-f67184d2a36a","local_time":"20210207114541","is_ascension_mode":true,"campfire_choices":[{"data":"theDuelist:ToonWorld","floor":7,"key":"SMITH"},{"floor":15,"key":"REST"},{"floor":24,"key":"REST"}],"circlet_count":0,"master_deck":["theDuelist:Sparks","theDuelist:ToonAncientGear","theDuelist:ToonMermaid","theDuelist:ToonSummonedSkull","theDuelist:ToonWorld+1","theDuelist:ToonKingdom","theDuelist:ToonGeminiElf","Panache","theDuelist:ToonMermaid","theDuelist:ToonCannonSoldier","theDuelist:PotGenerosity","theDuelist:UltimateOffering","theDuelist:ToonDarkMagician","theDuelist:ToonDarkMagicianGirl","theDuelist:SolemnStrike","theDuelist:DianKeto+1","theDuelist:ToonMagic","theDuelist:TrapHole","theDuelist:ToonRollback"],"relics":["theDuelist:MillenniumPuzzle","theDuelist:CardPoolRelic","theDuelist:CardPoolBasicRelic","theDuelist:BoosterPackPoolRelic","theDuelist:CardPoolAddRelic","theDuelist:CardPoolMinusRelic","theDuelist:CardPoolSaveRelic","theDuelist:CardPoolOptionsRelic","NeowsBlessing","theDuelist:NamelessPowerRelicA","Membership Card","Bag of Marbles","Dead Branch","Regal Pillow","Centennial Puzzle","Strange Spoon","hubris:ToyBattleship","Blue Candle","SsserpentHead","theDuelist:PointPass","MealTicket","theDuelist:GiftAnubis","Inserter","theDuelist:BoosterPackTrapEgg","Cables","Bronze Scales","Mango","Blood Vial","Toolbox","Dream Catcher","Bag of Preparation"],"acts_visited":["Exordium","TheCity"],"potions_floor_usage":[6,8,12,18,23,23,23],"damage_taken":[{"damage":2,"enemies":"2 Louse","floor":1,"turns":2},{"damage":1,"enemies":"Jaw Worm","floor":2,"turns":1},{"damage":4,"enemies":"Small Slimes","floor":5,"turns":2},{"damage":19,"enemies":"3 Sentries","floor":6,"turns":5},{"damage":23,"enemies":"Exordium Thugs","floor":8,"turns":4},{"damage":4,"enemies":"Large Slime","floor":12,"turns":3},{"damage":3,"enemies":"Blue Slaver","floor":13,"turns":2},{"damage":24,"enemies":"The Guardian","floor":16,"turns":6},{"damage":14,"enemies":"Chosen","floor":18,"turns":2},{"damage":33,"enemies":"Spheric Guardian","floor":21,"turns":4},{"damage":77,"enemies":"Slavers","floor":23,"turns":5},{"damage":28,"enemies":"Gremlin Leader","floor":25,"turns":3},{"damage":51,"enemies":"Slavers","floor":28,"turns":3}],"seed_played":"-1606252784918046860","potions_obtained":[{"floor":2,"key":"BloodPotion"},{"floor":8,"key":"theDuelist:BottledKuriboh"},{"floor":12,"key":"theDuelist:TributeBottle"}],"is_trial":false,"path_per_floor":["M","M","?","$","M","E","R","M","T","$","?","M","M","$","R","B",null,"M","?","$","M","$","E","R","E","T","?","E"],"character_chosen":"THE_DUELIST","items_purchased":["Membership Card","Bag of Marbles","Dead Branch","Swift Potion","theDuelist:BurningPotion","theDuelist:ToonBriefcase","theDuelist:ToonGeminiElf","theDuelist:PotGreed","Panache","theDuelist:ToonMermaid","Strange Spoon","hubris:ToyBattleship","theDuelist:ToonCannonSoldier","theDuelist:PotGenerosity","Blue Candle","theDuelist:ToonSummonedSkull","theDuelist:PointPass","MealTicket","theDuelist:GiftAnubis","theDuelist:ToonDarkMagicianGirl","Energy Potion","Cables","Bronze Scales","BlessingOfTheForge","Mango","Blood Vial","Toolbox","theDuelist:TrapHole"],"campfire_rested":2,"item_purchase_floors":[4,4,4,4,4,4,4,4,4,4,10,10,10,10,10,10,14,14,14,14,14,20,20,20,22,22,22,22],"current_hp_per_floor":[78,77,52,52,48,29,29,26,26,26,26,22,19,19,64,40,100,86,86,100,67,96,21,70,48,48,48,0,0],"gold":3670,"neow_bonus":"THREE_ENEMY_KILL","is_daily":false,"chose_seed":false,"campfire_upgraded":1,"win_rate":0.0,"timestamp":1612669541,"path_taken":["M","M","?","$","M","E","R","M","T","?","?","?","M","$","R","BOSS","M","?","?","M","$","E","R","E","T","?","E"],"items_purchased_type":["Relic","Relic","Relic","Potion","Potion","Card","Card","Card","Card","Card","Relic","Relic","Card","Card","Relic","Card","Relic","Relic","Relic","Card","Potion","Relic","Relic","Potion","Relic","Relic","Relic","Card"],"build_version":"2020-12-22","purchased_purges":9,"victory":false,"max_hp_per_floor":[80,80,100,100,100,100,100,100,100,100,100,100,100,100,100,100,100,100,100,100,100,114,114,114,114,114,114,114,114],"card_choices":[{"not_picked":["theDuelist:RedEyesToon","theDuelist:ToonBarrelDragon","theDuelist:FlyingSaucer","theDuelist:ToonMermaid"],"picked":"theDuelist:ToonAncientGear","floor":1},{"not_picked":["theDuelist:RedEyesToon","theDuelist:FlyingSaucer","theDuelist:ToonBarrelDragon","theDuelist:MangaRyuRan"],"picked":"theDuelist:ToonKingdom","floor":2},{"not_picked":["theDuelist:Hinotama","theDuelist:Kuriboh","theDuelist:GraniteLoyalist","theDuelist:GiantTrapHole","theDuelist:RainbowOverdragon"],"picked":"SKIP","floor":5},{"not_picked":["theDuelist:SpellShatteringArrow","theDuelist:MangaRyuRan","theDuelist:ToonMermaid","theDuelist:ToonBarrelDragon","theDuelist:ComicHand"],"picked":"SKIP","floor":6},{"not_picked":["theDuelist:ToonBarrelDragon","theDuelist:FlyingSaucer","theDuelist:RedEyesToon","theDuelist:MangaRyuRan"],"picked":"theDuelist:CheerfulCoffin","floor":8},{"not_picked":["theDuelist:ToonMask","theDuelist:DropOff","theDuelist:PowerWall","theDuelist:DestructPotion"],"picked":"theDuelist:UltimateOffering","floor":12},{"not_picked":["theDuelist:ToonMermaid","theDuelist:CheerfulCoffin","theDuelist:ToonAncientGear","theDuelist:FlyingSaucer"],"picked":"theDuelist:ToonDarkMagician","floor":13},{"not_picked":["theDuelist:SwordsConcealing","theDuelist:MagicCylinder","theDuelist:ObeliskTormentor","theDuelist:Solidarity"],"picked":"theDuelist:SolemnStrike","floor":16},{"not_picked":["theDuelist:AncientGearFist+1","theDuelist:MagicalStone+1","theDuelist:OneForOne+1","theDuelist:DestructPotion"],"picked":"theDuelist:DianKeto+1","floor":18},{"not_picked":["theDuelist:ToonBarrelDragon","theDuelist:CheerfulCoffin","theDuelist:ToonAncientGear","theDuelist:FlyingSaucer"],"picked":"theDuelist:ToonMagic","floor":21},{"not_picked":["theDuelist:BigFire","theDuelist:MudGolem","theDuelist:FlameTiger+1","theDuelist:GemArmadillo","theDuelist:PotGreed"],"picked":"SKIP","floor":23},{"not_picked":["theDuelist:ToonMask+1","theDuelist:ToonAncientGear"],"picked":"theDuelist:ToonRollback","floor":24},{"not_picked":["theDuelist:MangaRyuRan","theDuelist:RedEyesToon","theDuelist:FlyingSaucer","theDuelist:ToonAncientGear","theDuelist:ToonMask+1"],"picked":"SKIP","floor":25}],"player_experience":122728,"relics_obtained":[{"floor":6,"key":"Regal Pillow"},{"floor":9,"key":"Centennial Puzzle"},{"floor":23,"key":"Dream Catcher"},{"floor":25,"key":"Bag of Preparation"}],"event_choices":[{"power_reward":2,"total_magic_score":47,"gold_gain":0,"duelist":true,"damage_taken":45,"relics_obtained":["theDuelist:NamelessPowerRelicA"],"points":12,"max_hp_gain":20,"max_hp_loss":0,"spent_points":{"magic":2,"greed":0,"war":0,"power":2,"hunger":2},"event_name":"Nameless Tomb","hunger_reward":2,"floor":3,"gold_loss":72,"cards_obtained":[]},{"damage_healed":0,"gold_gain":0,"player_choice":"Trade","damage_taken":0,"relics_obtained":["SsserpentHead"],"max_hp_gain":0,"max_hp_loss":0,"event_name":"FaceTrader","floor":11,"gold_loss":0},{"damage_healed":0,"gold_gain":0,"player_choice":"Paid Gold","damage_taken":0,"relics_obtained":["theDuelist:BoosterPackTrapEgg"],"max_hp_gain":0,"max_hp_loss":0,"event_name":"WeMeetAgain","floor":19,"gold_loss":68},{"cards_removed":["theDuelist:PotGreed"],"damage_healed":0,"gold_gain":0,"player_choice":"Gave Gold","damage_taken":0,"max_hp_gain":0,"max_hp_loss":0,"event_name":"Beggar","floor":27,"gold_loss":75}],"is_beta":false,"boss_relics":[{"not_picked":["Runic Cube","hubris:BlackHole"],"picked":"Inserter"}],"items_purged_floors":[4,4,4,4,10,10,14,20,20],"is_endless":false,"potions_floor_spawned":[2,8,12,16,21],"killed_by":"Slavers","ascension_level":2}}