{"host":"jh7kh5nqtgzr3auj","time":1612701290,"event":{"mods":["AchievementEnabler","Act Like it!","BaseMod","CapriCore","Colored Powertips","Good Game Mod","Highlight Path","HololiveMod","Minty Spire (QoL Compilation)","Quick Restart","Relic Stats","StSLib","TestMod"],"gold_per_floor":[102,102,122,146,179,179,215,259,259,300,314,329,329,329,329,469,469,486,486,501,273,352,389,400,439,439,272,272,371,410,432,432,532,532,545,545,568,421,440,476,491,503,581,646,646,646,72,83,83,97],"floor_reached":51,"language":"ZHS","playtime":4887,"items_purged":["Hololive_Strike","Hololive_Defend"],"score":1080,"play_id":"fad92a54-fb5f-4c7c-95fa-38d135533fb4","local_time":"20210207203450","is_ascension_mode":false,"campfire_choices":[{"data":"Hololive_RecruitS","floor":6,"key":"SMITH"},{"data":"Hololive_Trident","floor":13,"key":"SMITH"},{"data":"Hololive_CallTsunomakiWatame","floor":15,"key":"SMITH"},{"data":"Hololive_Teleport","floor":28,"key":"SMITH"},{"data":"Reboot","floor":32,"key":"SMITH"},{"floor":46,"key":"RECALL"},{"data":"Hololive_CallShishiroBotan","floor":49,"key":"SMITH"}],"circlet_count":0,"master_deck":["Hololive_RecruitS+1","Hololive_RecruitS+1","Hololive_RecruitS+1","Hololive_RecruitS+1","Hololive_FlyingPonyTail+1","Hololive_FlyingPonyTail+1","Hololive_CallMoonaHoshinova+1","Hololive_CallTsunomakiWatame+1","Hololive_CallYogiri+1","Hololive_Trident+1","Hololive_CallInugamiKorone+1","Hololive_WolfAndLamb+1","Hololive_CallAiraniIofifteen+1","Hololive_RecruitS+1","Hololive_Yoholoon+1","Hololive_Nanodesu+1","Hololive_CallSpadeEcho+1","Hololive_FlyingPonyTail+1","Hololive_Teleport+1","Hololive_AWSL","Hololive_DurableLive+1","Hololive_CallAkaiHaato+1","Hololive_CallCivia+1","Hololive_OvertimeWork+1","Hololive_AWSL","testmod-Dream+1","Hololive_CallShishiroBotan+1"],"relics":["Hololive_TheStar","testmod-TestBox","REME:ComplimentaryCards","Hololive_YagooBigFamily","Calipers","testmod-D_4","War Paint","testmod-InfectionSource","testmod-BloodSacrificeSpiritualization","Darkstone Periapt","DollysMirror","Pen Nib","Blue Candle","testmod-ThousandKnives","Coffee Dripper","TheAbacus","Potion Belt","Letter Opener","Dream Catcher","Bottled Lightning","Toolbox"],"acts_visited":["Exordium","TheCity","TheBeyond"],"potions_floor_usage":[50],"damage_taken":[{"damage":0,"enemies":"2 Louse","floor":1,"turns":2},{"damage":0,"enemies":"Cultist","floor":3,"turns":2},{"damage":0,"enemies":"Small Slimes","floor":4,"turns":3},{"damage":0,"enemies":"Blue Slaver","floor":5,"turns":2},{"damage":0,"enemies":"3 Sentries","floor":7,"turns":3},{"damage":0,"enemies":"Exordium Thugs","floor":8,"turns":3},{"damage":0,"enemies":"Gremlin Gang","floor":10,"turns":3},{"damage":0,"enemies":"2 Fungi Beasts","floor":11,"turns":2},{"damage":0,"enemies":"Exordium Wildlife","floor":12,"turns":2},{"damage":0,"enemies":"Hexaghost","floor":16,"turns":6},{"damage":3,"enemies":"3 Byrds","floor":18,"turns":4},{"damage":3,"enemies":"2 Thieves","floor":20,"turns":3},{"damage":3,"enemies":"Shelled Parasite and Fungi","floor":22,"turns":6},{"damage":3,"enemies":"Gremlin Leader","floor":23,"turns":2},{"damage":3,"enemies":"Centurion and Healer","floor":24,"turns":2},{"damage":3,"enemies":"Snecko","floor":25,"turns":3},{"damage":3,"enemies":"Book of Stabbing","floor":30,"turns":2},{"damage":3,"enemies":"3 Cultists","floor":31,"turns":3},{"damage":0,"enemies":"Collector","floor":33,"turns":2},{"damage":3,"enemies":"3 Darklings","floor":35,"turns":2},{"damage":3,"enemies":"Orb Walker","floor":37,"turns":2},{"damage":0,"enemies":"Sphere and 2 Shapes","floor":39,"turns":2},{"damage":4,"enemies":"Nemesis","floor":40,"turns":2},{"damage":0,"enemies":"Writhing Mass","floor":41,"turns":3},{"damage":4,"enemies":"Jaw Worm Horde","floor":42,"turns":2},{"damage":0,"enemies":"Giant Head","floor":44,"turns":3},{"damage":4,"enemies":"Spire Growth","floor":48,"turns":1},{"damage":4,"enemies":"Time Eater","floor":50,"turns":4}],"seed_played":"-361466993501171264","potions_obtained":[{"floor":3,"key":"Block Potion"},{"floor":4,"key":"BlessingOfTheForge"},{"floor":7,"key":"Explosive Potion"},{"floor":10,"key":"EntropicBrew"},{"floor":20,"key":"DuplicationPotion"},{"floor":24,"key":"Energy Potion"},{"floor":25,"key":"DistilledChaos"},{"floor":40,"key":"EssenceOfSteel"},{"floor":41,"key":"Strength Potion"}],"is_trial":false,"path_per_floor":["M","?","M","M","M","R","E","M","T","M","M","M","R","?","R","B",null,"M","?","M","$","M","E","M","M","T","$","R","?","E","M","R","B",null,"M","?","M","$","M","E","M","M","T","E","?","R","$","M","R","B",null],"character_chosen":"Hololive_HololiveCharacter","items_purchased":["DollysMirror","Hololive_Teleport","TheAbacus","Bottled Lightning","testmod-Dream","Toolbox"],"campfire_rested":0,"item_purchase_floors":[21,27,38,47,47,47],"current_hp_per_floor":[26,26,26,26,26,26,26,26,26,26,26,26,26,19,19,19,35,35,35,32,32,29,26,23,20,20,20,20,20,29,27,27,28,37,35,35,33,33,40,37,38,35,35,37,37,37,37,35,35,33],"gold":97,"neow_bonus":"ONE_RARE_RELIC","is_daily":false,"chose_seed":false,"campfire_upgraded":6,"win_rate":0.0,"timestamp":1612701290,"path_taken":["M","?","M","M","M","R","E","M","T","M","M","?","R","?","R","BOSS","M","?","M","?","M","E","M","?","T","$","R","?","E","M","R","BOSS","M","?","M","$","M","E","M","M","T","E","?","R","$","M","R","BOSS"],"items_purchased_type":["Relic","Card","Relic","Relic","Card","Relic"],"build_version":"2020-12-22","purchased_purges":2,"victory":true,"max_hp_per_floor":[35,35,35,35,35,35,35,35,35,35,35,35,35,35,35,35,35,35,35,35,35,35,35,35,35,35,35,35,35,35,36,36,37,37,38,38,39,39,40,41,42,43,43,45,45,45,45,47,47,49],"relic_stats":{"Darkstone Periapt":0,"Dream Catcher":0,"TheAbacus":[30],"counters":[28,76],"Blue Candle":[0],"Pen Nib":[18],"Letter Opener":[105],"War Paint":["Hololive_RecruitS","Hololive_RecruitS"],"obtain_stats":[{"Darkstone Periapt":19,"Potion Belt":40,"testmod-TestBox":0,"Calipers":0,"Blue Candle":26,"Pen Nib":23,"testmod-BloodSacrificeSpiritualization":17,"Letter Opener":43,"War Paint":7,"REME:ComplimentaryCards":0,"Dream Catcher":44,"TheAbacus":38,"testmod-D_4":0,"DollysMirror":21,"Hololive_TheStar":0,"Hololive_YagooBigFamily":0,"testmod-ThousandKnives":30,"Toolbox":47,"Coffee Dripper":34,"testmod-InfectionSource":9,"Bottled Lightning":47},{"Darkstone Periapt":11,"Potion Belt":23,"testmod-TestBox":0,"Calipers":0,"Blue Candle":16,"Pen Nib":14,"testmod-BloodSacrificeSpiritualization":10,"Letter Opener":25,"War Paint":5,"REME:ComplimentaryCards":0,"Dream Catcher":26,"TheAbacus":21,"testmod-D_4":0,"DollysMirror":12,"Hololive_TheStar":0,"Hololive_YagooBigFamily":0,"testmod-ThousandKnives":17,"Toolbox":26,"Coffee Dripper":19,"testmod-InfectionSource":6,"Bottled Lightning":26},{"Darkstone Periapt":32,"Potion Belt":63,"testmod-TestBox":0,"Calipers":0,"Blue Candle":48,"Pen Nib":43,"testmod-BloodSacrificeSpiritualization":28,"Letter Opener":68,"War Paint":12,"REME:ComplimentaryCards":0,"Dream Catcher":71,"TheAbacus":59,"testmod-D_4":0,"DollysMirror":35,"Hololive_TheStar":0,"Hololive_YagooBigFamily":0,"testmod-ThousandKnives":50,"Toolbox":71,"Coffee Dripper":55,"testmod-InfectionSource":15,"Bottled Lightning":71}]},"card_choices":[{"not_picked":["Hololive_LuckPotion","Hololive_CocoNews","Hololive_Breathe"],"picked":"Hololive_FlyingPonyTail","floor":1},{"not_picked":["Hololive_HuntDinosaur","Hololive_Sequa","Hololive_Rebound","Hololive_Breathe"],"picked":"SKIP","floor":3},{"not_picked":["Hololive_RevenueBasedLive","Hololive_Sequa","Hololive_CallMurasakiShion"],"picked":"Hololive_FlyingPonyTail","floor":4},{"not_picked":["Hololive_Sequa","Hololive_BeCareful","Hololive_CallTokoyamiTowa"],"picked":"Hololive_CallMoonaHoshinova","floor":5},{"not_picked":["Hololive_CocoNews","Hololive_RevenueBasedLive","Hololive_HuntDinosaur"],"picked":"Hololive_CallTsunomakiWatame","floor":7},{"not_picked":["Hololive_RevenueBasedLive","Hololive_Sequa","Hololive_Drill","Hololive_Psychosis"],"picked":"SKIP","floor":8},{"not_picked":["Hololive_Sequa","Hololive_CallManoAloe","Hololive_LuckPotion"],"picked":"Hololive_CallYogiri","floor":10},{"not_picked":["Hololive_CocoNews","Hololive_FlyingPonyTail","Hololive_BeCareful"],"picked":"Hololive_Trident","floor":11},{"not_picked":["Hololive_Teleport","Hololive_CallMoonaHoshinova","Hololive_CallShiranuiFlare"],"picked":"Hololive_CallInugamiKorone","floor":12},{"not_picked":["Hololive_DiamondStrike","Hololive_Nanodesu","Hololive_BeCareful"],"picked":"Hololive_WolfAndLamb","floor":16},{"not_picked":["Hololive_CallSakuraMiko","Hololive_StrengthChampion+1","Hololive_RevenueBasedLive","Hololive_LuckPotion"],"picked":"SKIP","floor":18},{"not_picked":["Hololive_FlyingPonyTail","Hololive_HuntDinosaur","Hololive_OvertimeWork+1"],"picked":"Hololive_CallAiraniIofifteen","floor":20},{"not_picked":["Hololive_FlyingPonyTail+1","Hololive_Psychosis+1","Hololive_Sequa"],"picked":"Hololive_Yoholoon+1","floor":22},{"not_picked":["Hololive_OpenUp","Hololive_CocoNews","Hololive_RevenueBasedLive+1"],"picked":"Hololive_Nanodesu","floor":23},{"not_picked":["Hololive_CocoNews+1","Hololive_Watashimo","Hololive_Breathe"],"picked":"Hololive_CallSpadeEcho","floor":24},{"not_picked":["Hololive_CallRosalyn","Hololive_CallHoushouMarine+1","Hololive_CallAkiRosenthal"],"picked":"Hololive_FlyingPonyTail+1","floor":25},{"not_picked":["Hololive_FlyingPonyTail","Hololive_Psychosis+1","Hololive_StrengthChampion"],"picked":"Hololive_AWSL","floor":30},{"not_picked":["Hololive_LuckPotion+1","Hololive_CocoNews","Hololive_StrengthChampion","Hololive_Teleport"],"picked":"SKIP","floor":31},{"not_picked":["Hololive_FlareMind","Hololive_Nanodesu","Hololive_WolfAndLamb"],"picked":"Hololive_DurableLive","floor":33},{"not_picked":["Hololive_DevilCharm+1","Hololive_LuckPotion+1","Hololive_Trident+1","Hololive_Rebound+1"],"picked":"SKIP","floor":35},{"not_picked":["Hololive_Psychosis","Hololive_FlareMind","Hololive_StrengthChampion+1"],"picked":"Hololive_CallAkaiHaato","floor":37},{"not_picked":["Hololive_FlyingPonyTail+1","Hololive_CallAZKi+1","Hololive_CallFriendA","Hololive_Psychosis+1"],"picked":"SKIP","floor":39},{"not_picked":["Hololive_CallShishiroBotan","Hololive_CallHimemoriLuna+1","Hololive_StarCraft"],"picked":"Hololive_CallCivia+1","floor":40},{"not_picked":["Hololive_CallAkaiHaato","Hololive_Breathe+1","Hololive_CocoNews"],"picked":"Hololive_OvertimeWork+1","floor":41},{"not_picked":["Hololive_CocoNews","Hololive_Drill+1","Hololive_Sequa+1"],"picked":"Hololive_AWSL","floor":42},{"not_picked":["Hololive_Rebound+1","Hololive_LuckPotion","Hololive_CallTokinoSora+1","Hololive_OvertimeWork"],"picked":"SKIP","floor":44},{"not_picked":["Hololive_CallManoAloe+1","Hololive_CallAkiRosenthal+1","Hololive_CallSakuraMiko+1"],"picked":"Hololive_CallShishiroBotan","floor":48}],"player_experience":312185,"relics_obtained":[{"floor":7,"key":"War Paint"},{"floor":9,"key":"testmod-InfectionSource"},{"floor":19,"key":"Darkstone Periapt"},{"floor":23,"key":"Pen Nib"},{"floor":26,"key":"Blue Candle"},{"floor":30,"key":"testmod-ThousandKnives"},{"floor":40,"key":"Potion Belt"},{"floor":43,"key":"Letter Opener"},{"floor":44,"key":"Dream Catcher"}],"event_choices":[{"damage_healed":0,"gold_gain":0,"player_choice":"Upgraded","damage_taken":0,"max_hp_gain":0,"max_hp_loss":0,"event_name":"Upgrade Shrine","floor":2,"gold_loss":0,"cards_upgraded":["Hololive_RecruitS"]},{"damage_healed":0,"gold_gain":0,"player_choice":"Entered Light","damage_taken":7,"max_hp_gain":0,"max_hp_loss":0,"event_name":"Shining Light","floor":14,"gold_loss":0,"cards_upgraded":["Hololive_CallInugamiKorone","Hololive_FlyingPonyTail"]},{"damage_healed":0,"gold_gain":0,"player_choice":"Relic","damage_taken":0,"max_hp_gain":0,"max_hp_loss":0,"event_name":"Wheel of Change","floor":19,"gold_loss":0},{"damage_healed":0,"gold_gain":99,"player_choice":"Stole From Cult","damage_taken":0,"max_hp_gain":0,"max_hp_loss":0,"event_name":"Nest","floor":29,"gold_loss":0},{"damage_healed":0,"gold_gain":0,"player_choice":"Ignored","damage_taken":0,"max_hp_gain":0,"max_hp_loss":0,"event_name":"Tomb of Lord Red Mask","floor":36,"gold_loss":0},{"cards_removed":["Reboot"],"damage_healed":0,"gold_gain":0,"player_choice":"Purged","damage_taken":0,"max_hp_gain":0,"max_hp_loss":0,"event_name":"Purifier","floor":45,"gold_loss":0}],"is_beta":false,"boss_relics":[{"not_picked":["testmod-EnergyCheck","testmod-HarvestTotem"],"picked":"testmod-BloodSacrificeSpiritualization"},{"not_picked":["Calling Bell","Sozu"],"picked":"Coffee Dripper"}],"items_purged_floors":[21,27],"is_endless":false,"potions_floor_spawned":[3,4,7,10,20,24,25,30,35,40,41,48],"ascension_level":0}}