{"host":"d42v9a78iaxjks5w","time":1612658713,"event":{"mods":["BaseMod","BetterRewards","Colored Map","Colored Powertips","Downfall","Infinite Spire","Minty Spire (QoL Compilation)","Replay The Spire","StSLib"],"gold_per_floor":[118,22,22,39,39,39,67,67,67,67,83,83,83,102,102,203,203,219,231,211,225,244,244,244,277,277,277,291,8,25,40,40,40,40],"floor_reached":33,"language":"ENG","playtime":1044,"items_purged":[],"score":307,"play_id":"f9cde3b9-e1c2-4aa6-b505-e03ed10369b7","local_time":"20210206184513","is_ascension_mode":true,"campfire_choices":[{"data":"infinitespire:FinalStrike","floor":6,"key":"SMITH"},{"data":"Dropkick","floor":8,"key":"SMITH"},{"data":"Bash","floor":15,"key":"SMITH"},{"data":"Life Link","floor":23,"key":"SMITH"},{"data":"infinitespire:Gouge","floor":27,"key":"SMITH"},{"data":"Metallicize","floor":32,"key":"SMITH"}],"circlet_count":0,"master_deck":["Strike_R","Strike_R","Strike_R","Strike_R","Strike_R","Defend_R","Defend_R","Defend_R","Defend_R+1","Bash+1","Finesse+1","infinitespire:FinalStrike+1","Dropkick+1","Parasite","Feed","Inflame","Metallicize","Life Link+1","Metallicize+1","infinitespire:Gouge+1","Iron Wave+1","Sadistic Nature","Master of Strategy","Good Instincts","Life Link+1","Body Slam+1"],"relics":["Burning Blood","NeowsBlessing","War Paint","Replay:Bottled Steam","Philosopher\u0027s Stone","Toy Ornithopter","infinitespire:Joker Card","ReplayTheSpireMod:ShopPack","Pet Ghost"],"acts_visited":["Exordium","TheCity"],"potions_floor_usage":[16,16,18,21,25,25,28,33],"damage_taken":[{"damage":0,"enemies":"Jaw Worm","floor":1,"turns":1},{"damage":0,"enemies":"2 Louse","floor":4,"turns":1},{"damage":0,"enemies":"Gremlin Nob","floor":7,"turns":1},{"damage":0,"enemies":"Cultist","floor":11,"turns":2},{"damage":15,"enemies":"3 Louse","floor":14,"turns":4},{"damage":37,"enemies":"Hexaghost","floor":16,"turns":6},{"damage":7,"enemies":"Chosen","floor":18,"turns":2},{"damage":0,"enemies":"Spheric Guardian","floor":19,"turns":3},{"damage":16,"enemies":"Snake Plant","floor":21,"turns":4},{"damage":12,"enemies":"Snecko","floor":22,"turns":4},{"damage":38,"enemies":"Nightmare","floor":25,"turns":5},{"damage":0,"enemies":"Shelled Parasite and Fungi","floor":28,"turns":3},{"damage":10,"enemies":"3 Cultists","floor":30,"turns":5},{"damage":11,"enemies":"Cultist and Chosen","floor":31,"turns":4},{"damage":53,"enemies":"Automaton","floor":33,"turns":6}],"seed_played":"-9076510772213169574","potions_obtained":[{"floor":7,"key":"Energy Potion"},{"floor":14,"key":"infinitespire:BlackPotion"},{"floor":16,"key":"DistilledChaos"},{"floor":18,"key":"Swift Potion"},{"floor":20,"key":"Ancient Potion"},{"floor":22,"key":"SneckoOil"},{"floor":25,"key":"AttackPotion"},{"floor":30,"key":"sneckomod:MuddlingPotion"},{"floor":31,"key":"Milkshake"}],"is_trial":false,"path_per_floor":["M","$","?","M","?","R","E","R","T","?","M","$","?","M","R","B",null,"M","M","?","M","M","R","?","NM","T","R","M","$","M","M","R","B"],"character_chosen":"IRONCLAD","items_purchased":["Finesse","ReplayTheSpireMod:ShopPack","Pet Ghost"],"campfire_rested":0,"item_purchase_floors":[2,29,29],"current_hp_per_floor":[80,80,60,66,71,71,77,77,77,85,85,85,85,76,76,45,85,84,88,88,78,72,72,72,40,40,40,54,54,53,48,48,0,0],"gold":40,"neow_bonus":"THREE_ENEMY_KILL","is_daily":false,"chose_seed":false,"campfire_upgraded":6,"win_rate":0.0,"timestamp":1612658713,"path_taken":["M","$","?","M","?","R","E","R","T","?","M","$","?","M","R","BOSS","M","M","?","M","?","R","?","NM","T","R","M","$","M","M","R","BOSS"],"items_purchased_type":["Card","Relic","Relic"],"build_version":"2020-12-22","purchased_purges":0,"victory":false,"max_hp_per_floor":[80,80,80,80,85,85,85,85,85,85,85,85,85,85,85,85,85,85,88,88,88,88,88,88,88,88,88,91,91,94,94,94,94,94],"card_choices":[{"not_picked":["Armaments","Heavy Blade","Sever Soul"],"picked":"SKIP","floor":1},{"not_picked":["infinitespire:Menacing","infinitespire:Oblivion"],"picked":"infinitespire:FinalStrike","floor":3},{"not_picked":["Pummel","Clothesline"],"picked":"Dropkick","floor":4},{"not_picked":["ReplayReversal","Replay:Undeath\u0027s Touch","Rampage"],"picked":"SKIP","floor":7},{"not_picked":["Clothesline","True Grit","ReplayTheSpireMod:Muscle Training"],"picked":"SKIP","floor":11},{"not_picked":["ReplayTheSpireMod:Corrosion Curse","Twin Strike","Warcry"],"picked":"SKIP","floor":14},{"not_picked":["Eclipse","Juggernaut"],"picked":"Feed","floor":16},{"not_picked":["Heavy Blade","Massacre"],"picked":"Inflame","floor":18},{"not_picked":["Cleave","Sword Boomerang+1"],"picked":"Metallicize","floor":19},{"not_picked":["ReplayTheSpireMod:Strike From Hell+1","Massacre","Seeing Red"],"picked":"SKIP","floor":21},{"not_picked":["Bloodletting","Heavy Blade"],"picked":"Life Link","floor":22},{"not_picked":["infinitespire:Punishment","infinitespire:Fortify"],"picked":"infinitespire:Gouge","floor":25},{"not_picked":["Flex","Defy Death"],"picked":"Iron Wave+1","floor":25},{"not_picked":["Spot Weakness","Armaments","ReplayTheSpireMod:Strike From Hell+1"],"picked":"SKIP","floor":28},{"not_picked":["Poisoned Strike","Apotheosis"],"picked":"Sadistic Nature","floor":29},{"not_picked":["ReplayTheSpireMod:Necrogeddon","Dramatic Entrance"],"picked":"Master of Strategy","floor":29},{"not_picked":["Bandage Up","PanicButton"],"picked":"Good Instincts","floor":29},{"not_picked":["Iron Wave","Thunderclap"],"picked":"Life Link+1","floor":30},{"not_picked":["ReplayTheSpireMod:Muscle Training","Flex"],"picked":"Body Slam+1","floor":31}],"player_experience":98148,"relics_obtained":[{"floor":7,"key":"War Paint"},{"floor":9,"key":"Replay:Bottled Steam"},{"floor":25,"key":"Toy Ornithopter"},{"floor":26,"key":"infinitespire:Joker Card"}],"event_choices":[{"damage_healed":0,"gold_gain":0,"player_choice":"Donut","damage_taken":0,"max_hp_gain":5,"max_hp_loss":0,"event_name":"Big Fish","floor":5,"gold_loss":0},{"damage_healed":21,"gold_gain":0,"player_choice":"Healed and dodged fight","damage_taken":0,"max_hp_gain":0,"max_hp_loss":0,"event_name":"Mushrooms","floor":10,"gold_loss":0,"cards_obtained":["Parasite"]},{"damage_healed":0,"gold_gain":0,"player_choice":"Bought 1 Potion","damage_taken":0,"max_hp_gain":0,"max_hp_loss":0,"event_name":"The Woman in Blue","floor":20,"gold_loss":0},{"damage_healed":0,"gold_gain":0,"player_choice":"Read","damage_taken":0,"max_hp_gain":0,"max_hp_loss":0,"event_name":"The Library","floor":24,"gold_loss":0,"cards_obtained":["Metallicize"]}],"is_beta":false,"boss_relics":[{"not_picked":["Replay:Drink Me","Cursed Key"],"picked":"Philosopher\u0027s Stone"}],"items_purged_floors":[],"is_endless":true,"potions_floor_spawned":[7,14,16,18,22,25,30,31],"killed_by":"Automaton","ascension_level":1}}