{"host":"vr9me2kif8p2xyyc","time":1612710008,"event":{"mods":["2.2 Compatiblity","A Magickal Journey","AchievementEnabler","Act Like it!","Arknights","Aspiration","Astrologer","Bard","Bartender","BaseMod","Beaked The Cultist","Better Match","Better Note","Better Skull","Better Third Choice","BetterRewards","Block Reminder","Booster Modes","CapriCore","Challenge The Spire","ChefMod","Clawfect","Colored Map","Colored Powertips","Conjunction","Conspire","Downfall","Elementarium","Energized Spire","Friendly Minions","GifTheSpireLib","Glutton Mod","Halation","Hallownest","Hermit","Hubris","Jorbs\u0027s Wanderer Trilogy","Kratos Character Expansion","Mad Scientist","Marisa????????","Minty Spire (QoL Compilation)","Pale of the Ancients","Permanent Neow","Potionbrewer","QueenMod","Quick Restart","Random Character Button","Rare Cards Sparkle","Relic Stats","Reliquary","Remilia??????","Replay The Spire","Reworked Bosses","Robot Space Explorer","SCP261 Mod","SIMod","Shade Mod","Shop Mod","Slumbering Mod","Spicy Shops","Spikes Relics","Spire Arcade","StSLib","Stuff the Spire","SuperFastMode","Td1madao Mod","The Alterego","The Animator","The Blackbeard","The Bladedancer","The Blue Laboratory","The Bug Knight","The Caster","The Clintock","The Construct","The Cursed","The Death Knight","The Disciple","The Dragon Tamer","The Druid","The Elementalist","The Exalted","The Extravagant","The Fake Hero","The Florist","The Forsaken","The Gatherer","The Hayseed","The Hierophant","The Immortal","The Judge","The Jungle","The Kombatant","The Marked","The Mystic","The Necromancer","The Poker Player","The Problem Sleuth","The Runesmith","The Sage","The Servant 0.9.4","The Spell Scribe","The Valiant","TheBandit","TheFirefly","TheVacant","TheWitcher","Treasure Hunter","Wandering Minibosses","Yohane!","thorton"],"gold_per_floor":[118,118,128,141,161,176,176,2,25,43,43,78,95,95,95,95,95],"floor_reached":16,"language":"ENG","playtime":681,"items_purged":["SwitchThreat","theMarked:Strike"],"score":154,"play_id":"6d5e651a-ea8d-4fab-9acf-be18a41b6ab0","local_time":"20210207090008","is_ascension_mode":false,"campfire_choices":[{"floor":15,"key":"REST"}],"circlet_count":0,"master_deck":["theMarked:Strike","theMarked:Strike","theMarked:Strike","theMarked:Defend","theMarked:Defend","theMarked:Defend","theMarked:Defend","theMarked:SoldierOfQuellstein","theMarked:SwordAndMagic","theMarked:PowerFlow","theMarked:RogueSparks","theMarked:Abjuration","Violence","theMarked:EnhanceMovement","theMarked:SuspiciousRaven","Injury"],"relics":["theMarked:ArtifactOfAir","ReplayTheSpireMod:CursedCoin","MerchantsRug","halation:PinkSoulGem","Orichalcum","halation:PrussianBluePaint","Akabeko","Molten Egg 2"],"acts_visited":["Exordium"],"potions_floor_usage":[],"damage_taken":[{"damage":0,"enemies":"2 Louse","floor":1,"turns":3},{"damage":5,"enemies":"Jaw Worm","floor":3,"turns":4},{"damage":0,"enemies":"Cultist","floor":4,"turns":3},{"damage":21,"enemies":"Large Slime","floor":5,"turns":7},{"damage":13,"enemies":"Exordium Wildlife","floor":6,"turns":6},{"damage":17,"enemies":"Exordium Thugs","floor":10,"turns":4},{"damage":6,"enemies":"3 Sentries","floor":12,"turns":4},{"damage":3,"enemies":"Red Slaver","floor":13,"turns":3},{"damage":27,"enemies":"The Guardian","floor":16,"turns":5}],"seed_played":"-3744359729378900608","potions_obtained":[{"floor":3,"key":"DeathKnight:RimePotion"},{"floor":4,"key":"blueLaboratory:ArtificerPotion"},{"floor":5,"key":"sneckomod:MuddlingPotion"},{"floor":6,"key":"Strength Potion"}],"is_trial":false,"path_per_floor":["M","?","M","M","M","M","?","$","T","M","?","E","M","?","R","B"],"character_chosen":"THE_DEFAULT","items_purchased":["ReplayTheSpireMod:CursedCoin","MerchantsRug","Orichalcum","Violence"],"campfire_rested":1,"item_purchase_floors":[0,0,8,8],"current_hp_per_floor":[70,70,65,65,44,31,31,31,31,14,14,8,5,5,26,0,0],"gold":95,"neow_bonus":"","is_daily":false,"chose_seed":false,"campfire_upgraded":0,"win_rate":0.0,"timestamp":1612710008,"path_taken":["M","?","M","M","M","M","?","$","T","M","?","E","?","?","R","BOSS"],"items_purchased_type":["Relic","Relic","Relic","Card"],"build_version":"2020-12-22","purchased_purges":2,"victory":false,"max_hp_per_floor":[70,70,70,70,70,70,70,70,70,70,70,70,70,70,70,70,70],"relic_stats":{"counters":[148,794],"Orichalcum":[36],"obtain_stats":[{"Conjunction:SoulLantern":46,"Whetstone":40,"Old Coin":38,"theForsaken:HumbleEgg":0,"Replay:Ringing Soul":29,"Archangels Feather":17,"HollowMod:PaleOreRelic":20,"Replay:Wax Seal":3,"MerchantsRug":30,"theMarked:DemonDagger":9,"Sneakers":0,"aspiration:FrozenJewel":3,"Akabeko":12,"potionbrewer:Torch":12,"SlaversCollar":17,"sagemod:Creepy_Carousel":6,"Bromod:ArcaneEnergize":17,"theSlumbering:EnchantedHammer":17,"thethorton:CrushedCigarette":34,"Abe\u0027s Treasure":17,"Regal Pillow":20,"Torii":0,"halation:TrafficLight":0,"sagemod:Blowpipe":6,"sagemod:The_Guidebook_Guide":48,"StuffTheSpire:OccultApparatus":22,"reliquary:TridentHead":11,"Matryoshka":26,"halation:Toothbrush":7,"StuffTheSpire:RedRose":14,"Replay:Bottled Eggs":9,"Golden Idol":3,"theSlumbering:SlimeShield":28,"hubris:Towel":7,"Frozen Egg 2":43,"halation:SelfBoilingWater":17,"Bromod:ArcaneMomentum":48,"theMarked:ArtifactOfAir":13,"halation:SwordOfLegend":9,"SpikesRelics:DaevaFist":38,"Garlic":10,"Runesmith:AutoHammer":50,"halation:PinkSoulGem":3,"Toy Ornithopter":9,"hermit:ClaspedLocket":34,"conspire:RoyalGoblet":34,"Gremlin Horn":32,"CeramicFish":10,"potionbrewer:AlchemistFlask":19,"conspire:SeveredTorchhead":17,"halation:PrussianBluePaint":9,"Strawberry":42,"Honey Jar":17,"halation:KoshaPiece":26,"Happy Flower":23,"wanderingMiniBosses:ThiefScarf":46,"aspiration:Nostalgia":0,"ReplayTheSpireMod:CursedCoin":13,"conspire:SlowCooker":17,"reliquary:TatteredRug":7,"Bromod:ArcaneConsequence":10,"WarpedTongs":5,"Bottled Flame":26,"aspiration:EmptySkull":9,"ReplayTheSpireMod:Shallot":26,"Simple Rune":17,"Onion Ring":14,"Molten Egg 2":14,"hermit:Momento":0,"NlothsMask":21,"Meat on the Bone":0,"ReplayFunnel":11,"SnailShell":47,"BrokenLever":43,"theForsaken:Lifeblossom":0,"halation:WeightlessCrab":50,"Incense Burner":7,"Juzu Bracelet":9,"Winged Necklace":46,"Replay:Bandana":10,"Dream Catcher":10,"reliquary:HotPoker":24,"theForsaken:Kindling":25,"MiniBlackHole":14,"elementalistmod:YellowCirclet":4,"astrologer:SkyMirror":0,"halation:LettersToHer":4,"HollowMod:LifeEnderRelic":21,"Guide Book":42,"halation:IllGainedPizza":21,"Replay:WaspNest":8,"Orichalcum":9,"Calling Bell":17,"Strange Spoon":0,"CaptainsWheel":2,"halation:EternalFortune":39,"Snack Pack":9,"Bag of Marbles":5,"Membership Card":4,"reliquary:PurpleTingedLeaf":9,"Huge Egg":26,"ReplayTheSpireMod:ShopPack":28},{"Conjunction:SoulLantern":41,"Whetstone":60,"Old Coin":36,"theForsaken:HumbleEgg":88,"Replay:Ringing Soul":128,"Archangels Feather":95,"HollowMod:PaleOreRelic":115,"Replay:Wax Seal":78,"MerchantsRug":14,"theMarked:DemonDagger":134,"Sneakers":0,"aspiration:FrozenJewel":108,"Akabeko":146,"potionbrewer:Torch":83,"SlaversCollar":49,"sagemod:Creepy_Carousel":110,"Bromod:ArcaneEnergize":114,"theSlumbering:EnchantedHammer":85,"thethorton:CrushedCigarette":56,"Abe\u0027s Treasure":9,"Regal Pillow":126,"Torii":65,"halation:TrafficLight":18,"sagemod:Blowpipe":21,"sagemod:The_Guidebook_Guide":41,"StuffTheSpire:OccultApparatus":126,"reliquary:TridentHead":122,"Matryoshka":128,"halation:Toothbrush":102,"StuffTheSpire:RedRose":48,"Replay:Bottled Eggs":121,"Golden Idol":44,"theSlumbering:SlimeShield":14,"hubris:Towel":21,"Frozen Egg 2":61,"halation:SelfBoilingWater":95,"Bromod:ArcaneMomentum":41,"theMarked:ArtifactOfAir":122,"halation:SwordOfLegend":80,"SpikesRelics:DaevaFist":59,"Garlic":93,"Runesmith:AutoHammer":42,"halation:PinkSoulGem":2,"Toy Ornithopter":47,"hermit:ClaspedLocket":16,"conspire:RoyalGoblet":33,"Gremlin Horn":55,"CeramicFish":5,"potionbrewer:AlchemistFlask":27,"conspire:SeveredTorchhead":124,"halation:PrussianBluePaint":144,"Strawberry":39,"Honey Jar":26,"halation:KoshaPiece":30,"Happy Flower":29,"wanderingMiniBosses:ThiefScarf":41,"aspiration:Nostalgia":0,"ReplayTheSpireMod:CursedCoin":48,"conspire:SlowCooker":73,"reliquary:TatteredRug":133,"Bromod:ArcaneConsequence":22,"WarpedTongs":101,"Bottled Flame":98,"aspiration:EmptySkull":5,"ReplayTheSpireMod:Shallot":53,"Simple Rune":95,"Onion Ring":106,"Molten Egg 2":147,"hermit:Momento":0,"NlothsMask":27,"Meat on the Bone":76,"ReplayFunnel":104,"SnailShell":41,"BrokenLever":39,"theForsaken:Lifeblossom":130,"halation:WeightlessCrab":42,"Incense Burner":91,"Juzu Bracelet":92,"Winged Necklace":41,"Replay:Bandana":70,"Dream Catcher":81,"reliquary:HotPoker":98,"theForsaken:Kindling":30,"MiniBlackHole":8,"elementalistmod:YellowCirclet":20,"astrologer:SkyMirror":0,"halation:LettersToHer":101,"HollowMod:LifeEnderRelic":115,"Guide Book":61,"halation:IllGainedPizza":115,"Replay:WaspNest":47,"Orichalcum":69,"Calling Bell":95,"Strange Spoon":65,"CaptainsWheel":120,"halation:EternalFortune":59,"Snack Pack":21,"Bag of Marbles":132,"Membership Card":67,"reliquary:PurpleTingedLeaf":111,"Huge Egg":12,"ReplayTheSpireMod:ShopPack":30},{"Conjunction:SoulLantern":257,"Whetstone":357,"Old Coin":213,"theForsaken:HumbleEgg":508,"Replay:Ringing Soul":709,"Archangels Feather":552,"HollowMod:PaleOreRelic":645,"Replay:Wax Seal":442,"MerchantsRug":72,"theMarked:DemonDagger":732,"Sneakers":0,"aspiration:FrozenJewel":612,"Akabeko":786,"potionbrewer:Torch":476,"SlaversCollar":295,"sagemod:Creepy_Carousel":622,"Bromod:ArcaneEnergize":640,"theSlumbering:EnchantedHammer":493,"thethorton:CrushedCigarette":342,"Abe\u0027s Treasure":38,"Regal Pillow":702,"Torii":383,"halation:TrafficLight":109,"sagemod:Blowpipe":117,"sagemod:The_Guidebook_Guide":257,"StuffTheSpire:OccultApparatus":702,"reliquary:TridentHead":674,"Matryoshka":709,"halation:Toothbrush":587,"StuffTheSpire:RedRose":289,"Replay:Bottled Eggs":670,"Golden Idol":274,"theSlumbering:SlimeShield":72,"hubris:Towel":117,"Frozen Egg 2":363,"halation:SelfBoilingWater":552,"Bromod:ArcaneMomentum":257,"theMarked:ArtifactOfAir":674,"halation:SwordOfLegend":452,"SpikesRelics:DaevaFist":352,"Garlic":535,"Runesmith:AutoHammer":263,"halation:PinkSoulGem":7,"Toy Ornithopter":285,"hermit:ClaspedLocket":98,"conspire:RoyalGoblet":194,"Gremlin Horn":335,"CeramicFish":16,"potionbrewer:AlchemistFlask":145,"conspire:SeveredTorchhead":692,"halation:PrussianBluePaint":778,"Strawberry":240,"Honey Jar":143,"halation:KoshaPiece":166,"Happy Flower":158,"wanderingMiniBosses:ThiefScarf":257,"aspiration:Nostalgia":0,"ReplayTheSpireMod:CursedCoin":289,"conspire:SlowCooker":422,"reliquary:TatteredRug":730,"Bromod:ArcaneConsequence":124,"WarpedTongs":580,"Bottled Flame":571,"aspiration:EmptySkull":16,"ReplayTheSpireMod:Shallot":325,"Simple Rune":552,"Onion Ring":604,"Molten Egg 2":789,"hermit:Momento":0,"NlothsMask":145,"Meat on the Bone":435,"ReplayFunnel":598,"SnailShell":257,"BrokenLever":240,"theForsaken:Lifeblossom":720,"halation:WeightlessCrab":263,"Incense Burner":517,"Juzu Bracelet":523,"Winged Necklace":257,"Replay:Bandana":402,"Dream Catcher":458,"reliquary:HotPoker":571,"theForsaken:Kindling":166,"MiniBlackHole":27,"elementalistmod:YellowCirclet":113,"astrologer:SkyMirror":0,"halation:LettersToHer":580,"HollowMod:LifeEnderRelic":645,"Guide Book":363,"halation:IllGainedPizza":645,"Replay:WaspNest":285,"Orichalcum":396,"Calling Bell":552,"Strange Spoon":383,"CaptainsWheel":668,"halation:EternalFortune":352,"Snack Pack":117,"Bag of Marbles":726,"Membership Card":388,"reliquary:PurpleTingedLeaf":625,"Huge Egg":57,"ReplayTheSpireMod:ShopPack":166}]},"card_choices":[{"not_picked":["theMarked:Maelstrom","theMarked:RepellingDischarge"],"picked":"theMarked:SwordAndMagic","floor":1},{"not_picked":["theMarked:Parry","theMarked:Parkour","theMarked:AttractMetal"],"picked":"SKIP","floor":3},{"not_picked":["theMarked:KeepCalmAndFight","theMarked:ElectricStrings"],"picked":"theMarked:RogueSparks","floor":4},{"not_picked":["theMarked:ElectricStrings","theMarked:Aftermath","theMarked:EmpowerWeapon"],"picked":"SKIP","floor":5},{"not_picked":["theMarked:Memento","theMarked:ParalyzingBlade"],"picked":"theMarked:Abjuration","floor":6},{"not_picked":["TH:CopperCoins","TH:Mimic"],"picked":"SKIP","floor":9},{"not_picked":["theMarked:TwofoldDefense","theMarked:Frustration"],"picked":"theMarked:EnhanceMovement","floor":10},{"not_picked":["theMarked:TakeCover","theMarked:Convert"],"picked":"theMarked:SuspiciousRaven","floor":12},{"not_picked":["TH:CursedSword","TH:TreasureMap"],"picked":"SKIP","floor":12},{"not_picked":["theMarked:TwofoldDefense","theMarked:WastefulAttack","theMarked:ParalyzingBlade"],"picked":"SKIP","floor":13}],"player_experience":1235050,"relics_obtained":[{"floor":9,"key":"halation:PrussianBluePaint"},{"floor":12,"key":"Akabeko"}],"event_choices":[{"cards_removed":["theMarked:Strike"],"damage_healed":0,"gold_gain":0,"player_choice":"Offered Basic","damage_taken":0,"max_hp_gain":0,"max_hp_loss":0,"event_name":"Bonfire Elementals","floor":11,"gold_loss":0}],"is_beta":false,"boss_relics":[],"items_purged_floors":[0,8],"is_endless":false,"potions_floor_spawned":[3,4,5,6],"killed_by":"The Guardian","ascension_level":0}}