{"host":"a92fqxohjrzqy5rn","time":1612715322,"event":{"mods":["AchievementEnabler","BaseMod","Minty Spire (QoL Compilation)","Relic Sorter"],"gold_per_floor":[110,185,5,180,180,208,238,238,261,291,310,310,235,251,251,348,348,362,362,362,362,389,389,418,435,435,435,435,435,466,466,466,564,564,579,164,386,412,412,440,440,472,472,472,472,420,420,456,456,456],"floor_reached":51,"language":"ENG","playtime":1608,"items_purged":["Doubt"],"score":927,"play_id":"88c50605-1b21-4a49-a3c6-bbd2974a0abc","local_time":"20210207162842","daily_mods":["Draft","Allstar","Diverse","Colorless Cards","Heirloom","Time Dilation","Flight"],"is_ascension_mode":false,"campfire_choices":[{"data":"Flame Barrier","floor":8,"key":"SMITH"},{"data":"Trip","floor":12,"key":"SMITH"},{"data":"Searing Blow","floor":15,"key":"SMITH"},{"data":"Searing Blow+1","floor":23,"key":"SMITH"},{"data":"Searing Blow+2","floor":27,"key":"SMITH"},{"data":"Searing Blow+3","floor":28,"key":"SMITH"},{"data":"Searing Blow+4","floor":29,"key":"SMITH"},{"data":"Searing Blow+5","floor":32,"key":"SMITH"},{"data":"Searing Blow+6","floor":41,"key":"SMITH"},{"data":"Searing Blow+7","floor":44,"key":"SMITH"},{"data":"Searing Blow+8","floor":45,"key":"SMITH"},{"data":"Searing Blow+9","floor":47,"key":"SMITH"},{"data":"Searing Blow+10","floor":49,"key":"SMITH"}],"circlet_count":0,"master_deck":["Body Slam","Halt+1","Footwork","Reckless Charge","PiercingWail","Flame Barrier+1","Poisoned Stab","Go for the Eyes","Terror","FearNoEvil","Feel No Pain","Searing Blow+11","Thunderclap","CrushJoints","Prepared","Dark Embrace","Uppercut","Cloak And Dagger+1","Trip+1","Corruption","ThirdEye","Havoc","Deflect+1","Finesse+1","Underhanded Strike","Buffer","CurseOfTheBell","Blade Dance+1","Cloak And Dagger+1","Distraction","Turbo","Accuracy"],"relics":["PureWater","Pocketwatch","ClockworkSouvenir","Unceasing Top","Thread and Needle","Tiny Chest","War Paint","Runic Dome","Blue Candle","Red Mask","Regal Pillow","Bottled Tornado","Question Card","Calling Bell","Bag of Marbles","InkBottle","Gambling Chip","Mercury Hourglass","Medical Kit","MealTicket","Potion Belt","TungstenRod","Sundial","CeramicFish"],"acts_visited":["Exordium","TheCity","TheBeyond"],"potions_floor_usage":[16,16,22,22,33],"damage_taken":[{"damage":0,"enemies":"2 Louse","floor":1,"turns":2},{"damage":4,"enemies":"Lagavulin","floor":6,"turns":7},{"damage":12,"enemies":"3 Sentries","floor":7,"turns":7},{"damage":6,"enemies":"Gremlin Nob","floor":10,"turns":3},{"damage":0,"enemies":"Jaw Worm","floor":11,"turns":3},{"damage":0,"enemies":"Cultist","floor":14,"turns":2},{"damage":0,"enemies":"Slime Boss","floor":16,"turns":3},{"damage":0,"enemies":"2 Thieves","floor":18,"turns":3},{"damage":2,"enemies":"Masked Bandits","floor":22,"turns":4},{"damage":18,"enemies":"Slavers","floor":24,"turns":3},{"damage":0,"enemies":"Spheric Guardian","floor":25,"turns":3},{"damage":0,"enemies":"Book of Stabbing","floor":30,"turns":2},{"damage":20,"enemies":"Champ","floor":33,"turns":7},{"damage":0,"enemies":"Orb Walker","floor":35,"turns":3},{"damage":6,"enemies":"Nemesis","floor":40,"turns":5},{"damage":6,"enemies":"Giant Head","floor":42,"turns":6},{"damage":7,"enemies":"Nemesis","floor":48,"turns":3},{"damage":8,"enemies":"Time Eater","floor":50,"turns":3}],"seed_played":"-595419761447834303","potions_obtained":[{"floor":1,"key":"SteroidPotion"},{"floor":6,"key":"DistilledChaos"},{"floor":7,"key":"Energy Potion"},{"floor":16,"key":"Fruit Juice"},{"floor":24,"key":"Energy Potion"},{"floor":25,"key":"Ancient Potion"},{"floor":33,"key":"DistilledChaos"},{"floor":35,"key":"Strength Potion"}],"is_trial":true,"path_per_floor":["M","?","$","?","?","E","E","R","T","E","M","R","$","M","R","B",null,"M","?","T","?","?","R","E","M","T","R","R","R","E","$","R","B",null,"M","$","?","T","?","E","R","E","T","R","R","$","R","E","R","B",null],"character_chosen":"WATCHER","items_purchased":["ClockworkSouvenir","Dark Embrace","Mercury Hourglass","Medical Kit","Turbo"],"campfire_rested":0,"item_purchase_floors":[3,3,36,36,46],"current_hp_per_floor":[72,61,61,61,61,57,45,45,45,39,39,39,39,39,39,39,72,72,72,72,72,75,75,57,57,57,57,57,57,57,57,57,37,77,77,77,77,77,77,71,71,65,65,65,65,77,77,70,70,62],"gold":456,"neow_bonus":"","is_daily":false,"chose_seed":false,"campfire_upgraded":13,"win_rate":0.0,"timestamp":1612715322,"path_taken":["M","?","$","?","?","E","E","R","T","E","?","R","$","?","R","BOSS","M","?","?","?","?","R","E","M","T","R","R","R","E","$","R","BOSS","M","$","?","?","?","E","R","E","T","R","R","$","R","E","R","BOSS"],"items_purchased_type":["Relic","Card","Relic","Relic","Card"],"build_version":"2020-12-22","purchased_purges":1,"victory":true,"max_hp_per_floor":[72,72,72,72,72,72,72,72,72,72,72,72,72,72,72,72,72,72,72,72,72,77,77,77,77,77,77,77,77,77,77,77,77,77,77,77,77,77,77,77,77,77,77,77,77,77,77,77,77,77],"card_choices":[{"not_picked":["Compile Driver","MentalFortress"],"picked":"Body Slam","floor":0},{"not_picked":["Darkness","EmptyBody"],"picked":"Halt","floor":0},{"not_picked":["Heatsinks","Flex"],"picked":"Footwork","floor":0},{"not_picked":["Undo","True Grit"],"picked":"Reckless Charge","floor":0},{"not_picked":["Stack","FlyingSleeves"],"picked":"PiercingWail","floor":0},{"not_picked":["Cleave","Nirvana"],"picked":"Flame Barrier","floor":0},{"not_picked":["Flying Knee","Vengeance"],"picked":"Poisoned Stab","floor":0},{"not_picked":["Infinite Blades","Gash"],"picked":"Go for the Eyes","floor":0},{"not_picked":["BattleHymn","Perfected Strike"],"picked":"Coolheaded","floor":0},{"not_picked":["FollowUp","Dagger Throw"],"picked":"Terror","floor":0},{"not_picked":["Terror","ClearTheMind"],"picked":"FearNoEvil","floor":0},{"not_picked":["Perfected Strike","Go for the Eyes"],"picked":"Feel No Pain","floor":0},{"not_picked":["Pommel Strike","Bloodletting"],"picked":"Searing Blow","floor":0},{"not_picked":["Acrobatics","JustLucky"],"picked":"Thunderclap","floor":0},{"not_picked":["CarveReality","Perfected Strike"],"picked":"CrushJoints","floor":0},{"not_picked":["FlyingSleeves","Rupture"],"picked":"Prepared","floor":1},{"not_picked":["Fiend Fire","Loop"],"picked":"Uppercut","floor":6},{"not_picked":["Prepared","Sanctity"],"picked":"Cloak And Dagger","floor":7},{"not_picked":["PiercingWail","Sucker Punch","True Grit"],"picked":"SKIP","floor":10},{"not_picked":["Warcry","Halt"],"picked":"Trip","floor":11},{"not_picked":["Dagger Spray","Body Slam"],"picked":"Juggernaut","floor":14},{"not_picked":["Berserk","Scrawl"],"picked":"Corruption","floor":16},{"not_picked":["Blizzard","EmptyFist+1","Warcry"],"picked":"SKIP","floor":18},{"not_picked":["Perfected Strike","Barrage"],"picked":"Havoc","floor":22},{"not_picked":["Predator","Underhanded Strike"],"picked":"Deflect+1","floor":24},{"not_picked":["Crescendo","Metallicize"],"picked":"Finesse+1","floor":25},{"not_picked":["Battle Trance","Power Through"],"picked":"Underhanded Strike","floor":30},{"not_picked":["Night Terror","Feed","Panache"],"picked":"Buffer","floor":33},{"not_picked":["Armaments+1","EmptyBody+1","Consecrate"],"picked":"Blade Dance+1","floor":35},{"not_picked":["Buffer","EmptyFist+1","Concentrate+1"],"picked":"Cloak And Dagger+1","floor":40},{"not_picked":["InnerPeace","Tantrum","Steam Power"],"picked":"Distraction","floor":42},{"not_picked":["Outmaneuver+1","Skewer+1","Turbo+1"],"picked":"Accuracy","floor":48}],"player_experience":217902,"relics_obtained":[{"floor":6,"key":"Unceasing Top"},{"floor":7,"key":"Thread and Needle"},{"floor":9,"key":"Tiny Chest"},{"floor":10,"key":"War Paint"},{"floor":20,"key":"Blue Candle"},{"floor":22,"key":"Red Mask"},{"floor":24,"key":"Regal Pillow"},{"floor":26,"key":"Bottled Tornado"},{"floor":30,"key":"Question Card"},{"floor":34,"key":"Bag of Marbles"},{"floor":34,"key":"InkBottle"},{"floor":34,"key":"Gambling Chip"},{"floor":38,"key":"MealTicket"},{"floor":40,"key":"Potion Belt"},{"floor":42,"key":"TungstenRod"},{"floor":43,"key":"Sundial"},{"floor":48,"key":"CeramicFish"}],"event_choices":[{"damage_healed":0,"gold_gain":75,"player_choice":"Gather Gold","damage_taken":11,"max_hp_gain":0,"max_hp_loss":0,"event_name":"World of Goop","floor":2,"gold_loss":0},{"damage_healed":0,"gold_gain":175,"player_choice":"AGREE","damage_taken":0,"max_hp_gain":0,"max_hp_loss":0,"event_name":"Liars Game","floor":4,"gold_loss":0,"cards_obtained":["Doubt"]},{"damage_healed":0,"gold_gain":0,"player_choice":"Bought 0 Potions","damage_taken":0,"max_hp_gain":0,"max_hp_loss":0,"event_name":"The Woman in Blue","floor":5,"gold_loss":0},{"damage_healed":0,"gold_gain":0,"player_choice":"Ignored","damage_taken":0,"max_hp_gain":0,"max_hp_loss":0,"event_name":"Ghosts","floor":19,"gold_loss":0},{"damage_healed":0,"gold_gain":0,"cards_transformed":["Coolheaded","Juggernaut"],"player_choice":"Became Test Subject","damage_taken":0,"max_hp_gain":0,"max_hp_loss":0,"event_name":"Drug Dealer","floor":21,"gold_loss":0,"cards_obtained":["ThirdEye","Body Slam"]},{"damage_healed":0,"gold_gain":0,"player_choice":"Fought Bandits","damage_taken":0,"max_hp_gain":0,"max_hp_loss":0,"event_name":"Masked Bandits","floor":22,"gold_loss":0},{"damage_healed":0,"gold_gain":222,"player_choice":"Wore Mask","damage_taken":0,"max_hp_gain":0,"max_hp_loss":0,"event_name":"Tomb of Lord Red Mask","floor":37,"gold_loss":0},{"cards_removed":["Body Slam"],"damage_healed":0,"gold_gain":0,"player_choice":"Purged","damage_taken":0,"max_hp_gain":0,"max_hp_loss":0,"event_name":"Purifier","floor":39,"gold_loss":0}],"is_beta":false,"boss_relics":[{"not_picked":["Philosopher\u0027s Stone","Busted Crown"],"picked":"Runic Dome"},{"not_picked":["Coffee Dripper","Sozu"],"picked":"Calling Bell"}],"items_purged_floors":[13],"is_endless":false,"potions_floor_spawned":[1,6,7,16,24,25,33,35],"ascension_level":0}}