{"host":"at5b10nm0iti0w4x","time":1612657286,"event":{"mods":["AchievementEnabler","BaseMod","Bestiary","Block Reminder","Colored Map","Colored Powertips","Highlight Path","Keyboard Shortcuts","Minty Spire (QoL Compilation)","Relic Stats","StSLib","SuperFastMode"],"gold_per_floor":[111,111,6,6,25,25,356,376,376,73,73,90,90,102,102,203,203,222,241,259,279,279,279,279],"floor_reached":23,"language":"ENG","playtime":584,"items_purged":[],"score":218,"play_id":"9ec41297-d0df-4c56-b68f-d2c6497aec9f","local_time":"20210206192126","is_ascension_mode":false,"campfire_choices":[{"data":"Double Energy","floor":6,"key":"SMITH"},{"data":"Gash","floor":11,"key":"SMITH"},{"data":"Barrage","floor":13,"key":"SMITH"},{"data":"Zap","floor":15,"key":"SMITH"}],"circlet_count":0,"master_deck":["Strike_B","Strike_B","Defend_B","Defend_B","Defend_B","Defend_B","Zap+1","Dualcast","Gash+1","Loop+1","Double Energy+1","Steam Power","Hello World+1","Buffer+1","Rebound","Storm+1","Barrage+1","Go for the Eyes","Machine Learning+1","Sunder+1","Streamline","Double Energy","Static Discharge+1","Steam"],"relics":["Cracked Core","NeowsBlessing","Frozen Egg 2","Old Coin","Matryoshka","Cables","Cursed Key"],"acts_visited":["Exordium","TheCity"],"potions_floor_usage":[12,21],"damage_taken":[{"damage":0,"enemies":"Small Slimes","floor":1,"turns":1},{"damage":0,"enemies":"2 Louse","floor":5,"turns":1},{"damage":0,"enemies":"Gremlin Nob","floor":7,"turns":1},{"damage":0,"enemies":"Cultist","floor":8,"turns":3},{"damage":8,"enemies":"Gremlin Gang","floor":12,"turns":3},{"damage":10,"enemies":"Looter","floor":14,"turns":3},{"damage":10,"enemies":"Hexaghost","floor":16,"turns":8},{"damage":12,"enemies":"Shell Parasite","floor":18,"turns":3},{"damage":0,"enemies":"Spheric Guardian","floor":19,"turns":3},{"damage":11,"enemies":"Cultist and Chosen","floor":20,"turns":4},{"damage":10,"enemies":"Shelled Parasite and Fungi","floor":21,"turns":3},{"damage":50,"enemies":"Slavers","floor":23,"turns":3}],"seed_played":"-940940267129778702","potions_obtained":[{"floor":1,"key":"Ancient Potion"},{"floor":5,"key":"BlessingOfTheForge"},{"floor":8,"key":"FocusPotion"},{"floor":12,"key":"Ancient Potion"},{"floor":18,"key":"CultistPotion"}],"is_trial":false,"path_per_floor":["M","?","$","?","M","R","E","M","T","$","R","M","R","M","R","B",null,"M","M","M","M","?","E"],"character_chosen":"DEFECT","items_purchased":["Loop+1","Double Energy","Storm+1","Cables"],"campfire_rested":0,"item_purchase_floors":[3,3,10,10],"current_hp_per_floor":[75,63,63,63,63,63,63,63,63,63,63,55,55,45,45,35,75,63,63,52,42,42,0,0],"gold":279,"neow_bonus":"THREE_ENEMY_KILL","is_daily":false,"chose_seed":false,"campfire_upgraded":4,"win_rate":0.0,"timestamp":1612657286,"path_taken":["M","?","$","?","M","R","E","?","T","$","R","M","R","M","R","BOSS","M","M","?","M","?","E"],"items_purchased_type":["Card","Card","Card","Relic"],"build_version":"2020-12-22","purchased_purges":0,"victory":false,"max_hp_per_floor":[75,75,75,75,75,75,75,75,75,75,75,75,75,75,75,75,75,75,75,75,75,75,75,75],"relic_stats":{"counters":[12,36],"Cursed Key":0,"obtain_stats":[{"Matryoshka":9,"NeowsBlessing":0,"Frozen Egg 2":2,"Cracked Core":0,"Cursed Key":17,"Old Coin":7,"Cables":10},{"Matryoshka":4,"NeowsBlessing":0,"Frozen Egg 2":1,"Cracked Core":0,"Cursed Key":7,"Old Coin":3,"Cables":4},{"Matryoshka":6,"NeowsBlessing":0,"Frozen Egg 2":1,"Cracked Core":0,"Cursed Key":20,"Old Coin":3,"Cables":6}],"Cables":[24,24,0,0,0]},"card_choices":[{"not_picked":["Steam Power","Streamline"],"picked":"Gash","floor":1},{"not_picked":["Ball Lightning","Turbo"],"picked":"Hello World+1","floor":5},{"not_picked":["Steam","Stack"],"picked":"Buffer+1","floor":7},{"not_picked":["Redo","Sweeping Beam"],"picked":"Rebound","floor":8},{"not_picked":["Hyperbeam","Turbo"],"picked":"Barrage","floor":12},{"not_picked":["Coolheaded","Chaos"],"picked":"Go for the Eyes","floor":14},{"not_picked":["Core Surge","Reboot"],"picked":"Machine Learning+1","floor":16},{"not_picked":["Sweeping Beam","Rebound+1"],"picked":"Sunder+1","floor":18},{"not_picked":["Aggregate","Rebound"],"picked":"Streamline","floor":19},{"not_picked":["Barrage","Beam Cell+1"],"picked":"Double Energy","floor":20},{"not_picked":["Hello World+1","Leap"],"picked":"Static Discharge+1","floor":21}],"player_experience":62348,"relics_obtained":[{"floor":7,"key":"Old Coin"},{"floor":9,"key":"Matryoshka"}],"event_choices":[{"damage_healed":0,"gold_gain":0,"player_choice":"Success","damage_taken":12,"relics_obtained":["Frozen Egg 2"],"max_hp_gain":0,"max_hp_loss":0,"event_name":"Scrap Ooze","floor":2,"gold_loss":0},{"damage_healed":0,"gold_gain":0,"cards_transformed":["Strike_B"],"player_choice":"Transformed","damage_taken":0,"max_hp_gain":0,"max_hp_loss":0,"event_name":"Transmorgrifier","floor":4,"gold_loss":0,"cards_obtained":["Steam Power"]},{"damage_healed":0,"gold_gain":0,"cards_transformed":["Strike_B"],"player_choice":"Transformed","damage_taken":0,"max_hp_gain":0,"max_hp_loss":0,"event_name":"Transmorgrifier","floor":22,"gold_loss":0,"cards_obtained":["Steam"]}],"is_beta":false,"boss_relics":[{"not_picked":["Runic Dome","Coffee Dripper"],"picked":"Cursed Key"}],"items_purged_floors":[],"is_endless":false,"potions_floor_spawned":[1,5,8,12,16,18],"killed_by":"Slavers","ascension_level":0}}