{"host":"tetk82fuf8thwxol","time":1612675957,"event":{"mods":["AchievementEnabler","BaseMod","BetterRewards","GifTheSpireLib","Hermit","Minty Spire (QoL Compilation)","Permanent Neow","Quick Restart","Shop Mod","Spicy Shops","StSLib","The Bug Knight","The Cursed","The Runesmith"],"gold_per_floor":[9999,9999,9999,9999,9999,9999,9999,9999,9999,9549,9549,9576,9576,9604,9604,9700,9700,9700,9700,9700,9398,9398,9398,9398,9398,9398,9398,9398,9398,9398,9043,9043,9043,9043,9043,8947,8947,8947,8795,8795,8795,8795,8795,8795,8795,8795,8795,8795,8795,8795,8795,8795,8417,8417,8417],"floor_reached":56,"language":"ENG","playtime":1744,"items_purged":["Strike_P","Defend_P","Strike_P","Defend_P","ClearTheMind","Defend_P"],"score":2033,"play_id":"f4672add-1c16-4326-834a-1868997fc95b","local_time":"20210206233237","is_ascension_mode":true,"campfire_choices":[{"data":"Adaptation","floor":6,"key":"SMITH"},{"floor":11,"key":"RECALL"},{"floor":15,"key":"DIG"},{"floor":32,"key":"DIG"},{"floor":42,"key":"DIG"},{"floor":46,"key":"DIG"},{"floor":49,"key":"DIG"},{"floor":52,"key":"DIG"}],"circlet_count":0,"master_deck":["Strike_P+1","Strike_P+1","Defend_P+1","Eruption+1","Vigilance","FlurryOfBlows+1","Adaptation+1","Tantrum+1","Prostrate+1","Worship","EmptyBody","FollowUp+1","Prostrate+1","SandsOfTime+1","Ragnarok+1","EmptyFist+1","BowlingBash+1","FollowUp+1","ClearTheMind+1","FlurryOfBlows+1","Devotion+1","FlurryOfBlows+1","Crescendo+1","EmptyMind+1","Ragnarok+1","InnerPeace+1","Halt+1"],"relics":["PureWater","Oddly Smooth Stone","Bag of Marbles","TeardropLocket","Anchor","Blood Vial","Kunai","Vajra","Gremlin Horn","Molten Egg 2","HollowMod:StagPassRelic","Unceasing Top","Membership Card","War Paint","Lantern","Centennial Puzzle","PreservedInsect","Toxic Egg 2","Damaru","StrikeDummy","Singing Bowl","Medical Kit","Frozen Egg 2","Matryoshka","Boot","Bag of Preparation","Toy Ornithopter","Shuriken","Whetstone","Calipers","HollowMod:PaleOreRelic","HandDrill","Regal Pillow","Meat on the Bone","Shovel","Nunchaku","Ectoplasm","FossilizedHelix","Turnip","Dream Catcher","Eternal Feather","Strawberry","Pen Nib","Juzu Bracelet","Yang","Akabeko","Ancient Tea Set","DollysMirror","Runesmith:Nanobots","Philosopher\u0027s Stone","MealTicket","Bronze Scales","Sundial","Question Card","HornCleat","Pocketwatch","Letter Opener","HollowMod:LifeEnderRelic","InkBottle","Mummified Hand","Ornamental Fan","Pantograph","Bottled Flame"],"acts_visited":["Exordium","TheCity","TheBeyond","TheEnding"],"potions_floor_usage":[23,23,23,23,24,55,55,55],"damage_taken":[{"damage":0,"enemies":"2 Louse","floor":1,"turns":1},{"damage":0,"enemies":"Jaw Worm","floor":4,"turns":1},{"damage":0,"enemies":"Cultist","floor":5,"turns":1},{"damage":0,"enemies":"3 Sentries","floor":7,"turns":1},{"damage":0,"enemies":"Gremlin Nob","floor":12,"turns":1},{"damage":0,"enemies":"Lagavulin","floor":14,"turns":1},{"damage":7,"enemies":"Hexaghost","floor":16,"turns":3},{"damage":0,"enemies":"Chosen","floor":18,"turns":1},{"damage":0,"enemies":"2 Thieves","floor":19,"turns":1},{"damage":0,"enemies":"Slavers","floor":23,"turns":1},{"damage":0,"enemies":"Centurion and Healer","floor":24,"turns":1},{"damage":0,"enemies":"Book of Stabbing","floor":25,"turns":1},{"damage":0,"enemies":"Gremlin Leader","floor":27,"turns":1},{"damage":0,"enemies":"Snake Plant","floor":28,"turns":1},{"damage":0,"enemies":"Chosen and Byrds","floor":29,"turns":2},{"damage":0,"enemies":"Collector","floor":33,"turns":2},{"damage":0,"enemies":"3 Shapes","floor":35,"turns":1},{"damage":0,"enemies":"Orb Walker","floor":38,"turns":1},{"damage":0,"enemies":"Nemesis","floor":40,"turns":1},{"damage":0,"enemies":"Jaw Worm Horde","floor":44,"turns":1},{"damage":0,"enemies":"Maw","floor":45,"turns":2},{"damage":0,"enemies":"4 Shapes","floor":47,"turns":1},{"damage":0,"enemies":"Giant Head","floor":48,"turns":3},{"damage":0,"enemies":"Time Eater","floor":50,"turns":1},{"damage":0,"enemies":"Shield and Spear","floor":54,"turns":1},{"damage":2,"enemies":"The Heart","floor":55,"turns":4}],"seed_played":"-2594782287731362054","potions_obtained":[{"floor":5,"key":"EntropicBrew"},{"floor":7,"key":"Strength Potion"},{"floor":14,"key":"BlessingOfTheForge"},{"floor":23,"key":"Fruit Juice"},{"floor":24,"key":"Explosive Potion"}],"is_trial":false,"path_per_floor":["M","?","?","M","M","R","E","?","T","$","R","E","?","E","R","B",null,"M","M","?","$","?","E","M","E","T","E","M","M","?","$","R","B",null,"M","?","T","M","$","E","?","R","T","M","M","R","M","E","R","B",null,"R","$","E","B",null],"character_chosen":"WATCHER","items_purchased":["Oddly Smooth Stone","Bag of Marbles","TeardropLocket","Anchor","Blood Vial","Kunai","Vajra","Gremlin Horn","FlurryOfBlows","ClearTheMind","Molten Egg 2","HollowMod:StagPassRelic","Unceasing Top","Adaptation","Membership Card","Tantrum+1","Prostrate","Worship","War Paint","Lantern","Centennial Puzzle","EmptyBody","PreservedInsect","Toxic Egg 2","FollowUp+1","Damaru","StrikeDummy","Prostrate+1","Singing Bowl","Medical Kit","Frozen Egg 2","Matryoshka","Boot","SandsOfTime+1","Ragnarok+1","Bag of Preparation","Whetstone","Calipers","HollowMod:PaleOreRelic","HandDrill","Regal Pillow","FossilizedHelix","Turnip","Yang","Akabeko","Ancient Tea Set","DollysMirror","InnerPeace+1","Halt+1","Mummified Hand","Ornamental Fan","Pantograph"],"campfire_rested":0,"item_purchase_floors":[0,0,0,0,0,0,0,0,0,0,0,0,0,0,0,0,0,0,0,0,0,0,0,0,0,0,0,0,0,0,0,0,0,0,0,0,10,10,10,10,10,21,21,31,31,31,31,39,39,53,53,53],"current_hp_per_floor":[60,60,60,62,64,64,68,73,73,73,73,75,75,77,77,74,79,83,85,85,85,85,90,90,90,97,99,101,103,103,103,103,105,105,107,107,107,109,109,111,111,111,111,113,115,115,117,119,119,119,119,119,119,121,119],"gold":8417,"neow_bonus":"","is_daily":false,"chose_seed":false,"campfire_upgraded":1,"win_rate":0.0,"timestamp":1612675957,"path_taken":["M","?","?","M","?","R","E","?","T","$","R","E","?","E","R","BOSS","M","M","?","$","?","E","?","E","T","E","M","M","?","$","R","BOSS","M","?","?","M","$","E","?","R","T","M","M","R","M","E","R","BOSS","R","$","E","BOSS"],"items_purchased_type":["Relic","Relic","Relic","Relic","Relic","Relic","Relic","Relic","Card","Card","Relic","Relic","Relic","Card","Relic","Card","Card","Card","Relic","Relic","Relic","Card","Relic","Relic","Card","Relic","Relic","Card","Relic","Relic","Relic","Relic","Relic","Card","Card","Relic","Relic","Relic","Relic","Relic","Relic","Relic","Relic","Relic","Relic","Relic","Relic","Card","Card","Relic","Relic","Relic"],"build_version":"2020-12-22","purchased_purges":6,"victory":true,"max_hp_per_floor":[72,72,72,72,72,72,74,79,79,79,79,79,79,79,79,81,81,83,85,85,85,85,90,90,90,97,99,101,103,103,103,103,105,105,107,107,107,109,109,111,111,111,111,113,115,115,117,119,119,119,119,119,119,121,121],"card_choices":[{"not_picked":["EmptyBody+1","DeceiveReality+1"],"picked":"EmptyFist+1","floor":1},{"not_picked":["JustLucky+1","Collect+1"],"picked":"BowlingBash+1","floor":4},{"not_picked":["SignatureMove+1","CarveReality+1"],"picked":"FollowUp+1","floor":5},{"not_picked":["Nirvana+1","JustLucky+1","Conclude+1"],"picked":"Singing Bowl","floor":7},{"not_picked":["Weave+1","Adaptation+1"],"picked":"ClearTheMind+1","floor":12},{"not_picked":["EmptyFist+1","Swivel+1"],"picked":"FlurryOfBlows+1","floor":14},{"not_picked":["ConjureBlade+1","Ragnarok+1","Blasphemy+1"],"picked":"Singing Bowl","floor":16},{"not_picked":["ClearTheMind+1","SashWhip+1","Wallop+1"],"picked":"Singing Bowl","floor":18},{"not_picked":["FlyingSleeves+1","FollowUp+1","SashWhip+1"],"picked":"Singing Bowl","floor":19},{"not_picked":["SpiritShield+1","Weave+1"],"picked":"FlurryOfBlows+1","floor":23},{"not_picked":["CutThroughFate+1","Weave+1"],"picked":"Crescendo+1","floor":24},{"not_picked":["Consecrate+1","Swivel+1"],"picked":"EmptyMind+1","floor":25},{"not_picked":["ClearTheMind+1","LikeWater+1","Consecrate+1"],"picked":"Singing Bowl","floor":27},{"not_picked":["Consecrate+1","BowlingBash+1","Prostrate+1"],"picked":"Singing Bowl","floor":28},{"not_picked":["Worship+1","Consecrate+1","Protect+1"],"picked":"Singing Bowl","floor":29},{"not_picked":["Blasphemy+1","Judgement+1","Omniscience+1"],"picked":"Singing Bowl","floor":33},{"not_picked":["FlyingSleeves+1","BowlingBash+1","EmptyMind+1"],"picked":"Singing Bowl","floor":35},{"not_picked":["Perseverance+1","JustLucky+1","Pray+1"],"picked":"Singing Bowl","floor":38},{"not_picked":["CutThroughFate+1","Alpha+1","Protect+1"],"picked":"Singing Bowl","floor":40},{"not_picked":["FearNoEvil+1","Prostrate+1","CrushJoints+1","Wireheading+1"],"picked":"Singing Bowl","floor":44},{"not_picked":["PathToVictory+1","LikeWater+1","Fasting2+1","InnerPeace+1"],"picked":"Singing Bowl","floor":45},{"not_picked":["Weave+1","BowlingBash+1","Swivel+1","Halt+1"],"picked":"Singing Bowl","floor":47},{"not_picked":["WindmillStrike+1","JustLucky+1","FollowUp+1","WreathOfFlame+1"],"picked":"Singing Bowl","floor":48},{"not_picked":["FearNoEvil+1","Wish+1","FlyingSleeves+1","Pray+1"],"picked":"Singing Bowl","floor":54}],"player_experience":298346,"relics_obtained":[{"floor":7,"key":"Toy Ornithopter"},{"floor":9,"key":"Shuriken"},{"floor":12,"key":"Meat on the Bone"},{"floor":14,"key":"Shovel"},{"floor":15,"key":"Nunchaku"},{"floor":23,"key":"Dream Catcher"},{"floor":25,"key":"Eternal Feather"},{"floor":26,"key":"Strawberry"},{"floor":26,"key":"Pen Nib"},{"floor":27,"key":"Juzu Bracelet"},{"floor":32,"key":"Runesmith:Nanobots"},{"floor":37,"key":"Bronze Scales"},{"floor":40,"key":"Sundial"},{"floor":42,"key":"Question Card"},{"floor":43,"key":"HornCleat"},{"floor":46,"key":"Pocketwatch"},{"floor":48,"key":"Letter Opener"},{"floor":49,"key":"HollowMod:LifeEnderRelic"},{"floor":52,"key":"InkBottle"},{"floor":54,"key":"Bottled Flame"}],"event_choices":[{"damage_healed":0,"gold_gain":0,"player_choice":"Grow","damage_taken":0,"max_hp_gain":0,"max_hp_loss":0,"event_name":"Living Wall","floor":2,"gold_loss":0,"cards_upgraded":["Eruption"]},{"damage_healed":0,"gold_gain":0,"player_choice":"Forge","damage_taken":0,"max_hp_gain":0,"max_hp_loss":0,"event_name":"Accursed Blacksmith","floor":3,"gold_loss":0,"cards_upgraded":["FlurryOfBlows"]},{"damage_healed":0,"gold_gain":0,"player_choice":"Donut","damage_taken":0,"max_hp_gain":5,"max_hp_loss":0,"event_name":"Big Fish","floor":8,"gold_loss":0},{"damage_healed":0,"gold_gain":0,"player_choice":"Leave","damage_taken":0,"max_hp_gain":0,"max_hp_loss":0,"event_name":"The Cleric","floor":13,"gold_loss":0},{"damage_healed":0,"gold_gain":0,"player_choice":"Read","damage_taken":0,"max_hp_gain":0,"max_hp_loss":0,"event_name":"The Library","floor":20,"gold_loss":0,"cards_obtained":["Devotion"]},{"damage_healed":0,"gold_gain":0,"player_choice":"0 cards matched","damage_taken":0,"max_hp_gain":0,"max_hp_loss":0,"event_name":"Match and Keep!","floor":22,"gold_loss":0,"cards_obtained":[]},{"damage_healed":0,"gold_gain":0,"player_choice":"Ignored","damage_taken":0,"max_hp_gain":0,"max_hp_loss":0,"event_name":"Transmorgrifier","floor":30,"gold_loss":0},{"damage_healed":0,"gold_gain":0,"player_choice":"Paid Gold","damage_taken":0,"relics_obtained":["MealTicket"],"max_hp_gain":0,"max_hp_loss":0,"event_name":"WeMeetAgain","floor":36,"gold_loss":96},{"damage_healed":0,"gold_gain":0,"player_choice":"Ignored","damage_taken":0,"max_hp_gain":0,"max_hp_loss":0,"event_name":"Tomb of Lord Red Mask","floor":41,"gold_loss":0}],"is_beta":false,"boss_relics":[{"not_picked":["Sozu","Calling Bell"],"picked":"Ectoplasm"},{"not_picked":["Coffee Dripper","Runic Dome"],"picked":"Philosopher\u0027s Stone"}],"items_purged_floors":[0,0,0,0,0,39],"is_endless":false,"potions_floor_spawned":[5,7,14,19,23,24,28,33,35,40,45,47],"ascension_level":5}}