{"host":"5inz41fcnifmg6v2","time":1612685398,"event":{"mods":["BaseMod","Minty Spire (QoL Compilation)","Replay The Spire","StSLib"],"gold_per_floor":[119,294,294,308,48,48,87,87,87,102,102,102,121,190,190,316,316,329,348,25,25,49,88,107,107,132,146,161,87,87,87,87,213,276,300,300,156,177,190,234,234,234,234,268,282,282,326,350,350,350],"floor_reached":51,"language":"ZHS","playtime":6358,"items_purged":["Doubt","Strike_B"],"score":830,"play_id":"5562b12e-02d5-4535-87d7-9461ac4c1698","local_time":"20210207160957","is_ascension_mode":false,"campfire_choices":[{"floor":6,"key":"REST"},{"data":"Defragment","floor":8,"key":"SMITH"},{"floor":11,"key":"REST"},{"data":"Static Discharge","floor":15,"key":"SMITH"},{"floor":25,"key":"REST"},{"floor":30,"key":"REST"},{"data":"Fusion","floor":32,"key":"SMITH"},{"floor":42,"key":"REST"},{"floor":46,"key":"REST"},{"floor":49,"key":"DIG"}],"circlet_count":0,"master_deck":["Strike_B","Strike_B","Strike_B","Defend_B+1","Defend_B+1","Defend_B","Defend_B+1","Zap","Dualcast","Ball Lightning","Defragment+1","Melter","Amplify+1","Undo","Rebound","Buffer+1","Static Discharge+1","Seek+1","Conserve Battery","Crystallizer+1","Capacitor+1","White Noise+1","Conserve Battery+1","Beam Cell+1","Trip+1","Thunder Strike+1","ReplayRNGCard+1","Fusion+1","Auto Shields","Multi-Cast+1","Hello World+1","Electrodynamics+1","Reboot+1","BootSequence+1","Biased Cognition+1","Echo Form+1","Jack Of All Trades","Buffer+1","Aggregate","Conserve Battery+1"],"relics":["Cracked Core","Golden Idol","ReplayTheSpireMod:CursedCoin","Pear","Golden Egg","Question Card","War Paint","Honey Jar","BargainBundle","Nloth\u0027s Gift","Garlic","Omamori","Lantern","Tiny House","Lee\u0027s Waffle","Juzu Bracelet","Chameleon Ring","Letter Opener","Replay:Accelerometer","Thread and Needle"],"acts_visited":["Exordium","TheCity","TheBeyond"],"potions_floor_usage":[10,16,16,22,27,27,33,39,44,50,50],"damage_taken":[{"damage":2,"enemies":"Small Slimes","floor":1,"turns":3},{"damage":2,"enemies":"2 Louse","floor":4,"turns":2},{"damage":28,"enemies":"Lagavulin","floor":7,"turns":5},{"damage":8,"enemies":"Cultist","floor":10,"turns":3},{"damage":0,"enemies":"3 Louse","floor":13,"turns":3},{"damage":22,"enemies":"The Guardian","floor":16,"turns":8},{"damage":0,"enemies":"Shell Parasite","floor":18,"turns":5},{"damage":6,"enemies":"3 Byrds","floor":19,"turns":1},{"damage":25,"enemies":"Sentry and Sphere","floor":22,"turns":4},{"damage":21,"enemies":"Slavers","floor":23,"turns":6},{"damage":0,"enemies":"Snake Plant","floor":24,"turns":6},{"damage":4,"enemies":"Chosen and Byrds","floor":27,"turns":5},{"damage":1,"enemies":"Centurion and Healer","floor":28,"turns":6},{"damage":37,"enemies":"Collector","floor":33,"turns":9},{"damage":6,"enemies":"3 Darklings","floor":35,"turns":4},{"damage":0,"enemies":"Orb Walker","floor":38,"turns":5},{"damage":9,"enemies":"4 Shapes","floor":39,"turns":3},{"damage":25,"enemies":"Giant Head","floor":40,"turns":7},{"damage":44,"enemies":"Nemesis","floor":44,"turns":5},{"damage":0,"enemies":"Spire Growth","floor":45,"turns":5},{"damage":0,"enemies":"Giant Head","floor":47,"turns":8},{"damage":8,"enemies":"Jaw Worm Horde","floor":48,"turns":4},{"damage":92,"enemies":"Time Eater","floor":50,"turns":12}],"seed_played":"8981742326685054638","potions_obtained":[{"floor":10,"key":"Fruit Juice"},{"floor":13,"key":"LiquidBronze"},{"floor":14,"key":"LiquidMemories"},{"floor":19,"key":"FearPotion"},{"floor":22,"key":"SneckoOil"},{"floor":24,"key":"SkillPotion"},{"floor":28,"key":"Strength Potion"},{"floor":34,"key":"SmokeBomb"},{"floor":35,"key":"Energy Potion"},{"floor":38,"key":"Fruit Juice"},{"floor":44,"key":"Languid Potion"}],"is_trial":false,"path_per_floor":["M","?","?","M","$","R","E","R","T","M","R","?","M","?","R","B",null,"M","M","$","?","M","E","M","R","T","M","M","$","R","?","R","B",null,"M","?","$","M","M","E","?","R","T","E","M","R","E","M","R","B",null],"character_chosen":"DEFECT","items_purchased":["ReplayTheSpireMod:CursedCoin","Pear","Melter","Capacitor","White Noise","BargainBundle","FairyPotion","AttackPotion","Elixir","Conserve Battery","Beam Cell","Trip","Hello World","Lee\u0027s Waffle"],"campfire_rested":6,"item_purchase_floors":[5,5,5,20,20,20,20,20,20,20,20,20,29,37],"current_hp_per_floor":[73,73,55,53,63,85,57,57,57,54,81,81,81,81,81,59,90,90,84,84,84,59,38,38,65,65,61,60,60,87,87,87,50,95,89,89,102,102,98,73,73,105,105,61,61,93,93,85,85,48],"gold":350,"neow_bonus":"RANDOM_COMMON_RELIC","is_daily":false,"chose_seed":false,"campfire_upgraded":3,"win_rate":0.0,"timestamp":1612685397,"path_taken":["M","?","?","M","$","R","E","R","T","M","R","?","M","?","R","BOSS","M","M","$","?","M","E","M","R","T","M","?","$","R","?","R","BOSS","M","?","$","?","M","E","?","R","T","E","M","R","E","M","R","BOSS"],"items_purchased_type":["Relic","Relic","Card","Card","Card","Relic","Potion","Potion","Potion","Card","Card","Card","Card","Relic"],"build_version":"2020-12-22","purchased_purges":2,"victory":true,"max_hp_per_floor":[75,75,75,75,85,85,85,85,85,90,90,90,90,90,90,90,90,90,90,90,90,90,90,90,90,90,90,90,90,90,90,90,90,95,95,95,102,102,107,107,107,107,107,107,107,107,107,107,107,107],"card_choices":[{"not_picked":["Coolheaded","Leap"],"picked":"Ball Lightning","floor":1},{"not_picked":["Ball Lightning","Coolheaded"],"picked":"Defragment","floor":4},{"not_picked":["Leap","ReplayTheSpireMod:Repulse"],"picked":"Amplify","floor":7},{"not_picked":["Steam Power","Rip and Tear","BasicCrystalCard"],"picked":"Undo","floor":10},{"not_picked":["Compile Driver","Streamline","ReplayTheSpireMod:GoodbyeWorld"],"picked":"Rebound","floor":13},{"not_picked":["ReplaySolidLightProjector","Streamline","Stack"],"picked":"Buffer","floor":14},{"not_picked":["Steam","Redo","Blizzard"],"picked":"Static Discharge","floor":14},{"not_picked":["Amplify","Reboot","Mirror Shield"],"picked":"Seek","floor":16},{"not_picked":["ReplayTheSpireMod:Calculation Training","BasicCrystalCard","Hologram+1","Skim"],"picked":"Conserve Battery","floor":18},{"not_picked":["Leap","Coolheaded","Darkness","ReplayTheSpireMod:Calculation Training"],"picked":"Crystallizer+1","floor":19},{"not_picked":["Static Discharge","Sweeping Beam","ReplayGash","BasicCrystalCard"],"picked":"Thunder Strike","floor":22},{"not_picked":["Chill","Redo","White Noise","FTL+1"],"picked":"ReplayRNGCard","floor":23},{"not_picked":["Gash","Compile Driver","Beam Cell+1","ReplayTheSpireMod:Repulse"],"picked":"Fusion","floor":24},{"not_picked":["Ball Lightning+1","FTL","Skim","Scrape"],"picked":"Auto Shields","floor":27},{"not_picked":["Beam Cell","Barrage","Ball Lightning+1","FIFO Queue"],"picked":"Multi-Cast","floor":28},{"not_picked":["Creative AI","All For One","Buffer","Thunder Strike"],"picked":"Electrodynamics","floor":33},{"not_picked":["White Noise+1","Compile Driver","Conserve Battery","Leap+1"],"picked":"Reboot","floor":34},{"not_picked":["Beam Cell+1","Time Bomb","Static Discharge","Sweeping Beam"],"picked":"BootSequence+1","floor":35},{"not_picked":["Panic Button+1","Hologram+1","Blizzard+1","Streamline"],"picked":"Biased Cognition","floor":38},{"not_picked":["Hologram","Barrage+1","Sweeping Beam+1","Gash+1","Rebound+1"],"picked":"SKIP","floor":39},{"not_picked":["Mirror Shield","Rainbow","Rebound+1","Sweeping Beam"],"picked":"Echo Form","floor":40},{"not_picked":["Poisoned Strike","Replay:Parry","Replay:Sssssssssstrike","Finesse"],"picked":"Jack Of All Trades","floor":41},{"not_picked":["Leap+1","Time Bomb+1","Chill+1","Rebound+1"],"picked":"Buffer","floor":44},{"not_picked":["Gash","Crystallizer","Skim+1","Panic Button"],"picked":"Aggregate","floor":45},{"not_picked":["Beam Cell+1","Steam+1","Multi-Cast","ReplayTheSpireMod:Reroute Power","Redo+1"],"picked":"SKIP","floor":47},{"not_picked":["Barrage","Leap+1","Ball Lightning+1","Chill+1"],"picked":"Conserve Battery+1","floor":48}],"player_experience":61139,"relics_obtained":[{"floor":7,"key":"Golden Egg"},{"floor":9,"key":"Question Card"},{"floor":14,"key":"War Paint"},{"floor":23,"key":"Garlic"},{"floor":26,"key":"Omamori"},{"floor":40,"key":"Juzu Bracelet"},{"floor":43,"key":"Chameleon Ring"},{"floor":44,"key":"Letter Opener"},{"floor":47,"key":"Replay:Accelerometer"},{"floor":49,"key":"Thread and Needle"}],"event_choices":[{"damage_healed":0,"gold_gain":175,"player_choice":"AGREE","damage_taken":0,"max_hp_gain":0,"max_hp_loss":0,"event_name":"Liars Game","floor":2,"gold_loss":0,"cards_obtained":["Doubt"]},{"damage_healed":0,"gold_gain":0,"player_choice":"Take Damage","damage_taken":18,"relics_obtained":["Golden Idol"],"max_hp_gain":0,"max_hp_loss":0,"event_name":"Golden Idol","floor":3,"gold_loss":0},{"cards_removed":["Regret"],"damage_healed":0,"gold_gain":0,"player_choice":"Forget","damage_taken":0,"max_hp_gain":0,"max_hp_loss":0,"event_name":"Living Wall","floor":12,"gold_loss":0},{"damage_healed":0,"gold_gain":0,"player_choice":"Traded Relic","damage_taken":0,"relics_obtained":["Nloth\u0027s Gift"],"max_hp_gain":0,"max_hp_loss":0,"event_name":"N\u0027loth","floor":21,"relics_lost":["ReplayFunnel"],"gold_loss":0},{"damage_healed":0,"gold_gain":0,"player_choice":"0 cards matched","damage_taken":0,"max_hp_gain":0,"max_hp_loss":0,"event_name":"Match and Keep!","floor":36,"gold_loss":0,"cards_obtained":[]},{"damage_healed":0,"gold_gain":0,"player_choice":"Memory 1","damage_taken":0,"max_hp_gain":0,"max_hp_loss":0,"event_name":"SensoryStone","floor":41,"gold_loss":0}],"is_beta":false,"boss_relics":[{"not_picked":["Replay:Ancient Bell","Kintsugi"],"picked":"Honey Jar"},{"not_picked":["Abe\u0027s Treasure","Astrolabe"],"picked":"Tiny House"}],"items_purged_floors":[5,20],"is_endless":false,"potions_floor_spawned":[10,13,19,22,24,28,35,38,44],"ascension_level":0}}