{"host":"ao4lxi9bhtts409i","time":1612736118,"event":{"mods":["AchievementEnabler","BaseMod","Colored Map","Colored Powertips","Minty Spire (QoL Compilation)","SuperFastMode"],"gold_per_floor":[113,126,140,140,153,153,153,179,205,219,219,277,290,95,95,191,191,202,202,128,145,107,107,122,152,152,165,165,165,90,108,108,108,108],"floor_reached":33,"language":"ENG","playtime":1839,"items_purged":["Grand Finale"],"score":320,"play_id":"647a8a61-e794-45ab-a83f-3e21605f9855","local_time":"20210207231518","is_ascension_mode":true,"campfire_choices":[{"data":"Neutralize","floor":6,"key":"SMITH"},{"floor":15,"key":"REST"},{"data":"Caltrops","floor":23,"key":"SMITH"},{"floor":28,"key":"REST"},{"floor":32,"key":"REST"}],"circlet_count":0,"master_deck":["Strike_G+1","Strike_G+1","Strike_G+1","Strike_G+1","Defend_G+1","Defend_G+1","Defend_G+1","Defend_G+1","Defend_G+1","Survivor","Neutralize+1","Footwork+1","Dagger Spray","Skewer","Dodge and Roll","Glass Knife","Cloak And Dagger","Leg Sweep","Dagger Spray","Bullet Time","Footwork","Adrenaline","Escape Plan","Caltrops+1","Prepared","Footwork","Malaise","Caltrops","Reflex+1"],"relics":["Sozu","Whetstone","Anchor","Lantern","Du-Vu Doll","Runic Pyramid","Tingsha","Question Card"],"acts_visited":["Exordium","TheCity"],"potions_floor_usage":[],"damage_taken":[{"damage":2,"enemies":"2 Louse","floor":1,"turns":3},{"damage":0,"enemies":"Small Slimes","floor":2,"turns":4},{"damage":1,"enemies":"Cultist","floor":3,"turns":4},{"damage":3,"enemies":"Looter","floor":5,"turns":3},{"damage":25,"enemies":"3 Sentries","floor":8,"turns":8},{"damage":0,"enemies":"Large Slime","floor":10,"turns":6},{"damage":0,"enemies":"3 Sentries","floor":12,"turns":4},{"damage":0,"enemies":"3 Louse","floor":13,"turns":3},{"damage":17,"enemies":"Hexaghost","floor":16,"turns":15},{"damage":3,"enemies":"3 Byrds","floor":18,"turns":4},{"damage":1,"enemies":"Spheric Guardian","floor":21,"turns":7},{"damage":11,"enemies":"Snake Plant","floor":24,"turns":6},{"damage":32,"enemies":"Book of Stabbing","floor":25,"turns":6},{"damage":1,"enemies":"Shelled Parasite and Fungi","floor":27,"turns":5},{"damage":29,"enemies":"3 Cultists","floor":31,"turns":7},{"damage":43,"enemies":"Collector","floor":33,"turns":6}],"seed_played":"4307295472918693293","potions_obtained":[],"is_trial":false,"path_per_floor":["M","M","M","?","M","R","?","E","T","M","?","?","M","$","R","B",null,"M","?","$","M","$","R","M","E","T","M","R","?","$","M","R","B"],"character_chosen":"THE_SILENT","items_purchased":["Bullet Time","Footwork","Caltrops","Footwork"],"campfire_rested":3,"item_purchase_floors":[14,14,20,22],"current_hp_per_floor":[68,68,67,67,64,64,69,44,44,44,32,32,32,32,54,37,75,72,72,72,71,71,71,60,28,28,27,49,49,49,20,42,0,0],"gold":108,"neow_bonus":"BOSS_RELIC","is_daily":false,"chose_seed":false,"campfire_upgraded":2,"win_rate":0.0,"timestamp":1612736118,"path_taken":["M","M","M","?","M","R","?","E","T","M","?","?","M","$","R","BOSS","M","?","$","M","?","R","M","E","T","M","R","?","$","M","R","BOSS"],"items_purchased_type":["Card","Card","Card","Card"],"build_version":"2020-12-22","purchased_purges":1,"victory":false,"max_hp_per_floor":[70,70,70,70,70,70,75,75,75,75,75,75,75,75,75,75,75,75,75,75,75,75,75,75,75,75,75,75,75,75,75,75,75,75],"card_choices":[{"not_picked":["Blade Dance","Bane"],"picked":"Footwork","floor":1},{"not_picked":["Flying Knee","Cloak And Dagger"],"picked":"Dagger Spray","floor":2},{"not_picked":["Concentrate","Outmaneuver"],"picked":"Skewer","floor":3},{"not_picked":["Dagger Throw","Flying Knee"],"picked":"Dodge and Roll","floor":5},{"not_picked":["Underhanded Strike","Quick Slash"],"picked":"Glass Knife","floor":8},{"not_picked":["Masterful Stab","Bane"],"picked":"Cloak And Dagger","floor":10},{"not_picked":["Acrobatics","Setup"],"picked":"Leg Sweep","floor":12},{"not_picked":["Deflect","Underhanded Strike"],"picked":"Dagger Spray","floor":13},{"not_picked":["A Thousand Cuts","Phantasmal Killer"],"picked":"Adrenaline","floor":16},{"not_picked":["Poisoned Stab","Calculated Gamble+1"],"picked":"Escape Plan","floor":18},{"not_picked":["Bouncing Flask","Expertise+1"],"picked":"Prepared","floor":21},{"not_picked":["Eviscerate","Poisoned Stab","Bane"],"picked":"SKIP","floor":24},{"not_picked":["Venomology","Quick Slash+1"],"picked":"Malaise","floor":25},{"not_picked":["Bane","Well Laid Plans","Expertise"],"picked":"Caltrops","floor":27},{"not_picked":["Calculated Gamble+1","Poisoned Stab","Acrobatics"],"picked":"Reflex+1","floor":31}],"player_experience":286305,"relics_obtained":[{"floor":8,"key":"Whetstone"},{"floor":9,"key":"Anchor"},{"floor":12,"key":"Du-Vu Doll"},{"floor":25,"key":"Tingsha"},{"floor":26,"key":"Question Card"}],"event_choices":[{"damage_healed":0,"gold_gain":0,"cards_transformed":["Strike_G"],"player_choice":"Change","damage_taken":0,"max_hp_gain":0,"max_hp_loss":0,"event_name":"Living Wall","floor":4,"gold_loss":0,"cards_obtained":["Grand Finale"]},{"damage_healed":0,"gold_gain":0,"player_choice":"Donut","damage_taken":0,"max_hp_gain":5,"max_hp_loss":0,"event_name":"Big Fish","floor":7,"gold_loss":0},{"damage_healed":0,"gold_gain":0,"player_choice":"Success","damage_taken":12,"relics_obtained":["Lantern"],"max_hp_gain":0,"max_hp_loss":0,"event_name":"Scrap Ooze","floor":11,"gold_loss":0},{"damage_healed":0,"gold_gain":0,"player_choice":"Searched \u00271\u0027 times","damage_taken":0,"max_hp_gain":0,"max_hp_loss":0,"event_name":"Dead Adventurer","floor":12,"gold_loss":0},{"damage_healed":0,"gold_gain":0,"player_choice":"Forge","damage_taken":0,"max_hp_gain":0,"max_hp_loss":0,"event_name":"Accursed Blacksmith","floor":19,"gold_loss":0,"cards_upgraded":["Footwork"]},{"damage_healed":0,"gold_gain":0,"player_choice":"Simplicity","damage_taken":0,"max_hp_gain":0,"max_hp_loss":0,"event_name":"Back to Basics","floor":29,"gold_loss":0,"cards_upgraded":["Strike_G","Strike_G","Defend_G","Defend_G","Defend_G","Defend_G","Defend_G"]}],"is_beta":false,"boss_relics":[{"not_picked":["Astrolabe","Calling Bell"],"picked":"Runic Pyramid"}],"items_purged_floors":[30],"is_endless":false,"potions_floor_spawned":[1,3,13,21,24,25],"killed_by":"Collector","ascension_level":4}}