{"host":"lxu17chzujqn8whl","time":1612718125,"event":{"mods":["BaseMod","Minty Spire (QoL Compilation)","Relic Stats","StSLib"],"gold_per_floor":[109,127,127,127,28,28,57,57,83,114,114,133,146,166,166,270,320,330,344,39,58,76,108,108,127,127,139,139,139,64,81,81,185,185,199,214,234,250,48,48,81,81,81,0,31,31,31,42,42,42],"floor_reached":51,"language":"ENG","playtime":1150,"items_purged":["Strike_R"],"score":789,"play_id":"9d00d4c8-1b55-43b8-bfb0-c5c5d86b4d9e","local_time":"20210207091525","is_ascension_mode":false,"campfire_choices":[{"data":"Whirlwind","floor":6.0,"key":"SMITH"},{"data":"Bash","floor":8.0,"key":"SMITH"},{"floor":11.0,"key":"REST"},{"data":"Inflame","floor":15.0,"key":"SMITH"},{"floor":24,"key":"REST"},{"floor":29,"key":"REST"},{"floor":32,"key":"REST"},{"floor":40,"key":"REST"},{"floor":42,"key":"REST"},{"floor":46,"key":"REST"},{"data":"Seeing Red","floor":49,"key":"SMITH"}],"circlet_count":0,"master_deck":["Strike_R+1","Strike_R+1","Strike_R+1","Defend_R+1","Defend_R+1","Defend_R+1","Defend_R+1","Bash+1","Whirlwind+1","Pummel","Inflame+1","Demon Form","Heavy Blade","Iron Wave+1","Disarm+1","Dropkick+1","Clothesline+1","Flame Barrier+1","Pummel+1","Immolate+1","Seeing Red+1","Pummel+1","Inflame+1","Double Energy+1","Writhe","Reprogram+1"],"relics":["Burning Blood","Singing Bowl","Bag of Preparation","War Paint","Tiny House","Membership Card","Molten Egg 2","Nunchaku","Kunai","SlaversCollar","Potion Belt","PrismaticShard","Pen Nib","Du-Vu Doll","Red Mask","Vajra"],"acts_visited":["Exordium","TheCity","TheBeyond"],"potions_floor_usage":[23,27,33,41,45,45,45,45,50,50,50,50,50,50,50,50],"damage_taken":[{"damage":5.0,"enemies":"Cultist","floor":1.0,"turns":4.0},{"damage":0.0,"enemies":"2 Louse","floor":2.0,"turns":2.0},{"damage":15.0,"enemies":"Gremlin Nob","floor":7.0,"turns":4.0},{"damage":36.0,"enemies":"Lagavulin","floor":10.0,"turns":4.0},{"damage":10.0,"enemies":"Small Slimes","floor":12.0,"turns":2.0},{"damage":0.0,"enemies":"2 Fungi Beasts","floor":13.0,"turns":2.0},{"damage":0.0,"enemies":"3 Louse","floor":14.0,"turns":1.0},{"damage":44.0,"enemies":"Hexaghost","floor":16.0,"turns":9.0},{"damage":12.0,"enemies":"2 Thieves","floor":18.0,"turns":3.0},{"damage":2.0,"enemies":"3 Byrds","floor":19.0,"turns":4.0},{"damage":30.0,"enemies":"3 Cultists","floor":21.0,"turns":4.0},{"damage":23,"enemies":"Snecko","floor":22,"turns":4},{"damage":62,"enemies":"Slavers","floor":23,"turns":5},{"damage":29,"enemies":"Chosen and Byrds","floor":25,"turns":7},{"damage":12,"enemies":"3 Cultists","floor":27,"turns":3},{"damage":6,"enemies":"Snake Plant","floor":31,"turns":4},{"damage":35,"enemies":"Champ","floor":33,"turns":10},{"damage":45,"enemies":"3 Darklings","floor":35,"turns":4},{"damage":18,"enemies":"3 Shapes","floor":36,"turns":6},{"damage":32,"enemies":"Maw","floor":37,"turns":7},{"damage":27,"enemies":"Sphere and 2 Shapes","floor":38,"turns":5},{"damage":9,"enemies":"Nemesis","floor":41,"turns":5},{"damage":21,"enemies":"Reptomancer","floor":45,"turns":4},{"damage":7,"enemies":"3 Darklings","floor":48,"turns":3},{"damage":55,"enemies":"Donu and Deca","floor":50,"turns":6}],"seed_played":"-7919056603546140685","potions_obtained":[{"floor":7.0,"key":"FearPotion"},{"floor":10.0,"key":"SteroidPotion"},{"floor":12.0,"key":"ColorlessPotion"},{"floor":16.0,"key":"SpeedPotion"},{"floor":17.0,"key":"Explosive Potion"},{"floor":18.0,"key":"BloodPotion"},{"floor":23,"key":"Strength Potion"},{"floor":25,"key":"LiquidBronze"},{"floor":36,"key":"Strength Potion"},{"floor":37,"key":"SmokeBomb"},{"floor":38,"key":"SpeedPotion"}],"is_trial":false,"path_per_floor":["M","M","?","?","$","R","E","R","T","E","R","M","M","M","R","B",null,"M","M","$","M","M","E","R","M","T","M","?","R","?","M","R","B",null,"M","M","M","M","$","R","E","R","T","?","E","R","?","M","R","B",null],"character_chosen":"IRONCLAD","items_purchased":["Fruit Juice","Membership Card","Molten Egg 2","Potion Belt","EntropicBrew","PrismaticShard"],"campfire_rested":7,"item_purchase_floors":[5,20,20,39,39,39],"current_hp_per_floor":[88,88,70,70,75,75,66,66,66,38,66,62,68,76,76,38,104,98,104,104,80,63,28,59,36,36,30,30,61,61,61,92,63,106,69,57,31,10,10,42,41,74,74,74,59,92,110,109,109,60],"gold":42,"neow_bonus":"TEN_PERCENT_HP_BONUS","is_daily":false,"chose_seed":false,"campfire_upgraded":4,"win_rate":0.0,"timestamp":1612718125,"path_taken":["M","M","?","?","$","R","E","R","T","E","R","M","M","M","R","BOSS","M","M","$","M","M","E","R","M","T","?","?","R","?","M","R","BOSS","M","M","M","M","$","R","E","R","T","?","E","R","?","M","R","BOSS"],"items_purchased_type":["Potion","Relic","Relic","Relic","Potion","Relic"],"build_version":"2020-12-22","purchased_purges":1,"victory":true,"max_hp_per_floor":[88,88,88,88,93,93,93,93,93,95,95,95,95,97,97,97,104,104,106,106,106,106,106,106,106,106,106,106,106,106,106,106,106,106,108,108,108,108,108,108,110,110,110,110,110,110,110,110,110,110],"relic_stats":{"Nunchaku":[9],"Singing Bowl":12,"counters":[25,112],"Pen Nib":[2],"Bag of Preparation":[44],"Kunai":[10],"War Paint":["Defend_R","Defend_R"],"obtain_stats":[{"Potion Belt":39,"Tiny House":17,"Singing Bowl":7,"Vajra":45,"Pen Nib":41,"Bag of Preparation":9,"War Paint":10,"PrismaticShard":39,"Burning Blood":0,"Du-Vu Doll":43,"SlaversCollar":34,"Nunchaku":23,"Molten Egg 2":20,"Red Mask":44,"Membership Card":20,"Kunai":26},{"Potion Belt":21,"Tiny House":8,"Singing Bowl":3,"Vajra":23,"Pen Nib":22,"Bag of Preparation":3,"War Paint":4,"PrismaticShard":21,"Burning Blood":0,"Du-Vu Doll":22,"SlaversCollar":17,"Nunchaku":13,"Molten Egg 2":10,"Red Mask":22,"Membership Card":10,"Kunai":14},{"Potion Belt":94,"Tiny House":28,"Singing Bowl":10,"Vajra":103,"Pen Nib":99,"Bag of Preparation":10,"War Paint":14,"PrismaticShard":94,"Burning Blood":0,"Du-Vu Doll":99,"SlaversCollar":72,"Nunchaku":48,"Molten Egg 2":35,"Red Mask":99,"Membership Card":35,"Kunai":55}],"Burning Blood":143},"card_choices":[{"not_picked":["Clothesline","Iron Wave"],"picked":"Whirlwind","floor":1.0},{"not_picked":["Iron Wave","Metallicize","Sentinel"],"picked":"SKIP","floor":2.0},{"not_picked":["Metallicize","Dropkick"],"picked":"Pummel","floor":7.0},{"not_picked":["Metallicize","Rage","Sever Soul"],"picked":"Singing Bowl","floor":10.0},{"not_picked":["Warcry","Armaments"],"picked":"Cleave","floor":12.0},{"not_picked":["Bloodletting","Havoc"],"picked":"Inflame","floor":13.0},{"not_picked":["Bloodletting","Intimidate","Sword Boomerang"],"picked":"Singing Bowl","floor":14.0},{"not_picked":["Juggernaut","Fiend Fire"],"picked":"Demon Form","floor":16.0},{"not_picked":["Power Through","Twin Strike","Anger"],"picked":"Singing Bowl","floor":17.0},{"not_picked":["Havoc","Body Slam"],"picked":"Heavy Blade","floor":18.0},{"not_picked":["Sever Soul","Flex","Thunderclap"],"picked":"Singing Bowl","floor":19.0},{"not_picked":["Second Wind","Infernal Blade+1"],"picked":"Iron Wave+1","floor":21.0},{"not_picked":["Intimidate+1","Fire Breathing"],"picked":"Disarm+1","floor":22},{"not_picked":["Second Wind","Anger+1"],"picked":"Dropkick+1","floor":23},{"not_picked":["Anger+1","Barricade"],"picked":"Clothesline+1","floor":25},{"not_picked":["Reckless Charge+1","True Grit"],"picked":"Flame Barrier+1","floor":27},{"not_picked":["Reckless Charge+1","Clothesline+1"],"picked":"Pummel+1","floor":31},{"not_picked":["Fiend Fire+1","Brutality"],"picked":"Immolate+1","floor":33},{"not_picked":["Clash+1","Flame Barrier","Iron Wave+1"],"picked":"Singing Bowl","floor":35},{"not_picked":["Thunderclap+1","Shrug It Off"],"picked":"Seeing Red","floor":36},{"not_picked":["Thunderclap+1","Clash+1"],"picked":"Pummel+1","floor":37},{"not_picked":["Hemokinesis+1","Flame Barrier+1"],"picked":"Inflame+1","floor":38},{"not_picked":["Streamline+1","Consecrate+1","SashWhip+1"],"picked":"Singing Bowl","floor":41},{"not_picked":["Crescendo","EmptyFist+1"],"picked":"Double Energy+1","floor":45},{"not_picked":["Indignation","Setup"],"picked":"Reprogram+1","floor":48}],"player_experience":647398,"relics_obtained":[{"floor":7.0,"key":"Singing Bowl"},{"floor":9.0,"key":"Bag of Preparation"},{"floor":10.0,"key":"War Paint"},{"floor":23,"key":"Nunchaku"},{"floor":26,"key":"Kunai"},{"floor":41,"key":"Pen Nib"},{"floor":43,"key":"Du-Vu Doll"},{"floor":45,"key":"Vajra"}],"event_choices":[{"damage_healed":0.0,"max_hp_gain":0.0,"max_hp_loss":0.0,"gold_gain":0.0,"event_name":"Shining Light","player_choice":"Entered Light","floor":3.0,"gold_loss":0.0,"damage_taken":18.0,"cards_upgraded":["Defend_R","Strike_R"]},{"cards_removed":["Strike_R"],"damage_healed":0.0,"max_hp_gain":0.0,"max_hp_loss":0.0,"gold_gain":0.0,"event_name":"Wheel of Change","player_choice":"Card Removal","floor":4.0,"gold_loss":0.0,"damage_taken":0.0},{"damage_healed":0,"gold_gain":0,"player_choice":"Simplicity","damage_taken":0,"max_hp_gain":0,"max_hp_loss":0,"event_name":"Back to Basics","floor":28,"gold_loss":0,"cards_upgraded":["Strike_R","Defend_R"]},{"cards_removed":["Cleave"],"damage_healed":0,"gold_gain":0,"player_choice":"Gave Gold","damage_taken":0,"max_hp_gain":0,"max_hp_loss":0,"event_name":"Beggar","floor":30,"gold_loss":75},{"damage_healed":0,"gold_gain":0,"player_choice":"Paid","damage_taken":0,"relics_obtained":["Red Mask"],"max_hp_gain":0,"max_hp_loss":0,"event_name":"Tomb of Lord Red Mask","floor":44,"gold_loss":81},{"damage_healed":28,"gold_gain":0,"player_choice":"Writhe","damage_taken":0,"max_hp_gain":0,"max_hp_loss":0,"event_name":"Winding Halls","floor":47,"gold_loss":0,"cards_obtained":["Writhe"]}],"is_beta":false,"boss_relics":[{"not_picked":["Runic Cube","Runic Dome"],"picked":"Tiny House"},{"not_picked":["Black Star","Mark of Pain"],"picked":"SlaversCollar"}],"items_purged_floors":[20],"is_endless":false,"potions_floor_spawned":[7,10,12,16,18,23,25,36,37,38],"ascension_level":0}}