{"host":"tetk82fuf8thwxol","time":1612678082,"event":{"mods":["AchievementEnabler","BaseMod","BetterRewards","GifTheSpireLib","Hermit","Minty Spire (QoL Compilation)","Permanent Neow","Quick Restart","Shop Mod","Spicy Shops","StSLib","The Bug Knight","The Cursed","The Runesmith"],"gold_per_floor":[10010,10010,10028,10028,10038,10063,10063,10080,10161,10173,10199,10214,10060,10078,10078,10152,10152,10169,10169,9965,9965,9965,9965,9994,9994,10045,10045,10055,10055,9858,9883,9883,9957,9957,9977,9995,9995,10006,9535,9560,9591,9623,9646,9646,9424,9456,9471,9421,9421,9421,9421,9421,9014,9046,9046],"floor_reached":56,"language":"ENG","playtime":1620,"items_purged":["Strike_G","Strike_G","Defend_G","Defend_G","Strike_G","Defend_G","Strike_G","Defend_G","A Thousand Cuts"],"score":3401,"play_id":"a61ccea2-338a-44a6-8614-50c413a7717d","local_time":"20210207000802","is_ascension_mode":true,"campfire_choices":[{"floor":7,"key":"RECALL"},{"data":"Accuracy","floor":15,"key":"SMITH"},{"floor":23,"key":"REST"},{"floor":25,"key":"REST"},{"floor":32,"key":"REST"},{"floor":49,"key":"REST"},{"floor":52,"key":"REST"}],"circlet_count":0,"master_deck":["AscendersBane","Strike_G","Defend_G","Survivor+1","Neutralize","Infinite Blades","Choke+1","Cloak And Dagger+1","Cloak And Dagger","Adrenaline+1","Blade Dance","Blade Dance+1","Accuracy+1","Blade Dance+1","Terror","Blade Dance","Phantasmal Killer","Accuracy","Accuracy+1","Accuracy+1","A Thousand Cuts+1"],"relics":["Ring of the Serpent","Molten Egg 2","Incense Burner","Unceasing Top","Oddly Smooth Stone","Mummified Hand","TwistedFunnel","StrikeDummy","Membership Card","Torii","FossilizedHelix","MealTicket","Bronze Scales","Ginger","Medical Kit","Gremlin Horn","Vajra","DollysMirror","Bottled Tornado","Prayer Wheel","Kunai","Question Card","Calipers","Shuriken","HollowMod:StagPassRelic","Eternal Feather","Centennial Puzzle","Blood Vial","Bottled Lightning","Turnip","Lantern","Frozen Egg 2","Bag of Marbles","Boot","Fusion Hammer","Singing Bowl","Happy Flower","Strawberry","HollowMod:PaleOreRelic","MutagenicStrength","TungstenRod","Snake Skull","Matryoshka","War Paint","Potion Belt","PreservedInsect","WingedGreaves","Omamori","Blue Candle","Orichalcum","HornCleat","Anchor","Thread and Needle","HandDrill","Ninja Scroll","Bird Faced Urn","Runesmith:Nanobots","Pear","Bag of Preparation"],"acts_visited":["Exordium","TheCity","TheBeyond","TheEnding"],"potions_floor_usage":[33,36,55,55,55],"damage_taken":[{"damage":0,"enemies":"2 Louse","floor":1,"turns":1},{"damage":0,"enemies":"Cultist","floor":3,"turns":1},{"damage":0,"enemies":"Jaw Worm","floor":5,"turns":1},{"damage":0,"enemies":"Gremlin Nob","floor":6,"turns":2},{"damage":0,"enemies":"2 Fungi Beasts","floor":8,"turns":1},{"damage":0,"enemies":"Looter","floor":10,"turns":1},{"damage":0,"enemies":"Lagavulin","floor":11,"turns":1},{"damage":0,"enemies":"Large Slime","floor":12,"turns":1},{"damage":0,"enemies":"Red Slaver","floor":14,"turns":2},{"damage":0,"enemies":"Slime Boss","floor":16,"turns":1},{"damage":0,"enemies":"3 Byrds","floor":18,"turns":2},{"damage":0,"enemies":"Gremlin Leader","floor":24,"turns":1},{"damage":0,"enemies":"Shell Parasite","floor":28,"turns":1},{"damage":0,"enemies":"Slavers","floor":31,"turns":1},{"damage":0,"enemies":"Automaton","floor":33,"turns":2},{"damage":0,"enemies":"Orb Walker","floor":35,"turns":1},{"damage":0,"enemies":"3 Shapes","floor":36,"turns":1},{"damage":0,"enemies":"Maw","floor":38,"turns":2},{"damage":0,"enemies":"Reptomancer","floor":40,"turns":1},{"damage":0,"enemies":"Giant Head","floor":41,"turns":2},{"damage":0,"enemies":"Reptomancer","floor":42,"turns":1},{"damage":0,"enemies":"Nemesis","floor":46,"turns":1},{"damage":0,"enemies":"Spire Growth","floor":47,"turns":1},{"damage":0,"enemies":"Time Eater","floor":50,"turns":3},{"damage":0,"enemies":"Shield and Spear","floor":54,"turns":1},{"damage":0,"enemies":"The Heart","floor":55,"turns":4}],"seed_played":"3695916768123402016","potions_obtained":[{"floor":5,"key":"Block Potion"},{"floor":8,"key":"ColorlessPotion"},{"floor":14,"key":"AttackPotion"},{"floor":36,"key":"Dexterity Potion"},{"floor":40,"key":"Fire Potion"},{"floor":41,"key":"FearPotion"},{"floor":42,"key":"SkillPotion"}],"is_trial":false,"path_per_floor":["M","?","M","?","M","E","R","M","T","M","E","M","$","M","R","B",null,"M","?","$","?","?","R","E","R","T","?","M","T","$","E","R","B",null,"M","M","?","M","$","E","E","E","T","?","$","E","M","?","R","B",null,"R","$","E","B",null],"character_chosen":"THE_SILENT","items_purchased":["Molten Egg 2","Incense Burner","Infinite Blades","Unceasing Top","Oddly Smooth Stone","Choke+1","Cloak And Dagger","Mummified Hand","TwistedFunnel","StrikeDummy","Membership Card","Torii","FossilizedHelix","Cloak And Dagger","MealTicket","Bronze Scales","Ginger","Adrenaline","Medical Kit","Gremlin Horn","Vajra","Blade Dance","DollysMirror","Accuracy","Bottled Tornado","Prayer Wheel","Kunai","Question Card","Calipers","Shuriken","HollowMod:StagPassRelic","Eternal Feather","Centennial Puzzle","Blood Vial","Bottled Lightning","Bag of Marbles","Boot","Singing Bowl","Happy Flower","Snake Skull","Matryoshka","Potion Belt","PreservedInsect","WingedGreaves","A Thousand Cuts+1","Thread and Needle","HandDrill","Bird Faced Urn","Runesmith:Nanobots","Pear"],"campfire_rested":5,"item_purchase_floors":[0,0,0,0,0,0,0,0,0,0,0,0,0,0,0,0,0,0,0,0,0,0,0,0,0,0,0,0,0,0,0,0,0,0,0,13,13,20,20,30,30,39,39,39,39,45,45,53,53,53],"current_hp_per_floor":[61,61,63,63,65,66,66,66,66,66,66,66,66,66,66,66,66,66,48,63,71,71,71,80,80,80,80,84,84,84,86,86,88,88,92,96,96,100,100,102,104,106,106,101,101,103,107,107,107,107,107,107,117,119,119],"gold":9046,"neow_bonus":"","is_daily":false,"chose_seed":false,"campfire_upgraded":1,"win_rate":0.0,"timestamp":1612678082,"path_taken":["M","?","M","?","?","E","R","?","T","M","E","M","$","M","R","BOSS","M","?","$","?","?","R","E","R","T","?","M","?","$","E","R","BOSS","M","M","?","M","$","E","E","E","T","?","?","E","?","?","R","BOSS","R","$","E","BOSS"],"items_purchased_type":["Relic","Relic","Card","Relic","Relic","Card","Card","Relic","Relic","Relic","Relic","Relic","Relic","Card","Relic","Relic","Relic","Card","Relic","Relic","Relic","Card","Relic","Card","Relic","Relic","Relic","Relic","Relic","Relic","Relic","Relic","Relic","Relic","Relic","Relic","Relic","Relic","Relic","Relic","Relic","Relic","Relic","Relic","Card","Relic","Relic","Relic","Relic","Relic"],"build_version":"2020-12-22","purchased_purges":9,"victory":true,"max_hp_per_floor":[66,66,66,66,66,66,66,66,66,66,66,66,66,66,66,66,66,66,71,71,71,71,71,80,80,80,80,84,84,84,86,86,88,88,92,96,96,100,100,102,104,106,106,101,101,103,107,107,107,107,107,107,117,119,119],"card_choices":[{"not_picked":["Cloak And Dagger","Caltrops","Masterful Stab+1"],"picked":"Blade Dance","floor":1},{"not_picked":["Outmaneuver","Acrobatics","Dagger Spray+1","Crippling Poison"],"picked":"SKIP","floor":1},{"not_picked":["Dagger Throw+1","Endless Agony+1","Underhanded Strike+1"],"picked":"Terror","floor":3},{"not_picked":["Endless Agony+1","Dagger Spray+1","Prepared","Catalyst"],"picked":"SKIP","floor":3},{"not_picked":["Deadly Poison","Infinite Blades","Dodge and Roll","Cloak And Dagger"],"picked":"SKIP","floor":5},{"not_picked":["Prepared","Poisoned Stab+1","Endless Agony+1","A Thousand Cuts"],"picked":"SKIP","floor":5},{"not_picked":["Prepared","Poisoned Stab+1","Endless Agony+1"],"picked":"A Thousand Cuts","floor":5},{"not_picked":["Deadly Poison","Infinite Blades","Dodge and Roll","Cloak And Dagger"],"picked":"SKIP","floor":5},{"not_picked":["Caltrops","Calculated Gamble","Prepared","Deflect"],"picked":"SKIP","floor":6},{"not_picked":["Sucker Punch+1","Dodge and Roll","Tactician"],"picked":"Blade Dance","floor":8},{"not_picked":["Underhanded Strike+1","Blur","Prepared"],"picked":"Phantasmal Killer","floor":8},{"not_picked":["Concentrate","Outmaneuver","Reflex"],"picked":"Accuracy","floor":10},{"not_picked":["All Out Attack+1","Sucker Punch+1","Prepared","Deadly Poison"],"picked":"SKIP","floor":10},{"not_picked":["Venomology","Dagger Throw+1","Deadly Poison"],"picked":"Accuracy+1","floor":11},{"not_picked":["Deflect","Calculated Gamble","Quick Slash+1","Escape Plan"],"picked":"SKIP","floor":12},{"not_picked":["Slice+1","Escape Plan","Infinite Blades+1","Calculated Gamble"],"picked":"SKIP","floor":12},{"not_picked":["Deflect","Dodge and Roll","Calculated Gamble","Deadly Poison"],"picked":"SKIP","floor":14},{"not_picked":["Dagger Throw+1","Dash+1","Poisoned Stab+1","Outmaneuver"],"picked":"SKIP","floor":14},{"not_picked":["Dodge and Roll","Sucker Punch+1","Cloak And Dagger"],"picked":"Accuracy+1","floor":18},{"not_picked":["Infinite Blades+1","Underhanded Strike+1","Tools of the Trade+1","Dagger Spray+1"],"picked":"SKIP","floor":18},{"not_picked":["Slice+1","Terror+1","Dagger Throw+1","Prepared"],"picked":"Singing Bowl","floor":24},{"not_picked":["PiercingWail","Eviscerate+1","Poisoned Stab+1","Crippling Poison"],"picked":"Singing Bowl","floor":28},{"not_picked":["Distraction","Noxious Fumes+1","Dagger Spray+1","Acrobatics"],"picked":"Singing Bowl","floor":28},{"not_picked":["Dagger Spray+1","Riddle With Holes+1","Caltrops+1","Leg Sweep"],"picked":"Singing Bowl","floor":31},{"not_picked":["Wraith Form v2+1","Glass Knife+1","Grand Finale+1","Burst"],"picked":"Singing Bowl","floor":33},{"not_picked":["Reflex","Noxious Fumes+1","Deadly Poison+1","Choke+1"],"picked":"Singing Bowl","floor":35},{"not_picked":["Blade Dance","Catalyst","Infinite Blades+1","Endless Agony+1"],"picked":"Singing Bowl","floor":35},{"not_picked":["Quick Slash+1","Dagger Throw+1","Acrobatics","Cloak And Dagger"],"picked":"Singing Bowl","floor":36},{"not_picked":["Deflect","Quick Slash+1","Slice+1","Concentrate"],"picked":"Singing Bowl","floor":36},{"not_picked":["Prepared+1","Dodge and Roll","Sucker Punch+1","Endless Agony+1"],"picked":"Singing Bowl","floor":38},{"not_picked":["Terror+1","PiercingWail","Grand Finale+1","Deadly Poison"],"picked":"Singing Bowl","floor":38},{"not_picked":["Endless Agony+1","Distraction+1","PiercingWail","Deflect"],"picked":"Singing Bowl","floor":40},{"not_picked":["Flying Knee+1","PiercingWail","Outmaneuver","Skewer+1"],"picked":"Singing Bowl","floor":41},{"not_picked":["Caltrops+1","Dash+1","Corpse Explosion","Catalyst+1"],"picked":"Singing Bowl","floor":42},{"not_picked":["Terror","Predator+1","Deflect","Blade Dance+1"],"picked":"Singing Bowl","floor":46},{"not_picked":["Cloak And Dagger","Deflect","Underhanded Strike+1","Dagger Throw+1"],"picked":"Singing Bowl","floor":47},{"not_picked":["Crippling Poison","Blade Dance","Slice+1","Backflip"],"picked":"Singing Bowl","floor":47},{"not_picked":["Blade Dance","Setup","Corpse Explosion","Crippling Poison"],"picked":"Singing Bowl","floor":54}],"player_experience":300095,"relics_obtained":[{"floor":4,"key":"Turnip"},{"floor":6,"key":"Lantern"},{"floor":11,"key":"Frozen Egg 2"},{"floor":24,"key":"Strawberry"},{"floor":26,"key":"HollowMod:PaleOreRelic"},{"floor":29,"key":"TungstenRod"},{"floor":31,"key":"War Paint"},{"floor":40,"key":"Omamori"},{"floor":41,"key":"Blue Candle"},{"floor":42,"key":"Orichalcum"},{"floor":43,"key":"HornCleat"},{"floor":43,"key":"Anchor"},{"floor":46,"key":"Ninja Scroll"},{"floor":54,"key":"Bag of Preparation"}],"event_choices":[{"damage_healed":0,"gold_gain":0,"player_choice":"Grow","damage_taken":0,"max_hp_gain":0,"max_hp_loss":0,"event_name":"Living Wall","floor":2,"gold_loss":0,"cards_upgraded":["Adrenaline"]},{"damage_healed":0,"gold_gain":0,"player_choice":"Relic","damage_taken":0,"max_hp_gain":0,"max_hp_loss":0,"event_name":"Wheel of Change","floor":4,"gold_loss":0},{"damage_healed":0,"gold_gain":0,"player_choice":"Shed Blood","damage_taken":23,"max_hp_gain":5,"max_hp_loss":0,"event_name":"Forgotten Altar","floor":19,"gold_loss":0},{"damage_healed":14,"gold_gain":0,"player_choice":"Heal","damage_taken":0,"max_hp_gain":0,"max_hp_loss":0,"event_name":"The Library","floor":21,"gold_loss":0},{"damage_healed":0,"gold_gain":0,"player_choice":"Ignored","damage_taken":0,"max_hp_gain":0,"max_hp_loss":0,"event_name":"Ghosts","floor":22,"gold_loss":0},{"damage_healed":0,"gold_gain":0,"player_choice":"Inject Mutagens","damage_taken":0,"relics_obtained":["MutagenicStrength"],"max_hp_gain":0,"max_hp_loss":0,"event_name":"Drug Dealer","floor":27,"gold_loss":0},{"damage_healed":0,"gold_gain":0,"player_choice":"Ignored","damage_taken":0,"max_hp_gain":0,"max_hp_loss":0,"event_name":"Tomb of Lord Red Mask","floor":37,"gold_loss":0},{"damage_healed":0,"gold_gain":0,"player_choice":"Max HP","damage_taken":0,"max_hp_gain":0,"max_hp_loss":5,"event_name":"Winding Halls","floor":44,"gold_loss":0},{"damage_healed":0,"gold_gain":0,"player_choice":"Upgraded Two","damage_taken":0,"max_hp_gain":0,"max_hp_loss":0,"event_name":"Designer","floor":48,"gold_loss":50,"cards_upgraded":["Survivor","Blade Dance"]}],"is_beta":false,"boss_relics":[{"not_picked":["Busted Crown","SlaversCollar"],"picked":"Fusion Hammer"},{"not_picked":["Velvet Choker","Runesmith:UraniumAnvil"],"picked":"Ring of the Serpent"}],"items_purged_floors":[0,0,0,0,0,0,0,0,39],"is_endless":false,"potions_floor_spawned":[5,8,12,14,16,24,28,36,40,41,42,46,54],"ascension_level":15}}