{"host":"3qkmyeoym75lj4wn","time":1612702915,"event":{"mods":["2.2 Compatiblity","BaseMod","Block Reminder","Colored Powertips","Highlight Path","Minty Spire (QoL Compilation)","Permanent Neow","Potion Indicator Mod","Rare Cards Sparkle","Relic Stats","StSLib","Unceasing Turn Reminder"],"gold_per_floor":[118,118,129,129,146,173,8,8,8,38,38,50,83,83,83,176,176,195,219,52,52,52,52,88,88,88,122,135,135,135],"floor_reached":29,"language":"ENG","playtime":1114,"items_purged":["Strike_B"],"score":658,"play_id":"c8797e0d-4da3-471e-b09e-7b3faa297c6a","local_time":"20210207130155","is_ascension_mode":true,"campfire_choices":[{"data":"Darkness","floor":8,"key":"SMITH"},{"data":"Sweeping Beam","floor":11,"key":"SMITH"},{"floor":15,"key":"REST"},{"data":"Fission","floor":23,"key":"SMITH"},{"floor":25,"key":"REST"}],"circlet_count":0,"master_deck":["AscendersBane","Strike_B","Strike_B","Strike_B","Defend_B","Defend_B","Defend_B","Defend_B","Zap+1","Dualcast","Conserve Battery","Sweeping Beam+1","Cold Snap","Darkness+1","Chill","Echo Form","Gash","Gash","Fission+1","Self Repair","Loop","Cold Snap","Steam","Hologram","Gash+1"],"relics":["FrozenCore","Pear","PreservedInsect","Mercury Hourglass","Pen Nib","Pantograph","Golden Idol","Lantern","Ice Cream","Potion Belt"],"acts_visited":["Exordium","TheCity"],"potions_floor_usage":[10,13,18,24,24,28,29],"damage_taken":[{"damage":1,"enemies":"Small Slimes","floor":1,"turns":4},{"damage":0,"enemies":"Cultist","floor":3,"turns":3},{"damage":3,"enemies":"Jaw Worm","floor":5,"turns":3},{"damage":12,"enemies":"Lagavulin","floor":6,"turns":6},{"damage":2,"enemies":"Gremlin Nob","floor":10,"turns":3},{"damage":3,"enemies":"Exordium Wildlife","floor":12,"turns":2},{"damage":12,"enemies":"3 Sentries","floor":13,"turns":3},{"damage":0,"enemies":"Slime Boss","floor":16,"turns":8},{"damage":1,"enemies":"3 Byrds","floor":18,"turns":6},{"damage":25,"enemies":"Shell Parasite","floor":19,"turns":6},{"damage":43,"enemies":"Book of Stabbing","floor":24,"turns":7},{"damage":13,"enemies":"Gremlin Leader","floor":27,"turns":6},{"damage":13,"enemies":"Snake Plant","floor":28,"turns":5},{"damage":33,"enemies":"Book of Stabbing","floor":29,"turns":5}],"seed_played":"-5156655663614974647","potions_obtained":[{"floor":1,"key":"BlessingOfTheForge"},{"floor":3,"key":"DuplicationPotion"},{"floor":10,"key":"ColorlessPotion"},{"floor":22,"key":"Swift Potion"},{"floor":22,"key":"BlessingOfTheForge"},{"floor":27,"key":"SkillPotion"},{"floor":28,"key":"Energy Potion"}],"is_trial":false,"path_per_floor":["M","?","M","?","M","E","$","R","T","E","R","M","E","?","R","B",null,"M","M","$","?","?","R","E","R","T","E","M","E"],"character_chosen":"DEFECT","items_purchased":["PreservedInsect","Loop","Cold Snap"],"campfire_rested":2,"item_purchase_floors":[7,20,20],"current_hp_per_floor":[63,63,63,63,60,58,58,58,58,56,56,53,41,13,37,62,76,75,50,50,50,50,50,17,41,41,35,29,0,0],"gold":135,"neow_bonus":"THREE_CARDS","is_daily":false,"chose_seed":false,"campfire_upgraded":3,"win_rate":0.0,"timestamp":1612702915,"path_taken":["M","?","M","?","?","E","$","R","T","E","R","M","E","?","R","BOSS","M","M","$","?","?","R","E","R","T","E","?","E"],"items_purchased_type":["Relic","Card","Card"],"build_version":"2020-12-22","purchased_purges":1,"victory":false,"max_hp_per_floor":[71,71,71,71,71,81,81,81,81,81,81,81,81,81,81,81,81,81,81,81,81,81,81,81,81,81,81,81,81,81],"relic_stats":{"counters":[14,67],"Golden Idol":45,"Pantograph":25,"PreservedInsect":183,"Pen Nib":[8],"obtain_stats":[{"Ice Cream":26,"Potion Belt":27,"Lantern":24,"Pear":6,"Golden Idol":14,"Pantograph":13,"PreservedInsect":7,"Pen Nib":10,"Cracked Core":0,"Mercury Hourglass":9,"FrozenCore":17},{"Ice Cream":11,"Potion Belt":12,"Lantern":11,"Pear":4,"Golden Idol":7,"Pantograph":7,"PreservedInsect":4,"Pen Nib":5,"Cracked Core":0,"Mercury Hourglass":4,"FrozenCore":8},{"Ice Cream":51,"Potion Belt":57,"Lantern":51,"Pear":16,"Golden Idol":24,"Pantograph":24,"PreservedInsect":16,"Pen Nib":19,"Cracked Core":0,"Mercury Hourglass":16,"FrozenCore":32}],"FrozenCore":[16],"Mercury Hourglass":[204]},"card_choices":[{"not_picked":["Stack","Leap"],"picked":"Conserve Battery","floor":0},{"not_picked":["Auto Shields","Conserve Battery","Leap"],"picked":"SKIP","floor":1},{"not_picked":["Turbo","Rebound"],"picked":"Sweeping Beam","floor":3},{"not_picked":["Skim","Hologram"],"picked":"Darkness","floor":5},{"not_picked":["Coolheaded","Gash"],"picked":"Chill","floor":6},{"not_picked":["Hologram","Go for the Eyes"],"picked":"Echo Form","floor":10},{"not_picked":["Turbo","Sweeping Beam"],"picked":"Gash","floor":12},{"not_picked":["Beam Cell","Static Discharge"],"picked":"Gash","floor":13},{"not_picked":["Thunder Strike","Multi-Cast"],"picked":"Fission","floor":16},{"not_picked":["White Noise","Stack","Double Energy"],"picked":"SKIP","floor":18},{"not_picked":["Storm+1","Compile Driver"],"picked":"Self Repair","floor":19},{"not_picked":["Blizzard","Streamline"],"picked":"Steam","floor":24},{"not_picked":["Beam Cell","Barrage"],"picked":"Hologram","floor":27},{"not_picked":["Sweeping Beam","Self Repair"],"picked":"Gash+1","floor":28}],"player_experience":1735388,"relics_obtained":[{"floor":6,"key":"Pear"},{"floor":9,"key":"Mercury Hourglass"},{"floor":10,"key":"Pen Nib"},{"floor":13,"key":"Pantograph"},{"floor":24,"key":"Lantern"},{"floor":26,"key":"Ice Cream"},{"floor":27,"key":"Potion Belt"}],"event_choices":[{"damage_healed":0,"gold_gain":0,"player_choice":"Grow","damage_taken":0,"max_hp_gain":0,"max_hp_loss":0,"event_name":"Living Wall","floor":2,"gold_loss":0,"cards_upgraded":["Zap"]},{"damage_healed":0,"gold_gain":0,"player_choice":"1 cards matched","damage_taken":0,"max_hp_gain":0,"max_hp_loss":0,"event_name":"Match and Keep!","floor":4,"gold_loss":0,"cards_obtained":["Cold Snap"]},{"damage_healed":0,"gold_gain":0,"player_choice":"Take Damage","damage_taken":28,"relics_obtained":["Golden Idol"],"max_hp_gain":0,"max_hp_loss":0,"event_name":"Golden Idol","floor":14,"gold_loss":0},{"damage_healed":0,"gold_gain":0,"player_choice":"Ignored","damage_taken":0,"max_hp_gain":0,"max_hp_loss":0,"event_name":"Ghosts","floor":21,"gold_loss":0},{"damage_healed":0,"gold_gain":0,"player_choice":"Got Potions","damage_taken":0,"max_hp_gain":0,"max_hp_loss":0,"event_name":"Lab","floor":22,"gold_loss":0}],"is_beta":false,"boss_relics":[{"not_picked":["Calling Bell","Sozu"],"picked":"FrozenCore"}],"items_purged_floors":[20],"is_endless":false,"potions_floor_spawned":[1,3,10,12,27,28],"killed_by":"Book of Stabbing","ascension_level":20}}