{"host":"1v3mnj67s3trvm6y","time":1612736541,"event":{"mods":["BaseMod","Challenge The Spire","Downfall","Minty Spire (QoL Compilation)","StSLib"],"gold_per_floor":[99,5,105,123,15,15,65,215,229,247,258,268,59,59,77,77,77,77],"floor_reached":16,"language":"ENG","playtime":861,"items_purged":[],"score":92,"play_id":"82ea91f5-0470-480b-aa0c-db6899967d92","local_time":"20210208072221","is_ascension_mode":false,"campfire_choices":[{"data":"sneckomod:TailWhip","floor":1,"key":"SMITH"}],"circlet_count":0,"master_deck":["sneckomod:Strike","sneckomod:Strike","sneckomod:Strike","sneckomod:Defend","sneckomod:Defend","sneckomod:Defend","sneckomod:TailWhip+1","sneckomod:SnekBite","sneckomod:Unknown","sneckomod:Unknown","sneckomod:UnknownUncommonAttack","sneckomod:UnendingSupply","sneckomod:Unknown1Cost","sneckomod:UnendingSupply","sneckomod:QuickMove","sneckomod:UnknownUncommonPower","sneckomod:SnakeSap","sneckomod:PureSnecko","sneckomod:UnknownBoss","sneckomod:WideSting","Guardian:MultiBeam","sneckomod:QuickMove"],"relics":["sneckomod:SneckoSoul","Tiny Chest","Blue Candle","Regal Pillow","MealTicket"],"acts_visited":["Exordium"],"potions_floor_usage":[],"damage_taken":[{"damage":0,"enemies":"downfall:FleeingMerchant","floor":2,"turns":4},{"damage":0,"enemies":"Cultist","floor":4,"turns":3},{"damage":5,"enemies":"downfall:FleeingMerchant","floor":5,"turns":4},{"damage":15,"enemies":"Small Slimes","floor":9,"turns":4},{"damage":8,"enemies":"Jaw Worm","floor":10,"turns":3},{"damage":7,"enemies":"3 Louse","floor":11,"turns":2},{"damage":20,"enemies":"Blue Slaver","floor":12,"turns":6},{"damage":10,"enemies":"downfall:FleeingMerchant","floor":13,"turns":4},{"damage":0,"enemies":"Large Slime","floor":15,"turns":4},{"damage":28,"enemies":"IC_STATUS_ARCHETYPE","floor":16,"turns":8}],"seed_played":"-7642510584609355519","potions_obtained":[{"floor":11,"key":"EssenceOfSteel"},{"floor":15,"key":"sneckomod:DiceRollPotion"}],"is_trial":false,"path_per_floor":["R","$","?","M","$","T","T","?","M","M","M","M","$","?","M","B"],"character_chosen":"THE_SNECKO","items_purchased":["sneckomod:UnendingSupply","sneckomod:UnendingSupply","sneckomod:QuickMove","MealTicket","sneckomod:WideSting"],"campfire_rested":0,"item_purchase_floors":[2,5,5,13,13],"current_hp_per_floor":[90,90,90,90,85,85,85,85,70,62,55,35,25,25,25,0,0,0],"gold":77,"neow_bonus":"RANDOM_COMMON_RELIC","is_daily":false,"chose_seed":false,"campfire_upgraded":1,"win_rate":0.0,"timestamp":1612736541,"path_taken":["R","?","?","M","?","?","T","?","M","M","M","?","$","?","M","BOSS"],"items_purchased_type":["Card","Card","Card","Relic","Card"],"build_version":"2020-12-22","purchased_purges":0,"victory":false,"max_hp_per_floor":[90,90,90,90,90,90,90,90,90,90,90,90,90,90,90,90,90,90],"card_choices":[{"not_picked":["sneckomod:TrashToTreasure","sneckomod:UnknownCommonSkill"],"picked":"sneckomod:UnknownUncommonAttack","floor":2},{"not_picked":["sneckomod:MasterEye","sneckomod:Nope"],"picked":"sneckomod:UnknownX","floor":4},{"not_picked":["sneckomod:Nope","sneckomod:IronFang"],"picked":"sneckomod:Unknown1Cost","floor":5},{"not_picked":["sneckomod:DiceBoulder","sneckomod:RainOfDice"],"picked":"sneckomod:UnknownUncommonPower","floor":9},{"not_picked":["sneckomod:UnknownCommonAttack","sneckomod:IronFang"],"picked":"sneckomod:SnakeSap","floor":10},{"not_picked":["sneckomod:DiceCrush","sneckomod:QuickMove"],"picked":"sneckomod:Memorize","floor":11},{"not_picked":["sneckomod:IronFang","sneckomod:UnknownX"],"picked":"sneckomod:PureSnecko","floor":12},{"not_picked":["sneckomod:DiceBlock","sneckomod:RainOfDice"],"picked":"sneckomod:UnknownBoss","floor":13},{"not_picked":["sneckomod:DiceBlock","sneckomod:RainOfDice"],"picked":"sneckomod:QuickMove","floor":15}],"player_experience":1751389,"relics_obtained":[{"floor":6,"key":"Blue Candle"},{"floor":7,"key":"Regal Pillow"}],"event_choices":[{"cards_removed":["downfall:Icky"],"damage_healed":0,"gold_gain":0,"player_choice":"Card Removal","damage_taken":0,"max_hp_gain":0,"max_hp_loss":0,"event_name":"The Cleric","floor":14,"gold_loss":0}],"is_beta":false,"boss_relics":[],"items_purged_floors":[],"is_endless":false,"potions_floor_spawned":[11,15],"killed_by":"IC_STATUS_ARCHETYPE","ascension_level":0}}