{"host":"q8mjpf3krl0t4p3x","time":1612738108,"event":{"mods":["BaseMod","Colored Map","Colored Powertips","Googly Eyes","Minty Spire (QoL Compilation)","Quick Restart","StSLib","everything is the same but u backflip on backflip","slay the spire mod where everything is the same but ironclad has a cowboy hat"],"gold_per_floor":[110,110,125,142,152,187,198,198,198,198,214,214,228,2,2,101,101,115,115,15,28,43,43,43,43],"floor_reached":24,"language":"ENG","playtime":692,"items_purged":["Strike_R","Strike_R"],"score":320,"play_id":"9e4eff91-7b38-4baa-afd5-98a7951a4561","local_time":"20210207144828","is_ascension_mode":true,"campfire_choices":[{"data":"Bash","floor":8,"key":"SMITH"},{"data":"Spot Weakness","floor":10,"key":"SMITH"},{"data":"Armaments","floor":15,"key":"SMITH"},{"floor":23,"key":"REST"}],"circlet_count":0,"master_deck":["AscendersBane","Strike_R","Strike_R","Defend_R","Defend_R","Defend_R","Defend_R","Bash+1","True Grit","Spot Weakness+1","Headbutt","Wild Strike","Armaments+1"],"relics":["Burning Blood","Self Forming Clay","Shuriken","Gambling Chip","ClockworkSouvenir","Busted Crown"],"acts_visited":["Exordium","TheCity"],"potions_floor_usage":[11,11,16,16],"damage_taken":[{"damage":1,"enemies":"Cultist","floor":1,"turns":4},{"damage":6,"enemies":"Jaw Worm","floor":3,"turns":5},{"damage":13,"enemies":"Small Slimes","floor":4,"turns":6},{"damage":13,"enemies":"Exordium Thugs","floor":5,"turns":6},{"damage":30,"enemies":"Gremlin Nob","floor":6,"turns":5},{"damage":0,"enemies":"Large Slime","floor":7,"turns":5},{"damage":3,"enemies":"Gremlin Gang","floor":11,"turns":3},{"damage":7,"enemies":"2 Fungi Beasts","floor":13,"turns":3},{"damage":29,"enemies":"Hexaghost","floor":16,"turns":7},{"damage":18,"enemies":"Shell Parasite","floor":18,"turns":5},{"damage":17,"enemies":"Spheric Guardian","floor":21,"turns":4},{"damage":49,"enemies":"3 Cultists","floor":22,"turns":8},{"damage":25,"enemies":"Slavers","floor":24,"turns":3}],"seed_played":"8655771070956725583","potions_obtained":[{"floor":5,"key":"LiquidBronze"},{"floor":6,"key":"Explosive Potion"},{"floor":11,"key":"Energy Potion"},{"floor":12,"key":"DuplicationPotion"},{"floor":21,"key":"Weak Potion"},{"floor":22,"key":"FearPotion"}],"is_trial":false,"path_per_floor":["M","T","M","M","M","E","M","R","T","R","M","?","M","$","R","B",null,"M","?","$","M","M","R","E"],"character_chosen":"IRONCLAD","items_purchased":["ClockworkSouvenir"],"campfire_rested":1,"item_purchase_floors":[14],"current_hp_per_floor":[85,85,85,78,71,47,53,53,53,53,56,56,55,55,55,32,74,62,62,62,51,8,34,9,9],"gold":43,"neow_bonus":"TEN_PERCENT_HP_BONUS","is_daily":false,"chose_seed":false,"campfire_upgraded":3,"win_rate":0.0,"timestamp":1612738108,"path_taken":["M","?","M","M","M","E","M","R","T","R","?","?","M","?","R","BOSS","M","?","$","M","?","R","E"],"items_purchased_type":["Relic"],"build_version":"2020-12-22","purchased_purges":2,"victory":false,"max_hp_per_floor":[88,88,88,88,88,88,88,88,88,88,88,88,88,88,88,88,88,88,88,88,88,88,88,88,88],"card_choices":[{"not_picked":["Thunderclap","Flex"],"picked":"True Grit","floor":1},{"not_picked":["Havoc","Sword Boomerang","Fire Breathing"],"picked":"SKIP","floor":3},{"not_picked":["Perfected Strike","Havoc"],"picked":"Spot Weakness","floor":4},{"not_picked":["Twin Strike","Sword Boomerang","True Grit"],"picked":"SKIP","floor":5},{"not_picked":["Hemokinesis","Shrug It Off"],"picked":"Headbutt","floor":6},{"not_picked":["Bloodletting","Sever Soul","Berserk"],"picked":"SKIP","floor":7},{"not_picked":["Havoc","Whirlwind"],"picked":"Wild Strike","floor":11},{"not_picked":["Warcry","Whirlwind"],"picked":"Armaments","floor":13},{"not_picked":["Body Slam"],"picked":"SKIP","floor":18},{"not_picked":["Body Slam+1"],"picked":"SKIP","floor":21},{"not_picked":["Heavy Blade"],"picked":"SKIP","floor":22}],"player_experience":331630,"relics_obtained":[{"floor":2,"key":"Self Forming Clay"},{"floor":6,"key":"Shuriken"},{"floor":9,"key":"Gambling Chip"}],"event_choices":[{"damage_healed":0,"gold_gain":0,"player_choice":"Got Potions","damage_taken":0,"max_hp_gain":0,"max_hp_loss":0,"event_name":"Lab","floor":12,"gold_loss":0},{"cards_removed":["Strike_R"],"damage_healed":0,"gold_gain":0,"player_choice":"Card Removal","damage_taken":0,"max_hp_gain":0,"max_hp_loss":0,"event_name":"Wheel of Change","floor":19,"gold_loss":0}],"is_beta":false,"boss_relics":[{"not_picked":["Calling Bell","Fusion Hammer"],"picked":"Busted Crown"}],"items_purged_floors":[14,20],"is_endless":false,"potions_floor_spawned":[5,6,11,13,21,22],"killed_by":"Slavers","ascension_level":12}}