{"host":"pft5kheyb7v7gger","time":1612671694,"event":{"mods":["Act Like it!","BaseMod","Downfall","Energized Spire","LagranYue(拉格朗・月)","Lobotomy","LobotomyExtend","Minty Spire (QoL Compilation)","Replay The Spire","StSLib","【遗物卡牌】REMEMod"],"gold_per_floor":[99,118,134,134,159,159,208,227,262,162,162,179,79,98,115,115,115,115],"floor_reached":16,"language":"ZHS","playtime":629,"items_purged":[],"score":107,"play_id":"900da3f6-054e-4d43-b4a4-929321b38cd7","local_time":"20210207122134","is_ascension_mode":true,"campfire_choices":[{"data":"Burst","floor":1,"key":"SMITH"},{"floor":10,"key":"RECALL"},{"data":"Slimebound:Split","floor":13,"key":"SMITH"}],"circlet_count":0,"master_deck":["Slimebound:Strike_Slimebound","Slimebound:Strike_Slimebound","Slimebound:Strike_Slimebound","Slimebound:Tackle","Slimebound:Defend_Slimebound","Slimebound:Defend_Slimebound","Slimebound:Defend_Slimebound","Slimebound:Split+1","Slimebound:CorrosiveSpit","Burst+1","Slimebound:LeechEnergy","Slimebound:RejuvenatingLick","Slimebound:BestDefense+1","Slimebound:DisruptingSlam","Slimebound:SplitMire","Slimebound:SlimeBrawl","Slimebound:LeadByExample","Slimebound:ForwardTackle"],"relics":["Slimebound:AbsorbEndCombat","REME_ComplimentaryCards","LagranYue:RandomDrawCardRelic","LetterFromLob","Slimebound:ScrapOozeRelic","Bag of Marbles","Matryoshka","downfall:HeartBlessingGreen","downfall:HeartBlessingRed"],"acts_visited":["Exordium"],"potions_floor_usage":[9,16],"damage_taken":[{"damage":9,"enemies":"Cultist","floor":2,"turns":4},{"damage":8,"enemies":"Small Slimes","floor":3,"turns":3},{"damage":11,"enemies":"Jaw Worm","floor":8,"turns":3},{"damage":25,"enemies":"Lagavulin","floor":9,"turns":4},{"damage":5,"enemies":"3 Louse","floor":12,"turns":2},{"damage":10,"enemies":"Blue Slaver","floor":14,"turns":3},{"damage":12,"enemies":"2 Fungi Beasts","floor":15,"turns":3},{"damage":42,"enemies":"DF_ARCHETYPE_STREAMLINE","floor":16,"turns":6}],"seed_played":"4200784823692079702","potions_obtained":[{"floor":8,"key":"SkillPotion"},{"floor":12,"key":"Weak Potion"},{"floor":15,"key":"Venom Potion"}],"is_trial":false,"path_per_floor":["R","M","M","?","T","?","T","M","E","R","?","M","R","M","M","B"],"character_chosen":"SLIMEBOUND","items_purchased":[],"campfire_rested":0,"item_purchase_floors":[],"current_hp_per_floor":[71,68,64,64,64,64,64,57,40,40,45,46,46,40,32,0,0,0],"gold":115,"neow_bonus":"TEN_PERCENT_HP_BONUS","is_daily":false,"chose_seed":false,"campfire_upgraded":2,"win_rate":0.0,"timestamp":1612671694,"path_taken":["R","M","?","?","?","?","T","M","E","R","?","M","R","?","M","BOSS"],"items_purchased_type":[],"build_version":"2020-12-22","purchased_purges":0,"victory":false,"max_hp_per_floor":[71,71,71,71,71,71,71,71,71,71,76,76,76,76,76,76,76,76],"card_choices":[{"not_picked":["Slimebound:ItLooksTasty","Slimebound:Nibble"],"picked":"Slimebound:LeechEnergy","floor":2},{"not_picked":["Slimebound:Nibble","Slimebound:HauntingLick"],"picked":"Slimebound:RejuvenatingLick","floor":3},{"not_picked":["Slimebound:HauntingLick","Slimebound:SplitBruiser"],"picked":"Slimebound:DisruptingSlam","floor":8},{"not_picked":["Slimebound:LivingWall","Slimebound:HauntingLick"],"picked":"Slimebound:SplitMire","floor":9},{"not_picked":["Slimebound:ComboTackle","Slimebound:LivingWall"],"picked":"Slimebound:SlimeBrawl","floor":12},{"not_picked":["Slimebound:BestDefense","Slimebound:SlimeSpikes"],"picked":"Slimebound:LeadByExample","floor":14},{"not_picked":["Slimebound:BestDefense","Slimebound:Dissolve"],"picked":"Slimebound:ForwardTackle","floor":15}],"player_experience":259571,"relics_obtained":[{"floor":2,"key":"LetterFromLob"},{"floor":5,"key":"Bag of Preparation"},{"floor":7,"key":"Bag of Marbles"},{"floor":9,"key":"Matryoshka"}],"event_choices":[{"damage_healed":0,"gold_gain":0,"player_choice":"Donut","damage_taken":0,"max_hp_gain":5,"max_hp_loss":0,"event_name":"Big Fish","floor":11,"gold_loss":0}],"is_beta":false,"boss_relics":[],"items_purged_floors":[],"is_endless":false,"potions_floor_spawned":[8,12,15],"killed_by":"DF_ARCHETYPE_STREAMLINE","ascension_level":1}}