{"host":"t1puqh5lxz8sp6fn","time":1612670147,"event":{"mods":["AchievementEnabler","BaseMod","Colored Powertips","Minty Spire (QoL Compilation)","Rare Cards Sparkle","Relic Stats","StSLib"],"gold_per_floor":[116,116,135,151,171,199,199,228,255,255,255],"floor_reached":10,"playtime":416,"items_purged":[],"score":129,"play_id":"e7e10000-5588-4608-b0a5-a9a8d923311d","local_time":"20210207005547","is_ascension_mode":true,"campfire_choices":[{"floor":7,"key":"REST"}],"circlet_count":0,"master_deck":["AscendersBane","Strike_R","Strike_R","Strike_R","Strike_R","Strike_R","Defend_R","Defend_R","Defend_R","Bash","Ghostly Armor","Body Slam","Perfected Strike","Rampage","Reaper","Whirlwind"],"relics":["Burning Blood","Turnip","Paper Frog","Dream Catcher","Vajra"],"acts_visited":["Exordium"],"potions_floor_usage":[5,6],"damage_taken":[{"damage":12,"enemies":"Jaw Worm","floor":1,"turns":5},{"damage":5,"enemies":"Cultist","floor":3,"turns":4},{"damage":0,"enemies":"2 Louse","floor":4,"turns":3},{"damage":9,"enemies":"Blue Slaver","floor":5,"turns":4},{"damage":30,"enemies":"Lagavulin","floor":6,"turns":6},{"damage":45,"enemies":"3 Sentries","floor":8,"turns":9},{"damage":36,"enemies":"Lagavulin","floor":10,"turns":6}],"seed_played":"8388774724837260959","potions_obtained":[{"floor":3,"key":"Block Potion"},{"floor":5,"key":"FearPotion"}],"is_trial":false,"path_per_floor":["M","?","M","M","M","E","R","E","T","E"],"character_chosen":"IRONCLAD","items_purchased":[],"campfire_rested":1,"item_purchase_floors":[],"current_hp_per_floor":[45,45,46,52,49,25,49,22,22,0,0],"gold":255,"neow_bonus":"ONE_RARE_RELIC","is_daily":false,"chose_seed":false,"campfire_upgraded":0,"win_rate":0.0,"timestamp":1612670147,"path_taken":["M","?","M","M","?","E","R","E","T","E"],"items_purchased_type":[],"build_version":"2020-12-13","purchased_purges":0,"victory":false,"max_hp_per_floor":[80,80,80,80,80,80,80,80,80,80,80],"relic_stats":{"Dream Catcher":0,"counters":[7,37],"Turnip":[0],"obtain_stats":[{"Dream Catcher":8,"Vajra":9,"Turnip":0,"Burning Blood":0,"Paper Frog":6},{"Dream Catcher":6,"Vajra":6,"Turnip":0,"Burning Blood":0,"Paper Frog":5},{"Dream Catcher":31,"Vajra":31,"Turnip":0,"Burning Blood":0,"Paper Frog":22}],"Burning Blood":36},"card_choices":[{"not_picked":["Clash","Flame Barrier"],"picked":"Ghostly Armor","floor":1},{"not_picked":["Iron Wave","Anger"],"picked":"Body Slam","floor":3},{"not_picked":["Pummel","Sword Boomerang"],"picked":"Perfected Strike","floor":4},{"not_picked":["Perfected Strike","Dark Embrace"],"picked":"Rampage","floor":5},{"not_picked":["Disarm","Carnage"],"picked":"Reaper","floor":6},{"not_picked":["Rupture","True Grit"],"picked":"Whirlwind","floor":8}],"player_experience":475699,"relics_obtained":[{"floor":6,"key":"Paper Frog"},{"floor":8,"key":"Dream Catcher"},{"floor":9,"key":"Vajra"}],"event_choices":[{"cards_removed":["Defend_R"],"damage_healed":0,"gold_gain":0,"player_choice":"Offered Basic","damage_taken":0,"max_hp_gain":0,"max_hp_loss":0,"event_name":"Bonfire Elementals","floor":2,"gold_loss":0}],"is_beta":false,"boss_relics":[],"items_purged_floors":[],"is_endless":false,"potions_floor_spawned":[3,5],"killed_by":"Lagavulin","ascension_level":13}}