{"host":"sc0o2qwpf9j16a4i","time":1612711014,"event":{"mods":["AchievementEnabler","BaseMod","BetterRewards","Block Reminder","Colored Map","Colored Powertips","Custom Start","Highlight Path","Minty Spire (QoL Compilation)","Relic Stats"],"gold_per_floor":[115,133,133,153,170,200,200,228,228,244,244,253,253,271,271,380,439,449,469,469,488,488,518,518,554,601,601,621,634,674,690,690,798,798,818,828,31,51,1068,1068,1068,1086,1086,1142,1154,1201,1231,646,646,646],"floor_reached":51,"language":"ENG","playtime":1405,"items_purged":["Regret","Normality"],"score":977,"play_id":"d8550343-4ab4-4af5-baa1-fc662742afe7","local_time":"20210207171654","daily_mods":["Draft","Colorless Cards","Binary"],"is_ascension_mode":false,"campfire_choices":[{"data":"Armaments","floor":7,"key":"SMITH"},{"data":"Battle Trance","floor":13,"key":"SMITH"},{"data":"Dramatic Entrance","floor":15,"key":"SMITH"},{"data":"Armaments","floor":24,"key":"SMITH"},{"data":"Offering","floor":27,"key":"SMITH"},{"data":"True Grit","floor":32,"key":"SMITH"},{"floor":41,"key":"REST"},{"floor":49,"key":"REST"}],"circlet_count":0,"master_deck":["Whirlwind","Bloodletting","Flex","Sword Boomerang","Warcry+1","Blind","Flex","Dark Shackles","Inflame","Shrug It Off","Dramatic Entrance","Thunderclap+1","Evolve","Battle Trance+1","Armaments+1","Dramatic Entrance+1","Trip","Jack Of All Trades+1","Dropkick","Offering+1","Power Through","Armaments+1","Flash of Steel","Dramatic Entrance","True Grit+1","Feed","Apotheosis","Evolve+1","Feel No Pain+1","Normality","Panache+1","Panacea+1","Impervious","True Grit"],"relics":["Burning Blood","PreservedInsect","Akabeko","White Beast Statue","CeramicFish","Pantograph","Tiny House","Enchiridion","Frozen Egg 2","Charon\u0027s Ashes","Bag of Marbles","Pen Nib","Meat on the Bone","Fusion Hammer","Ginger","HornCleat","MawBank","Singing Bowl","War Paint","Lee\u0027s Waffle","TungstenRod"],"acts_visited":["Exordium","TheCity","TheBeyond"],"potions_floor_usage":[6,6,16,16,19,19,23,25,29,31,31,46,47,50,50],"damage_taken":[{"damage":3,"enemies":"Cultist","floor":1,"turns":2},{"damage":11,"enemies":"Jaw Worm","floor":2,"turns":2},{"damage":0,"enemies":"2 Louse","floor":4,"turns":1},{"damage":0,"enemies":"Lots of Slimes","floor":5,"turns":1},{"damage":6,"enemies":"Gremlin Nob","floor":6,"turns":3},{"damage":0,"enemies":"Lagavulin","floor":8,"turns":4},{"damage":0,"enemies":"Exordium Thugs","floor":10,"turns":2},{"damage":0,"enemies":"3 Louse","floor":14,"turns":1},{"damage":7,"enemies":"Slime Boss","floor":16,"turns":4},{"damage":0,"enemies":"Chosen","floor":18,"turns":1},{"damage":5,"enemies":"3 Byrds","floor":19,"turns":4},{"damage":22,"enemies":"Centurion and Healer","floor":21,"turns":4},{"damage":1,"enemies":"Slavers","floor":23,"turns":1},{"damage":6,"enemies":"Gremlin Leader","floor":25,"turns":1},{"damage":0,"enemies":"Shelled Parasite and Fungi","floor":28,"turns":2},{"damage":0,"enemies":"Snake Plant","floor":29,"turns":1},{"damage":6,"enemies":"Book of Stabbing","floor":30,"turns":1},{"damage":52,"enemies":"Snecko","floor":31,"turns":7},{"damage":19,"enemies":"Collector","floor":33,"turns":4},{"damage":0,"enemies":"Orb Walker","floor":35,"turns":1},{"damage":0,"enemies":"3 Darklings","floor":36,"turns":1},{"damage":6,"enemies":"Maw","floor":38,"turns":3},{"damage":65,"enemies":"Nemesis","floor":44,"turns":7},{"damage":16,"enemies":"Giant Head","floor":46,"turns":6},{"damage":12,"enemies":"Spire Growth","floor":47,"turns":3},{"damage":52,"enemies":"Awakened One","floor":50,"turns":12}],"seed_played":"1832527610807366704","potions_obtained":[{"floor":4,"key":"Block Potion"},{"floor":5,"key":"GamblersBrew"},{"floor":10,"key":"FearPotion"},{"floor":14,"key":"DistilledChaos"},{"floor":16,"key":"AttackPotion"},{"floor":17,"key":"Block Potion"},{"floor":18,"key":"AttackPotion"},{"floor":19,"key":"PowerPotion"},{"floor":21,"key":"FearPotion"},{"floor":23,"key":"FearPotion"},{"floor":25,"key":"BloodPotion"},{"floor":29,"key":"SkillPotion"},{"floor":31,"key":"Fire Potion"},{"floor":33,"key":"Ancient Potion"},{"floor":38,"key":"PowerPotion"},{"floor":46,"key":"PowerPotion"},{"floor":47,"key":"DuplicationPotion"}],"is_trial":true,"path_per_floor":["M","M","?","M","M","E","R","E","T","M","T","?","R","M","R","B",null,"M","M","?","M","T","E","R","E","T","R","M","M","E","M","R","B",null,"M","M","$","M","?","?","R","?","T","E","?","E","M","$","R","B",null],"character_chosen":"IRONCLAD","items_purchased":["Apotheosis","Ginger","HornCleat","Evolve+1","Lee\u0027s Waffle","TungstenRod","True Grit"],"campfire_rested":2,"item_purchase_floors":[37,37,37,37,48,48,48],"current_hp_per_floor":[80,75,75,80,80,80,80,80,80,80,80,80,80,80,80,79,85,85,85,69,53,53,58,58,58,58,58,64,85,85,51,51,63,85,85,85,85,89,89,89,89,79,79,32,32,34,46,102,102,68],"gold":646,"neow_bonus":"","is_daily":false,"chose_seed":false,"campfire_upgraded":6,"win_rate":0.0,"timestamp":1612711014,"path_taken":["M","M","?","M","M","E","R","E","T","M","?","?","R","M","R","BOSS","M","M","?","M","?","E","R","E","T","R","?","M","E","M","R","BOSS","M","M","$","M","?","?","R","?","T","E","?","E","M","?","R","BOSS"],"items_purchased_type":["Card","Relic","Relic","Card","Relic","Relic","Card"],"build_version":"2020-12-22","purchased_purges":2,"victory":true,"max_hp_per_floor":[80,80,80,80,80,80,80,80,80,80,80,80,80,80,80,80,85,85,85,85,85,85,85,85,85,85,85,85,85,85,85,85,85,85,85,85,85,89,89,89,89,89,89,89,89,89,95,102,102,102],"relic_stats":{"Lee\u0027s Waffle":56,"Singing Bowl":2,"counters":[26,79],"CeramicFish":162,"PreservedInsect":326,"Charon\u0027s Ashes":[260],"Pen Nib":[8],"Ginger":[4],"War Paint":["Warcry","Jack Of All Trades"],"MawBank":60,"Burning Blood":107,"Pantograph":25,"obtain_stats":[{"Lee\u0027s Waffle":48,"Tiny House":17,"Singing Bowl":44,"CeramicFish":11,"Enchiridion":20,"PreservedInsect":6,"Charon\u0027s Ashes":23,"Pen Nib":26,"Ginger":37,"Frozen Egg 2":22,"War Paint":46,"MawBank":43,"Burning Blood":0,"Akabeko":8,"White Beast Statue":9,"HornCleat":37,"Pantograph":12,"Fusion Hammer":34,"Bag of Marbles":25,"TungstenRod":48,"Meat on the Bone":30},{"Lee\u0027s Waffle":25,"Tiny House":9,"Singing Bowl":23,"CeramicFish":7,"Enchiridion":11,"PreservedInsect":5,"Charon\u0027s Ashes":13,"Pen Nib":14,"Ginger":21,"Frozen Egg 2":12,"War Paint":24,"MawBank":22,"Burning Blood":0,"Akabeko":6,"White Beast Statue":6,"HornCleat":21,"Pantograph":7,"Fusion Hammer":19,"Bag of Marbles":14,"TungstenRod":25,"Meat on the Bone":17},{"Lee\u0027s Waffle":67,"Tiny House":20,"Singing Bowl":58,"CeramicFish":15,"Enchiridion":25,"PreservedInsect":9,"Charon\u0027s Ashes":30,"Pen Nib":31,"Ginger":48,"Frozen Egg 2":29,"War Paint":64,"MawBank":51,"Burning Blood":0,"Akabeko":13,"White Beast Statue":13,"HornCleat":48,"Pantograph":15,"Fusion Hammer":46,"Bag of Marbles":31,"TungstenRod":67,"Meat on the Bone":35}],"TungstenRod":9,"Meat on the Bone":60},"card_choices":[{"not_picked":["Iron Wave","Inflame"],"picked":"Whirlwind","floor":0},{"not_picked":["Enlightenment","Anger"],"picked":"Bloodletting","floor":0},{"not_picked":["Clash","Metallicize"],"picked":"Flex","floor":0},{"not_picked":["Forethought","Sever Soul"],"picked":"Sword Boomerang","floor":0},{"not_picked":["Sword Boomerang","Clothesline"],"picked":"Warcry","floor":0},{"not_picked":["Clothesline","Heavy Blade"],"picked":"Blind","floor":0},{"not_picked":["Dropkick","Forethought"],"picked":"Flex","floor":0},{"not_picked":["Warcry","Mind Blast"],"picked":"Dark Shackles","floor":0},{"not_picked":["Clothesline","Sentinel"],"picked":"Inflame","floor":0},{"not_picked":["Perfected Strike","Dark Embrace"],"picked":"Shrug It Off","floor":0},{"not_picked":["Shrug It Off","Pommel Strike"],"picked":"Dramatic Entrance","floor":0},{"not_picked":["Anger","Deep Breath"],"picked":"Thunderclap","floor":0},{"not_picked":["Clash","Second Wind"],"picked":"Evolve","floor":0},{"not_picked":["Impatience","Rupture"],"picked":"Battle Trance","floor":0},{"not_picked":["Heavy Blade","Warcry"],"picked":"Armaments","floor":0},{"not_picked":["Sword Boomerang"],"picked":"Dramatic Entrance","floor":1},{"not_picked":["Anger"],"picked":"Trip","floor":2},{"not_picked":["Wild Strike","Intimidate"],"picked":"SKIP","floor":4},{"not_picked":["Searing Blow","Dual Wield"],"picked":"SKIP","floor":5},{"not_picked":["Warcry"],"picked":"Jack Of All Trades","floor":6},{"not_picked":["True Grit","Warcry"],"picked":"SKIP","floor":8},{"not_picked":["Clash"],"picked":"Dropkick","floor":10},{"not_picked":["Anger","Magnetism"],"picked":"SKIP","floor":14},{"not_picked":["Violence"],"picked":"Offering","floor":16},{"not_picked":["Good Instincts"],"picked":"Power Through","floor":17},{"not_picked":["Body Slam","Searing Blow"],"picked":"SKIP","floor":18},{"not_picked":["Pommel Strike"],"picked":"Armaments","floor":19},{"not_picked":["Anger"],"picked":"Flash of Steel","floor":21},{"not_picked":["Body Slam","Metamorphosis"],"picked":"SKIP","floor":23},{"not_picked":["Anger+1"],"picked":"Dramatic Entrance","floor":25},{"not_picked":["Clothesline+1","Perfected Strike"],"picked":"SKIP","floor":28},{"not_picked":["Anger","Wild Strike"],"picked":"SKIP","floor":29},{"not_picked":["HandOfGreed"],"picked":"True Grit","floor":30},{"not_picked":["Rage","Iron Wave"],"picked":"SKIP","floor":31},{"not_picked":["Panache+1"],"picked":"Feed","floor":33},{"not_picked":["Twin Strike","Iron Wave"],"picked":"SKIP","floor":35},{"not_picked":["True Grit","Sword Boomerang"],"picked":"SKIP","floor":36},{"not_picked":["Burning Pact+1"],"picked":"Feel No Pain+1","floor":38},{"not_picked":["Dark Shackles"],"picked":"Sadistic Nature+1","floor":42},{"not_picked":["Deep Breath"],"picked":"Panache+1","floor":42},{"not_picked":["Twin Strike"],"picked":"Panacea+1","floor":44},{"not_picked":["Heavy Blade+1"],"picked":"Impervious","floor":46},{"not_picked":["Hemokinesis+1","Purity"],"picked":"Singing Bowl","floor":47}],"player_experience":1266581,"relics_obtained":[{"floor":6,"key":"PreservedInsect"},{"floor":8,"key":"Akabeko"},{"floor":9,"key":"White Beast Statue"},{"floor":11,"key":"CeramicFish"},{"floor":20,"key":"Enchiridion"},{"floor":22,"key":"Frozen Egg 2"},{"floor":23,"key":"Charon\u0027s Ashes"},{"floor":25,"key":"Bag of Marbles"},{"floor":26,"key":"Pen Nib"},{"floor":30,"key":"Meat on the Bone"},{"floor":43,"key":"MawBank"},{"floor":44,"key":"Singing Bowl"},{"floor":46,"key":"War Paint"}],"event_choices":[{"damage_healed":0,"gold_gain":0,"player_choice":"Ignored","damage_taken":0,"max_hp_gain":0,"max_hp_loss":0,"event_name":"Golden Wing","floor":3,"gold_loss":0},{"damage_healed":0,"gold_gain":0,"player_choice":"Box","damage_taken":0,"relics_obtained":["Pantograph"],"max_hp_gain":0,"max_hp_loss":0,"event_name":"Big Fish","floor":12,"gold_loss":0,"cards_obtained":["Regret"]},{"damage_healed":0,"gold_gain":0,"player_choice":"Obtained Book","damage_taken":16,"max_hp_gain":0,"max_hp_loss":0,"event_name":"Cursed Tome","floor":20,"gold_loss":0},{"damage_healed":0,"gold_gain":999,"player_choice":"Gold","damage_taken":0,"max_hp_gain":0,"max_hp_loss":0,"event_name":"MindBloom","floor":39,"gold_loss":0,"cards_obtained":["Normality","Normality"]},{"damage_healed":0,"gold_gain":0,"player_choice":"Ignored","damage_taken":0,"max_hp_gain":0,"max_hp_loss":0,"event_name":"Tomb of Lord Red Mask","floor":40,"gold_loss":0},{"damage_healed":0,"gold_gain":0,"player_choice":"Memory 3","damage_taken":10,"max_hp_gain":0,"max_hp_loss":0,"event_name":"SensoryStone","floor":42,"gold_loss":0},{"cards_removed":["Sadistic Nature"],"damage_healed":0,"gold_gain":0,"player_choice":"Removed Power","damage_taken":0,"max_hp_gain":0,"max_hp_loss":0,"event_name":"Falling","floor":45,"gold_loss":0}],"is_beta":false,"boss_relics":[{"not_picked":["Runic Dome","Sozu"],"picked":"Tiny House"},{"not_picked":["Runic Pyramid","Mark of Pain"],"picked":"Fusion Hammer"}],"items_purged_floors":[37,48],"is_endless":false,"potions_floor_spawned":[4,5,10,14,16,18,19,21,23,25,28,29,30,31,33,35,36,38,44,46,47],"ascension_level":0}}