{"host":"d61fcf2p3sjwe6yo","time":1612733569,"event":{"mods":["BaseMod","Colored Map","Koishi","Marisa????????","Minty Spire (QoL Compilation)","Reimu??????","StSLib","SuperFastMode","The Servant 0.9.4"],"gold_per_floor":[119,132,232,242,20,45,59,94,143,170,182,198,224,243,243,344,344,362,36,36,47,61,61,95,110,133,164,178,178,189,189,189,290,290,301,301,301,301],"floor_reached":37,"language":"ENG","playtime":2223,"items_purged":["DoubleEdge"],"score":597,"play_id":"8f628327-70e7-4179-99c0-6e042c0c2eed","local_time":"20210208003249","is_ascension_mode":true,"campfire_choices":[{"floor":15,"key":"REST"},{"data":"SilverBlades","floor":23,"key":"SMITH"},{"data":"TimeTheft","floor":29,"key":"SMITH"},{"data":"TimeTheft","floor":32,"key":"SMITH"}],"circlet_count":0,"master_deck":["Strike_S+1","Strike_S+1","Defend_S","Defend_S","Defend_S","Defend_S","KidneyShot","Exchange","Rearm","FastForward","DancingSilver","TimeTheft+1","Initiator","Barrier","InstantArmor","Defy","SilverBlades+1","SoulSculpture","TimeTheft+1","FastForward","Orbit","MurderousAura+1","Pain","Luminosity+1","BottledTime","TheWorld","BottledTime+1","Sunlight+1","ShatteredReality+1"],"relics":["Uniform","Lantern","Kunai","Bronze Scales","Dream Catcher","Blood Vial","Cursed Key","Frozen Egg 2","HornCleat","Bag of Preparation","Whetstone","Astrolabe"],"acts_visited":["Exordium","TheCity","TheBeyond"],"potions_floor_usage":[6,7,10,11,13,37],"damage_taken":[{"damage":4,"enemies":"2 Louse","floor":1,"turns":3},{"damage":2,"enemies":"Cultist","floor":2,"turns":4},{"damage":3,"enemies":"Small Slimes","floor":4,"turns":5},{"damage":30,"enemies":"3 Sentries","floor":6,"turns":8},{"damage":9,"enemies":"Gremlin Gang","floor":7,"turns":6},{"damage":16,"enemies":"Gremlin Nob","floor":8,"turns":4},{"damage":0,"enemies":"3 Sentries","floor":10,"turns":6},{"damage":5,"enemies":"3 Louse","floor":11,"turns":2},{"damage":0,"enemies":"Looter","floor":12,"turns":2},{"damage":0,"enemies":"Lagavulin","floor":13,"turns":6},{"damage":0,"enemies":"Large Slime","floor":14,"turns":5},{"damage":6,"enemies":"The Guardian","floor":16,"turns":11},{"damage":5,"enemies":"2 Thieves","floor":18,"turns":4},{"damage":1,"enemies":"Chosen","floor":21,"turns":3},{"damage":0,"enemies":"3 Cultists","floor":22,"turns":6},{"damage":0,"enemies":"Book of Stabbing","floor":24,"turns":4},{"damage":0,"enemies":"Snake Plant","floor":25,"turns":4},{"damage":3,"enemies":"Gremlin Leader","floor":27,"turns":4},{"damage":0,"enemies":"Centurion and Healer","floor":28,"turns":4},{"damage":7,"enemies":"Cultist and Chosen","floor":30,"turns":4},{"damage":16,"enemies":"Automaton","floor":33,"turns":9},{"damage":0,"enemies":"3 Darklings","floor":35,"turns":3},{"damage":7,"enemies":"Orin","floor":37,"turns":5}],"seed_played":"-4045696524720153347","potions_obtained":[{"floor":1,"key":"DistilledChaos"},{"floor":2,"key":"DuplicationPotion"},{"floor":4,"key":"Energy Potion"},{"floor":8,"key":"ColorlessPotion"},{"floor":11,"key":"Fruit Juice"},{"floor":14,"key":"Strength Potion"},{"floor":21,"key":"SteroidPotion"},{"floor":22,"key":"ZuzhouPotion:ReiMu"}],"is_trial":false,"path_per_floor":["M","M","?","M","$","E","M","E","T","E","M","M","E","M","R","B",null,"M","$","?","M","M","R","E","M","T","E","M","R","M","?","R","B",null,"M","?","?"],"character_chosen":"THE_SERVANT","items_purchased":["Lantern","Snipe","Frozen Egg 2"],"campfire_rested":1,"item_purchase_floors":[5,5,19],"current_hp_per_floor":[67,65,65,62,62,32,23,7,7,7,7,7,7,9,31,27,76,71,71,71,72,74,74,76,76,76,73,75,75,69,69,69,55,76,76,76,69,69],"gold":301,"neow_bonus":"TEN_PERCENT_HP_BONUS","is_daily":false,"chose_seed":false,"campfire_upgraded":3,"win_rate":0.0,"timestamp":1612733569,"path_taken":["M","M","?","M","?","E","?","E","T","E","M","M","E","M","R","BOSS","M","$","?","M","M","R","E","M","T","E","M","R","?","?","R","BOSS","M","?","?"],"items_purchased_type":["Relic","Card","Relic"],"build_version":"2020-12-22","purchased_purges":1,"victory":false,"max_hp_per_floor":[71,71,71,71,71,71,71,71,71,71,76,76,76,76,76,76,76,76,76,76,76,76,76,76,76,76,76,76,76,76,76,76,76,76,76,76,76,76],"card_choices":[{"not_picked":["Reset","Manipulate"],"picked":"Rearm","floor":1},{"not_picked":["Rearm","Contraction"],"picked":"FastForward","floor":2},{"not_picked":["Contraction","TimeWarp"],"picked":"DoubleEdge","floor":4},{"not_picked":["ShatteredReality","GearUp"],"picked":"DancingSilver","floor":6},{"not_picked":["Defy","Revamp"],"picked":"TimeTheft","floor":7},{"not_picked":["SurpressingFire","Spin"],"picked":"Initiator","floor":8},{"not_picked":["Rearm","Replace"],"picked":"Barrier","floor":10},{"not_picked":["Barrier","TimeWarp"],"picked":"InstantArmor","floor":11},{"not_picked":["ShatteredReality","TimeWarp"],"picked":"Defy","floor":12},{"not_picked":["ShatteredReality","InstantArmor"],"picked":"SilverBlades","floor":13},{"not_picked":["Collapse","Rearm","Potential"],"picked":"SKIP","floor":14},{"not_picked":["Dilation","Embodiment"],"picked":"SoulSculpture","floor":16},{"not_picked":["Ricochet","ShatteredReality","Unruled"],"picked":"SKIP","floor":18},{"not_picked":["WasteNot+1","Ricochet"],"picked":"FastForward","floor":21},{"not_picked":["ShiftingGears","Replace"],"picked":"Orbit","floor":22},{"not_picked":["Rewind","Alleviate"],"picked":"MurderousAura+1","floor":24},{"not_picked":["FanOfKnives","DoubleEdge+1","Alleviate"],"picked":"SKIP","floor":25},{"not_picked":["Unruled","FastForward+1"],"picked":"Luminosity+1","floor":27},{"not_picked":["Misdirection","ReturningBlade","Ricochet+1"],"picked":"SKIP","floor":28},{"not_picked":["Replace","Starlight"],"picked":"BottledTime","floor":30},{"not_picked":["Embodiment+1","SoulSculpture"],"picked":"TheWorld","floor":33},{"not_picked":["Replace+1","Potential+1","Desolation+1"],"picked":"SKIP","floor":35}],"player_experience":283198,"relics_obtained":[{"floor":8,"key":"Kunai"},{"floor":9,"key":"Bronze Scales"},{"floor":10,"key":"Dream Catcher"},{"floor":13,"key":"Blood Vial"},{"floor":24,"key":"HornCleat"},{"floor":26,"key":"Bag of Preparation"},{"floor":27,"key":"Whetstone"}],"event_choices":[{"damage_healed":0,"gold_gain":100,"player_choice":"Pray","damage_taken":0,"max_hp_gain":0,"max_hp_loss":0,"event_name":"Golden Shrine","floor":3,"gold_loss":0},{"damage_healed":0,"gold_gain":0,"player_choice":"Copied","damage_taken":0,"max_hp_gain":0,"max_hp_loss":0,"event_name":"Duplicator","floor":20,"gold_loss":0,"cards_obtained":["TimeTheft"]},{"damage_healed":0,"gold_gain":0,"player_choice":"Ignored","damage_taken":0,"max_hp_gain":0,"max_hp_loss":0,"event_name":"Ghosts","floor":31,"gold_loss":0},{"damage_healed":0,"gold_gain":0,"player_choice":"Ignored","damage_taken":0,"max_hp_gain":0,"max_hp_loss":0,"event_name":"Tomb of Lord Red Mask","floor":36,"gold_loss":0},{"damage_healed":0,"gold_gain":0,"player_choice":"Fight","damage_taken":0,"max_hp_gain":0,"max_hp_loss":0,"event_name":"OrinTheCat","floor":37,"gold_loss":0}],"is_beta":false,"boss_relics":[{"not_picked":["MysterySword","Pandora\u0027s Box"],"picked":"Cursed Key"},{"not_picked":["Calling Bell","Runic Dome"],"picked":"Astrolabe"}],"items_purged_floors":[19],"is_endless":false,"potions_floor_spawned":[1,2,4,8,11,14,21,22,24,30],"killed_by":"Orin","ascension_level":2}}