{"host":"hfxp6ue4pvwo3fit","time":1612717397,"event":{"mods":["AchievementEnabler","BaseMod","Colored Map","Colored Powertips","Highlight Path","Minty Spire (QoL Compilation)","Relic Stats","StSLib","SuperFastMode"],"gold_per_floor":[110,124,124,124,140,140,158,158,158,187,212,137,29,56,56,130,130,70,70,70,70,17,17,17,17,17,17,17,17,17,17,17,17,17,17,17,17,17,17,17,17,17,17,17,17,17,17,17,17,17,17],"floor_reached":50,"language":"ENG","playtime":1687,"items_purged":[],"score":1266,"play_id":"94e56eb4-d09f-45ee-8cf9-4057aa589417","local_time":"20210207110317","is_ascension_mode":true,"campfire_choices":[{"data":"Defragment","floor":6,"key":"SMITH"},{"data":"Sunder","floor":8,"key":"SMITH"},{"data":"Coolheaded","floor":15,"key":"SMITH"},{"data":"Capacitor","floor":23,"key":"SMITH"},{"data":"Hologram","floor":25,"key":"SMITH"},{"data":"Reinforced Body","floor":30,"key":"SMITH"},{"data":"Barrage","floor":32,"key":"SMITH"},{"data":"Panacea","floor":40,"key":"SMITH"},{"data":"Buffer","floor":42,"key":"SMITH"},{"data":"Echo Form","floor":49,"key":"SMITH"}],"circlet_count":0,"master_deck":["AscendersBane","Strike_B","Strike_B","Defend_B","Defend_B","Defend_B","Defend_B","Zap","Dualcast","Ball Lightning","Conserve Battery","Self Repair","Defragment+1","Clumsy","Electrodynamics","Sweeping Beam","Cold Snap","Coolheaded+1","Genetic Algorithm","Biased Cognition","Leap+1","Capacitor+1","Ball Lightning","Hologram+1","Doubt","Barrage+1","Reinforced Body+1","Barrage+1","Machine Learning","Coolheaded+1","Panacea+1","Buffer+1","Echo Form+1","Doom and Gloom+1"],"relics":["Cursed Key","Cables","Blue Candle","Odd Mushroom","Anchor","Ectoplasm","Enchiridion","Bottled Tornado","Nloth\u0027s Gift","Runic Pyramid","Akabeko","Lantern","Dead Branch"],"acts_visited":["Exordium","TheCity","TheBeyond"],"potions_floor_usage":[14,16,16,24,44,44,47],"damage_taken":[{"damage":7,"enemies":"Jaw Worm","floor":1,"turns":2},{"damage":0,"enemies":"2 Louse","floor":2,"turns":2},{"damage":0,"enemies":"Cultist","floor":5,"turns":4},{"damage":0,"enemies":"Large Slime","floor":7,"turns":5},{"damage":23,"enemies":"Lagavulin","floor":10,"turns":5},{"damage":13,"enemies":"The Mushroom Lair","floor":11,"turns":3},{"damage":1,"enemies":"3 Sentries","floor":14,"turns":5},{"damage":19,"enemies":"Hexaghost","floor":16,"turns":7},{"damage":7,"enemies":"2 Thieves","floor":18,"turns":4},{"damage":11,"enemies":"Shell Parasite","floor":20,"turns":5},{"damage":0,"enemies":"Snecko","floor":21,"turns":4},{"damage":0,"enemies":"Slavers","floor":24,"turns":5},{"damage":1,"enemies":"Chosen and Byrds","floor":27,"turns":6},{"damage":25,"enemies":"Shelled Parasite and Fungi","floor":28,"turns":3},{"damage":0,"enemies":"Cultist and Chosen","floor":31,"turns":4},{"damage":18,"enemies":"Automaton","floor":33,"turns":8},{"damage":0,"enemies":"Orb Walker","floor":35,"turns":3},{"damage":10,"enemies":"3 Shapes","floor":36,"turns":3},{"damage":1,"enemies":"Nemesis","floor":41,"turns":6},{"damage":0,"enemies":"Reptomancer","floor":44,"turns":7},{"damage":0,"enemies":"Sphere and 2 Shapes","floor":46,"turns":6},{"damage":24,"enemies":"Nemesis","floor":47,"turns":7},{"damage":0,"enemies":"Maw","floor":48,"turns":5},{"damage":62,"enemies":"Awakened One","floor":50,"turns":4}],"seed_played":"-7569441278207332959","potions_obtained":[{"floor":1,"key":"LiquidBronze"},{"floor":10,"key":"AttackPotion"},{"floor":14,"key":"LiquidBronze"},{"floor":18,"key":"FearPotion"},{"floor":20,"key":"SteroidPotion"},{"floor":31,"key":"AttackPotion"},{"floor":41,"key":"FocusPotion"},{"floor":46,"key":"ColorlessPotion"}],"is_trial":false,"path_per_floor":["M","M","?","?","M","R","M","R","T","E","?","?","$","E","R","B",null,"M","?","M","M","$","R","E","R","T","M","M","?","R","M","R","B",null,"M","M","?","T","?","R","E","R","T","E","$","M","E","M","R","B"],"character_chosen":"DEFECT","items_purchased":["Cold Snap","Coolheaded","Ball Lightning"],"campfire_rested":0,"item_purchase_floors":[13,13,22],"current_hp_per_floor":[57,57,50,50,57,57,64,64,64,48,42,42,42,48,48,36,62,62,41,37,51,51,51,51,51,57,63,45,45,45,52,52,41,68,68,65,65,65,65,65,71,71,71,77,77,77,60,60,60,0,0],"gold":17,"neow_bonus":"BOSS_RELIC","is_daily":false,"chose_seed":false,"campfire_upgraded":10,"win_rate":0.0,"timestamp":1612717397,"path_taken":["M","M","?","?","M","R","?","R","T","E","?","?","$","E","R","BOSS","M","?","M","M","$","R","E","R","T","M","M","?","R","?","R","BOSS","M","M","?","?","?","R","E","R","T","E","$","M","E","M","R","BOSS"],"items_purchased_type":["Card","Card","Card"],"build_version":"2020-12-22","purchased_purges":0,"victory":false,"max_hp_per_floor":[71,71,71,71,71,71,71,71,71,71,71,71,71,71,71,71,71,71,71,71,71,71,71,71,71,77,77,77,77,77,77,77,77,77,77,77,77,77,77,77,77,77,77,77,77,77,77,77,77,77,77],"relic_stats":{"counters":[24,113],"Blue Candle":[2],"Dead Branch":[8],"Ectoplasm":421,"Nloth\u0027s Gift":4,"Cursed Key":2,"obtain_stats":[{"Darkstone Periapt":24,"Lantern":44,"Blue Candle":10,"Dead Branch":47,"Enchiridion":19,"Odd Mushroom":11,"Bottled Tornado":26,"Cursed Key":0,"Akabeko":41,"Cables":9,"Anchor":14,"Ectoplasm":17,"Nloth\u0027s Gift":29,"Cracked Core":0,"Runic Pyramid":34},{"Darkstone Periapt":12,"Lantern":20,"Blue Candle":5,"Dead Branch":22,"Enchiridion":9,"Odd Mushroom":6,"Bottled Tornado":12,"Cursed Key":0,"Akabeko":19,"Cables":4,"Anchor":7,"Ectoplasm":8,"Nloth\u0027s Gift":14,"Cracked Core":0,"Runic Pyramid":16},{"Darkstone Periapt":51,"Lantern":91,"Blue Candle":18,"Dead Branch":104,"Enchiridion":37,"Odd Mushroom":21,"Bottled Tornado":51,"Cursed Key":0,"Akabeko":84,"Cables":13,"Anchor":26,"Ectoplasm":33,"Nloth\u0027s Gift":60,"Cracked Core":0,"Runic Pyramid":72}],"Cables":[91,49,42,0,0]},"card_choices":[{"not_picked":["Hello World","Stack"],"picked":"Ball Lightning","floor":1},{"not_picked":["Stack","Coolheaded"],"picked":"Conserve Battery","floor":2},{"not_picked":["Streamline","Beam Cell"],"picked":"Defragment","floor":5},{"not_picked":["Melter","Conserve Battery"],"picked":"Sunder","floor":7},{"not_picked":["Cold Snap","Go for the Eyes"],"picked":"Electrodynamics","floor":10},{"not_picked":["Rebound","Reinforced Body"],"picked":"Sweeping Beam","floor":11},{"not_picked":["Turbo","Coolheaded"],"picked":"Genetic Algorithm","floor":14},{"not_picked":["Machine Learning","Rainbow"],"picked":"Biased Cognition","floor":16},{"not_picked":["Streamline","Go for the Eyes"],"picked":"Leap+1","floor":18},{"not_picked":["Ball Lightning","Rainbow"],"picked":"Capacitor","floor":20},{"not_picked":["Chaos","Rebound+1","Turbo"],"picked":"SKIP","floor":21},{"not_picked":["Compile Driver","Self Repair"],"picked":"Hologram","floor":24},{"not_picked":["Stack","Capacitor"],"picked":"Barrage","floor":27},{"not_picked":["Beam Cell","Static Discharge"],"picked":"Reinforced Body","floor":28},{"not_picked":["Aggregate","Streamline"],"picked":"Barrage+1","floor":31},{"not_picked":["Seek","All For One"],"picked":"Machine Learning","floor":33},{"not_picked":["Rebound","Heatsinks"],"picked":"Coolheaded+1","floor":35},{"not_picked":["Leap","All For One","Aggregate"],"picked":"SKIP","floor":36},{"not_picked":["Finesse","Blind"],"picked":"Panacea","floor":39},{"not_picked":["Stack","Streamline+1"],"picked":"Buffer","floor":41},{"not_picked":["Double Energy","Conserve Battery+1"],"picked":"Echo Form","floor":44},{"not_picked":["Aggregate","Beam Cell","Go for the Eyes"],"picked":"SKIP","floor":46},{"not_picked":["Self Repair","Rainbow"],"picked":"Doom and Gloom+1","floor":47},{"not_picked":["Turbo","Darkness","Compile Driver"],"picked":"SKIP","floor":48}],"player_experience":516629,"relics_obtained":[{"floor":9,"key":"Cables"},{"floor":10,"key":"Blue Candle"},{"floor":11,"key":"Odd Mushroom"},{"floor":14,"key":"Anchor"},{"floor":19,"key":"Enchiridion"},{"floor":24,"key":"Darkstone Periapt"},{"floor":26,"key":"Bottled Tornado"},{"floor":41,"key":"Akabeko"},{"floor":44,"key":"Lantern"},{"floor":47,"key":"Dead Branch"}],"event_choices":[{"cards_removed":["Strike_B"],"damage_healed":0,"gold_gain":0,"player_choice":"Card Removal","damage_taken":7,"max_hp_gain":0,"max_hp_loss":0,"event_name":"Golden Wing","floor":3,"gold_loss":0},{"damage_healed":0,"gold_gain":0,"player_choice":"1 cards matched","damage_taken":0,"max_hp_gain":0,"max_hp_loss":0,"event_name":"Match and Keep!","floor":4,"gold_loss":0,"cards_obtained":["Self Repair"]},{"damage_healed":0,"gold_gain":0,"player_choice":"Fought Mushrooms","damage_taken":0,"max_hp_gain":0,"max_hp_loss":0,"event_name":"Mushrooms","floor":11,"gold_loss":0},{"cards_removed":["Strike_B"],"damage_healed":0,"gold_gain":0,"player_choice":"Card Removal","damage_taken":0,"max_hp_gain":0,"max_hp_loss":0,"event_name":"The Cleric","floor":12,"gold_loss":75},{"damage_healed":0,"gold_gain":0,"player_choice":"Obtained Book","damage_taken":21,"max_hp_gain":0,"max_hp_loss":0,"event_name":"Cursed Tome","floor":19,"gold_loss":0},{"damage_healed":0,"gold_gain":0,"player_choice":"Traded Relic","damage_taken":0,"relics_obtained":["Nloth\u0027s Gift"],"max_hp_gain":0,"max_hp_loss":0,"event_name":"N\u0027loth","floor":29,"relics_lost":["Darkstone Periapt"],"gold_loss":0},{"cards_removed":["Sunder"],"damage_healed":0,"gold_gain":0,"player_choice":"Removed Attack","damage_taken":0,"max_hp_gain":0,"max_hp_loss":0,"event_name":"Falling","floor":37,"gold_loss":0},{"damage_healed":0,"gold_gain":0,"player_choice":"Memory 1","damage_taken":0,"max_hp_gain":0,"max_hp_loss":0,"event_name":"SensoryStone","floor":39,"gold_loss":0}],"is_beta":false,"boss_relics":[{"not_picked":["Sozu","SacredBark"],"picked":"Ectoplasm"},{"not_picked":["Astrolabe","Nuclear Battery"],"picked":"Runic Pyramid"}],"items_purged_floors":[],"is_endless":false,"potions_floor_spawned":[1,10,14,18,20,31,33,41,46],"killed_by":"Awakened One","ascension_level":20}}