{"host":"h9q6eax775d7taki","time":1612714451,"event":{"mods":["Act Like it!","Aspiration","BaseMod","Colored Map","Colored Powertips","Conspire","Energized Spire","GifTheSpireLib","Halation","Hallownest","Hubris","Minty Spire (QoL Compilation)","Replay The Spire","Spikes Relics","StS++","StSLib","Stuff the Spire","The Bug Knight"],"gold_per_floor":[114,35,35,35,45,72,72,102,128,158,158,178,178,30,30,130,130,146,157,157,157,157,157,157],"floor_reached":23,"language":"ENG","playtime":10538,"items_purged":[],"score":266,"play_id":"2ee32b9d-acf1-4e0f-8ad9-1d9ccebdb86e","local_time":"20210207171411","is_ascension_mode":true,"campfire_choices":[{"data":"HollowMod:HeavyBlow","floor":7,"key":"SMITH"},{"data":"HollowMod:AbyssShriek","floor":13,"key":"SMITH"},{"data":"HollowMod:NailStrikeStart","floor":15,"key":"PURGE"}],"circlet_count":0,"master_deck":["HollowMod:QuickDashStart","HollowMod:QuickDashStart","HollowMod:QuickDashStart","HollowMod:QuickDashStart","HollowMod:FocusHealStart","HollowMod:PogoStrike","HollowMod:HeavyBlow+1","HollowMod:SharpenedNail","HollowMod:DoubleDash","HollowMod:AbyssShriek+1","Ragnarok+1","HollowMod:NewLittleFool","HollowMod:ChannelNail","Hallownest:pwrSporeShroom"],"relics":["HollowMod:VesselMask","aspiration:Nostalgia","Replay:M_SmolderingBlood","Hallownest:DreamNailRelic","Replay:WaspNest","Pantograph","Golden Egg","Strawberry","Replay:Accelerometer","Ornamental Fan","HollowMod:JonisBlessing","Replay:Drink Me","Red Mask"],"acts_visited":["Hallownest:Greenpath","Hallownest:CityofTears"],"potions_floor_usage":[16],"damage_taken":[{"damage":0,"enemies":"2_ Uuma","floor":1,"turns":5},{"damage":0,"enemies":"Hallownest:2_MossCreeps","floor":5,"turns":5},{"damage":14,"enemies":"Hallownest:eliteVengeflyKing","floor":6,"turns":7},{"damage":15,"enemies":"Hallownest:eliteCrystalGuardian","floor":8,"turns":7},{"damage":10,"enemies":"Hallownest:eliteVengeflyKing","floor":10,"turns":8},{"damage":0,"enemies":"Hallownest:monsterHuskGuard","floor":12,"turns":4},{"damage":0,"enemies":"Hallownest:BossBrokenVessel","floor":16,"turns":12},{"damage":11,"enemies":"Hallownest:3_Youths","floor":18,"turns":7},{"damage":15,"enemies":"Hallownest:Guard_and_Sentry","floor":19,"turns":9},{"damage":5,"enemies":"Hallownest:eliteSoulWarrior","floor":23,"turns":16}],"seed_played":"-7726690986869123710","potions_obtained":[{"floor":6,"key":"BlessingOfTheForge"},{"floor":12,"key":"DuplicationPotion"},{"floor":16,"key":"SteroidPotion"},{"floor":19,"key":"Energy Potion"}],"is_trial":false,"path_per_floor":["M","$","?","T","M","E","R","E","T","E","T","M","R","$","R_BF","B",null,"M","M","?","?","?","E"],"character_chosen":"THE_BUGKNIGHT","items_purchased":["StSpp:ScatteredWeakPotion","HollowMod:JonisBlessing"],"campfire_rested":0,"item_purchase_floors":[2,14],"current_hp_per_floor":[75,75,75,75,75,64,64,59,66,66,66,66,66,66,66,66,62,51,36,36,50,46,41,41],"gold":157,"neow_bonus":"NOSTALGIA","is_daily":false,"chose_seed":false,"campfire_upgraded":2,"win_rate":0.0,"timestamp":1612714451,"path_taken":["M","$","?","?","M","E","R","E","T","E","?","M","R","$","R_BF","BOSS","M","M","?","?","?","E"],"items_purchased_type":["Potion","Relic"],"build_version":"2020-12-22","purchased_purges":0,"victory":false,"max_hp_per_floor":[75,75,75,75,75,75,75,75,82,82,82,82,82,82,82,82,62,62,62,62,62,62,62,62],"card_choices":[{"not_picked":["HollowMod:ShadowDash","Infernal Blade"],"picked":"HollowMod:HeavyBlow","floor":1},{"not_picked":["HollowMod:Grubsong","HollowMod:NewGlowingWomb"],"picked":"HollowMod:SharpenedNail","floor":5},{"not_picked":["HollowMod:InfectedCysts","HollowMod:TaintedHusks","ForeignInfluence"],"picked":"SKIP","floor":6},{"not_picked":["HollowMod:NewLittleFool","FollowUp"],"picked":"HollowMod:DoubleDash","floor":8},{"not_picked":["HollowMod:BlackTendrils","FlyingSleeves"],"picked":"HollowMod:AbyssShriek","floor":10},{"not_picked":["EmptyFist","FlyingSleeves","HollowMod:InfectionAssault"],"picked":"SKIP","floor":12},{"not_picked":["HollowMod:AwokenDreamNail","Feed"],"picked":"Ragnarok","floor":16},{"not_picked":["HollowMod:CornifersMapStart","HollowMod:InfectedCysts"],"picked":"HollowMod:NewLittleFool","floor":18},{"not_picked":["HollowMod:MawleksShell","HollowMod:QuirrelsAssistance"],"picked":"HollowMod:ChannelNail","floor":19}],"player_experience":479871,"relics_obtained":[{"floor":4,"key":"Replay:WaspNest"},{"floor":6,"key":"Pantograph"},{"floor":8,"key":"Golden Egg"},{"floor":9,"key":"Strawberry"},{"floor":10,"key":"Replay:Accelerometer"},{"floor":11,"key":"Ornamental Fan"}],"event_choices":[],"is_beta":false,"boss_relics":[{"not_picked":["StuffTheSpire:Kangaroo","Runic Dome"],"picked":"Replay:Drink Me"}],"items_purged_floors":[],"is_endless":false,"potions_floor_spawned":[6,12,16,19],"killed_by":"Hallownest:eliteSoulWarrior","ascension_level":1}}