{"host":"52lujqhsyicpcskq","time":1612722862,"event":{"mods":["BaseMod","Colored Map","Minty Spire (QoL Compilation)","Permanent Neow","StSLib","SuperFastMode","everything is the same but u backflip on backflip"],"gold_per_floor":[119,133,41,64,64,64,64,64,64,90,90,102,113,123,123,194,194,213,225,243,60,74,74,94,14,38,38,50,80,154,173,173,173,173],"floor_reached":33,"language":"KOR","playtime":1383,"items_purged":["Strike_G","Strike_G"],"score":444,"play_id":"a303ffc5-1fe2-4599-bbd7-bcdf8814678b","local_time":"20210208033422","is_ascension_mode":true,"campfire_choices":[{"data":"Dagger Spray","floor":6,"key":"SMITH"},{"data":"Neutralize","floor":8,"key":"SMITH"},{"floor":11,"key":"REST"},{"data":"Dagger Spray","floor":15,"key":"SMITH"},{"floor":23,"key":"REST"},{"data":"Adrenaline","floor":27,"key":"SMITH"},{"floor":32,"key":"REST"}],"circlet_count":0,"master_deck":["AscendersBane","Strike_G","Strike_G","Strike_G","Defend_G","Defend_G","Defend_G","Defend_G","Defend_G","Survivor+1","Neutralize+1","Well Laid Plans","Escape Plan+1","Footwork","Dagger Spray+1","Dash","Backflip","PiercingWail","Dagger Spray+1","Adrenaline+1","Escape Plan+1","Heel Hook+1","Blade Dance","Backstab","Backstab+1","Dodge and Roll","Dodge and Roll","PiercingWail"],"relics":["Ring of the Snake","Omamori","War Paint","Tiny Chest","The Courier","Bronze Scales","Sozu","Vajra","Happy Flower","Bottled Lightning","Meat on the Bone"],"acts_visited":["Exordium","TheCity"],"potions_floor_usage":[16,16],"damage_taken":[{"damage":0,"enemies":"Cultist","floor":1,"turns":4},{"damage":0,"enemies":"Small Slimes","floor":2,"turns":4},{"damage":42,"enemies":"Gremlin Nob","floor":10,"turns":7},{"damage":0,"enemies":"Jaw Worm","floor":12,"turns":4},{"damage":0,"enemies":"Lots of Slimes","floor":13,"turns":1},{"damage":0,"enemies":"Red Slaver","floor":14,"turns":5},{"damage":38,"enemies":"Slime Boss","floor":16,"turns":13},{"damage":1,"enemies":"Shell Parasite","floor":18,"turns":5},{"damage":12,"enemies":"Chosen","floor":19,"turns":6},{"damage":3,"enemies":"Shelled Parasite and Fungi","floor":20,"turns":5},{"damage":12,"enemies":"Sentry and Sphere","floor":22,"turns":4},{"damage":8,"enemies":"Centurion and Healer","floor":24,"turns":5},{"damage":0,"enemies":"3 Cultists","floor":28,"turns":4},{"damage":28,"enemies":"Book of Stabbing","floor":29,"turns":5},{"damage":11,"enemies":"Sentry and Sphere","floor":31,"turns":5},{"damage":47,"enemies":"Automaton","floor":33,"turns":12}],"seed_played":"6628553159411908391","potions_obtained":[{"floor":1,"key":"EssenceOfSteel"},{"floor":10,"key":"BlessingOfTheForge"},{"floor":13,"key":"CunningPotion"}],"is_trial":false,"path_per_floor":["M","M","$","T","?","R","T","R","T","E","R","M","M","M","R","B",null,"M","M","M","$","M","R","M","$","T","R","M","E","T","M","R","B"],"character_chosen":"THE_SILENT","items_purchased":["Footwork","Dagger Spray","Vajra"],"campfire_rested":3,"item_purchase_floors":[3,3,21],"current_hp_per_floor":[63,63,63,63,68,68,68,68,68,26,48,48,48,48,48,10,59,58,46,43,43,31,53,45,45,45,45,45,17,17,18,40,0,0],"gold":173,"neow_bonus":"RANDOM_COMMON_RELIC","is_daily":false,"chose_seed":false,"campfire_upgraded":4,"win_rate":0.0,"timestamp":1612722862,"path_taken":["M","M","$","?","?","R","?","R","T","E","R","M","M","M","R","BOSS","M","M","?","?","M","R","M","?","T","R","M","E","?","M","R","BOSS"],"items_purchased_type":["Card","Card","Relic"],"build_version":"2020-12-22","purchased_purges":2,"victory":false,"max_hp_per_floor":[70,70,70,70,75,75,75,75,75,75,75,75,75,75,75,75,75,75,75,75,75,75,75,75,75,75,75,75,75,75,75,75,75,75],"card_choices":[{"not_picked":["Tactician","Catalyst"],"picked":"Well Laid Plans","floor":1},{"not_picked":["Catalyst","Sucker Punch"],"picked":"Escape Plan","floor":2},{"not_picked":["Endless Agony","Outmaneuver"],"picked":"Dash","floor":10},{"not_picked":["Finisher","Sucker Punch"],"picked":"Backflip","floor":12},{"not_picked":["Dodge and Roll","Finisher"],"picked":"PiercingWail","floor":13},{"not_picked":["Outmaneuver","Underhanded Strike"],"picked":"Dagger Spray","floor":14},{"not_picked":["Night Terror","Wraith Form v2"],"picked":"Adrenaline","floor":16},{"not_picked":["Bane","Noxious Fumes"],"picked":"Escape Plan+1","floor":18},{"not_picked":["Calculated Gamble","Catalyst+1"],"picked":"Heel Hook+1","floor":19},{"not_picked":["Setup","Outmaneuver"],"picked":"Blade Dance","floor":20},{"not_picked":["Acrobatics","Bane"],"picked":"Backstab","floor":22},{"not_picked":["Reflex","Deadly Poison"],"picked":"Backstab+1","floor":24},{"not_picked":["Backflip","Caltrops"],"picked":"Dodge and Roll","floor":28},{"not_picked":["Sucker Punch","Flechettes"],"picked":"Dodge and Roll","floor":29},{"not_picked":["Blade Dance","Phantasmal Killer"],"picked":"PiercingWail","floor":31}],"player_experience":765677,"relics_obtained":[{"floor":4,"key":"War Paint"},{"floor":7,"key":"Tiny Chest"},{"floor":9,"key":"The Courier"},{"floor":10,"key":"Bronze Scales"},{"floor":26,"key":"Happy Flower"},{"floor":29,"key":"Bottled Lightning"},{"floor":30,"key":"Meat on the Bone"}],"event_choices":[{"damage_healed":0,"gold_gain":0,"player_choice":"Donut","damage_taken":0,"max_hp_gain":5,"max_hp_loss":0,"event_name":"Big Fish","floor":5,"gold_loss":0}],"is_beta":false,"boss_relics":[{"not_picked":["Busted Crown","Runic Dome"],"picked":"Sozu"}],"items_purged_floors":[21,25],"is_endless":false,"potions_floor_spawned":[1,10,12,13,22,24,29,31],"killed_by":"Automaton","ascension_level":13}}