{"host":"52m1o8iwwagurbjs","time":1612732503,"event":{"mods":["AchievementEnabler","BaseMod","Bestiary","Challenge The Spire","Colored Powertips","GifTheSpireLib","Minty Spire (QoL Compilation)","Quick Restart","Relic Stats","StSLib"],"gold_per_floor":[115,129,148,23,38,38,71,90,90,121,141,141,41,41,41,139,139,153,28,39,53,53,83,95,125,150,162,162,192,206,305,305,400,400,411,221,271,271,283,308,308,336,362,374,384,166,199,217,217,217,217,217,68,94,94],"floor_reached":56,"language":"ENG","playtime":3205,"items_purged":["Strike_B","Strike_B","Defend_B","Streamline"],"score":1596,"play_id":"da8e4e70-43df-4ea4-a4ec-290516688f2b","local_time":"20210207161503","is_ascension_mode":true,"campfire_choices":[{"data":"Sunder","floor":6.0,"key":"SMITH"},{"data":"Coolheaded","floor":12.0,"key":"SMITH"},{"data":"Ball Lightning","floor":15.0,"key":"SMITH"},{"data":"Zap","floor":28.0,"key":"SMITH"},{"data":"Meteor Strike","floor":32.0,"key":"SMITH"},{"floor":41.0,"key":"RECALL"},{"data":"Fission","floor":49.0,"key":"SMITH"},{"data":"Double Energy","floor":52.0,"key":"SMITH"}],"circlet_count":0,"master_deck":["Zap+1","Dualcast","Sunder+1","Echo Form","Sweeping Beam","Ball Lightning+1","Steam+1","BootSequence","Coolheaded+1","Meteor Strike+1","Hologram+1","Recycle+1","Capacitor","Ghostly","Ghostly","Ghostly","Ghostly","Ghostly","Chill","Reboot+1","Biased Cognition","Undo","Meteor Strike","Defragment","Thunder Strike","Defragment","Glacier+1","Double Energy+1","Fission+1","Fusion+1"],"relics":["Cracked Core","Whetstone","Du-Vu Doll","Question Card","Nuclear Battery","Unceasing Top","Shuriken","War Paint","Bird Faced Urn","Pandora\u0027s Box","FossilizedHelix","Nunchaku","Dream Catcher","Regal Pillow","Runic Capacitor","Vajra","Art of War"],"acts_visited":[],"potions_floor_usage":[55],"damage_taken":[{"damage":4.0,"enemies":"2 Louse","floor":1.0,"turns":2.0},{"damage":0.0,"enemies":"Cultist","floor":2.0,"turns":2.0},{"damage":0.0,"enemies":"Small Slimes","floor":3.0,"turns":2.0},{"damage":0.0,"enemies":"2 Fungi Beasts","floor":5.0,"turns":1.0},{"damage":27.0,"enemies":"3 Sentries","floor":7.0,"turns":5.0},{"damage":1.0,"enemies":"Exordium Wildlife","floor":8.0,"turns":3.0},{"damage":6.0,"enemies":"Lagavulin","floor":10.0,"turns":7.0},{"damage":0.0,"enemies":"Lots of Slimes","floor":11.0,"turns":2.0},{"damage":12.0,"enemies":"The Guardian","floor":16.0,"turns":8.0},{"damage":0.0,"enemies":"Shell Parasite","floor":18.0,"turns":4.0},{"damage":0.0,"enemies":"Chosen","floor":20.0,"turns":3.0},{"damage":20.0,"enemies":"Snake Plant","floor":21.0,"turns":4.0},{"damage":4.0,"enemies":"Book of Stabbing","floor":23.0,"turns":6.0},{"damage":0.0,"enemies":"3 Cultists","floor":24.0,"turns":5.0},{"damage":3.0,"enemies":"Gremlin Leader","floor":25.0,"turns":7.0},{"damage":5.0,"enemies":"Centurion and Healer","floor":27.0,"turns":5.0},{"damage":0.0,"enemies":"Book of Stabbing","floor":29.0,"turns":5.0},{"damage":0.0,"enemies":"Snake Plant","floor":30.0,"turns":3.0},{"damage":0.0,"enemies":"Champ","floor":33.0,"turns":8.0},{"damage":0.0,"enemies":"3 Shapes","floor":35.0,"turns":7.0},{"damage":15.0,"enemies":"Mind Bloom Boss Battle","floor":37.0,"turns":5.0},{"damage":0.0,"enemies":"3 Darklings","floor":39.0,"turns":4.0},{"damage":0.0,"enemies":"Giant Head","floor":40.0,"turns":6.0},{"damage":0.0,"enemies":"Reptomancer","floor":42.0,"turns":11.0},{"damage":0.0,"enemies":"4 Shapes","floor":44.0,"turns":8.0},{"damage":0.0,"enemies":"Sphere and 2 Shapes","floor":45.0,"turns":9.0},{"damage":0.0,"enemies":"Nemesis","floor":47.0,"turns":7.0},{"damage":0.0,"enemies":"3 Darklings","floor":48.0,"turns":6.0},{"damage":0.0,"enemies":"Time Eater","floor":50.0,"turns":10.0},{"damage":0.0,"enemies":"Shield and Spear","floor":54.0,"turns":6.0},{"damage":26,"enemies":"The Heart","floor":55,"turns":11}],"seed_played":"5456321256835617193","potions_obtained":[{"floor":1.0,"key":"Strength Potion"},{"floor":7.0,"key":"ColorlessPotion"},{"floor":10.0,"key":"DistilledChaos"},{"floor":16.0,"key":"Swift Potion"},{"floor":20.0,"key":"EntropicBrew"},{"floor":25.0,"key":"EntropicBrew"},{"floor":27.0,"key":"EssenceOfSteel"},{"floor":29.0,"key":"Explosive Potion"},{"floor":42.0,"key":"Block Potion"},{"floor":48.0,"key":"Dexterity Potion"}],"is_trial":false,"path_per_floor":["M","M","M","$","M","R","E","M","T","E","M","R","$","?","R","B",null,"M","$","M","M","?","E","M","E","T","M","R","E","M","?","R","B",null,"M","$","?","T","M","E","R","E","T","M","M","$","E","M","R","B",null,"R","$","E","B",null],"character_chosen":"DEFECT","items_purchased":["Ball Lightning","Defragment","Double Energy","Runic Capacitor","Art of War"],"campfire_rested":0,"item_purchase_floors":[4,36,46,46,53],"current_hp_per_floor":[71,71,71,71,71,71,44,43,43,37,37,37,37,30,30,18,75,75,75,75,55,37,33,33,30,30,25,25,25,27,27,27,31,37,37,37,30,30,37,37,37,37,37,37,37,37,37,37,37,37,37,37,37,37,15],"gold":94,"neow_bonus":"RANDOM_COMMON_RELIC","is_daily":false,"chose_seed":false,"campfire_upgraded":7,"win_rate":0.0,"timestamp":1612732503,"path_taken":["M","M","M","$","M","R","E","M","T","E","M","R","$","?","R","BOSS","M","$","M","M","?","E","M","E","T","M","R","E","M","?","R","BOSS","M","$","?","?","?","E","R","E","T","M","M","$","E","M","R","BOSS","R","$","E","BOSS"],"items_purchased_type":["Card","Card","Card","Relic","Relic"],"build_version":"2020-12-22","purchased_purges":4,"victory":true,"max_hp_per_floor":[75,75,75,75,75,75,75,75,75,75,75,75,75,75,75,75,75,75,75,75,75,37,37,37,37,37,37,37,37,37,37,37,37,37,37,37,37,37,37,37,37,37,37,37,37,37,37,37,37,37,37,37,37,37,37],"relic_stats":{"Regal Pillow":0,"counters":[1,11],"Whetstone":[],"War Paint":[],"Question Card":0,"Nunchaku":[2],"Dream Catcher":0,"Shuriken":[4],"Bird Faced Urn":[4],"Pandora\u0027s Box":[],"Art of War":[4],"obtain_stats":[{"Regal Pillow":0,"Vajra":0,"Runic Capacitor":0,"Whetstone":0,"War Paint":0,"Question Card":0,"Nuclear Battery":0,"Du-Vu Doll":0,"Nunchaku":0,"Dream Catcher":0,"Shuriken":0,"Bird Faced Urn":0,"Pandora\u0027s Box":0,"Art of War":0,"Cracked Core":0,"Unceasing Top":0,"FossilizedHelix":0},{"Regal Pillow":0,"Vajra":0,"Runic Capacitor":0,"Whetstone":0,"War Paint":0,"Question Card":0,"Nuclear Battery":0,"Du-Vu Doll":0,"Nunchaku":0,"Dream Catcher":0,"Shuriken":0,"Bird Faced Urn":0,"Pandora\u0027s Box":0,"Art of War":0,"Cracked Core":0,"Unceasing Top":0,"FossilizedHelix":0},{"Regal Pillow":0,"Vajra":0,"Runic Capacitor":0,"Whetstone":0,"War Paint":0,"Question Card":0,"Nuclear Battery":0,"Du-Vu Doll":0,"Nunchaku":0,"Dream Catcher":0,"Shuriken":0,"Bird Faced Urn":0,"Pandora\u0027s Box":0,"Art of War":0,"Cracked Core":0,"Unceasing Top":0,"FossilizedHelix":0}],"Unceasing Top":[4]},"card_choices":[{"not_picked":["Go for the Eyes","Rebound"],"picked":"Sunder","floor":1.0},{"not_picked":["Beam Cell","Stack"],"picked":"Echo Form","floor":2.0},{"not_picked":["Gash","Leap"],"picked":"Sweeping Beam","floor":3.0},{"not_picked":["Stack","Go for the Eyes"],"picked":"Steam","floor":5.0},{"not_picked":["Rebound","Skim"],"picked":"BootSequence","floor":7.0},{"not_picked":["Steam Power","Turbo"],"picked":"Coolheaded","floor":8.0},{"not_picked":["Redo","Sweeping Beam","Hologram"],"picked":"SKIP","floor":10.0},{"not_picked":["Stack","Beam Cell","BootSequence","Self Repair"],"picked":"SKIP","floor":11.0},{"not_picked":["Hyperbeam","Amplify","Buffer"],"picked":"Meteor Strike","floor":16.0},{"not_picked":["Ball Lightning+1","Chaos+1","Redo"],"picked":"Hologram+1","floor":18.0},{"not_picked":["Static Discharge","Ball Lightning","Leap"],"picked":"Recycle+1","floor":20.0},{"not_picked":["Compile Driver","Sweeping Beam","Go for the Eyes"],"picked":"Capacitor","floor":21.0},{"not_picked":["Thunder Strike","Stack","Storm+1","Doom and Gloom"],"picked":"SKIP","floor":23.0},{"not_picked":["Reprogram","Gash+1","Steam+1"],"picked":"Chill","floor":24.0},{"not_picked":["Doom and Gloom+1","Chaos","Rebound"],"picked":"Reboot","floor":25.0},{"not_picked":["Streamline","Gash","Ball Lightning","Static Discharge"],"picked":"SKIP","floor":27.0},{"not_picked":["Auto Shields","Conserve Battery","Storm","Steam"],"picked":"SKIP","floor":29.0},{"not_picked":["Hologram","Reinforced Body","Darkness","Beam Cell"],"picked":"SKIP","floor":30.0},{"not_picked":["Rainbow","Core Surge","Fission"],"picked":"Biased Cognition","floor":33.0},{"not_picked":["Rebound","Recycle+1","Self Repair+1","Ball Lightning+1"],"picked":"SKIP","floor":35.0},{"not_picked":["Hologram","Sunder+1","Melter+1"],"picked":"Glacier+1","floor":39.0},{"not_picked":["Gash+1","Double Energy","Steam","Aggregate+1"],"picked":"SKIP","floor":40.0},{"not_picked":["Turbo","Amplify","Tempest+1","Ball Lightning+1"],"picked":"SKIP","floor":42.0},{"not_picked":["Sweeping Beam","Rebound+1","Recycle+1","Go for the Eyes"],"picked":"SKIP","floor":44.0},{"not_picked":["Compile Driver","Ball Lightning+1","Turbo","Chaos+1"],"picked":"SKIP","floor":45.0},{"not_picked":["Streamline","Sunder+1","Recycle","Heatsinks"],"picked":"SKIP","floor":47.0},{"not_picked":["Defragment+1","Hologram","Turbo"],"picked":"Fission","floor":48.0},{"not_picked":["Compile Driver","BootSequence+1","Blizzard"],"picked":"Fusion+1","floor":54.0}],"player_experience":1322449,"relics_obtained":[{"floor":9.0,"key":"Du-Vu Doll"},{"floor":10.0,"key":"Question Card"},{"floor":23.0,"key":"Unceasing Top"},{"floor":25.0,"key":"Shuriken"},{"floor":26.0,"key":"War Paint"},{"floor":29.0,"key":"Bird Faced Urn"},{"floor":37.0,"key":"FossilizedHelix"},{"floor":40.0,"key":"Nunchaku"},{"floor":42.0,"key":"Dream Catcher"},{"floor":43.0,"key":"Regal Pillow"},{"floor":47.0,"key":"Vajra"}],"event_choices":[{"damage_healed":0.0,"max_hp_gain":0.0,"max_hp_loss":0.0,"gold_gain":0.0,"event_name":"Wheel of Change","player_choice":"Damaged","floor":14.0,"gold_loss":0.0,"damage_taken":7.0},{"damage_healed":0.0,"max_hp_gain":0.0,"max_hp_loss":38.0,"gold_gain":0.0,"event_name":"Ghosts","player_choice":"Became a Ghost","floor":22.0,"gold_loss":0.0,"damage_taken":0.0,"cards_obtained":["Ghostly","Ghostly","Ghostly","Ghostly","Ghostly"]},{"damage_healed":0.0,"max_hp_gain":0.0,"max_hp_loss":0.0,"gold_gain":99.0,"event_name":"Nest","player_choice":"Stole From Cult","floor":31.0,"gold_loss":0.0,"damage_taken":0.0},{"damage_healed":0.0,"max_hp_gain":0.0,"max_hp_loss":0.0,"gold_gain":0.0,"event_name":"MindBloom","player_choice":"Fight","floor":37.0,"gold_loss":0.0,"damage_taken":0.0}],"is_beta":false,"boss_relics":[{"not_picked":["Runic Dome","Inserter"],"picked":"Nuclear Battery"},{"not_picked":["SlaversCollar","Sozu"],"picked":"Pandora\u0027s Box"}],"items_purged_floors":[4,13,19,36],"is_endless":false,"potions_floor_spawned":[1,7,10,16,20,25,27,29,33,35,42,48],"ascension_level":1}}