{"host":"cwd5s03r1oaxs6mx","time":1612704384,"event":{"mods":["Act Like it!","Arknights","BaseMod","Better Third Choice","BetterRewards","CapriCore","Card Filter","Challenge The Spire","Colored Map","Custom Start","DeckTracker","Friendly Minions","Hubris","Infinite Spire","Minty Spire (QoL Compilation)","Quick Restart","Relic Stats","Shop Mod","Spicy Shops","StSLib","SuperFastMode","Waifu the Spire"],"gold_per_floor":[115,135,135,152,152,179,179,18,18,18,47,47,47,67,67,67,67],"floor_reached":16,"language":"KOR","playtime":496,"items_purged":["Strike_G"],"score":216,"play_id":"868a1d3b-ac02-4de3-844f-fe829666b74e","local_time":"20210207222624","is_ascension_mode":true,"campfire_choices":[{"data":"Blade Dance","floor":7,"key":"SMITH"},{"data":"Footwork","floor":10,"key":"SMITH"},{"floor":13,"key":"REST"},{"data":"A Thousand Cuts","floor":15,"key":"SMITH"}],"circlet_count":0,"master_deck":["AscendersBane","Strike_G","Strike_G","Strike_G","Defend_G","Defend_G","Defend_G+1","Defend_G","Defend_G","Survivor+1","Neutralize","Escape Plan","Footwork+1","Accuracy","Blade Dance+1","Footwork+1","Crippling Poison","Blur","A Thousand Cuts+1"],"relics":["Ring of the Snake","Ninja Scroll","Omamori","infinitespire:FocusingShard","infinitespire:Lucky Rock"],"acts_visited":["Exordium"],"potions_floor_usage":[6],"damage_taken":[{"damage":2.0,"enemies":"Jaw Worm","floor":1.0,"turns":6.0},{"damage":6.0,"enemies":"Small Slimes","floor":2.0,"turns":3.0},{"damage":0.0,"enemies":"Cultist","floor":4.0,"turns":3.0},{"damage":3,"enemies":"Gremlin Nob","floor":6,"turns":4},{"damage":15,"enemies":"Lagavulin","floor":11,"turns":8},{"damage":0,"enemies":"Looter","floor":14,"turns":3},{"damage":36,"enemies":"Slime Boss","floor":16,"turns":5}],"seed_played":"-7553963377712814292","potions_obtained":[{"floor":4.0,"key":"GhostInAJar"},{"floor":14,"key":"SpeedPotion"}],"is_trial":false,"path_per_floor":["M","M","?","M","?","E","R","$","T","R","E","?","R","M","R","B"],"character_chosen":"THE_SILENT","items_purchased":["Escape Plan","Footwork","Accuracy","Ninja Scroll","Crippling Poison"],"campfire_rested":1,"item_purchase_floors":[0,0,0,0,8],"current_hp_per_floor":[57,51,51,51,31,28,28,28,28,28,13,13,32,32,32,0,0],"gold":67,"neow_bonus":"","is_daily":false,"chose_seed":false,"campfire_upgraded":3,"win_rate":0.0,"timestamp":1612704384,"path_taken":["M","M","?","M","?","E","R","?","T","R","E","?","R","M","R","BOSS"],"items_purchased_type":["Card","Card","Card","Relic","Card"],"build_version":"2020-12-22","purchased_purges":1,"victory":false,"max_hp_per_floor":[66,66,66,66,66,66,66,66,66,66,66,66,66,66,66,66,66],"relic_stats":{"counters":[80,391],"obtain_stats":[{"hubris:CrystalStatue":5,"Vajra":0,"Whetstone":10,"Sling":0,"Sozu":34,"Centennial Puzzle":10,"Strawberry":27,"infinitespire:Golems Mask":43,"Astrolabe":12,"Oddly Smooth Stone":0,"Eternal Feather":43,"infinitespire:Beetle Shell":15,"War Paint":55,"WarpedTongs":8,"Shuriken":18,"Bronze Scales":42,"hubris:PeanutButter":0,"Black Star":0,"hubris:ToyBattleship":4,"infinitespire:EmpoweringShard":28,"StrikeDummy":19,"Pocketwatch":9,"Meat on the Bone":10,"infinitespire:Cupcake":17,"Regal Pillow":18,"Mango":0,"Incense Burner":13,"Juzu Bracelet":7,"Bag of Preparation":23,"Ancient Tea Set":17,"Burning Blood":0,"Nunchaku":16,"Dream Catcher":13,"hubris:Icosahedron":3,"Mummified Hand":11,"infinitespire:Bottled Soul":44,"Ninja Scroll":0,"Gambling Chip":34,"hubris:ScarierMask":17,"hubris:IronBody":41,"Red Mask":19,"Chemical X":1,"Runic Pyramid":6,"Paper Frog":0,"Ring of the Snake":0,"Potion Belt":16,"hubris:DisguiseKit":9,"Lee\u0027s Waffle":21,"PreservedInsect":0,"infinitespire:FocusingShard":9,"Omamori":13,"infinitespire:CheckeredPen":11,"infinitespire:Lucky Rock":11,"Frozen Egg 2":15,"hubris:Towel":30,"Medical Kit":21,"Calling Bell":34,"infinitespire:WardingShard":11,"hubris:Spice":17,"infinitespire:Satchel":3,"Turnip":1,"Bag of Marbles":4,"Champion Belt":5,"Toy Ornithopter":3,"TungstenRod":4,"hubris:BottledRain":34},{"hubris:CrystalStatue":3,"Vajra":10,"Whetstone":5,"Sling":0,"Sozu":64,"Centennial Puzzle":52,"Strawberry":60,"infinitespire:Golems Mask":68,"Astrolabe":6,"Oddly Smooth Stone":10,"Eternal Feather":42,"infinitespire:Beetle Shell":7,"War Paint":72,"WarpedTongs":24,"Shuriken":10,"Bronze Scales":68,"hubris:PeanutButter":20,"Black Star":0,"hubris:ToyBattleship":2,"infinitespire:EmpoweringShard":36,"StrikeDummy":31,"Pocketwatch":4,"Meat on the Bone":5,"infinitespire:Cupcake":30,"Regal Pillow":10,"Mango":20,"Incense Burner":6,"Juzu Bracelet":24,"Bag of Preparation":33,"Ancient Tea Set":9,"Burning Blood":0,"Nunchaku":8,"Dream Catcher":18,"hubris:Icosahedron":22,"Mummified Hand":6,"infinitespire:Bottled Soul":68,"Ninja Scroll":73,"Gambling Chip":38,"hubris:ScarierMask":55,"hubris:IronBody":42,"Red Mask":57,"Chemical X":0,"Runic Pyramid":3,"Paper Frog":20,"Ring of the Snake":0,"Potion Belt":8,"hubris:DisguiseKit":15,"Lee\u0027s Waffle":58,"PreservedInsect":0,"infinitespire:FocusingShard":77,"Omamori":28,"infinitespire:CheckeredPen":26,"infinitespire:Lucky Rock":78,"Frozen Egg 2":7,"hubris:Towel":62,"Medical Kit":58,"Calling Bell":38,"infinitespire:WardingShard":6,"hubris:Spice":9,"infinitespire:Satchel":1,"Turnip":0,"Bag of Marbles":2,"Champion Belt":3,"Toy Ornithopter":1,"TungstenRod":22,"hubris:BottledRain":38},{"hubris:CrystalStatue":8,"Vajra":35,"Whetstone":12,"Sling":0,"Sozu":305,"Centennial Puzzle":232,"Strawberry":280,"infinitespire:Golems Mask":328,"Astrolabe":15,"Oddly Smooth Stone":35,"Eternal Feather":174,"infinitespire:Beetle Shell":18,"War Paint":349,"WarpedTongs":89,"Shuriken":35,"Bronze Scales":328,"hubris:PeanutButter":76,"Black Star":0,"hubris:ToyBattleship":6,"infinitespire:EmpoweringShard":149,"StrikeDummy":131,"Pocketwatch":11,"Meat on the Bone":12,"infinitespire:Cupcake":126,"Regal Pillow":35,"Mango":76,"Incense Burner":15,"Juzu Bracelet":89,"Bag of Preparation":139,"Ancient Tea Set":30,"Burning Blood":0,"Nunchaku":25,"Dream Catcher":67,"hubris:Icosahedron":82,"Mummified Hand":15,"infinitespire:Bottled Soul":328,"Ninja Scroll":359,"Gambling Chip":159,"hubris:ScarierMask":255,"hubris:IronBody":174,"Red Mask":266,"Chemical X":0,"Runic Pyramid":8,"Paper Frog":76,"Ring of the Snake":0,"Potion Belt":25,"hubris:DisguiseKit":58,"Lee\u0027s Waffle":269,"PreservedInsect":0,"infinitespire:FocusingShard":375,"Omamori":112,"infinitespire:CheckeredPen":99,"infinitespire:Lucky Rock":383,"Frozen Egg 2":18,"hubris:Towel":293,"Medical Kit":269,"Calling Bell":159,"infinitespire:WardingShard":15,"hubris:Spice":30,"infinitespire:Satchel":4,"Turnip":0,"Bag of Marbles":6,"Champion Belt":8,"Toy Ornithopter":4,"TungstenRod":82,"hubris:BottledRain":159}],"Ring of the Snake":[14]},"card_choices":[{"not_picked":["Dodge and Roll","Bane","Acrobatics"],"picked":"SKIP","floor":1.0},{"not_picked":["Dodge and Roll","Backflip"],"picked":"Blade Dance","floor":2.0},{"not_picked":["Choke","Prepared","Quick Slash"],"picked":"SKIP","floor":4.0},{"not_picked":["Tactician","Endless Agony"],"picked":"Footwork","floor":6},{"not_picked":["Choke","Sucker Punch"],"picked":"Blur","floor":11},{"not_picked":["Acrobatics","Deflect"],"picked":"A Thousand Cuts","floor":14}],"player_experience":1000314,"relics_obtained":[{"floor":6,"key":"Omamori"},{"floor":9,"key":"infinitespire:FocusingShard"},{"floor":11,"key":"infinitespire:Lucky Rock"}],"event_choices":[{"cards_removed":["Strike_G"],"damage_healed":0.0,"max_hp_gain":0.0,"max_hp_loss":0.0,"gold_gain":0.0,"event_name":"Living Wall","player_choice":"Forget","floor":3.0,"gold_loss":0.0,"damage_taken":0.0},{"damage_healed":51,"gold_gain":0,"player_choice":"Upgrade","damage_taken":20,"max_hp_gain":0,"max_hp_loss":66,"event_name":"betterThird:BetterShining","floor":5,"gold_loss":0,"cards_upgraded":["Defend_G","Survivor"]},{"damage_healed":0,"gold_gain":0,"player_choice":"Upgraded","damage_taken":0,"max_hp_gain":0,"max_hp_loss":0,"event_name":"Upgrade Shrine","floor":12,"gold_loss":0,"cards_upgraded":["Footwork"]}],"is_beta":false,"boss_relics":[],"items_purged_floors":[0],"is_endless":false,"potions_floor_spawned":[4,14],"killed_by":"Slime Boss","ascension_level":20}}