{"host":"b9id4afcchnn1rfb","time":1612740554,"event":{"mods":["Act Like it!","BaseMod","Better Note","Colored Map","Colored Powertips","Hallownest","Hermit","Infinite Spire","Minty Spire (QoL Compilation)","StSLib","SuperFastMode","The Death Knight","The Necromancer"],"gold_per_floor":[111,31,58,70,70,70,101,101,127,154,0,0,13,45,45,149,149,166,166,166,186,196,196,224,224,224,258,276,537,614,629,629,726,726,740,376,387,406,406,441,441,459,459,477,477,527,527,546,546,546,546,546,76,107,107,107],"floor_reached":55,"language":"ENG","playtime":1312,"items_purged":["Defend_W","Defend_W","Defend_W"],"score":965,"play_id":"80f2cfea-2a80-4936-8712-6cd186dabf96","local_time":"20210208002914","is_ascension_mode":true,"campfire_choices":[{"data":"Summon_Undead","floor":6,"key":"SMITH"},{"data":"Summon_Undead_Army","floor":8,"key":"SMITH"},{"data":"Uncharnel","floor":15,"key":"SMITH"},{"data":"infinitespire:Collect","floor":23,"key":"SMITH"},{"data":"Summon_Death_Knight","floor":25,"key":"SMITH"},{"data":"Uncharnel","floor":32,"key":"SMITH"},{"floor":41,"key":"RECALL"},{"floor":45,"key":"REST"},{"data":"Summon_Lich","floor":47,"key":"SMITH"},{"data":"Siphon_Strength","floor":49,"key":"SMITH"},{"data":"Negative_Energy_Burst","floor":52,"key":"SMITH"}],"circlet_count":0,"master_deck":["Strike_W","Strike_W","Defend_W+1","Negative_Energy_Arrows","Bone_Wall+1","Negative_Energy_Sphere","Summon_Undead_Army+1","Summon_Undead+1","Necrotic_Claws","Uncharnel+1","Summon_Death_Knight+1","infinitespire:Collect+1","Uncharnel+1","Grasp_Heart","Negative_Energy_Burst+1","Writhe","Siphon_Strength+1","Summon_Lich+1","Uncharnel+1","Summon_Undead+1"],"relics":["Vampire_Amulet","NeowsBlessing","Centennial Puzzle","Blood Vial","Hallownest:BankAccountRelic","Bag of Marbles","Black Star","Medical Kit","Sozu","Pear","Vajra","Meat on the Bone","Pocketwatch","Bronze Scales","Sundial","SacredBark","Sling","PreservedInsect","Incense Burner","Darkstone Periapt","Question Card","Thread and Needle","Oddly Smooth Stone","Bottled Lightning","Shuriken","InkBottle"],"acts_visited":["Exordium","Hallownest:Greenpath","TheBeyond","TheEnding"],"potions_floor_usage":[24,48,55],"damage_taken":[{"damage":0,"enemies":"Hallownest:2_MossCreeps","floor":1,"turns":1},{"damage":0,"enemies":"Hallownest:monsterHuskWarrior","floor":4,"turns":1},{"damage":0,"enemies":"Hallownest:eliteCrystalGuardian","floor":7,"turns":1},{"damage":7,"enemies":"Hallownest:eliteVengeflyKing","floor":10,"turns":5},{"damage":0,"enemies":"Hallownest:2_Tiktiks_and_1_Crawlid","floor":13,"turns":2},{"damage":8,"enemies":"Hallownest:eliteMossKnight","floor":14,"turns":5},{"damage":10,"enemies":"Hallownest:BossBrokenVessel","floor":16,"turns":8},{"damage":16,"enemies":"Hallownest:Guard_and_Sentry","floor":18,"turns":6},{"damage":16,"enemies":"Hallownest:3_Youths","floor":21,"turns":4},{"damage":11,"enemies":"Hallownest:monsterMisterMushroom","floor":22,"turns":5},{"damage":18,"enemies":"Hallownest:eliteSoulWarrior","floor":24,"turns":5},{"damage":0,"enemies":"Hallownest:Nosk","floor":27,"turns":6},{"damage":0,"enemies":"Hallownest:Warrior_and_Youth","floor":28,"turns":4},{"damage":0,"enemies":"Hallownest:2_Flukemon","floor":31,"turns":5},{"damage":25,"enemies":"Hallownest:BossMantisLord","floor":33,"turns":6},{"damage":15,"enemies":"Orb Walker","floor":35,"turns":3},{"damage":36,"enemies":"3 Shapes","floor":37,"turns":2},{"damage":0,"enemies":"Transient","floor":38,"turns":5},{"damage":23,"enemies":"Reptomancer","floor":40,"turns":4},{"damage":44,"enemies":"Jaw Worm Horde","floor":42,"turns":3},{"damage":5,"enemies":"Sphere and 2 Shapes","floor":44,"turns":4},{"damage":8,"enemies":"Mind Bloom Boss Battle","floor":46,"turns":5},{"damage":9,"enemies":"3 Darklings","floor":48,"turns":3},{"damage":38,"enemies":"Time Eater","floor":50,"turns":9},{"damage":40,"enemies":"Shield and Spear","floor":54,"turns":5},{"damage":65,"enemies":"The Heart","floor":55,"turns":3}],"seed_played":"-3454763299429195825","potions_obtained":[{"floor":4,"key":"EssenceOfSteel"},{"floor":10,"key":"GamblersBrew"},{"floor":13,"key":"Fire Potion"}],"is_trial":false,"path_per_floor":["M","$","T","M","?","R","E","R","T","E","?","?","M","E","R","B",null,"M","AVR","?","M","M","R","E","R","T","E","M","?","T","M","R","B",null,"M","$","M","M","?","E","R","M","T","M","R","?","R","M","R","B",null,"R","$","E","B"],"character_chosen":"NECROMANCER","items_purchased":["Summon_Undead_Army","Sling","PreservedInsect","Negative_Energy_Burst","Oddly Smooth Stone","Bottled Lightning"],"campfire_rested":1,"item_purchase_floors":[2,36,36,36,53,53],"current_hp_per_floor":[75,75,75,75,66,66,68,68,68,71,71,71,75,71,71,71,75,66,66,66,58,51,51,65,65,65,69,75,75,75,81,81,76,85,72,72,44,48,69,64,64,40,40,52,77,73,73,74,74,52,85,85,85,49,0,0],"gold":107,"neow_bonus":"THREE_ENEMY_KILL","is_daily":false,"chose_seed":false,"campfire_upgraded":9,"win_rate":0.0,"timestamp":1612740554,"path_taken":["M","$","?","?","?","R","E","R","T","E","?","?","M","E","R","BOSS","M","AVR","?","M","M","R","E","R","T","E","M","?","?","M","R","BOSS","M","$","M","M","?","E","R","M","T","M","R","?","R","M","R","BOSS","R","$","E","BOSS"],"items_purchased_type":["Card","Relic","Relic","Card","Relic","Relic"],"build_version":"2020-12-22","purchased_purges":3,"victory":false,"max_hp_per_floor":[75,75,75,75,75,75,75,75,75,75,75,75,75,75,75,75,75,75,75,75,75,75,75,85,85,85,85,85,85,85,85,85,85,85,85,85,85,85,85,85,85,85,85,85,85,85,85,85,85,85,85,85,85,85,85,85],"card_choices":[{"not_picked":["Bone_Bullets","Blood_Whip"],"picked":"Negative_Energy_Sphere","floor":1},{"not_picked":["Acid_Javelin","Negative_Energy_Mist"],"picked":"Summon_Undead","floor":4},{"not_picked":["Acid_Javelin","Bone_Bullets"],"picked":"Necrotic_Claws","floor":7},{"not_picked":["Death_Coil","Blood_Wake","Chill_Blood"],"picked":"SKIP","floor":10},{"not_picked":["Pandemic","Blood_Curse","Scare"],"picked":"SKIP","floor":13},{"not_picked":["Thousand_Bone_Knives","Blood_for_Blood"],"picked":"Uncharnel","floor":14},{"not_picked":["Blood_Magic","Negative_Energy_Bomb"],"picked":"Summon_Death_Knight","floor":16},{"not_picked":["Vampiric_Strike","Life_Drain","Death_March_Dance"],"picked":"SKIP","floor":18},{"not_picked":["Bones_to_Steel","Bone_Spikes+1"],"picked":"Uncharnel","floor":21},{"not_picked":["Bone_Spikes","Bone_Bullets","Exploit"],"picked":"SKIP","floor":22},{"not_picked":["Bone_Bullets+1","Acid_Javelin","Death_Coil+1"],"picked":"SKIP","floor":24},{"not_picked":["Thousand_Bone_Knives","Toxic_Smoke_Screen","Bone_Bullets"],"picked":"SKIP","floor":27},{"not_picked":["Scare+1","Bone_Bullets","Bones_to_Steel"],"picked":"SKIP","floor":28},{"not_picked":["Necrotic_Claws+1","Pandemic","Negative_Energy_Mist+1"],"picked":"SKIP","floor":31},{"not_picked":["Requiem","Blood_Wake"],"picked":"Grasp_Heart","floor":33},{"not_picked":["Thousand_Bone_Knives+1","Negative_Energy_Shield+1","Scare"],"picked":"SKIP","floor":35},{"not_picked":["Negative_Energy_Shield","Blood_Whip","Finger_Of_Death+1"],"picked":"SKIP","floor":37},{"not_picked":["Consume_Illness+1","Acid_Javelin","Death_Knell+1"],"picked":"SKIP","floor":38},{"not_picked":["Shade_Step+1","Vampiric_Strike"],"picked":"Siphon_Strength","floor":40},{"not_picked":["Requiem","Flesh_Made_Foul+1"],"picked":"Summon_Lich","floor":42},{"not_picked":["Blood_Whip","Shade_Step+1","Slay_Living","Thousand_Bone_Knives"],"picked":"SKIP","floor":44},{"not_picked":["Finger_Of_Death","Blood_Curse+1","Whirlwind_of_Bones+1"],"picked":"Uncharnel+1","floor":46},{"not_picked":["Chill_Blood","Scare","Negative_Energy_Javelin+1","Negative_Energy_Bomb"],"picked":"SKIP","floor":48},{"not_picked":["Bone_Shift+1","Scare+1","Life_Drain"],"picked":"Summon_Undead+1","floor":54}],"player_experience":487606,"relics_obtained":[{"floor":7,"key":"Centennial Puzzle"},{"floor":9,"key":"Blood Vial"},{"floor":10,"key":"War Paint"},{"floor":14,"key":"Bag of Marbles"},{"floor":24,"key":"Pear"},{"floor":24,"key":"Vajra"},{"floor":26,"key":"Meat on the Bone"},{"floor":27,"key":"Pocketwatch"},{"floor":27,"key":"Bronze Scales"},{"floor":30,"key":"Sundial"},{"floor":40,"key":"Incense Burner"},{"floor":40,"key":"Darkstone Periapt"},{"floor":43,"key":"Question Card"},{"floor":46,"key":"Thread and Needle"},{"floor":54,"key":"Shuriken"},{"floor":54,"key":"InkBottle"}],"event_choices":[{"damage_healed":21,"gold_gain":0,"player_choice":"Writhe","damage_taken":0,"max_hp_gain":0,"max_hp_loss":0,"event_name":"Winding Halls","floor":39,"gold_loss":0,"cards_obtained":["Writhe"]},{"damage_healed":0,"gold_gain":0,"player_choice":"Fight","damage_taken":0,"max_hp_gain":0,"max_hp_loss":0,"event_name":"MindBloom","floor":46,"gold_loss":0}],"is_beta":false,"boss_relics":[{"not_picked":["Tiny House","Ectoplasm"],"picked":"Black Star"},{"not_picked":["Runic Pyramid","infinitespire:Cupcake"],"picked":"SacredBark"}],"items_purged_floors":[19,36,53],"is_endless":false,"potions_floor_spawned":[4,10,13,22,24,27,31,33,37,46,48,54],"killed_by":"The Heart","ascension_level":4}}