{"host":"04hh9gplt9wkfmr1","time":1612711995,"event":{"mods":["AchievementEnabler","BaseMod","Colored Map","KOR Keyword Fix","Minty Spire (QoL Compilation)","Rare Cards Sparkle","SuperFastMode"],"gold_per_floor":[109,129,141,154,154,154,169,181,181,181,215,215,248,259,259,362,362,382,382,382,400,400,432,432,458,458,470,482,525,537,537],"floor_reached":30,"language":"KOR","playtime":1032,"items_purged":[],"score":320,"play_id":"4f26476a-756e-4c87-8f7d-512a9e57863d","local_time":"20210208003315","is_ascension_mode":true,"campfire_choices":[{"data":"Vault","floor":6.0,"key":"SMITH"},{"data":"Ragnarok","floor":10.0,"key":"SMITH"},{"data":"Fasting2","floor":12.0,"key":"SMITH"},{"data":"Eruption","floor":15.0,"key":"SMITH"},{"data":"DeusExMachina","floor":24,"key":"SMITH"}],"circlet_count":0,"master_deck":["Strike_P","Strike_P","Strike_P","Strike_P","Defend_P","Defend_P","Defend_P","Defend_P","Eruption+1","Vigilance","Vault+1","Study","FlurryOfBlows","CarveReality+1","FlurryOfBlows","Fasting2+1","Ragnarok+1","WindmillStrike","FollowUp+1","DeusExMachina+1","Adaptation","J.A.X.","EmptyMind","LikeWater","WindmillStrike+1","Adaptation+1"],"relics":["PureWater","Matryoshka","Blood Vial","Sozu","Torii","Whetstone","MawBank","Frozen Egg 2","Nloth\u0027s Gift"],"acts_visited":["Exordium","TheCity"],"potions_floor_usage":[23,29],"damage_taken":[{"damage":0.0,"enemies":"2 Louse","floor":1.0,"turns":2.0},{"damage":0.0,"enemies":"Cultist","floor":2.0,"turns":4.0},{"damage":2.0,"enemies":"Small Slimes","floor":3.0,"turns":5.0},{"damage":3.0,"enemies":"Red Slaver","floor":4.0,"turns":4.0},{"damage":5.0,"enemies":"Looter","floor":7.0,"turns":4.0},{"damage":20.0,"enemies":"Lots of Slimes","floor":8.0,"turns":4.0},{"damage":9.0,"enemies":"3 Sentries","floor":11.0,"turns":5.0},{"damage":0.0,"enemies":"Gremlin Nob","floor":13.0,"turns":2.0},{"damage":1.0,"enemies":"Exordium Wildlife","floor":14.0,"turns":2.0},{"damage":27,"enemies":"Hexaghost","floor":16,"turns":6},{"damage":1,"enemies":"Spheric Guardian","floor":18,"turns":4},{"damage":6,"enemies":"Shell Parasite","floor":21,"turns":2},{"damage":22,"enemies":"Book of Stabbing","floor":23,"turns":5},{"damage":38,"enemies":"Gremlin Leader","floor":25,"turns":5},{"damage":0,"enemies":"Snake Plant","floor":29,"turns":1},{"damage":16,"enemies":"Shelled Parasite and Fungi","floor":30,"turns":1}],"seed_played":"8018295088212632623","potions_obtained":[{"floor":1.0,"key":"SteroidPotion"},{"floor":2.0,"key":"Strength Potion"},{"floor":4.0,"key":"BlessingOfTheForge"},{"floor":5.0,"key":"AttackPotion"},{"floor":5.0,"key":"Energy Potion"},{"floor":11.0,"key":"ColorlessPotion"},{"floor":13.0,"key":"SkillPotion"}],"is_trial":false,"path_per_floor":["M","M","M","M","?","R","M","M","T","R","E","R","E","M","R","B",null,"M","?","?","M","?","E","R","E","T","$","?","M","M"],"character_chosen":"WATCHER","items_purchased":[],"campfire_rested":0,"item_purchase_floors":[],"current_hp_per_floor":[72,72,70,67,67,67,62,42,42,42,33,33,35,36,36,11,72,71,71,71,66,66,46,46,10,10,10,10,12,0,0],"gold":537,"neow_bonus":"ONE_RANDOM_RARE_CARD","is_daily":false,"chose_seed":false,"campfire_upgraded":5,"win_rate":0.0,"timestamp":1612711995,"path_taken":["M","M","M","M","?","R","M","M","T","R","E","R","E","M","R","BOSS","M","?","?","?","?","E","R","E","T","$","?","?","M"],"items_purchased_type":[],"build_version":"2020-12-22","purchased_purges":0,"victory":false,"max_hp_per_floor":[72,72,72,72,72,72,72,72,72,72,72,72,72,72,72,72,72,72,72,72,72,72,72,72,72,72,72,72,72,72,72],"card_choices":[{"not_picked":["Collect","Protect"],"picked":"Study","floor":1.0},{"not_picked":["Weave","CarveReality"],"picked":"FlurryOfBlows","floor":2.0},{"not_picked":["BowlingBash","EmptyFist"],"picked":"CarveReality","floor":3.0},{"not_picked":["CrushJoints","SashWhip"],"picked":"FlurryOfBlows","floor":4.0},{"not_picked":["Evaluate","Swivel"],"picked":"Fasting2","floor":7.0},{"not_picked":["Halt","DeceiveReality"],"picked":"Ragnarok","floor":8.0},{"not_picked":["Evaluate","WheelKick"],"picked":"WindmillStrike","floor":11.0},{"not_picked":["Halt","JustLucky"],"picked":"FollowUp","floor":13.0},{"not_picked":["PathToVictory","FlyingSleeves","ThirdEye"],"picked":"SKIP","floor":14.0},{"not_picked":["Blasphemy","Alpha"],"picked":"DeusExMachina","floor":16},{"not_picked":["SashWhip+1","JustLucky"],"picked":"Adaptation","floor":18},{"not_picked":["FollowUp","ThirdEye"],"picked":"EmptyMind","floor":21},{"not_picked":["BowlingBash","Devotion","WaveOfTheHand"],"picked":"SKIP","floor":23},{"not_picked":["ReachHeaven+1","SandsOfTime"],"picked":"WindmillStrike+1","floor":25},{"not_picked":["WreathOfFlame","Wallop+1"],"picked":"Adaptation+1","floor":29}],"player_experience":137871,"relics_obtained":[{"floor":9.0,"key":"Matryoshka"},{"floor":11.0,"key":"Blood Vial"},{"floor":13.0,"key":"Centennial Puzzle"},{"floor":23,"key":"Torii"},{"floor":25,"key":"Whetstone"},{"floor":26,"key":"MawBank"},{"floor":26,"key":"Frozen Egg 2"}],"event_choices":[{"damage_healed":0.0,"max_hp_gain":0.0,"max_hp_loss":0.0,"gold_gain":0.0,"event_name":"Lab","player_choice":"Got Potions","floor":5.0,"gold_loss":0.0,"damage_taken":0.0},{"damage_healed":0,"gold_gain":0,"player_choice":"Obtain J.A.X.","damage_taken":0,"max_hp_gain":0,"max_hp_loss":0,"event_name":"Drug Dealer","floor":19,"gold_loss":0,"cards_obtained":["J.A.X."]},{"damage_healed":0,"gold_gain":0,"player_choice":"Bought 0 Potions","damage_taken":0,"max_hp_gain":0,"max_hp_loss":0,"event_name":"The Woman in Blue","floor":20,"gold_loss":0},{"damage_healed":0,"gold_gain":0,"player_choice":"Read","damage_taken":0,"max_hp_gain":0,"max_hp_loss":0,"event_name":"The Library","floor":22,"gold_loss":0,"cards_obtained":["LikeWater"]},{"damage_healed":0,"gold_gain":0,"player_choice":"Traded Relic","damage_taken":0,"relics_obtained":["Nloth\u0027s Gift"],"max_hp_gain":0,"max_hp_loss":0,"event_name":"N\u0027loth","floor":28,"relics_lost":["Centennial Puzzle"],"gold_loss":0}],"is_beta":false,"boss_relics":[{"not_picked":["Empty Cage","Philosopher\u0027s Stone"],"picked":"Sozu"}],"items_purged_floors":[],"is_endless":false,"potions_floor_spawned":[1,2,4,11,13,21,25],"killed_by":"Shelled Parasite and Fungi","ascension_level":1}}