{"host":"vyiqbz5w606ur92t","time":1612734357,"event":{"mods":["BaseMod","Downfall","Minty Spire (QoL Compilation)","StSLib"],"gold_per_floor":[99,109,109,128,140,150,150,25,51,64,64,80,93,118,136,241,241,241,259,359,359,333,367,367,94,111,11,37,51,85,85,97,196,196,96,113,124,124,177,212,212,112,123,142,168,168,196,213,224,224,224,258,5,5,5,5],"floor_reached":57,"language":"ENG","playtime":9828,"items_purged":["Injury"],"score":2195,"play_id":"e7a40048-94dd-43d3-a413-08f16411eaab","local_time":"20210207214557","is_ascension_mode":true,"campfire_choices":[{"floor":1,"key":"RECALL"},{"data":"sneckomod:SoulRoll","floor":11,"key":"SMITH"},{"data":"sneckomod:SoulExchange","floor":18,"key":"SMITH"},{"data":"expansioncontent:StudyTheSpire","floor":27,"key":"SMITH"},{"data":"sneckomod:MasterEye","floor":35,"key":"SMITH"},{"data":"1","floor":42,"key":"LIFT"},{"data":"2","floor":54,"key":"LIFT"}],"circlet_count":0,"master_deck":["sneckomod:TailWhip","sneckomod:SnekBite+1","sneckomod:Unknown","sneckomod:Unknown","sneckomod:UnknownCommonSkill","sneckomod:Rotation","Dark Embrace","sneckomod:UnknownColorless","sneckomod:WideSting+1","sneckomod:SoulRoll","sneckomod:SoulRoll+1","sneckomod:UnknownUncommonPower","sneckomod:UnknownDraw","sneckomod:SlitherStrike+1","sneckomod:CheapStock","sneckomod:UnknownCommonAttack+1","sneckomod:Nope","sneckomod:SerpentIdol","sneckomod:TrashToTreasure","sneckomod:SoulExchange+1","sneckomod:Rotation","sneckomod:TrashToTreasure+1","sneckomod:SoulRoll+1","sneckomod:UnknownRarePower","sneckomod:UnknownUncommonAttack+1","sneckomod:UnknownStrength","sneckomod:UnknownRareAttack+1","sneckomod:UnendingSupply","sneckomod:ImprovisedAttack+1","sneckomod:UnknownUncommonPower","expansioncontent:StudyTheSpire+1","sneckomod:UnknownClassRED+1","sneckomod:UnknownClassTHE_BRONZE_AUTOMATON","sneckomod:SoulDraw","sneckomod:MasterEye+1","sneckomod:MorePower+1","sneckomod:UnknownExhaust+1","sneckomod:UnknownUncommonPower+1","sneckomod:QuickMove+1","sneckomod:SerpentMind+1","sneckomod:UnknownExhaust+1","sneckomod:DefensiveFlair","sneckomod:UnknownX+1","sneckomod:UnknownClassGREEN+1","sneckomod:UnknownWeak+1","sneckomod:UnknownCommonSkill+1","CurseOfTheBell","CurseOfTheBell","sneckomod:SnekBeam+1","sneckomod:UnknownDexterity","sneckomod:UnknownBlock","sneckomod:UnknownUncommonPower+1","sneckomod:PureSnecko","sneckomod:UnknownBlock","sneckomod:UnknownVulnerable+1","expansioncontent:Chronoboost+1","expansioncontent:PrepareCrush","sneckomod:CheapStock+1","sneckomod:UnknownRareAttack+1","sneckomod:UnendingSupply+1","sneckomod:UnknownDexterity","sneckomod:MasterEye+1","sneckomod:UnknownClassGREEN+1","bronze:FunctionCard","sneckomod:UnknownUncommonSkill+1","sneckomod:UnknownClassTHE_BRONZE_AUTOMATON","sneckomod:MasterEye+1","sneckomod:SnekBeam+1","sneckomod:Unknown1Cost"],"relics":["Snecko Eye","bronze:DecasWashers","Molten Egg 2","Prayer Wheel","Black Star","FossilizedHelix","Slimebound:PreparedRelic","Whetstone","Frozen Eye","Pocketwatch","Ornamental Fan","Mummified Hand","downfall:HeartBlessingRed","sneckomod:SuperSneckoEye","Regal Pillow","Frozen Egg 2","Letter Opener","sneckomod:SneckoTalon","downfall:HeartBlessingGreen","downfall:ExtraCursedBell","Oddly Smooth Stone","Shuriken","TungstenRod","Girya","Boot","Bottled Tornado","downfall:HeartBlessingBlue","Dream Catcher","Bottled Lightning","bronze:BronzeIdol","Slimebound:StickyStick","Anchor","Bag of Preparation"],"acts_visited":["Exordium","TheCity","TheBeyond","TheEnding"],"potions_floor_usage":[23,28,28,39,45,50],"damage_taken":[{"damage":6,"enemies":"Jaw Worm","floor":2,"turns":3},{"damage":0,"enemies":"Cultist","floor":4,"turns":3},{"damage":7,"enemies":"Small Slimes","floor":5,"turns":3},{"damage":12,"enemies":"2 Fungi Beasts","floor":6,"turns":4},{"damage":0,"enemies":"downfall:FleeingMerchant","floor":8,"turns":4},{"damage":0,"enemies":"Gremlin Nob","floor":9,"turns":2},{"damage":4,"enemies":"Blue Slaver","floor":10,"turns":2},{"damage":0,"enemies":"3 Louse","floor":12,"turns":1},{"damage":0,"enemies":"Large Slime","floor":13,"turns":3},{"damage":15,"enemies":"3 Sentries","floor":14,"turns":4},{"damage":0,"enemies":"Blue Slaver","floor":15,"turns":3},{"damage":16,"enemies":"IC_STATUS_ARCHETYPE","floor":16,"turns":9},{"damage":0,"enemies":"3 Byrds","floor":19,"turns":2},{"damage":0,"enemies":"Colosseum Nobs","floor":20,"turns":4},{"damage":0,"enemies":"downfall:FleeingMerchant","floor":22,"turns":3},{"damage":0,"enemies":"Gremlin Leader","floor":23,"turns":4},{"damage":0,"enemies":"Shell Parasite","floor":26,"turns":2},{"damage":6,"enemies":"Book of Stabbing","floor":28,"turns":3},{"damage":6,"enemies":"Shelled Parasite and Fungi","floor":29,"turns":2},{"damage":0,"enemies":"Slavers","floor":30,"turns":1},{"damage":0,"enemies":"Snake Plant","floor":32,"turns":3},{"damage":0,"enemies":"WA_ARCHETYPE_CALM","floor":33,"turns":3},{"damage":0,"enemies":"Orb Walker","floor":36,"turns":1},{"damage":0,"enemies":"3 Shapes","floor":37,"turns":2},{"damage":0,"enemies":"2 Orb Walkers","floor":39,"turns":2},{"damage":0,"enemies":"Nemesis","floor":40,"turns":3},{"damage":0,"enemies":"Jaw Worm Horde","floor":43,"turns":2},{"damage":0,"enemies":"Transient","floor":44,"turns":4},{"damage":0,"enemies":"Reptomancer","floor":45,"turns":2},{"damage":0,"enemies":"Nemesis","floor":47,"turns":1},{"damage":0,"enemies":"Maw","floor":48,"turns":1},{"damage":0,"enemies":"Writhing Mass","floor":49,"turns":2},{"damage":0,"enemies":"SI_POISON_ARCHETYPE","floor":50,"turns":2},{"damage":0,"enemies":"downfall:CharBossMerchant","floor":52,"turns":2},{"damage":0,"enemies":"downfall:NeowBoss","floor":55,"turns":6},{"damage":0,"enemies":"downfall:NeowBossFinal","floor":56,"turns":3}],"seed_played":"-5507045404263652820","potions_obtained":[{"floor":4,"key":"Swift Potion"},{"floor":5,"key":"LiquidMemories"},{"floor":9,"key":"Energy Potion"},{"floor":26,"key":"bronze:BurnAndBuffPotion"},{"floor":29,"key":"Guardian:BlockOnCardUsePotion"},{"floor":30,"key":"LiquidMemories"},{"floor":37,"key":"DistilledChaos"},{"floor":39,"key":"Energy Potion"}],"is_trial":false,"path_per_floor":["R","M","?","M","M","M","T","$","E","M","R","M","M","E","M","B",null,"R","M","?","?","$","E","T","$","M","R","E","M","E","?","M","B",null,"R","M","M","?","?","E","T","R","M","M","E","?","E","M","M","B",null,"E","$","R","B","B",null],"character_chosen":"THE_SNECKO","items_purchased":["sneckomod:UnknownUncommonPower","sneckomod:UnendingSupply","Whetstone","Frozen Eye","sneckomod:UnknownUncommonPower","expansioncontent:StudyTheSpire","PowerPotion","sneckomod:MasterEye+1","sneckomod:SnekBeam+1","sneckomod:Unknown1Cost"],"campfire_rested":0,"item_purchase_floors":[8,22,22,22,25,25,53,53,53,53],"current_hp_per_floor":[90,84,84,84,77,65,65,65,65,61,61,61,61,61,61,45,79,79,79,79,79,79,79,79,79,79,79,73,67,67,67,71,71,88,88,88,92,92,92,92,92,102,102,102,102,98,98,98,98,105,107,107,107,107,108,108],"gold":5,"neow_bonus":"BOSS_RELIC","is_daily":false,"chose_seed":false,"campfire_upgraded":4,"win_rate":0.0,"timestamp":1612734357,"path_taken":["R","M","?","M","M","?","T","$","E","?","R","M","M","E","M","BOSS","R","M","?","?","$","E","T","$","M","R","E","M","E","?","M","BOSS","R","M","M","?","?","E","T","R","M","M","E","?","E","M","M","BOSS","E","$","R","BOSS","BOSS"],"items_purchased_type":["Card","Card","Relic","Relic","Card","Card","Potion","Card","Card","Card"],"build_version":"2020-12-22","purchased_purges":1,"victory":true,"max_hp_per_floor":[90,90,90,90,90,90,90,90,90,90,90,90,90,90,90,90,90,90,90,90,90,90,90,90,90,90,90,90,90,90,90,94,94,94,94,94,98,98,98,98,98,108,108,108,108,108,108,108,108,108,108,108,108,108,108,108],"card_choices":[{"not_picked":["sneckomod:UnknownCommonAttack","sneckomod:UnknownCommonSkill"],"picked":"sneckomod:UnknownUncommonPower","floor":2},{"not_picked":["sneckomod:SerpentIdol","sneckomod:UnknownExhaust"],"picked":"sneckomod:UnknownColorless","floor":4},{"not_picked":["sneckomod:ImprovisedGuard","sneckomod:SoulDraw"],"picked":"sneckomod:WideSting","floor":5},{"not_picked":["sneckomod:UnknownBoss","sneckomod:RainOfDice"],"picked":"sneckomod:SoulRoll","floor":6},{"not_picked":["sneckomod:Unknown1Cost","sneckomod:SoulDraw"],"picked":"sneckomod:SoulRoll","floor":8},{"not_picked":["sneckomod:Nope","sneckomod:SnekBeam+1"],"picked":"sneckomod:UnknownDraw","floor":9},{"not_picked":["sneckomod:Mudshield","sneckomod:Unknown0Cost"],"picked":"sneckomod:SlitherStrike+1","floor":10},{"not_picked":["sneckomod:SoulDraw","sneckomod:UnknownVulnerable"],"picked":"sneckomod:CheapStock","floor":12},{"not_picked":["sneckomod:IronFang+1","sneckomod:CheapStock"],"picked":"sneckomod:UnknownCommonAttack+1","floor":13},{"not_picked":["sneckomod:IronFang+1","sneckomod:UnknownUncommonSkill"],"picked":"sneckomod:Nope","floor":14},{"not_picked":["sneckomod:ImprovisedGuard","sneckomod:UnknownDraw"],"picked":"sneckomod:SerpentIdol","floor":15},{"not_picked":["sneckomod:SoulRoll","sneckomod:UnknownDexterity"],"picked":"sneckomod:TrashToTreasure","floor":15},{"not_picked":["sneckomod:GlitteringGambit","sneckomod:Unknown3Cost"],"picked":"sneckomod:SoulExchange","floor":16},{"not_picked":["sneckomod:UnknownDraw+1","sneckomod:WideSting+1"],"picked":"sneckomod:Rotation","floor":19},{"not_picked":["sneckomod:UnknownBlock+1","sneckomod:DiceCrush+1"],"picked":"sneckomod:TrashToTreasure+1","floor":19},{"not_picked":["sneckomod:UnknownDraw","sneckomod:Unknown1Cost"],"picked":"sneckomod:SoulRoll+1","floor":20},{"not_picked":["sneckomod:UnknownClassGREEN+1","sneckomod:UnknownClassRED"],"picked":"sneckomod:UnknownRareAttack+1","floor":22},{"not_picked":["sneckomod:ImprovisedGuard","sneckomod:UnknownDraw"],"picked":"sneckomod:ImprovisedAttack+1","floor":23},{"not_picked":["sneckomod:SoulRoll","sneckomod:SerpentIdol"],"picked":"sneckomod:UnknownClassRED+1","floor":26},{"not_picked":["sneckomod:IronFang+1","sneckomod:UnknownColorless"],"picked":"sneckomod:UnknownClassTHE_BRONZE_AUTOMATON","floor":26},{"not_picked":["sneckomod:SoulCleanse","sneckomod:TrashToTreasure","sneckomod:SoulRoll"],"picked":"SKIP","floor":28},{"not_picked":["sneckomod:UnknownCommonAttack+1","sneckomod:UnknownClassRED+1"],"picked":"sneckomod:SoulDraw","floor":29},{"not_picked":["sneckomod:Nope","sneckomod:Memorize+1"],"picked":"sneckomod:MasterEye","floor":29},{"not_picked":["sneckomod:SerpentIdol","sneckomod:UnknownVulnerable+1"],"picked":"sneckomod:MorePower+1","floor":30},{"not_picked":["sneckomod:Unknown0Cost+1","sneckomod:UnknownStrike+1"],"picked":"sneckomod:UnknownExhaust+1","floor":32},{"not_picked":["sneckomod:UnknownClassGREEN","sneckomod:SoulDraw"],"picked":"sneckomod:UnknownUncommonPower+1","floor":32},{"not_picked":["sneckomod:UnknownX","sneckomod:DiceBoulder+1"],"picked":"sneckomod:QuickMove+1","floor":32},{"not_picked":["sneckomod:DangerNoodle+1","sneckomod:Cheat"],"picked":"sneckomod:SerpentMind+1","floor":33},{"not_picked":["sneckomod:UnknownWeak+1","sneckomod:UnknownBoss+1"],"picked":"sneckomod:UnknownExhaust+1","floor":33},{"not_picked":["sneckomod:SnekBeam+1","sneckomod:Nope"],"picked":"sneckomod:DefensiveFlair","floor":36},{"not_picked":["sneckomod:UnknownStrike+1","sneckomod:UnknownBlock"],"picked":"sneckomod:UnknownX+1","floor":36},{"not_picked":["sneckomod:UnknownStrength+1","sneckomod:UnknownCommonAttack+1"],"picked":"sneckomod:UnknownClassGREEN+1","floor":36},{"not_picked":["sneckomod:SoulRoll","sneckomod:SnekBeam+1"],"picked":"sneckomod:UnknownWeak+1","floor":37},{"not_picked":["sneckomod:UnknownExhaust+1","sneckomod:UnknownX+1"],"picked":"sneckomod:UnknownCommonSkill+1","floor":37},{"not_picked":["sneckomod:TrashToTreasure+1","sneckomod:UnknownStrike+1","sneckomod:SoulDraw"],"picked":"SKIP","floor":37},{"not_picked":["sneckomod:WideSting+1","sneckomod:UnknownClassRED+1"],"picked":"sneckomod:SnekBeam+1","floor":39},{"not_picked":["sneckomod:TrashToTreasure","sneckomod:UnknownClassRED"],"picked":"sneckomod:UnknownDexterity","floor":40},{"not_picked":["sneckomod:UnknownColorless","sneckomod:UnknownWeak"],"picked":"sneckomod:UnknownBlock","floor":43},{"not_picked":["sneckomod:Nope+1","sneckomod:DiceBlock","sneckomod:Unknown0Cost"],"picked":"SKIP","floor":43},{"not_picked":["sneckomod:Unknown2Cost+1","sneckomod:UnknownClassRED+1"],"picked":"sneckomod:UnknownUncommonPower+1","floor":44},{"not_picked":["sneckomod:UnknownExhaust","sneckomod:RainOfDice+1"],"picked":"sneckomod:PureSnecko","floor":44},{"not_picked":["sneckomod:UnknownClassGREEN","sneckomod:QuickBite+1"],"picked":"sneckomod:UnknownBlock","floor":44},{"not_picked":["sneckomod:UnknownClassRED+1","sneckomod:UnknownDraw+1"],"picked":"sneckomod:UnknownVulnerable+1","floor":45},{"not_picked":["sneckomod:Memorize","sneckomod:UnknownCommonSkill","sneckomod:UnknownUncommonAttack+1"],"picked":"SKIP","floor":45},{"not_picked":["expansioncontent:HyperBeam","expansioncontent:GuardianWhirl"],"picked":"expansioncontent:Chronoboost","floor":46},{"not_picked":["expansioncontent:Hexaburn","expansioncontent:PolyBeam"],"picked":"expansioncontent:PrepareCrush","floor":46},{"not_picked":["sneckomod:UnknownColorless+1","sneckomod:QuickBite+1"],"picked":"sneckomod:CheapStock+1","floor":47},{"not_picked":["sneckomod:UnknownDexterity+1","sneckomod:UnknownExhaust+1"],"picked":"sneckomod:UnknownRareAttack+1","floor":48},{"not_picked":["sneckomod:UnknownCommonAttack+1","sneckomod:ImprovisedGuard+1"],"picked":"sneckomod:UnendingSupply+1","floor":48},{"not_picked":["sneckomod:UnknownBlock","sneckomod:Unknown2Cost+1"],"picked":"sneckomod:UnknownDexterity","floor":48},{"not_picked":["sneckomod:UnknownClassTHE_BRONZE_AUTOMATON+1","sneckomod:Nope+1"],"picked":"sneckomod:MasterEye+1","floor":49},{"not_picked":["sneckomod:UnknownCommonAttack+1","sneckomod:UnknownUncommonAttack+1"],"picked":"sneckomod:UnknownClassGREEN+1","floor":49},{"not_picked":["sneckomod:UnknownBlock+1","sneckomod:UnknownDraw+1","sneckomod:Memorize+1"],"picked":"SKIP","floor":49},{"not_picked":["sneckomod:UnknownClassGREEN+1","sneckomod:Unknown0Cost+1"],"picked":"sneckomod:UnknownUncommonSkill+1","floor":52},{"not_picked":["sneckomod:QuickMove","sneckomod:Nope"],"picked":"sneckomod:UnknownClassTHE_BRONZE_AUTOMATON","floor":52}],"player_experience":1599242,"relics_obtained":[{"floor":7,"key":"bronze:DecasWashers"},{"floor":9,"key":"Molten Egg 2"},{"floor":14,"key":"Prayer Wheel"},{"floor":20,"key":"FossilizedHelix"},{"floor":20,"key":"Slimebound:PreparedRelic"},{"floor":23,"key":"Pocketwatch"},{"floor":23,"key":"Ornamental Fan"},{"floor":24,"key":"Mummified Hand"},{"floor":28,"key":"sneckomod:SuperSneckoEye"},{"floor":28,"key":"Regal Pillow"},{"floor":30,"key":"Frozen Egg 2"},{"floor":30,"key":"Letter Opener"},{"floor":38,"key":"Oddly Smooth Stone"},{"floor":38,"key":"Shuriken"},{"floor":38,"key":"TungstenRod"},{"floor":39,"key":"Girya"},{"floor":40,"key":"Boot"},{"floor":40,"key":"Bottled Tornado"},{"floor":45,"key":"Dream Catcher"},{"floor":45,"key":"Bottled Lightning"},{"floor":47,"key":"bronze:BronzeIdol"},{"floor":47,"key":"Slimebound:StickyStick"},{"floor":52,"key":"Anchor"},{"floor":52,"key":"Bag of Preparation"}],"event_choices":[{"damage_healed":0,"gold_gain":0,"player_choice":"Fight","damage_taken":0,"max_hp_gain":0,"max_hp_loss":0,"event_name":"Mysterious Sphere","floor":39,"gold_loss":0}],"is_beta":false,"boss_relics":[{"not_picked":["Velvet Choker","Tiny House"],"picked":"Black Star"},{"not_picked":["Pandora\u0027s Box","Runic Dome"],"picked":"sneckomod:SneckoTalon"}],"items_purged_floors":[8],"is_endless":false,"potions_floor_spawned":[4,5,9,14,15,19,26,29,30,32,33,37,39,40,48],"ascension_level":5}}