{"host":"v2nniiiz7kpx7fwo","time":1612689444,"event":{"mods":["2.2 Compatiblity","AchievementEnabler","BaseMod","Colored Map","Colored Powertips","DeckTracker","Highlight Path","KOR Keyword Fix","Minty Spire (QoL Compilation)","Permanent Neow","Rare Cards Sparkle","StSLib","SuperFastMode"],"gold_per_floor":[114,130,130,149,149,149,177,189,213,244,244,255,270,304,304,403,403,415,340,340,340,352,352,384,384,435,465,42,42,42,42,42,144,144,159,173,189,189,189,221,221,221,221],"floor_reached":42,"language":"KOR","playtime":1717,"items_purged":["Strike_R"],"score":745,"play_id":"a51fc68b-aeee-4448-b59a-8292d2eedb4f","local_time":"20210207181724","is_ascension_mode":true,"campfire_choices":[{"data":"Apotheosis","floor":6,"key":"SMITH"},{"floor":11,"key":"REST"},{"floor":15,"key":"REST"},{"floor":23,"key":"REST"},{"data":"True Grit","floor":25,"key":"SMITH"},{"data":"Enlightenment","floor":29,"key":"SMITH"},{"floor":32,"key":"REST"}],"circlet_count":0,"master_deck":["Strike_R","Defend_R","Defend_R","Defend_R","Defend_R","Apotheosis+1","Shrug It Off","Whirlwind","Barricade","Flex","Power Through","Body Slam","Immolate","Evolve","Battle Trance","True Grit+1","Reaper","Spot Weakness","Enlightenment+1","Battle Trance","Fiend Fire","Body Slam+1","Dark Embrace+1","Chrysalis"],"relics":["Black Blood","Bag of Preparation","Ancient Tea Set","Strawberry","InkBottle","Toy Ornithopter","Juzu Bracelet","Bag of Marbles","Regal Pillow","Fusion Hammer","Orichalcum"],"acts_visited":["Exordium","TheCity","TheBeyond"],"potions_floor_usage":[8,10,24,24,27,37,40],"damage_taken":[{"damage":8,"enemies":"Cultist","floor":1,"turns":4},{"damage":5,"enemies":"Jaw Worm","floor":2,"turns":5},{"damage":8,"enemies":"2 Louse","floor":4,"turns":5},{"damage":40,"enemies":"Lagavulin","floor":7,"turns":7},{"damage":8,"enemies":"Exordium Thugs","floor":8,"turns":4},{"damage":17,"enemies":"3 Sentries","floor":10,"turns":11},{"damage":6,"enemies":"Looter","floor":12,"turns":4},{"damage":7,"enemies":"2 Fungi Beasts","floor":13,"turns":4},{"damage":10,"enemies":"Gremlin Nob","floor":14,"turns":4},{"damage":0,"enemies":"Slime Boss","floor":16,"turns":4},{"damage":26,"enemies":"Spheric Guardian","floor":18,"turns":5},{"damage":40,"enemies":"2 Thieves","floor":22,"turns":4},{"damage":17,"enemies":"Slavers","floor":24,"turns":2},{"damage":18,"enemies":"Gremlin Leader","floor":27,"turns":5},{"damage":9,"enemies":"Collector","floor":33,"turns":9},{"damage":17,"enemies":"Orb Walker","floor":35,"turns":5},{"damage":42,"enemies":"3 Darklings","floor":36,"turns":4},{"damage":27,"enemies":"Writhing Mass","floor":37,"turns":5},{"damage":67,"enemies":"Giant Head","floor":40,"turns":10},{"damage":43,"enemies":"2 Orb Walkers","floor":42,"turns":2}],"seed_played":"421264600554456570","potions_obtained":[{"floor":1,"key":"Swift Potion"},{"floor":7,"key":"Explosive Potion"},{"floor":10,"key":"CultistPotion"},{"floor":13,"key":"SmokeBomb"},{"floor":14,"key":"Block Potion"},{"floor":24,"key":"Explosive Potion"},{"floor":36,"key":"HeartOfIron"},{"floor":37,"key":"Weak Potion"}],"is_trial":false,"path_per_floor":["M","M","?","M","?","R","E","M","T","E","R","M","M","E","R","B",null,"M","?","T","?","M","R","E","R","T","E","$","R","?","?","R","B",null,"M","M","M","?","?","E","?","?"],"character_chosen":"IRONCLAD","items_purchased":["Spot Weakness","Enlightenment","Regal Pillow","Energy Potion"],"campfire_rested":4,"item_purchase_floors":[28,28,28,28],"current_hp_per_floor":[70,71,64,62,62,62,28,26,26,22,45,45,44,40,63,69,77,63,63,63,63,35,58,63,63,63,62,62,62,62,62,79,79,79,74,44,34,69,69,42,32,0,0],"gold":221,"neow_bonus":"RANDOM_COLORLESS_2","is_daily":false,"chose_seed":false,"campfire_upgraded":3,"win_rate":0.0,"timestamp":1612689444,"path_taken":["M","?","?","M","?","R","E","?","T","E","R","M","M","E","R","BOSS","M","?","?","?","?","R","E","R","T","E","$","R","?","?","R","BOSS","M","M","M","?","?","E","?","?"],"items_purchased_type":["Card","Card","Relic","Potion"],"build_version":"2020-12-22","purchased_purges":1,"victory":false,"max_hp_per_floor":[72,72,72,72,72,72,72,72,72,79,79,79,79,79,79,79,79,79,79,79,79,79,79,79,79,79,79,79,79,79,79,79,79,79,79,79,79,69,69,69,69,69,69],"card_choices":[{"not_picked":["The Bomb","Secret Technique"],"picked":"Apotheosis","floor":0},{"not_picked":["Rampage","Body Slam"],"picked":"Shrug It Off","floor":1},{"not_picked":["Sentinel","Heavy Blade","Perfected Strike"],"picked":"SKIP","floor":2},{"not_picked":["Wild Strike","Spot Weakness"],"picked":"Whirlwind","floor":4},{"not_picked":["Battle Trance","Iron Wave"],"picked":"Barricade","floor":7},{"not_picked":["Headbutt","Warcry"],"picked":"Flex","floor":8},{"not_picked":["Headbutt","Hemokinesis","Flame Barrier"],"picked":"SKIP","floor":10},{"not_picked":["Rampage","Corruption"],"picked":"Power Through","floor":12},{"not_picked":["Twin Strike","Second Wind"],"picked":"Body Slam","floor":13},{"not_picked":["Clothesline","Havoc"],"picked":"Immolate","floor":14},{"not_picked":["Havoc","Iron Wave","Flex"],"picked":"SKIP","floor":18},{"not_picked":["Pommel Strike","Anger+1"],"picked":"Battle Trance","floor":22},{"not_picked":["Flex","Warcry"],"picked":"True Grit","floor":24},{"not_picked":["Bludgeon","Heavy Blade"],"picked":"Reaper","floor":27},{"not_picked":["Berserk","Reaper"],"picked":"Fiend Fire","floor":33},{"not_picked":["Thunderclap","Power Through","Armaments+1"],"picked":"SKIP","floor":35},{"not_picked":["Iron Wave","Clothesline+1","Armaments"],"picked":"SKIP","floor":36},{"not_picked":["Iron Wave+1","Sword Boomerang+1"],"picked":"Body Slam+1","floor":37},{"not_picked":["Body Slam","Wild Strike+1"],"picked":"Dark Embrace+1","floor":40},{"not_picked":["Finesse","Madness"],"picked":"Chrysalis","floor":41}],"player_experience":369207,"relics_obtained":[{"floor":7,"key":"Bag of Preparation"},{"floor":9,"key":"Ancient Tea Set"},{"floor":10,"key":"Strawberry"},{"floor":14,"key":"InkBottle"},{"floor":20,"key":"Toy Ornithopter"},{"floor":24,"key":"Juzu Bracelet"},{"floor":27,"key":"Bag of Marbles"},{"floor":40,"key":"Orichalcum"}],"event_choices":[{"cards_removed":["Strike_R"],"damage_healed":0,"gold_gain":0,"player_choice":"Card Removal","damage_taken":7,"max_hp_gain":0,"max_hp_loss":0,"event_name":"Golden Wing","floor":3,"gold_loss":0},{"cards_removed":["Strike_R"],"damage_healed":0,"gold_gain":0,"player_choice":"Purged","damage_taken":0,"max_hp_gain":0,"max_hp_loss":0,"event_name":"Purifier","floor":5,"gold_loss":0},{"cards_removed":["Strike_R"],"damage_healed":0,"gold_gain":0,"player_choice":"Gave Gold","damage_taken":0,"max_hp_gain":0,"max_hp_loss":0,"event_name":"Beggar","floor":19,"gold_loss":75},{"damage_healed":0,"gold_gain":0,"player_choice":"1 cards matched","damage_taken":0,"max_hp_gain":0,"max_hp_loss":0,"event_name":"Match and Keep!","floor":21,"gold_loss":0,"cards_obtained":["Evolve"]},{"damage_healed":0,"gold_gain":0,"player_choice":"Copied","damage_taken":0,"max_hp_gain":0,"max_hp_loss":0,"event_name":"Duplicator","floor":30,"gold_loss":0,"cards_obtained":["Battle Trance"]},{"damage_healed":0,"gold_gain":0,"player_choice":"Ignored","damage_taken":0,"max_hp_gain":0,"max_hp_loss":0,"event_name":"Ghosts","floor":31,"gold_loss":0},{"damage_healed":69,"gold_gain":0,"player_choice":"Heal","damage_taken":0,"max_hp_gain":0,"max_hp_loss":10,"event_name":"The Moai Head","floor":38,"gold_loss":0},{"cards_removed":["Bash"],"damage_healed":0,"gold_gain":0,"player_choice":"Removed Attack","damage_taken":0,"max_hp_gain":0,"max_hp_loss":0,"event_name":"Falling","floor":39,"gold_loss":0},{"damage_healed":0,"gold_gain":0,"player_choice":"Memory 3","damage_taken":10,"max_hp_gain":0,"max_hp_loss":0,"event_name":"SensoryStone","floor":41,"gold_loss":0},{"damage_healed":0,"gold_gain":0,"player_choice":"Fight","damage_taken":0,"max_hp_gain":0,"max_hp_loss":0,"event_name":"Mysterious Sphere","floor":42,"gold_loss":0}],"is_beta":false,"boss_relics":[{"not_picked":["Sozu","Runic Pyramid"],"picked":"Black Blood"},{"not_picked":["Empty Cage","Runic Cube"],"picked":"Fusion Hammer"}],"items_purged_floors":[28],"is_endless":false,"potions_floor_spawned":[1,7,10,13,14,24,36,37],"killed_by":"2 Orb Walkers","ascension_level":8}}