{"host":"msmkw03x1o7nq45i","time":1612722317,"event":{"mods":["AchievementEnabler","BaseMod","Bestiary","Colored Powertips","GifTheSpireLib","Highlight Path","Minty Spire (QoL Compilation)","Random Character Button","StSLib","everything is the same but u backflip on backflip"],"gold_per_floor":[115,135,155,92,92,120,120,146,170,182,194,242,33,57,57,57,57],"floor_reached":16,"language":"ENG","playtime":822,"items_purged":[],"score":218,"play_id":"b8b707bc-3dc4-41c5-b0ea-aa6dbc57d2f8","local_time":"20210207202517","is_ascension_mode":true,"campfire_choices":[{"data":"Dagger Spray","floor":7,"key":"SMITH"},{"data":"Predator","floor":10,"key":"SMITH"},{"data":"Leg Sweep","floor":15,"key":"SMITH"}],"circlet_count":0,"master_deck":["AscendersBane","Strike_G","Strike_G","Strike_G","Strike_G","Strike_G","Defend_G","Defend_G","Defend_G","Defend_G","Defend_G","Survivor","Neutralize","Predator+1","Deadly Poison","Dagger Spray+1","Leg Sweep+1","Dodge and Roll","PiercingWail","Catalyst"],"relics":["Ring of the Snake","NeowsBlessing","MealTicket","Ancient Tea Set","MawBank","Golden Idol","Pantograph","OrangePellets"],"acts_visited":["Exordium"],"potions_floor_usage":[6,12],"damage_taken":[{"damage":0,"enemies":"Cultist","floor":1,"turns":1},{"damage":0,"enemies":"Jaw Worm","floor":2,"turns":1},{"damage":0,"enemies":"Small Slimes","floor":3,"turns":1},{"damage":34,"enemies":"Lagavulin","floor":6,"turns":6},{"damage":20,"enemies":"Gremlin Nob","floor":8,"turns":5},{"damage":17,"enemies":"3 Sentries","floor":12,"turns":6},{"damage":3,"enemies":"Looter","floor":14,"turns":3},{"damage":45,"enemies":"Hexaghost","floor":16,"turns":16}],"seed_played":"-1499524752466105054","potions_obtained":[{"floor":1,"key":"SmokeBomb"},{"floor":3,"key":"Explosive Potion"},{"floor":8,"key":"Regen Potion"}],"is_trial":false,"path_per_floor":["M","M","M","?","?","E","R","E","T","R","?","E","$","M","R","B"],"character_chosen":"THE_SILENT","items_purchased":["OrangePellets","PiercingWail"],"campfire_rested":0,"item_purchase_floors":[13,13],"current_hp_per_floor":[59,59,59,59,59,25,25,5,5,5,5,3,18,15,15,0,0],"gold":57,"neow_bonus":"THREE_ENEMY_KILL","is_daily":false,"chose_seed":false,"campfire_upgraded":3,"win_rate":0.0,"timestamp":1612722317,"path_taken":["M","?","M","?","?","E","R","E","T","R","?","E","?","M","R","BOSS"],"items_purchased_type":["Relic","Card"],"build_version":"2020-12-22","purchased_purges":0,"victory":false,"max_hp_per_floor":[66,66,66,66,66,66,66,66,66,66,60,60,60,60,60,60,60],"card_choices":[{"not_picked":["Outmaneuver","Prepared"],"picked":"Predator","floor":1},{"not_picked":["Dodge and Roll","Tactician"],"picked":"Deadly Poison","floor":2},{"not_picked":["Heel Hook","Dagger Throw"],"picked":"Dagger Spray","floor":3},{"not_picked":["Flechettes","Dodge and Roll","Cloak And Dagger"],"picked":"SKIP","floor":6},{"not_picked":["Deadly Poison","Quick Slash"],"picked":"Leg Sweep","floor":8},{"not_picked":["Underhanded Strike","Eviscerate"],"picked":"Dodge and Roll","floor":12},{"not_picked":["Cloak And Dagger","Escape Plan"],"picked":"Catalyst","floor":14}],"player_experience":499413,"relics_obtained":[{"floor":6,"key":"MealTicket"},{"floor":8,"key":"Ancient Tea Set"},{"floor":9,"key":"MawBank"},{"floor":12,"key":"Pantograph"}],"event_choices":[{"damage_healed":0,"gold_gain":0,"player_choice":"Left Gold","damage_taken":0,"max_hp_gain":0,"max_hp_loss":0,"event_name":"World of Goop","floor":4,"gold_loss":63},{"damage_healed":0,"gold_gain":0,"player_choice":"Ignored","damage_taken":0,"max_hp_gain":0,"max_hp_loss":0,"event_name":"Liars Game","floor":5,"gold_loss":0},{"damage_healed":0,"gold_gain":0,"player_choice":"Lose Max HP","damage_taken":0,"relics_obtained":["Golden Idol"],"max_hp_gain":0,"max_hp_loss":6,"event_name":"Golden Idol","floor":11,"gold_loss":0}],"is_beta":false,"boss_relics":[],"items_purged_floors":[],"is_endless":false,"potions_floor_spawned":[1,3,8],"killed_by":"Hexaghost","ascension_level":17}}