{"host":"Lucas","time":1612720874,"event":{"mods":["BaseMod","Downfall","Minty Spire (QoL Compilation)","READ ME - Guardian Mod","StSLib","The Cursed","The Disciple","The Necromancer","The Servant 0.9.4"],"gold_per_floor":[199,212,212,232,69,69,94,109,94,94,94,94,79,95,109,211,211,211,229,229,229,279,279,303,312,334,355,26,51,93,124,156,269,269,269,299,341,341,378,411,411,420,480,489,523,532,176,207,239,239],"floor_reached":51,"language":"ENG","playtime":3814,"items_purged":["downfall:Malfunctioning"],"score":689,"play_id":"533562aa-bc9c-4d16-979a-30cbf5ec49b6","local_time":"20210207180114","is_ascension_mode":true,"campfire_choices":[{"data":"Guardian:TwinSlam","floor":1.0,"key":"SMITH"},{"floor":10.0,"key":"REST"},{"data":"Guardian:BronzeOrb","floor":23.0,"key":"SMITH"},{"floor":25.0,"key":"REST"},{"data":"Guardian:FierceBash","floor":35,"key":"SMITH"},{"floor":42,"key":"REST"},{"floor":46,"key":"REST"}],"circlet_count":0,"master_deck":["Guardian:Strike_Guardian","Guardian:Strike_Guardian+1","Guardian:Strike_Guardian+1","Guardian:Strike_Guardian","Guardian:Defend_Guardian","Guardian:Defend_Guardian","Guardian:Defend_Guardian+1","Guardian:Defend_Guardian","Guardian:CurlUp","Guardian:TwinSlam+1","Guardian:RollAttack","Guardian:VentSteam","Guardian:Reroute","Guardian:SpikerProtocol","Guardian:WalkerClaw","Guardian:SentryBeam","Guardian:Gem_White","Guardian:Gem_Synthetic","Guardian:BronzeOrb+1","Guardian:Harden","Guardian:StasisField","Guardian:Gem_Lightblue","Guardian:Recover+1","Guardian:BronzeOrb","Guardian:PiercingHide","Guardian:ArmoredProtocol+1","Guardian:HyperBeam_Guardian","Guardian:Emergency","Guardian:BodySlam","Guardian:RevengeProtocol","Guardian:Gem_Yellow","Guardian:FierceBash+1","Guardian:DonusPower","Guardian:PiercingHide+1","Guardian:StasisStrike","expansioncontent:DashGenerateEvil","Guardian:ShieldCharger","Guardian:TemporalStrike","Guardian:FloatingOrbs","Guardian:FastForward","Guardian:ChargeUp","expansioncontent:HyperBeam+1","Guardian:ConstructionForm","Guardian:Gem_Green","Guardian:Gem_Purple","Guardian:TemporalStrike+1","Guardian:PolyBeam+1","Guardian:ChargeCore+1","Guardian:ChargeUp+1"],"relics":["Guardian:ModeShifter","downfall:ShatteredFragment","Guardian:PickAxe","Dream Catcher","bronze:MakeshiftBattery","Blue Candle","Strawberry","CeramicFish","Gremlin Horn","Prayer Wheel","Bronze Scales","Question Card","Molten Egg 2","Ginger","Thread and Needle"],"acts_visited":["Exordium","TheCity","TheBeyond"],"potions_floor_usage":[32,33,33,33,40,43,45,50,50,50],"damage_taken":[{"damage":1.0,"enemies":"Cultist","floor":2.0,"turns":3.0},{"damage":0.0,"enemies":"2 Louse","floor":4.0,"turns":1.0},{"damage":0.0,"enemies":"downfall:FleeingMerchant","floor":5.0,"turns":4.0},{"damage":1.0,"enemies":"Jaw Worm","floor":8.0,"turns":2.0},{"damage":0.0,"enemies":"downfall:FleeingMerchant","floor":9.0,"turns":4.0},{"damage":5.0,"enemies":"downfall:FleeingMerchant","floor":13.0,"turns":4.0},{"damage":1.0,"enemies":"Exordium Wildlife","floor":14.0,"turns":2.0},{"damage":3.0,"enemies":"Lots of Slimes","floor":15.0,"turns":3.0},{"damage":15.0,"enemies":"IC_STATUS_ARCHETYPE","floor":16.0,"turns":5.0},{"damage":5.0,"enemies":"Shell Parasite","floor":19.0,"turns":5.0},{"damage":0.0,"enemies":"3 Byrds","floor":26.0,"turns":3.0},{"damage":5.0,"enemies":"Snake Plant","floor":27.0,"turns":4.0},{"damage":4.0,"enemies":"downfall:FleeingMerchant","floor":28.0,"turns":4.0},{"damage":0.0,"enemies":"Sentry and Sphere","floor":29.0,"turns":5.0},{"damage":49.0,"enemies":"Gremlin Leader","floor":30.0,"turns":10.0},{"damage":4.0,"enemies":"Chosen and Byrds","floor":31.0,"turns":5.0},{"damage":0,"enemies":"Centurion and Healer","floor":32,"turns":3},{"damage":4,"enemies":"SI_MIRROR_ARCHETYPE","floor":33,"turns":6},{"damage":19,"enemies":"3 Darklings","floor":36,"turns":4},{"damage":0,"enemies":"downfall:FleeingMerchant","floor":37,"turns":1},{"damage":0,"enemies":"3 Shapes","floor":39,"turns":4},{"damage":0,"enemies":"Jaw Worm Horde","floor":40,"turns":2},{"damage":21,"enemies":"2 Orb Walkers","floor":43,"turns":3},{"damage":0,"enemies":"Transient","floor":45,"turns":5},{"damage":0,"enemies":"Spire Growth","floor":48,"turns":5},{"damage":0,"enemies":"Writhing Mass","floor":49,"turns":5},{"damage":8,"enemies":"DF_ARCHETYPE_ORBS","floor":50,"turns":9}],"seed_played":"-5733524075946998806","potions_obtained":[{"floor":4.0,"key":"ColorlessPotion"},{"floor":14.0,"key":"Guardian:AcceleratePotion"},{"floor":16.0,"key":"champ:CounterPotion"},{"floor":20.0,"key":"CultistPotion"},{"floor":29.0,"key":"Weak Potion"},{"floor":32,"key":"champ:CounterPotion"},{"floor":33,"key":"LiquidMemories"},{"floor":36,"key":"SneckoOil"},{"floor":39,"key":"Guardian:DefensiveModePotion"},{"floor":43,"key":"LiquidMemories"},{"floor":45,"key":"Dexterity Potion"}],"is_trial":false,"path_per_floor":["R","M","?","M","$","R","T","M","$","R","?","R","$","M","M","B",null,"R","M","?","?","T","R","T","R","M","M","$","M","E","M","M","B",null,"R","M","$","T","M","M","T","R","?","?","M","R","$","M","M","B",null],"character_chosen":"GUARDIAN","items_purchased":["Guardian:PickAxe","Gremlin Horn","Bronze Scales","expansioncontent:DashGenerateEvil","Thread and Needle","champ:CounterPotion"],"campfire_rested":4,"item_purchase_floors":[5,28,37,37,47,47],"current_hp_per_floor":[80,79,55,55,55,55,55,54,54,78,78,78,73,72,69,54,80,80,75,75,75,82,82,82,87,87,82,78,78,29,25,25,21,87,87,68,68,68,68,68,68,87,66,66,66,87,87,87,87,79],"gold":239,"neow_bonus":"HUNDRED_GOLD","is_daily":false,"chose_seed":false,"campfire_upgraded":3,"win_rate":0.0,"timestamp":1612720874,"path_taken":["R","M","?","M","$","R","T","M","$","R","?","R","$","M","M","BOSS","R","M","?","?","?","R","T","R","M","M","$","M","E","?","M","BOSS","R","M","$","?","M","M","T","R","?","?","M","R","$","M","M","BOSS"],"items_purchased_type":["Relic","Relic","Relic","Card","Relic","Potion"],"build_version":"2020-12-18","purchased_purges":1,"victory":true,"max_hp_per_floor":[80,80,80,80,80,80,80,80,80,80,80,80,80,80,80,80,80,80,80,80,80,87,87,87,87,87,87,87,87,87,87,87,87,87,87,87,87,87,87,87,87,87,87,87,87,87,87,87,87,87],"card_choices":[{"not_picked":["Guardian:ShieldCharger","Guardian:PrismaticBarrier"],"picked":"Guardian:RollAttack","floor":2.0},{"not_picked":["Guardian:FloatingOrbs","Guardian:RefractedBeam"],"picked":"Guardian:VentSteam","floor":4.0},{"not_picked":["Guardian:Gem_Green","Guardian:Gem_Blue"],"picked":"Guardian:Reroute","floor":5.0},{"not_picked":["Guardian:Gem_Lightblue","Guardian:DonusPower"],"picked":"Guardian:SpikerProtocol","floor":8.0},{"not_picked":["Guardian:Recover","Guardian:Repulse"],"picked":"Guardian:WalkerClaw","floor":9.0},{"not_picked":["Guardian:ShieldCharger","Guardian:WalkerClaw"],"picked":"Guardian:SentryBeam","floor":10.0},{"not_picked":["Guardian:Gem_Orange","Guardian:PrimingBeam"],"picked":"Guardian:BronzeOrb","floor":13.0},{"not_picked":["Guardian:Reroute","Guardian:ShieldCharger"],"picked":"Guardian:Gem_Crimson","floor":14.0},{"not_picked":["Guardian:Preprogram","Guardian:TemporalStrike"],"picked":"Guardian:Harden","floor":15.0},{"not_picked":["Guardian:BaubleBeam","Guardian:Gem_Synthetic"],"picked":"Guardian:StasisField","floor":16.0},{"not_picked":["Guardian:Incinerate","Guardian:ChargeCore"],"picked":"Guardian:Recover+1","floor":19.0},{"not_picked":["Guardian:RollAttack","Guardian:WalkerClaw"],"picked":"Guardian:BronzeOrb","floor":25.0},{"not_picked":["Guardian:Reroute+1","Guardian:Gem_Lightblue"],"picked":"Guardian:PiercingHide","floor":26.0},{"not_picked":["Guardian:FloatingOrbs","Guardian:GuardianWhirl"],"picked":"Guardian:ArmoredProtocol+1","floor":27.0},{"not_picked":["Guardian:PrismaticBarrier","Guardian:EvasiveProtocol"],"picked":"Guardian:HyperBeam_Guardian","floor":28.0},{"not_picked":["Guardian:Suspension","Guardian:Planning+1"],"picked":"Guardian:Emergency","floor":29.0},{"not_picked":["Guardian:Incinerate","Guardian:Planning"],"picked":"Guardian:BodySlam","floor":30.0},{"not_picked":["Guardian:RollAttack+1","Guardian:RefractedBeam"],"picked":"Guardian:Gem_Purple","floor":31.0},{"not_picked":["Guardian:RollAttack","Guardian:Recover"],"picked":"Guardian:Gem_Red","floor":31.0},{"not_picked":["Guardian:WalkerClaw+1","Guardian:Gem_Green"],"picked":"Guardian:RevengeProtocol","floor":32},{"not_picked":["Guardian:BronzeArmor+1","Guardian:VentSteam"],"picked":"Guardian:Gem_Yellow","floor":32},{"not_picked":["Guardian:AncientConstruct","Guardian:Gem_Synthetic"],"picked":"Guardian:FierceBash","floor":33},{"not_picked":["Guardian:ChargeCore","Guardian:Incinerate+1"],"picked":"Guardian:DonusPower","floor":36},{"not_picked":["Guardian:Gem_Green","Guardian:RollAttack+1"],"picked":"Guardian:PiercingHide+1","floor":36},{"not_picked":["Guardian:ChargeCore","Guardian:RollAttack"],"picked":"Guardian:StasisStrike","floor":37},{"not_picked":["Guardian:Incinerate+1","Guardian:RollAttack+1","Guardian:CrystalBeam+1"],"picked":"Guardian:ShieldCharger","floor":39},{"not_picked":["Guardian:Gem_Cyan","Guardian:TemporalStrike","Guardian:BodySlam+1"],"picked":"Guardian:Gem_Red","floor":39},{"not_picked":["Guardian:Gem_Cyan","Guardian:Incinerate","Guardian:Gem_Green"],"picked":"Guardian:TemporalStrike","floor":40},{"not_picked":["Guardian:Harden","Guardian:Gem_Green","Guardian:Incinerate"],"picked":"Guardian:FloatingOrbs","floor":40},{"not_picked":["Guardian:EvasiveProtocol","Guardian:VentSteam+1","Guardian:CrystalBeam+1"],"picked":"Guardian:FastForward","floor":42},{"not_picked":["Guardian:ShieldCharger","Guardian:PiercingHide+1","Guardian:RefractedBeam+1"],"picked":"Guardian:ChargeUp","floor":43},{"not_picked":["expansioncontent:Hexaburn","expansioncontent:YouAreMine"],"picked":"expansioncontent:HyperBeam","floor":44},{"not_picked":["Guardian:RollAttack+1","Guardian:PrimingBeam+1","Guardian:Planning+1"],"picked":"Guardian:ConstructionForm","floor":45},{"not_picked":["Guardian:Suspension","Guardian:RollAttack+1","Guardian:CrystalBeam+1"],"picked":"Guardian:Gem_Green","floor":45},{"not_picked":["Guardian:BronzeOrb+1","Guardian:RefractedBeam+1","Guardian:EvasiveProtocol+1"],"picked":"Guardian:Gem_Purple","floor":46},{"not_picked":["Guardian:Reroute+1","Guardian:Recover","Guardian:ArmoredProtocol+1"],"picked":"Guardian:TemporalStrike+1","floor":48},{"not_picked":["Guardian:Incinerate+1","Guardian:Gem_Crimson","Guardian:Suspension+1"],"picked":"Guardian:PolyBeam+1","floor":48},{"not_picked":["Guardian:Reroute+1","Guardian:Incinerate+1","Guardian:Gem_Cyan"],"picked":"Guardian:ChargeCore+1","floor":49},{"not_picked":["Guardian:MultiBeam+1","Guardian:StasisField","Guardian:TemporalStrike+1"],"picked":"Guardian:ChargeUp+1","floor":49}],"player_experience":1289069,"relics_obtained":[{"floor":7.0,"key":"Dream Catcher"},{"floor":22.0,"key":"Strawberry"},{"floor":24.0,"key":"CeramicFish"},{"floor":30.0,"key":"Prayer Wheel"},{"floor":38,"key":"Question Card"},{"floor":41,"key":"Molten Egg 2"},{"floor":43,"key":"Ginger"}],"event_choices":[{"damage_healed":0,"gold_gain":0,"player_choice":"Fight","damage_taken":0,"max_hp_gain":0,"max_hp_loss":0,"event_name":"Mysterious Sphere","floor":43,"gold_loss":0}],"is_beta":true,"boss_relics":[{"not_picked":["Sozu","Runic Dome"],"picked":"bronze:MakeshiftBattery"},{"not_picked":["Runic Pyramid","Empty Cage","Busted Crown"]}],"items_purged_floors":[28],"is_endless":false,"potions_floor_spawned":[4,14,16,29,31,32,33,36,39,43,45,49],"ascension_level":1}}