{"host":"0tv4c0zqspoploqh","time":1612656601,"event":{"mods":["Aspiration","BaseMod","Colored Map","Colored Powertips","Conspire","Downfall","Hubris","Minty Spire (QoL Compilation)","StSLib","The Cursed","The Hierophant","The Judge"],"gold_per_floor":[99,111,131,186,202,217,217,237,237,250,278,295,312,487,501,600,600,400,420,438,556,315,315,315,340,359,369,369,381,381,408,419,516,516,516,534,552,598,598,630,630,630,645,662,692,702,602,619,630,630,630,659,31,31,31,31,31,31],"floor_reached":56,"language":"ENG","playtime":10802,"items_purged":["champ:Strike"],"score":811,"play_id":"f36778b2-6217-4ba9-8817-c69bd3e8e911","local_time":"20210207011001","is_ascension_mode":false,"campfire_choices":[{"data":"champ:Taunt","floor":1.0,"key":"SMITH"},{"data":"champ:Improvising","floor":18.0,"key":"SMITH"},{"floor":28.0,"key":"REST"},{"floor":35.0,"key":"RECALL"},{"data":"expansioncontent:PolyBeam","floor":47.0,"key":"SMITH"},{"data":"expansioncontent:StudyTheSpire","floor":54,"key":"SMITH"}],"circlet_count":0,"master_deck":["champ:Strike","champ:Strike","champ:Strike","champ:Defend","champ:Defend","champ:Defend","champ:Defend","champ:Execute","champ:Taunt+1","champ:AdrenalArmor","champ:FanOfKnives","champ:Backstep","champ:CalledShot","champ:BringItOn","champ:GladiatorForm","champ:CalledShot","Doubt","champ:Improvising+1","champ:EndlessRage+1","champ:FanOfKnives+1","champ:VampiricStrike","champ:Devastate","champ:TripleStrike","expansioncontent:PolyBeam+1","champ:AdrenalArmor+1","champ:EndlessRage+1","champ:GladiatorStyle","champ:Backstep+1","champ:CheapShot","champ:Endure+1","champ:AdrenalArmor+1","champ:FanOfKnives+1","expansioncontent:StudyTheSpire+1","champ:HoldFirm+1","champ:Shatter"],"relics":["champ:ChampionCrown","conspire:Boomerang","hubris:Icosahedron","PreservedInsect","hubris:RunicObelisk","downfall:HeartBlessingGreen","downfall:HeartBlessingBlue","Blood Vial","hubris:ToyBattleship","Ornamental Fan","Toxic Egg 2","Bottled Flame","aspiration:PoetsPen_weak","aspiration:AnachronicSnailShell","champ:FightingForDummies","Gremlin Horn","hubris:FunFungus","downfall:HeartBlessingRed","Kunai","conspire:DeflatedDodgeball"],"acts_visited":["Exordium","TheCity","TheBeyond","TheEnding"],"potions_floor_usage":[50,50,55],"damage_taken":[{"damage":10.0,"enemies":"Small Slimes","floor":2.0,"turns":4.0},{"damage":0.0,"enemies":"2 Louse","floor":3.0,"turns":2.0},{"damage":13.0,"enemies":"3 Sentries","floor":4.0,"turns":4.0},{"damage":12.0,"enemies":"Jaw Worm","floor":5.0,"turns":3.0},{"damage":10.0,"enemies":"2 Fungi Beasts","floor":6.0,"turns":3.0},{"damage":15.0,"enemies":"Large Slime","floor":8.0,"turns":5.0},{"damage":13.0,"enemies":"3 Louse","floor":10.0,"turns":2.0},{"damage":44.0,"enemies":"Gremlin Nob","floor":11.0,"turns":4.0},{"damage":10.0,"enemies":"Gremlin Gang","floor":12.0,"turns":3.0},{"damage":15.0,"enemies":"2 Fungi Beasts","floor":13.0,"turns":4.0},{"damage":20.0,"enemies":"Gremlin Gang","floor":15.0,"turns":3.0},{"damage":134.0,"enemies":"IC_STATUS_ARCHETYPE","floor":16.0,"turns":15.0},{"damage":57.0,"enemies":"3 Byrds","floor":19.0,"turns":5.0},{"damage":48.0,"enemies":"Shell Parasite","floor":20.0,"turns":8.0},{"damage":73.0,"enemies":"3 Cultists","floor":21.0,"turns":6.0},{"damage":30.0,"enemies":"downfall:FleeingMerchant","floor":22.0,"turns":4.0},{"damage":34.0,"enemies":"conspire:Head Lice","floor":25.0,"turns":6.0},{"damage":24.0,"enemies":"Centurion and Healer","floor":26.0,"turns":4.0},{"damage":73.0,"enemies":"Snake Plant","floor":27.0,"turns":6.0},{"damage":27.0,"enemies":"3 Cultists","floor":29.0,"turns":4.0},{"damage":32.0,"enemies":"Book of Stabbing","floor":31.0,"turns":5.0},{"damage":50.0,"enemies":"Centurion and Healer","floor":32.0,"turns":7.0},{"damage":88.0,"enemies":"WA_ARCHETYPE_CALM","floor":33.0,"turns":8.0},{"damage":24.0,"enemies":"3 Darklings","floor":36.0,"turns":4.0},{"damage":22.0,"enemies":"3 Shapes","floor":37.0,"turns":6.0},{"damage":40.0,"enemies":"2 Orb Walkers","floor":38.0,"turns":3.0},{"damage":42.0,"enemies":"Giant Head","floor":40.0,"turns":5.0},{"damage":40.0,"enemies":"3 Darklings","floor":43.0,"turns":2.0},{"damage":22.0,"enemies":"Sphere and 2 Shapes","floor":44.0,"turns":9.0},{"damage":53.0,"enemies":"Reptomancer","floor":45.0,"turns":4.0},{"damage":66.0,"enemies":"Transient","floor":46.0,"turns":5.0},{"damage":35.0,"enemies":"Writhing Mass","floor":48.0,"turns":4.0},{"damage":24.0,"enemies":"4 Shapes","floor":49.0,"turns":10.0},{"damage":126,"enemies":"DF_ARCHETYPE_ORBS","floor":50,"turns":11},{"damage":104,"enemies":"downfall:CharBossMerchant","floor":52,"turns":7},{"damage":142,"enemies":"downfall:NeowBoss","floor":55,"turns":10},{"damage":87,"enemies":"downfall:NeowBossFinal","floor":56,"turns":6}],"seed_played":"-1179267363233111768","potions_obtained":[{"floor":3.0,"key":"PowerPotion"},{"floor":6.0,"key":"SmokeBomb"},{"floor":8.0,"key":"FairyPotion"},{"floor":11.0,"key":"BlessingOfTheForge"},{"floor":12.0,"key":"DistilledChaos"},{"floor":15.0,"key":"Weak Potion"},{"floor":19.0,"key":"champ:TechniquePotion"},{"floor":25.0,"key":"EntropicBrew"},{"floor":29.0,"key":"Swift Potion"},{"floor":31.0,"key":"PowerPotion"},{"floor":33.0,"key":"EntropicBrew"},{"floor":37.0,"key":"hexamod:SoulburnPotion"},{"floor":42.0,"key":"Slimebound:ThreeZeroPotion"},{"floor":42.0,"key":"Slimebound:ThreeZeroPotion"},{"floor":43.0,"key":"Weak Potion"},{"floor":44.0,"key":"FairyPotion"},{"floor":48.0,"key":"Slimebound:ThreeZeroPotion"},{"floor":52,"key":"Strength Potion"}],"is_trial":false,"path_per_floor":["R","M","M","?","M","M","T","M","?","M","E","M","M","?","M","B",null,"R","M","M","M","$","?","T","E","M","M","R","M","T","E","M","B",null,"R","M","M","?","?","E","T","?","M","M","E","M","R","M","M","B",null,"E","$","R","B","B"],"character_chosen":"THE_CHAMP","items_purchased":["Blood Vial","expansioncontent:StudyTheSpire","conspire:DeflatedDodgeball","champ:HoldFirm+1","champ:Shatter"],"campfire_rested":1,"item_purchase_floors":[22,53,53,53,53],"current_hp_per_floor":[99,99,99,96,94,94,94,89,89,86,72,72,62,62,62,22,99,109,102,89,46,41,77,77,75,68,37,69,69,69,59,51,40,109,109,100,90,67,67,67,67,67,69,59,53,46,46,52,63,86,109,95,95,95,83,0,0,0],"gold":31,"neow_bonus":"TEN_PERCENT_HP_BONUS","is_daily":false,"chose_seed":false,"campfire_upgraded":4,"win_rate":0.0,"timestamp":1612656601,"path_taken":["R","M","M","?","M","M","T","M","?","M","E","M","M","?","M","BOSS","R","M","M","M","$","?","T","E","M","M","R","M","?","E","M","BOSS","R","M","M","?","?","E","T","?","M","?","E","M","R","M","M","BOSS","E","$","R","BOSS","BOSS"],"items_purchased_type":["Relic","Card","Relic","Card","Card"],"build_version":"2020-12-22","purchased_purges":1,"victory":false,"max_hp_per_floor":[99,99,99,99,99,99,99,99,99,99,99,99,99,99,99,99,99,109,109,109,109,109,109,109,109,109,109,109,109,109,109,109,109,109,109,109,109,109,109,109,109,109,109,109,109,109,109,109,109,109,109,109,109,109,109,109,109,109],"card_choices":[{"not_picked":["champ:FocusedBerserking","champ:FalseCounter"],"picked":"champ:AdrenalArmor","floor":2.0},{"not_picked":["champ:DeathBlow","champ:EnGarde"],"picked":"champ:FanOfKnives","floor":3.0},{"not_picked":["champ:FlashCut","champ:Parry"],"picked":"champ:Backstep","floor":5.0},{"not_picked":["champ:Duel","champ:BringItOn"],"picked":"champ:CalledShot","floor":6.0},{"not_picked":["champ:Shatter","champ:DefensiveShout"],"picked":"champ:BringItOn","floor":8.0},{"not_picked":["champ:EnragedBash","champ:PreciseThrust","champ:Backstep"],"picked":"SKIP","floor":10.0},{"not_picked":["champ:GladiatorStyle","champ:PreciseThrust"],"picked":"champ:GladiatorForm","floor":11.0},{"not_picked":["champ:FanOfKnives","champ:BringItOn"],"picked":"champ:CalledShot","floor":12.0},{"not_picked":["champ:Lariat","champ:DefensiveShout","champ:RecklessLeap"],"picked":"SKIP","floor":13.0},{"not_picked":["champ:FlashCut","champ:EnragedBash","champ:Encircle"],"picked":"SKIP","floor":15.0},{"not_picked":["champ:LastStand","champ:SteelEdge"],"picked":"champ:Improvising","floor":16.0},{"not_picked":["champ:CrownThrow","champ:EnragedBash"],"picked":"champ:EndlessRage+1","floor":19.0},{"not_picked":["champ:Haymaker","champ:RisingSlash","champ:FlashCut"],"picked":"SKIP","floor":20.0},{"not_picked":["champ:Haymaker","champ:RisingSlash","champ:FlashCut"],"picked":"SKIP","floor":20.0},{"not_picked":["champ:BringItOn+1","champ:PerfectedStrike"],"picked":"champ:FanOfKnives+1","floor":21.0},{"not_picked":["champ:StanceDance","champ:BerserkersShout","champ:BladeFlurry"],"picked":"SKIP","floor":22.0},{"not_picked":["champ:FlashCut","champ:FaceSlap","champ:StanceDance"],"picked":"SKIP","floor":25.0},{"not_picked":["champ:ShieldSlam","champ:FanOfKnives","champ:BringItOn"],"picked":"SKIP","floor":26.0},{"not_picked":["champ:Circumvent","champ:FalseCounter"],"picked":"champ:VampiricStrike","floor":27.0},{"not_picked":["champ:PerfectedStrike","champ:GutPunch","champ:EnragedBash"],"picked":"SKIP","floor":29.0},{"not_picked":["champ:Circumvent+1","champ:ArenaPreparation+1","champ:GladiatorStyle"],"picked":"SKIP","floor":31.0},{"not_picked":["champ:EndlessRage","champ:SetATrap+1"],"picked":"champ:Devastate","floor":32.0},{"not_picked":["champ:VampiricStrike","champ:ShieldThrow"],"picked":"champ:TripleStrike","floor":33.0},{"not_picked":["champ:PreciseThrust","champ:DefensiveShout+1","champ:BerserkersShout+1"],"picked":"SKIP","floor":36.0},{"not_picked":["champ:GutPunch+1","champ:BladeFlurry","champ:CrownThrow+1"],"picked":"SKIP","floor":37.0},{"not_picked":["expansioncontent:GuardianWhirl","expansioncontent:AwakenDeath"],"picked":"expansioncontent:PolyBeam","floor":39.0},{"not_picked":["champ:Haymaker","champ:StanceDance+1"],"picked":"champ:AdrenalArmor+1","floor":40.0},{"not_picked":["champ:PerfectedStrike+1","champ:PreciseThrust+1"],"picked":"champ:EndlessRage+1","floor":43.0},{"not_picked":["champ:FlashCut","champ:Circumvent+1"],"picked":"champ:GladiatorStyle","floor":44.0},{"not_picked":["champ:DefensiveShout+1","champ:Circumvent+1"],"picked":"champ:Backstep+1","floor":45.0},{"not_picked":["champ:EnragedBash","champ:FlashCut"],"picked":"champ:CheapShot","floor":46.0},{"not_picked":["champ:SkillfulDodge+1","champ:TornadoPunch+1"],"picked":"champ:Endure+1","floor":48.0},{"not_picked":["champ:Shatter","champ:PreemptiveStrike"],"picked":"champ:AdrenalArmor+1","floor":49.0},{"not_picked":["champ:BerserkersShout+1","champ:EnGarde+1"],"picked":"champ:FanOfKnives+1","floor":52}],"player_experience":1292630,"relics_obtained":[{"floor":11.0,"key":"PreservedInsect"},{"floor":24.0,"key":"hubris:ToyBattleship"},{"floor":25.0,"key":"Ornamental Fan"},{"floor":30.0,"key":"Toxic Egg 2"},{"floor":31.0,"key":"Bottled Flame"},{"floor":38.0,"key":"aspiration:AnachronicSnailShell"},{"floor":40.0,"key":"champ:FightingForDummies"},{"floor":41.0,"key":"Gremlin Horn"},{"floor":45.0,"key":"hubris:FunFungus"},{"floor":52,"key":"Kunai"}],"event_choices":[{"damage_healed":36.0,"max_hp_gain":0.0,"max_hp_loss":0.0,"gold_gain":0.0,"event_name":"The Library","player_choice":"Heal","floor":23.0,"gold_loss":0.0,"damage_taken":0.0},{"damage_healed":0.0,"max_hp_gain":0.0,"max_hp_loss":0.0,"gold_gain":0.0,"event_name":"Mysterious Sphere","player_choice":"Fight","floor":38.0,"gold_loss":0.0,"damage_taken":0.0},{"damage_healed":0.0,"max_hp_gain":0.0,"max_hp_loss":0.0,"gold_gain":0.0,"event_name":"Lab","player_choice":"Got Potions","floor":42.0,"gold_loss":0.0,"damage_taken":0.0}],"is_beta":false,"boss_relics":[{"not_picked":["Cursed Key","aspiration:WatcherSkillbook"],"picked":"hubris:RunicObelisk"},{"not_picked":["SlaversCollar","Black Star"],"picked":"aspiration:PoetsPen_weak"}],"items_purged_floors":[22],"is_endless":false,"potions_floor_spawned":[3,6,8,11,12,15,19,25,29,31,33,37,43,44,48,49,52],"killed_by":"downfall:NeowBossFinal","ascension_level":0}}