{"host":"dn6kke80v5f7isus","time":1612695801,"event":{"mods":["AchievementEnabler","Act Like it!","BaseMod","Colored Powertips","Custom Start","Defuse TimeMaze Blight","Energized Spire","Gremlin Skip","Highlight Path","Hubris","Infinite Spire","Marisa????????","Minty Spire (QoL Compilation)","Rare Cards Sparkle","Reliquary","Replay The Spire","StSLib","The Servant 0.9.4","Uncapped","Unceasing Turn Reminder"],"gold_per_floor":[114,114,129,140,154,184,184,184,184],"floor_reached":8,"language":"ENG","playtime":256,"items_purged":[],"score":61,"play_id":"c35956b6-4cbc-4828-8ee7-143331d2b5dc","local_time":"20210207060321","is_ascension_mode":true,"campfire_choices":[{"floor":7,"key":"REST"}],"circlet_count":0,"master_deck":["Strike_B+1","Strike_B+1","Strike_B","Defend_B","Defend_B","Defend_B","Defend_B","Zap","Dualcast","Coolheaded","Mirror Shield"],"relics":["Cracked Core","Whetstone"],"acts_visited":["Exordium"],"potions_floor_usage":[6,6],"damage_taken":[{"damage":8,"enemies":"Jaw Worm","floor":1,"turns":3},{"damage":1,"enemies":"Cultist","floor":3,"turns":3},{"damage":0,"enemies":"Small Slimes","floor":4,"turns":3},{"damage":9,"enemies":"Blue Slaver","floor":5,"turns":3},{"damage":43,"enemies":"Lagavulin","floor":6,"turns":7},{"damage":49,"enemies":"Gremlin Nob","floor":8,"turns":6}],"seed_played":"-5390607277913983115","potions_obtained":[{"floor":2,"key":"SteroidPotion"},{"floor":2,"key":"Dexterity Potion"},{"floor":2,"key":"Venom Potion"}],"is_trial":false,"path_per_floor":["M","?","M","M","M","E","R","E"],"character_chosen":"DEFECT","items_purchased":[],"campfire_rested":1,"item_purchase_floors":[],"current_hp_per_floor":[67,67,66,66,57,14,36,0,0],"gold":184,"neow_bonus":"RANDOM_EVENT","is_daily":false,"chose_seed":false,"campfire_upgraded":0,"win_rate":0.0,"timestamp":1612695801,"path_taken":["M","?","?","M","?","E","R","E"],"items_purchased_type":[],"build_version":"2020-12-22","purchased_purges":0,"victory":false,"max_hp_per_floor":[75,75,75,75,75,75,75,75,75],"card_choices":[{"not_picked":["ReplayTheSpireMod:GoodbyeWorld","Streamline","Go for the Eyes"],"picked":"SKIP","floor":1},{"not_picked":["Barrage","Rip and Tear","BasicCrystalCard"],"picked":"SKIP","floor":3},{"not_picked":["FTL","Rebound","Recycle"],"picked":"SKIP","floor":4},{"not_picked":["Compile Driver","Melter"],"picked":"Coolheaded","floor":5},{"not_picked":["Chill","Loop"],"picked":"Mirror Shield","floor":6}],"player_experience":429525,"relics_obtained":[{"floor":6,"key":"Whetstone"}],"event_choices":[{"cards_removed":["Strike_B"],"damage_healed":0,"gold_gain":0,"player_choice":"Forget","damage_taken":0,"max_hp_gain":0,"max_hp_loss":0,"event_name":"Living Wall","floor":0,"gold_loss":0},{"damage_healed":0,"gold_gain":0,"player_choice":"Got Potions","damage_taken":0,"max_hp_gain":0,"max_hp_loss":0,"event_name":"Lab","floor":2,"gold_loss":0}],"is_beta":false,"boss_relics":[],"items_purged_floors":[],"is_endless":false,"potions_floor_spawned":[4],"killed_by":"Gremlin Nob","ascension_level":1}}