{"host":"jou5gy8et5i77wvo","time":1612741115,"event":{"mods":["AchievementEnabler","BaseMod","Colored Map","Colored Powertips","Downfall","Highlight Path","Minty Spire (QoL Compilation)","Quick Restart","StSLib"],"gold_per_floor":[115,115,93,18,38,38,50,50,50,66,66,83,83,101,101,205,205,218,108,127,140,90,90,90,90],"floor_reached":24,"language":"ENG","playtime":2459,"items_purged":["Parasite"],"score":188,"play_id":"2f56bbe3-87d5-4fe5-a64a-841ea47f5302","local_time":"20210207153835","is_ascension_mode":false,"campfire_choices":[{"data":"Capacitor","floor":6.0,"key":"SMITH"},{"data":"Streamline","floor":8.0,"key":"SMITH"},{"data":"Redo","floor":13.0,"key":"SMITH"},{"floor":15.0,"key":"REST"},{"floor":23,"key":"REST"}],"circlet_count":0,"master_deck":["Strike_B","Strike_B","Strike_B","Strike_B","Defend_B","Defend_B","Defend_B","Defend_B","Zap","Dualcast","Redo+1","Chill","Capacitor+1","Streamline+1","Beam Cell","Leap","Heatsinks","Echo Form","Go for the Eyes+1","Lockon","Gash","Aggregate"],"relics":["Cracked Core","Bottled Tornado","SacredBark"],"acts_visited":["Exordium","TheCity"],"potions_floor_usage":[],"damage_taken":[{"damage":2.0,"enemies":"Small Slimes","floor":1.0,"turns":4.0},{"damage":8.0,"enemies":"Jaw Worm","floor":5.0,"turns":3.0},{"damage":0.0,"enemies":"2 Louse","floor":7.0,"turns":3.0},{"damage":8.0,"enemies":"Red Slaver","floor":10.0,"turns":3.0},{"damage":8.0,"enemies":"2 Fungi Beasts","floor":12.0,"turns":3.0},{"damage":11.0,"enemies":"Large Slime","floor":14.0,"turns":5.0},{"damage":73.0,"enemies":"Hexaghost","floor":16.0,"turns":12.0},{"damage":15.0,"enemies":"Shell Parasite","floor":18.0,"turns":10.0},{"damage":30.0,"enemies":"Spheric Guardian","floor":20.0,"turns":4.0},{"damage":22.0,"enemies":"Cultist and Chosen","floor":21.0,"turns":6.0},{"damage":42,"enemies":"3 Cultists","floor":24,"turns":4}],"seed_played":"3247028516409604978","potions_obtained":[{"floor":1.0,"key":"PowerPotion"},{"floor":5.0,"key":"bronze:BurnAndBuffPotion"},{"floor":10.0,"key":"Explosive Potion"}],"is_trial":false,"path_per_floor":["M","?","?","$","M","R","M","R","T","M","?","M","R","M","R","B",null,"M","$","M","M","?","R","M"],"character_chosen":"DEFECT","items_purchased":["Chill","Lockon"],"campfire_rested":2,"item_purchase_floors":[4,19],"current_hp_per_floor":[80,80,80,80,72,72,72,72,72,64,82,74,74,63,82,9,82,67,67,37,15,15,38,0,0],"gold":90,"neow_bonus":"TEN_PERCENT_HP_BONUS","is_daily":false,"chose_seed":false,"campfire_upgraded":3,"win_rate":0.0,"timestamp":1612741115,"path_taken":["M","?","?","$","M","R","M","R","T","M","?","M","R","M","R","BOSS","M","$","M","M","?","R","?"],"items_purchased_type":["Card","Card"],"build_version":"2020-12-22","purchased_purges":1,"victory":false,"max_hp_per_floor":[82,82,82,82,82,82,82,82,82,82,82,82,82,82,82,82,82,82,79,79,79,79,79,79,79],"card_choices":[{"not_picked":["Loop","Go for the Eyes"],"picked":"Redo","floor":1.0},{"not_picked":["Leap","Hologram"],"picked":"Capacitor","floor":5.0},{"not_picked":["Coolheaded","Hello World"],"picked":"Streamline","floor":7.0},{"not_picked":["Chill","Static Discharge"],"picked":"Beam Cell","floor":10.0},{"not_picked":["Stack","Rebound"],"picked":"Leap","floor":12.0},{"not_picked":["Force Field","Double Energy"],"picked":"Heatsinks","floor":14.0},{"not_picked":["Fission","Biased Cognition"],"picked":"Echo Form","floor":16.0},{"not_picked":["Barrage","Coolheaded+1"],"picked":"Go for the Eyes+1","floor":18.0},{"not_picked":["Go for the Eyes","Self Repair"],"picked":"Gash","floor":20.0},{"not_picked":["Cold Snap+1","White Noise+1"],"picked":"Aggregate","floor":21.0}],"player_experience":31580,"relics_obtained":[{"floor":9.0,"key":"Bottled Tornado"}],"event_choices":[{"damage_healed":0.0,"max_hp_gain":0.0,"max_hp_loss":0.0,"gold_gain":0.0,"event_name":"Liars Game","player_choice":"Ignored","floor":2.0,"gold_loss":0.0,"damage_taken":0.0},{"damage_healed":0.0,"max_hp_gain":0.0,"max_hp_loss":0.0,"gold_gain":0.0,"event_name":"World of Goop","player_choice":"Left Gold","floor":3.0,"gold_loss":22.0,"damage_taken":0.0},{"damage_healed":20.0,"max_hp_gain":0.0,"max_hp_loss":0.0,"gold_gain":0.0,"event_name":"Mushrooms","player_choice":"Healed and dodged fight","floor":11.0,"gold_loss":0.0,"damage_taken":0.0,"cards_obtained":["Parasite"]},{"damage_healed":0,"gold_gain":0,"player_choice":"Bet on Murderer","damage_taken":0,"max_hp_gain":0,"max_hp_loss":0,"event_name":"The Joust","floor":22,"gold_loss":50}],"is_beta":false,"boss_relics":[{"not_picked":["Ectoplasm","Coffee Dripper"],"picked":"SacredBark"}],"items_purged_floors":[19],"is_endless":false,"potions_floor_spawned":[1,5,10,18],"killed_by":"3 Cultists","ascension_level":0}}