{"host":"yqw1zpryoutrnocq","time":1612725911,"event":{"mods":["2.2 Compatiblity","AchievementEnabler","BaseMod","Colored Map","Custom Start","DeckTracker","Minty Spire (QoL Compilation)","StSLib","SuperFastMode"],"gold_per_floor":[116,128,147,157,170,205,205,205,205,235,260,11,11,32,32,139,139,157,10,55,83,101,101,136,136,163,16,354,354,368,410,410,520,529,547,566,592,359,380,423,445,485,485,495,550,550,550,570,570,570,570,570,27,52,52],"floor_reached":56,"language":"KOR","playtime":1946,"items_purged":[],"score":1584,"play_id":"33424ab2-ef11-403e-bef9-3b89e0bfe6ae","local_time":"20210207132511","is_ascension_mode":true,"campfire_choices":[{"data":"BattleHymn","floor":7.0,"key":"SMITH"},{"data":"DeceiveReality","floor":15.0,"key":"SMITH"},{"data":"Establishment","floor":23.0,"key":"SMITH"},{"data":"ClearTheMind","floor":25.0,"key":"SMITH"},{"data":"Evaluate","floor":29.0,"key":"SMITH"},{"data":"Adaptation","floor":32.0,"key":"SMITH"},{"data":"DeusExMachina","floor":47,"key":"SMITH"},{"data":"Eruption","floor":49,"key":"SMITH"},{"data":"MasterReality","floor":52,"key":"SMITH"}],"circlet_count":0,"master_deck":["Defend_P","Defend_P","Defend_P","Defend_P","Eruption+1","Vigilance","DeceiveReality+1","Evaluate+1","EmptyFist","WindmillStrike","WheelKick","BattleHymn+1","ClearTheMind+1","Crescendo","Establishment+1","Wallop+1","Tantrum+1","Bite+1","Bite+1","Bite+1","Bite+1","Bite+1","FlyingSleeves+1","FlurryOfBlows+1","Adaptation+1","DeusExMachina+1","CurseOfTheBell","Prostrate+1","Adaptation+1","JustLucky+1","Pray+1","Perseverance+1","Sanctity+1","MentalFortress+1","MasterReality+1","SandsOfTime+1","Prostrate"],"relics":["Coffee Dripper","StrikeDummy","CeramicFish","Akabeko","Odd Mushroom","Letter Opener","Molten Egg 2","Black Star","Singing Bowl","Mummified Hand","Bag of Marbles","HandDrill","Yang","Old Coin","Matryoshka","Mango","Calling Bell","Blood Vial","Mercury Hourglass","GoldenEye","Sling","Orichalcum","Damaru","Kunai","Art of War","HornCleat","Pocketwatch","Oddly Smooth Stone","Strange Spoon","CloakClasp","Ornamental Fan"],"acts_visited":["Exordium","TheCity","TheBeyond","TheEnding"],"potions_floor_usage":[48,55],"damage_taken":[{"damage":0.0,"enemies":"2 Louse","floor":1.0,"turns":3.0},{"damage":0.0,"enemies":"Small Slimes","floor":2.0,"turns":4.0},{"damage":0.0,"enemies":"Cultist","floor":3.0,"turns":2.0},{"damage":0.0,"enemies":"Looter","floor":4.0,"turns":5.0},{"damage":4.0,"enemies":"Exordium Wildlife","floor":5.0,"turns":3.0},{"damage":4.0,"enemies":"3 Sentries","floor":6.0,"turns":8.0},{"damage":0.0,"enemies":"The Mushroom Lair","floor":10.0,"turns":2.0},{"damage":0.0,"enemies":"Lagavulin","floor":11.0,"turns":3.0},{"damage":13.0,"enemies":"Large Slime","floor":14.0,"turns":4.0},{"damage":0.0,"enemies":"Slime Boss","floor":16.0,"turns":3.0},{"damage":25.0,"enemies":"2 Thieves","floor":18.0,"turns":3.0},{"damage":0.0,"enemies":"Chosen","floor":21.0,"turns":3.0},{"damage":4.0,"enemies":"Shelled Parasite and Fungi","floor":22.0,"turns":2.0},{"damage":19.0,"enemies":"Book of Stabbing","floor":24.0,"turns":4.0},{"damage":23.0,"enemies":"Gremlin Leader","floor":28.0,"turns":4.0},{"damage":0.0,"enemies":"Snecko","floor":30.0,"turns":2.0},{"damage":13.0,"enemies":"Book of Stabbing","floor":31.0,"turns":4.0},{"damage":20.0,"enemies":"Champ","floor":33.0,"turns":4.0},{"damage":47.0,"enemies":"3 Darklings","floor":35.0,"turns":4.0},{"damage":0.0,"enemies":"Orb Walker","floor":36.0,"turns":2.0},{"damage":19.0,"enemies":"Maw","floor":37.0,"turns":7.0},{"damage":8.0,"enemies":"4 Shapes","floor":39.0,"turns":3.0},{"damage":3.0,"enemies":"Giant Head","floor":40.0,"turns":7.0},{"damage":22,"enemies":"Sphere and 2 Shapes","floor":41,"turns":4},{"damage":0,"enemies":"Reptomancer","floor":42,"turns":4},{"damage":0,"enemies":"Maw","floor":44,"turns":6},{"damage":53,"enemies":"2 Orb Walkers","floor":45,"turns":5},{"damage":1,"enemies":"3 Darklings","floor":48,"turns":4},{"damage":31,"enemies":"Awakened One","floor":50,"turns":10},{"damage":15,"enemies":"Shield and Spear","floor":54,"turns":6},{"damage":128,"enemies":"The Heart","floor":55,"turns":10}],"seed_played":"3629606936792230378","potions_obtained":[{"floor":1.0,"key":"FearPotion"},{"floor":2.0,"key":"GamblersBrew"},{"floor":11.0,"key":"FearPotion"},{"floor":14.0,"key":"SteroidPotion"},{"floor":24.0,"key":"Regen Potion"},{"floor":30.0,"key":"BlessingOfTheForge"},{"floor":31.0,"key":"SpeedPotion"},{"floor":37.0,"key":"Swift Potion"},{"floor":39.0,"key":"Block Potion"},{"floor":41,"key":"FairyPotion"},{"floor":45,"key":"Dexterity Potion"}],"is_trial":false,"path_per_floor":["M","M","M","M","M","E","R","?","T","?","E","$","?","M","R","B",null,"M","$","?","M","M","R","E","R","T","$","E","R","M","E","R","B",null,"M","M","M","$","M","E","M","E","T","M","?","?","R","M","R","B",null,"R","$","E","B",null],"character_chosen":"WATCHER","items_purchased":["Molten Egg 2","Wallop+1","Tantrum+1","Energy Potion","HandDrill","MentalFortress","Sling","JustLucky+1","Oddly Smooth Stone","SandsOfTime+1","LiquidMemories","Strange Spoon","Prostrate","Fire Potion"],"campfire_rested":0,"item_purchase_floors":[12,19,19,19,27,38,38,38,53,53,53,53,53,53],"current_hp_per_floor":[72,72,72,72,68,64,64,31,31,31,31,31,31,18,18,18,72,47,47,47,50,46,46,38,38,38,38,42,42,47,60,60,48,68,32,40,44,44,47,70,51,62,62,72,25,25,25,37,37,32,74,74,74,70,14],"gold":52,"neow_bonus":"BOSS_RELIC","is_daily":false,"chose_seed":false,"campfire_upgraded":9,"win_rate":0.0,"timestamp":1612725911,"path_taken":["M","M","M","M","M","E","R","?","T","?","E","$","?","M","R","BOSS","M","$","?","M","M","R","E","R","T","$","E","R","M","E","R","BOSS","M","M","M","$","M","E","M","E","T","M","?","?","R","M","R","BOSS","R","$","E","BOSS"],"items_purchased_type":["Relic","Card","Card","Potion","Relic","Card","Relic","Card","Relic","Card","Potion","Relic","Card","Potion"],"build_version":"2020-12-22","purchased_purges":0,"victory":true,"max_hp_per_floor":[72,72,72,72,72,72,72,72,72,72,72,72,72,72,72,72,72,72,72,50,50,50,50,52,52,52,52,52,52,54,68,68,68,68,70,70,70,70,70,70,70,70,70,72,72,72,72,74,74,74,74,74,74,76,76],"card_choices":[{"not_picked":["LikeWater","FlurryOfBlows"],"picked":"DeceiveReality","floor":1.0},{"not_picked":["FlurryOfBlows","CutThroughFate"],"picked":"Evaluate","floor":2.0},{"not_picked":["ClearTheMind","Protect"],"picked":"EmptyFist","floor":3.0},{"not_picked":["Meditate","CrushJoints"],"picked":"WindmillStrike","floor":4.0},{"not_picked":["ForeignInfluence","BowlingBash"],"picked":"WheelKick","floor":5.0},{"not_picked":["Alpha","Consecrate"],"picked":"BattleHymn","floor":6.0},{"not_picked":["WindmillStrike","Weave"],"picked":"ClearTheMind","floor":10.0},{"not_picked":["WreathOfFlame","JustLucky","BattleHymn"],"picked":"SKIP","floor":11.0},{"not_picked":["EmptyFist+1","SashWhip+1"],"picked":"Crescendo","floor":14.0},{"not_picked":["ConjureBlade","Wish"],"picked":"Establishment","floor":16.0},{"not_picked":["ClearTheMind","CutThroughFate+1","PathToVictory"],"picked":"SKIP","floor":18.0},{"not_picked":["Evaluate","CrushJoints+1"],"picked":"FlyingSleeves+1","floor":21.0},{"not_picked":["Protect","Halt+1","Conclude+1"],"picked":"SKIP","floor":22.0},{"not_picked":["CutThroughFate+1","Evaluate","FlyingSleeves+1"],"picked":"Singing Bowl","floor":24.0},{"not_picked":["Meditate","SpiritShield"],"picked":"FlurryOfBlows+1","floor":28.0},{"not_picked":["BowlingBash+1","Pray","BattleHymn"],"picked":"Singing Bowl","floor":30.0},{"not_picked":["BattleHymn","Worship"],"picked":"Adaptation","floor":31.0},{"not_picked":["Blasphemy","Wish"],"picked":"DeusExMachina","floor":33.0},{"not_picked":["Halt","FlurryOfBlows+1","WheelKick+1"],"picked":"Singing Bowl","floor":35.0},{"not_picked":["SashWhip+1","WindmillStrike+1"],"picked":"Prostrate+1","floor":36.0},{"not_picked":["Halt","JustLucky+1"],"picked":"Adaptation+1","floor":37.0},{"not_picked":["WindmillStrike+1","EmptyBody+1"],"picked":"Pray+1","floor":39.0},{"not_picked":["FlyingSleeves+1","CrushJoints+1"],"picked":"Perseverance+1","floor":40.0},{"not_picked":["EmptyFist+1","Crescendo+1"],"picked":"Sanctity+1","floor":41},{"not_picked":["ClearTheMind+1","SashWhip+1"],"picked":"MentalFortress+1","floor":42},{"not_picked":["JustLucky+1","FollowUp+1","Protect"],"picked":"Singing Bowl","floor":44},{"not_picked":["Perseverance+1","Wireheading"],"picked":"MasterReality","floor":45},{"not_picked":["Prostrate+1","Perseverance+1","FlurryOfBlows+1"],"picked":"Singing Bowl","floor":48},{"not_picked":["WindmillStrike+1","WheelKick+1","Worship+1"],"picked":"Singing Bowl","floor":54}],"player_experience":313787,"relics_obtained":[{"floor":6.0,"key":"StrikeDummy"},{"floor":9.0,"key":"Akabeko"},{"floor":10.0,"key":"Odd Mushroom"},{"floor":11.0,"key":"Letter Opener"},{"floor":24.0,"key":"Singing Bowl"},{"floor":24.0,"key":"Mummified Hand"},{"floor":26.0,"key":"Bag of Marbles"},{"floor":28.0,"key":"Yang"},{"floor":28.0,"key":"Old Coin"},{"floor":31.0,"key":"Matryoshka"},{"floor":31.0,"key":"Mango"},{"floor":34.0,"key":"Blood Vial"},{"floor":34.0,"key":"Mercury Hourglass"},{"floor":34.0,"key":"GoldenEye"},{"floor":40.0,"key":"Orichalcum"},{"floor":40.0,"key":"Damaru"},{"floor":42,"key":"Kunai"},{"floor":42,"key":"Art of War"},{"floor":43,"key":"HornCleat"},{"floor":45,"key":"Pocketwatch"},{"floor":54,"key":"CloakClasp"},{"floor":54,"key":"Ornamental Fan"}],"event_choices":[{"damage_healed":0.0,"max_hp_gain":0.0,"max_hp_loss":0.0,"gold_gain":0.0,"event_name":"Scrap Ooze","player_choice":"Success","floor":8.0,"gold_loss":0.0,"damage_taken":33.0,"relics_obtained":["CeramicFish"]},{"damage_healed":0.0,"max_hp_gain":0.0,"max_hp_loss":0.0,"gold_gain":0.0,"event_name":"Mushrooms","player_choice":"Fought Mushrooms","floor":10.0,"gold_loss":0.0,"damage_taken":0.0},{"cards_removed":["Strike_P"],"damage_healed":0.0,"max_hp_gain":0.0,"max_hp_loss":0.0,"gold_gain":0.0,"event_name":"Purifier","player_choice":"Purged","floor":13.0,"gold_loss":0.0,"damage_taken":0.0},{"damage_healed":0.0,"max_hp_gain":0.0,"max_hp_loss":22.0,"gold_gain":0.0,"event_name":"Vampires","player_choice":"Became a vampire","floor":20.0,"gold_loss":0.0,"damage_taken":0.0,"cards_obtained":["Bite","Bite","Bite","Bite","Bite"]},{"damage_healed":0,"gold_gain":0,"player_choice":"Fight","damage_taken":0,"max_hp_gain":0,"max_hp_loss":0,"event_name":"Mysterious Sphere","floor":45,"gold_loss":0},{"cards_removed":["MentalFortress"],"damage_healed":0,"gold_gain":0,"player_choice":"Removed Power","damage_taken":0,"max_hp_gain":0,"max_hp_loss":0,"event_name":"Falling","floor":46,"gold_loss":0}],"is_beta":false,"boss_relics":[{"not_picked":["Runic Dome","Tiny House"],"picked":"Black Star"},{"not_picked":["SacredBark","Velvet Choker"],"picked":"Calling Bell"}],"items_purged_floors":[],"is_endless":false,"potions_floor_spawned":[1,2,11,14,24,30,31,37,39,41,45,54],"ascension_level":2}}