{"host":"mydft8i2zzydgggw","time":1612695309,"event":{"mods":["AchievementEnabler","BaseMod","Colored Map","Colored Powertips","DeckTracker","Keyboard Shortcuts","Minty Spire (QoL Compilation)","Rare Cards Sparkle","StSLib","SuperFastMode","everything is the same but u backflip on backflip"],"gold_per_floor":[115,134,153,168,168,168,194,194,217,252,22,35,52,2,2,107,107,120,136,155,169,169,199,199,199,224,253,265,292,306,8,8,110,110,121,139,139,37,56,82,82,102,102,129,145,160,0,46,46,46,46,46,46,74,74],"floor_reached":56,"language":"KOR","playtime":1680,"items_purged":[],"score":2074,"play_id":"583d7afb-d278-491a-9564-cf9209329b43","local_time":"20210207195509","is_ascension_mode":true,"campfire_choices":[{"data":"Whirlwind","floor":6.0,"key":"SMITH"},{"data":"Feel No Pain","floor":8.0,"key":"SMITH"},{"data":"Armaments","floor":15.0,"key":"SMITH"},{"floor":25.0,"key":"REST"},{"floor":32.0,"key":"RECALL"},{"floor":41,"key":"REST"},{"floor":49,"key":"REST"},{"floor":52,"key":"REST"}],"circlet_count":0,"master_deck":["Strike_R","Strike_R","Defend_R","Defend_R","Defend_R","Bash","Perfected Strike+1","Corruption+1","Feel No Pain+1","Whirlwind+1","Pommel Strike","Intimidate","Armaments+1","Flame Barrier+1","Bludgeon","Dark Embrace+1","Second Wind+1","Body Slam+1","Sentinel+1","Shrug It Off+1","Shrug It Off","Barricade","Entrench+1","Shrug It Off","Shrug It Off","Feel No Pain+1","Body Slam+1"],"relics":["Burning Blood","Toy Ornithopter","Regal Pillow","Blood Vial","Oddly Smooth Stone","Fusion Hammer","TungstenRod","Boot","Anchor","Lantern","Mummified Hand","Snecko Eye","Ancient Tea Set","Centennial Puzzle","Red Mask","Nunchaku","Bottled Lightning"],"acts_visited":["Exordium","TheCity","TheBeyond","TheEnding"],"potions_floor_usage":[33,50,55],"damage_taken":[{"damage":0.0,"enemies":"Small Slimes","floor":1.0,"turns":3.0},{"damage":10.0,"enemies":"2 Louse","floor":2.0,"turns":3.0},{"damage":10.0,"enemies":"Cultist","floor":3.0,"turns":5.0},{"damage":0.0,"enemies":"Lots of Slimes","floor":4.0,"turns":1.0},{"damage":0.0,"enemies":"Gremlin Nob","floor":7.0,"turns":2.0},{"damage":34.0,"enemies":"Lagavulin","floor":10.0,"turns":6.0},{"damage":0.0,"enemies":"2 Fungi Beasts","floor":12.0,"turns":2.0},{"damage":10.0,"enemies":"3 Louse","floor":13.0,"turns":4.0},{"damage":28.0,"enemies":"Hexaghost","floor":16.0,"turns":9.0},{"damage":16.0,"enemies":"2 Thieves","floor":18.0,"turns":4.0},{"damage":5.0,"enemies":"Spheric Guardian","floor":19.0,"turns":3.0},{"damage":5.0,"enemies":"Centurion and Healer","floor":20.0,"turns":5.0},{"damage":13.0,"enemies":"Cultist and Chosen","floor":21.0,"turns":5.0},{"damage":37.0,"enemies":"Gremlin Leader","floor":23.0,"turns":6.0},{"damage":3.0,"enemies":"Book of Stabbing","floor":27.0,"turns":4.0},{"damage":0.0,"enemies":"Snecko","floor":28.0,"turns":2.0},{"damage":0.0,"enemies":"Gremlin Leader","floor":29.0,"turns":4.0},{"damage":0.0,"enemies":"Chosen and Byrds","floor":30.0,"turns":5.0},{"damage":2,"enemies":"Collector","floor":33,"turns":5},{"damage":0,"enemies":"Orb Walker","floor":35,"turns":2},{"damage":0,"enemies":"3 Darklings","floor":36,"turns":4},{"damage":0,"enemies":"4 Shapes","floor":39,"turns":3},{"damage":0,"enemies":"Giant Head","floor":40,"turns":8},{"damage":0,"enemies":"Jaw Worm Horde","floor":42,"turns":3},{"damage":0,"enemies":"Nemesis","floor":44,"turns":5},{"damage":0,"enemies":"Writhing Mass","floor":45,"turns":2},{"damage":0,"enemies":"Maw","floor":46,"turns":3},{"damage":0,"enemies":"Awakened One","floor":50,"turns":4},{"damage":36,"enemies":"Shield and Spear","floor":54,"turns":3},{"damage":0,"enemies":"The Heart","floor":55,"turns":6}],"seed_played":"-7759388095937161285","potions_obtained":[{"floor":2.0,"key":"Block Potion"},{"floor":3.0,"key":"SpeedPotion"},{"floor":4.0,"key":"LiquidMemories"},{"floor":7.0,"key":"LiquidMemories"},{"floor":13.0,"key":"DistilledChaos"},{"floor":21.0,"key":"DuplicationPotion"},{"floor":23.0,"key":"Fire Potion"},{"floor":33,"key":"BloodPotion"},{"floor":35,"key":"SmokeBomb"},{"floor":39,"key":"BloodPotion"}],"is_trial":false,"path_per_floor":["M","M","M","M","?","R","E","R","T","E","$","M","M","?","R","B",null,"M","M","M","M","?","E","?","R","T","E","M","E","M","$","R","B",null,"M","M","?","$","M","E","R","M","T","E","M","M","?","T","R","B",null,"R","$","E","B",null],"character_chosen":"IRONCLAD","items_purchased":["Oddly Smooth Stone","Intimidate","Mummified Hand","Shrug It Off","Shrug It Off","Swift Potion"],"campfire_rested":4,"item_purchase_floors":[11,11,31,31,38,38],"current_hp_per_floor":[57,53,49,55,39,39,45,45,45,22,22,35,33,33,33,18,65,57,60,63,58,58,34,34,73,73,78,80,80,80,80,80,80,80,80,80,80,80,80,80,80,80,80,80,80,80,80,80,80,80,80,80,80,50,79],"gold":74,"neow_bonus":"TRANSFORM_TWO_CARDS","is_daily":false,"chose_seed":false,"campfire_upgraded":3,"win_rate":0.0,"timestamp":1612695309,"path_taken":["M","M","M","M","?","R","E","R","T","E","$","M","M","?","R","BOSS","M","M","M","M","?","E","?","R","T","E","M","E","?","?","R","BOSS","M","M","?","$","M","E","R","?","T","E","M","M","?","?","R","BOSS","R","$","E","BOSS"],"items_purchased_type":["Relic","Card","Relic","Card","Card","Potion"],"build_version":"2020-12-22","purchased_purges":0,"victory":true,"max_hp_per_floor":[80,80,80,80,80,80,80,80,80,80,80,80,80,80,80,80,80,80,80,80,80,80,80,80,80,80,80,80,80,80,80,80,80,80,80,80,80,80,80,80,80,80,80,80,80,80,80,80,80,80,80,80,80,80,80],"card_choices":[{"not_picked":["Shrug It Off","Perfected Strike"],"picked":"Feel No Pain","floor":1.0},{"not_picked":["Fire Breathing","Blood for Blood"],"picked":"Whirlwind","floor":2.0},{"not_picked":["Sword Boomerang","Flex","Iron Wave"],"picked":"SKIP","floor":3.0},{"not_picked":["Anger","Twin Strike","Sword Boomerang"],"picked":"SKIP","floor":4.0},{"not_picked":["Heavy Blade","Clash","Anger"],"picked":"SKIP","floor":7.0},{"not_picked":["Sword Boomerang","Thunderclap"],"picked":"Pommel Strike","floor":10.0},{"not_picked":["Cleave","Wild Strike"],"picked":"Armaments","floor":12.0},{"not_picked":["Fire Breathing","Pommel Strike"],"picked":"Flame Barrier","floor":13.0},{"not_picked":["Berserk","Corruption"],"picked":"Bludgeon","floor":16.0},{"not_picked":["Anger","Armaments","Reckless Charge"],"picked":"SKIP","floor":18.0},{"not_picked":["Cleave","Pommel Strike","Demon Form"],"picked":"SKIP","floor":19.0},{"not_picked":["Warcry","Burning Pact+1"],"picked":"Dark Embrace+1","floor":20.0},{"not_picked":["Rampage","Rupture"],"picked":"Second Wind+1","floor":21.0},{"not_picked":["Ghostly Armor","Rampage"],"picked":"Body Slam+1","floor":23.0},{"not_picked":["Heavy Blade","Havoc+1"],"picked":"Sentinel+1","floor":27.0},{"not_picked":["Power Through","Flex"],"picked":"Shrug It Off+1","floor":28.0},{"not_picked":["Blood for Blood","Reaper","Flex"],"picked":"SKIP","floor":29.0},{"not_picked":["Iron Wave+1","Wild Strike+1","Armaments"],"picked":"SKIP","floor":30.0},{"not_picked":["Iron Wave+1","Wild Strike+1","Armaments"],"picked":"SKIP","floor":30.0},{"not_picked":["Fiend Fire","Juggernaut"],"picked":"Barricade","floor":33},{"not_picked":["Ghostly Armor","Blood for Blood","Evolve"],"picked":"SKIP","floor":35},{"not_picked":["Iron Wave+1","Body Slam"],"picked":"Entrench+1","floor":36},{"not_picked":["Searing Blow","Thunderclap+1","Flex"],"picked":"SKIP","floor":39},{"not_picked":["Cleave","Bloodletting"],"picked":"Shrug It Off","floor":40},{"not_picked":["Iron Wave+1","Spot Weakness"],"picked":"Feel No Pain+1","floor":42},{"not_picked":["Barricade","Flex+1","Cleave+1"],"picked":"SKIP","floor":44},{"not_picked":["Perfected Strike","Clash","Sword Boomerang"],"picked":"SKIP","floor":45},{"not_picked":["Twin Strike+1","Thunderclap+1","Clash+1"],"picked":"SKIP","floor":46},{"not_picked":["Body Slam+1","Clothesline","Demon Form"],"picked":"SKIP","floor":54},{"not_picked":["Clothesline","Demon Form"],"picked":"Body Slam+1","floor":54}],"player_experience":246031,"relics_obtained":[{"floor":7.0,"key":"Toy Ornithopter"},{"floor":9.0,"key":"Regal Pillow"},{"floor":10.0,"key":"Blood Vial"},{"floor":23.0,"key":"TungstenRod"},{"floor":26.0,"key":"Boot"},{"floor":27.0,"key":"Anchor"},{"floor":29.0,"key":"Lantern"},{"floor":40,"key":"Ancient Tea Set"},{"floor":44,"key":"Centennial Puzzle"},{"floor":48,"key":"Nunchaku"},{"floor":54,"key":"Bottled Lightning"}],"event_choices":[{"damage_healed":0.0,"max_hp_gain":0.0,"max_hp_loss":0.0,"gold_gain":0.0,"event_name":"Shining Light","player_choice":"Entered Light","floor":5.0,"gold_loss":0.0,"damage_taken":16.0,"cards_upgraded":["Perfected Strike","Corruption"]},{"cards_removed":["Strike_R"],"damage_healed":0.0,"max_hp_gain":0.0,"max_hp_loss":0.0,"gold_gain":0.0,"event_name":"The Cleric","player_choice":"Card Removal","floor":14.0,"gold_loss":50.0,"damage_taken":0.0},{"cards_removed":["Strike_R"],"damage_healed":0.0,"max_hp_gain":0.0,"max_hp_loss":0.0,"gold_gain":0.0,"event_name":"Back to Basics","player_choice":"Elegance","floor":22.0,"gold_loss":0.0,"damage_taken":0.0},{"damage_healed":0.0,"max_hp_gain":0.0,"max_hp_loss":0.0,"gold_gain":0.0,"event_name":"Upgrade Shrine","player_choice":"Upgraded","floor":24.0,"gold_loss":0.0,"damage_taken":0.0,"cards_upgraded":["Flame Barrier"]},{"damage_healed":0,"gold_gain":0,"player_choice":"Ignored","damage_taken":0,"max_hp_gain":0,"max_hp_loss":0,"event_name":"SecretPortal","floor":37,"gold_loss":0},{"damage_healed":0,"gold_gain":0,"player_choice":"Paid","damage_taken":0,"relics_obtained":["Red Mask"],"max_hp_gain":0,"max_hp_loss":0,"event_name":"Tomb of Lord Red Mask","floor":47,"gold_loss":160}],"is_beta":false,"boss_relics":[{"not_picked":["Empty Cage","Ectoplasm"],"picked":"Fusion Hammer"},{"not_picked":["Cursed Key","Philosopher\u0027s Stone"],"picked":"Snecko Eye"}],"items_purged_floors":[],"is_endless":false,"potions_floor_spawned":[2,3,4,7,13,21,23,33,35,39,44,46],"ascension_level":9}}