{"host":"kig4ty9d1aubg29s","time":1612707428,"event":{"mods":["BaseMod","Minty Spire (QoL Compilation)","READ ME - Guardian Mod","READ ME - Snecko Mod","StSLib","The Cursed","The Gatherer","The Hierophant","The Runesmith"],"gold_per_floor":[12,27,27,27,27,27,42,42,123,157,157,183,20,0,0,0,0],"floor_reached":16,"language":"KOR","playtime":323,"items_purged":[],"score":212,"play_id":"46b90a4d-f224-4fbe-a582-226ac45f0cf4","local_time":"20210207231708","is_ascension_mode":true,"campfire_choices":[{"floor":6,"key":"DIG"},{"floor":8,"key":"DIG"},{"floor":15,"key":"REST"}],"circlet_count":0,"master_deck":["AscendersBane","Strike_B","Strike_B","Strike_B","Strike_B","Defend_B","Defend_B","Defend_B+1","Zap+1","Dualcast","Static Discharge","Darkness","Loop","Stack","Seek","Glacier"],"relics":["Cracked Core","Shovel","Runesmith:Locket","Girya","Juzu Bracelet","Symbiotic Virus","Happy Flower","War Paint","Membership Card"],"acts_visited":["Exordium"],"potions_floor_usage":[10,12],"damage_taken":[{"damage":1,"enemies":"Cultist","floor":1,"turns":3},{"damage":2,"enemies":"Jaw Worm","floor":2,"turns":3},{"damage":8,"enemies":"2 Louse","floor":7,"turns":2},{"damage":8,"enemies":"Gremlin Nob","floor":10,"turns":3},{"damage":35,"enemies":"3 Sentries","floor":12,"turns":6},{"damage":31,"enemies":"Slime Boss","floor":16,"turns":7}],"seed_played":"6988771201927753243","potions_obtained":[{"floor":2,"key":"SteroidPotion"},{"floor":10,"key":"AttackPotion"}],"is_trial":false,"path_per_floor":["M","M","?","?","T","R","M","R","T","E","?","E","$","?","R","B"],"character_chosen":"DEFECT","items_purchased":["Membership Card"],"campfire_rested":1,"item_purchase_floors":[13],"current_hp_per_floor":[63,61,61,61,61,61,53,53,53,45,45,10,10,10,31,0,0],"gold":0,"neow_bonus":"ONE_RARE_RELIC","is_daily":false,"chose_seed":false,"campfire_upgraded":0,"win_rate":0.0,"timestamp":1612707428,"path_taken":["M","?","?","?","?","R","M","R","T","E","?","E","?","?","R","BOSS"],"items_purchased_type":["Relic"],"build_version":"2020-12-22","purchased_purges":0,"victory":false,"max_hp_per_floor":[71,71,71,71,71,71,71,71,71,71,71,71,71,71,71,71,71],"card_choices":[{"not_picked":["Sweeping Beam","Gash"],"picked":"Static Discharge","floor":1},{"not_picked":["Tempest","Fusion"],"picked":"Darkness","floor":2},{"not_picked":["Compile Driver","Stack"],"picked":"Loop","floor":7},{"not_picked":["Redo","Hologram"],"picked":"Stack","floor":10},{"not_picked":["FTL","Sweeping Beam"],"picked":"Glacier","floor":12}],"player_experience":1964293,"relics_obtained":[{"floor":5,"key":"Runesmith:Locket"},{"floor":6,"key":"Girya"},{"floor":8,"key":"Juzu Bracelet"},{"floor":9,"key":"Symbiotic Virus"},{"floor":10,"key":"Happy Flower"},{"floor":12,"key":"War Paint"}],"event_choices":[{"damage_healed":0,"gold_gain":0,"player_choice":"Ignored","damage_taken":0,"max_hp_gain":0,"max_hp_loss":0,"event_name":"Golden Wing","floor":3,"gold_loss":0},{"damage_healed":0,"gold_gain":0,"player_choice":"Ignored","damage_taken":0,"max_hp_gain":0,"max_hp_loss":0,"event_name":"Shining Light","floor":4,"gold_loss":0},{"damage_healed":0,"gold_gain":0,"cards_transformed":["Defend_B"],"player_choice":"Transformed","damage_taken":0,"max_hp_gain":0,"max_hp_loss":0,"event_name":"Transmorgrifier","floor":11,"gold_loss":0,"cards_obtained":["Seek"]},{"damage_healed":0,"gold_gain":0,"player_choice":"Left Gold","damage_taken":0,"max_hp_gain":0,"max_hp_loss":0,"event_name":"World of Goop","floor":14,"gold_loss":20}],"is_beta":false,"boss_relics":[],"items_purged_floors":[],"is_endless":false,"potions_floor_spawned":[2,10],"killed_by":"Slime Boss","ascension_level":20}}