{"host":"kw4o7b3ro2ktmmbe","time":1612732918,"event":{"mods":["100% Spire Juice","BaseMod","Bossed Relics","Evolution","Minty Spire (QoL Compilation)","StSLib"],"gold_per_floor":[116,116,12,12,27,61,61,79,29,43,43,54,54,129,9,104,104,114,114,93,93,110,143,23,23,23,23,57,57,74,74,74,179,179,197,212,224,224,234,234,269,269,345,345,116,116,133,26,26,26],"floor_reached":51,"language":"ENG","playtime":3437,"items_purged":["Moonworks:EvilMastermind"],"score":1080,"play_id":"bc7beb53-d95f-41c4-8aa8-49b0c374615c","local_time":"20210208102158","is_ascension_mode":true,"campfire_choices":[{"data":"Moonworks:UnpaidWork","floor":7,"key":"SMITH"},{"data":"Moonworks:LongDistanceShot","floor":11,"key":"SMITH"},{"data":"Moonworks:UnluckyCharm","floor":13,"key":"SMITH"},{"data":"Moonworks:Ambush","floor":15,"key":"SMITH"},{"data":"Moonworks:NicePresent","floor":25,"key":"SMITH"},{"floor":27,"key":"REST"},{"floor":32,"key":"REST"},{"floor":40,"key":"DIG"},{"floor":44,"key":"REST"},{"floor":46,"key":"DIG"},{"floor":49,"key":"DIG"}],"circlet_count":0,"master_deck":["Moonworks:Strike+1","Moonworks:Strike+1","Moonworks:Strike+1","Moonworks:Defend+1","Moonworks:Defend+1","Moonworks:Defend+1","Moonworks:Defend+1","Moonworks:Ambush+1","Moonworks:LongDistanceShot+1","Moonworks:NicePresent+1","Moonworks:UnpaidWork+1","Moonworks:UnluckyCharm+1","Moonworks:HolyNight+1","Moonworks:CloudOfSeagulls+1","Moonworks:RedAndBlue","Moonworks:Encore+1","Moonworks:CloudOfSeagulls+1","Clumsy","Moonworks:HolyNight+1","Moonworks:Encore+1","CurseOfTheBell","Moonworks:IndiscriminateFireSupport+1","Moonworks:CloudOfSeagulls+1","Moonworks:Dash","Moonworks:Encore+1","Moonworks:TacticalRetreat+1","Secret Technique","Clumsy","Moonworks:CloudOfSeagulls+1","Moonworks:FullSpeedAlicianrone+1","Moonworks:RagingMadness+1"],"relics":["Moonworks:Homemark","EVO:Axolotl","Pandora\u0027s Box","HornCleat","Du-Vu Doll","Lizard Tail","Frozen Egg 2","Cursed Key","Red Mask","Moonworks:LittleGull","Pen Nib","Calling Bell","Bag of Marbles","Molten Egg 2","Shovel","Prayer Wheel","Regal Pillow","Mummified Hand","Bronze Scales","Incense Burner","Nunchaku"],"acts_visited":["Exordium","TheCity","TheBeyond"],"potions_floor_usage":[16,18,23,36],"damage_taken":[{"damage":0,"enemies":"Cultist","floor":1,"turns":2},{"damage":0,"enemies":"2 Louse","floor":3,"turns":2},{"damage":0,"enemies":"Small Slimes","floor":5,"turns":2},{"damage":22,"enemies":"Lagavulin","floor":6,"turns":7},{"damage":0,"enemies":"Red Slaver","floor":8,"turns":2},{"damage":0,"enemies":"Looter","floor":10,"turns":2},{"damage":0,"enemies":"2 Fungi Beasts","floor":12,"turns":3},{"damage":9,"enemies":"The Guardian","floor":16,"turns":7},{"damage":5,"enemies":"Shell Parasite","floor":18,"turns":3},{"damage":0,"enemies":"Spheric Guardian","floor":22,"turns":3},{"damage":12,"enemies":"Masked Bandits","floor":23,"turns":4},{"damage":15,"enemies":"Slavers","floor":28,"turns":4},{"damage":11,"enemies":"Snake Plant","floor":30,"turns":3},{"damage":0,"enemies":"Automaton","floor":33,"turns":5},{"damage":0,"enemies":"3 Darklings","floor":35,"turns":4},{"damage":12,"enemies":"Orb Walker","floor":36,"turns":2},{"damage":5,"enemies":"Spire Growth","floor":37,"turns":4},{"damage":24,"enemies":"Jaw Worm Horde","floor":39,"turns":2},{"damage":4,"enemies":"Nemesis","floor":41,"turns":5},{"damage":0,"enemies":"Transient","floor":47,"turns":5},{"damage":7,"enemies":"Donu and Deca","floor":50,"turns":5}],"seed_played":"-5457495732140080784","potions_obtained":[{"floor":3,"key":"Ancient Potion"},{"floor":6,"key":"CultistPotion"},{"floor":10,"key":"LiquidMemories"},{"floor":23,"key":"Explosive Potion"},{"floor":28,"key":"FearPotion"},{"floor":30,"key":"BlessingOfTheForge"},{"floor":35,"key":"DistilledChaos"},{"floor":39,"key":"Energy Potion"}],"is_trial":false,"path_per_floor":["M","T","M","T","M","E","R","M","T","M","R","M","R","?","R","B",null,"M","?","?","?","M","?","$","R","T","R","E","?","M","?","R","B",null,"M","M","M","?","M","R","E","?","T","R","$","R","M","$","R","B",null],"character_chosen":"THE_STARBREAKER","items_purchased":["Bronze Scales","Moonworks:FullSpeedAlicianrone+1","Moonworks:RagingMadness+1"],"campfire_rested":3,"item_purchase_floors":[45,48,48],"current_hp_per_floor":[54,54,54,54,54,32,32,32,32,32,32,32,32,21,21,12,48,43,43,43,33,33,21,21,21,21,40,25,25,14,14,33,33,57,57,45,40,40,16,16,12,12,12,46,46,46,46,46,46,39],"gold":26,"neow_bonus":"BOSS_RELIC","is_daily":false,"chose_seed":false,"campfire_upgraded":5,"win_rate":0.0,"timestamp":1612732918,"path_taken":["M","?","?","?","M","E","R","?","T","M","R","M","R","?","R","BOSS","M","?","?","?","M","?","?","R","T","R","E","?","?","?","R","BOSS","M","M","M","?","?","R","E","?","T","R","?","R","?","$","R","BOSS"],"items_purchased_type":["Relic","Card","Card"],"build_version":"2020-12-22","purchased_purges":1,"victory":true,"max_hp_per_floor":[60,60,60,60,60,60,60,60,60,60,60,60,60,60,60,60,60,60,60,60,65,65,65,65,65,65,65,65,65,65,65,65,65,65,65,65,65,65,65,65,65,65,65,65,65,65,65,65,65,65],"card_choices":[{"not_picked":["Moonworks:IndiscriminateFireSupport","Moonworks:Assault","Moonworks:BigMagnum"],"picked":"SKIP","floor":1},{"not_picked":["Moonworks:ImOnFire","Moonworks:BigMagnum"],"picked":"Moonworks:NicePresent","floor":3},{"not_picked":["Moonworks:ExtendedPhotonRifle","Moonworks:DeployBits","Moonworks:MixPhenomenon"],"picked":"SKIP","floor":5},{"not_picked":["Moonworks:MixPhenomenon","Moonworks:ImmovableObject"],"picked":"Moonworks:UnpaidWork","floor":6},{"not_picked":["Moonworks:EvilSpyWorkPreparation","Moonworks:Poppoformation"],"picked":"Moonworks:EvilMastermind","floor":8},{"not_picked":["Moonworks:ReproductionOfRecords","Moonworks:ImOnFire","Moonworks:BigMagnum"],"picked":"SKIP","floor":10},{"not_picked":["Moonworks:CookingTime","Moonworks:EvilSpyWorkPreparation"],"picked":"Moonworks:UnluckyCharm","floor":12},{"not_picked":["Moonworks:FinalBattle+1","Moonworks:AccelHyper"],"picked":"Moonworks:HolyNight+1","floor":16},{"not_picked":["Moonworks:JonathanRush+1","Moonworks:BigMagnum+1"],"picked":"Moonworks:CloudOfSeagulls+1","floor":18},{"not_picked":["Moonworks:LulusLuckyEgg+1","Moonworks:IndiscriminateFireSupport+1"],"picked":"Moonworks:Encore+1","floor":22},{"not_picked":["Moonworks:ForcedRevival","Moonworks:EvilSpyWorkPreparation+1"],"picked":"Moonworks:CloudOfSeagulls+1","floor":23},{"not_picked":["Moonworks:UnpaidWork+1","Moonworks:ExtendedPhotonRifle"],"picked":"Moonworks:HolyNight+1","floor":28},{"not_picked":["Moonworks:CompletionReward","Moonworks:JonathanRush","Moonworks:DeployBits"],"picked":"SKIP","floor":30},{"not_picked":["Moonworks:OutOfAmmo+1","Moonworks:HolyNight+1"],"picked":"Moonworks:Encore+1","floor":33},{"not_picked":["Moonworks:LulusLuckyEgg+1","Moonworks:LuckyCharm"],"picked":"Moonworks:IndiscriminateFireSupport+1","floor":35},{"not_picked":["Moonworks:IndiscriminateFireSupport+1","Moonworks:NicePresent+1"],"picked":"Moonworks:CloudOfSeagulls+1","floor":36},{"not_picked":["Moonworks:DeployBits","Moonworks:Poppoformation"],"picked":"Moonworks:Dash","floor":37},{"not_picked":["Moonworks:DeployBits","Moonworks:Assault+1","Moonworks:EvilSpyWorkPreparation"],"picked":"SKIP","floor":39},{"not_picked":["Moonworks:LulusLuckyEgg","Moonworks:IndiscriminateFireSupport+1"],"picked":"Moonworks:TacticalRetreat+1","floor":41},{"not_picked":["Secret Weapon","Enlightenment"],"picked":"Secret Technique","floor":42},{"not_picked":["Moonworks:LulusLuckyEgg+1","Moonworks:BeyondHell"],"picked":"Moonworks:CloudOfSeagulls+1","floor":47},{"not_picked":["Moonworks:ImOnFire","Moonworks:BigBangBell","Moonworks:Assault+1"],"picked":"SKIP","floor":47}],"player_experience":1926399,"relics_obtained":[{"floor":2,"key":"HornCleat"},{"floor":4,"key":"Du-Vu Doll"},{"floor":6,"key":"Lizard Tail"},{"floor":9,"key":"Frozen Egg 2"},{"floor":23,"key":"Red Mask"},{"floor":26,"key":"Moonworks:LittleGull"},{"floor":28,"key":"Pen Nib"},{"floor":34,"key":"Bag of Marbles"},{"floor":34,"key":"Molten Egg 2"},{"floor":34,"key":"Shovel"},{"floor":40,"key":"Prayer Wheel"},{"floor":41,"key":"Regal Pillow"},{"floor":43,"key":"Mummified Hand"},{"floor":46,"key":"Incense Burner"},{"floor":49,"key":"Nunchaku"}],"event_choices":[{"damage_healed":0,"gold_gain":75,"player_choice":"Gather Gold","damage_taken":11,"max_hp_gain":0,"max_hp_loss":0,"event_name":"World of Goop","floor":14,"gold_loss":0},{"damage_healed":0,"gold_gain":0,"player_choice":"Read","damage_taken":0,"max_hp_gain":0,"max_hp_loss":0,"event_name":"The Library","floor":19,"gold_loss":0,"cards_obtained":["Moonworks:RedAndBlue"]},{"damage_healed":0,"gold_gain":99,"player_choice":"Stole From Cult","damage_taken":0,"max_hp_gain":0,"max_hp_loss":0,"event_name":"Nest","floor":20,"gold_loss":0},{"damage_healed":0,"gold_gain":0,"player_choice":"Shed Blood","damage_taken":15,"max_hp_gain":5,"max_hp_loss":0,"event_name":"Forgotten Altar","floor":21,"gold_loss":0},{"damage_healed":0,"gold_gain":0,"player_choice":"Fought Bandits","damage_taken":0,"max_hp_gain":0,"max_hp_loss":0,"event_name":"Masked Bandits","floor":23,"gold_loss":0},{"cards_removed":["Moonworks:Strike"],"damage_healed":0,"gold_gain":0,"player_choice":"Purged","damage_taken":0,"max_hp_gain":0,"max_hp_loss":0,"event_name":"Purifier","floor":29,"gold_loss":0},{"damage_healed":0,"gold_gain":0,"player_choice":"Simplicity","damage_taken":0,"max_hp_gain":0,"max_hp_loss":0,"event_name":"Back to Basics","floor":31,"gold_loss":0,"cards_upgraded":["Moonworks:Strike","Moonworks:Strike","Moonworks:Strike","Moonworks:Defend","Moonworks:Defend","Moonworks:Defend","Moonworks:Defend"]},{"damage_healed":0,"gold_gain":0,"player_choice":"Copied","damage_taken":0,"max_hp_gain":0,"max_hp_loss":0,"event_name":"Duplicator","floor":38,"gold_loss":0,"cards_obtained":["Moonworks:Encore"]},{"damage_healed":0,"gold_gain":0,"player_choice":"Memory 1","damage_taken":0,"max_hp_gain":0,"max_hp_loss":0,"event_name":"SensoryStone","floor":42,"gold_loss":0}],"is_beta":false,"boss_relics":[{"not_picked":["Philosopher\u0027s Stone","Fusion Hammer"],"picked":"Cursed Key"},{"not_picked":["Runic Dome","Runic Pyramid"],"picked":"Calling Bell"}],"items_purged_floors":[45],"is_endless":false,"potions_floor_spawned":[3,6,10,23,28,30,35,39],"ascension_level":9}}