{"host":"6xsbn6ynqlzwllfm","time":1612729968,"event":{"mods":["2.2 Compatiblity","BaseMod","Bestiary","Colored Map","Colored Powertips","Curses Come First","Highlight Path","Keyboard Shortcuts","Minty Spire (QoL Compilation)","Relic Stats","Slay the Relics Exporter","StSLib","SuperFastMode"],"gold_per_floor":[111,386,1,14,46,46,60,60,60,75,89,117,128,162,162,241,241,259,259,279,295,24,49,63,93,93,123,141,151,151,162,162,237,237,252,53,53,0,0,34,34,64,141,167,167,191,9,22,22,22,22,22],"floor_reached":51,"language":"ENG","playtime":2582,"items_purged":["Regret","Strike_B"],"score":1714,"play_id":"5a2a575b-9693-4445-85ce-c60f1a03866a","local_time":"20210207153248","is_ascension_mode":true,"campfire_choices":[{"data":"Sunder","floor":6,"key":"SMITH"},{"data":"Beam Cell","floor":8,"key":"SMITH"},{"data":"Defragment","floor":15,"key":"SMITH"},{"floor":30,"key":"REST"},{"floor":32,"key":"REST"},{"floor":41,"key":"REST"},{"floor":49,"key":"RECALL"}],"circlet_count":0,"master_deck":["AscendersBane","Defend_B","Defend_B","Defend_B","Defend_B","Zap","Dualcast","Coolheaded","Loop","Barrage","Defragment+1","Sunder+1","Beam Cell+1","Doom and Gloom","Ball Lightning","FTL","BootSequence","Compile Driver","Recycle","Machine Learning","Skim+1","Thunder Strike+1","Double Energy+1","Defragment","Compile Driver","Tempest+1","Ball Lightning","Coolheaded+1","Recycle+1","White Noise","Capacitor+1","Creative AI+1","Force Field","Steam Power","Meteor Strike","Defragment+1","Discovery","Sadistic Nature+1","Secret Technique"],"relics":["Cracked Core","Pen Nib","Toolbox","StoneCalendar","Prayer Wheel","Bag of Preparation","Astrolabe","Frozen Egg 2","InkBottle","Mummified Hand","The Courier","Symbiotic Virus","Busted Crown","Strange Spoon","Red Mask","Cables","Lantern","HornCleat","Smiling Mask","Strawberry","Lee\u0027s Waffle"],"acts_visited":["Exordium","TheCity","TheBeyond"],"potions_floor_usage":[10,12,16,16,25,28,42,44],"damage_taken":[{"damage":20,"enemies":"Small Slimes","floor":1,"turns":3},{"damage":9,"enemies":"Cultist","floor":4,"turns":4},{"damage":0,"enemies":"Jaw Worm","floor":5,"turns":1},{"damage":0,"enemies":"2 Fungi Beasts","floor":7,"turns":2},{"damage":2,"enemies":"3 Louse","floor":10,"turns":2},{"damage":8,"enemies":"Blue Slaver","floor":11,"turns":3},{"damage":8,"enemies":"Gremlin Nob","floor":12,"turns":3},{"damage":0,"enemies":"2 Fungi Beasts","floor":13,"turns":1},{"damage":3,"enemies":"3 Sentries","floor":14,"turns":4},{"damage":12,"enemies":"Hexaghost","floor":16,"turns":7},{"damage":0,"enemies":"Chosen","floor":18,"turns":3},{"damage":6,"enemies":"Spheric Guardian","floor":20,"turns":3},{"damage":4,"enemies":"Centurion and Healer","floor":21,"turns":3},{"damage":0,"enemies":"Gremlin Leader","floor":23,"turns":5},{"damage":4,"enemies":"Cultist and Chosen","floor":24,"turns":4},{"damage":11,"enemies":"Slavers","floor":25,"turns":2},{"damage":1,"enemies":"Gremlin Leader","floor":27,"turns":3},{"damage":17,"enemies":"Sentry and Sphere","floor":28,"turns":3},{"damage":0,"enemies":"Snake Plant","floor":29,"turns":2},{"damage":0,"enemies":"Centurion and Healer","floor":31,"turns":2},{"damage":21,"enemies":"Champ","floor":33,"turns":6},{"damage":7,"enemies":"3 Shapes","floor":35,"turns":2},{"damage":0,"enemies":"Giant Head","floor":40,"turns":4},{"damage":50,"enemies":"Nemesis","floor":42,"turns":4},{"damage":8,"enemies":"Reptomancer","floor":44,"turns":5},{"damage":0,"enemies":"Orb Walker","floor":48,"turns":1},{"damage":68,"enemies":"Time Eater","floor":50,"turns":7},{"damage":31,"enemies":"Awakened One","floor":51,"turns":3}],"seed_played":"1879671129710284440","potions_obtained":[{"floor":5,"key":"FocusPotion"},{"floor":7,"key":"Block Potion"},{"floor":10,"key":"FearPotion"},{"floor":12,"key":"Energy Potion"},{"floor":14,"key":"SkillPotion"},{"floor":20,"key":"FearPotion"},{"floor":23,"key":"ColorlessPotion"},{"floor":28,"key":"Strength Potion"},{"floor":31,"key":"Strength Potion"},{"floor":33,"key":"Block Potion"},{"floor":40,"key":"DuplicationPotion"}],"is_trial":false,"path_per_floor":["M","?","$","M","M","R","M","R","T","M","M","E","M","E","R","B",null,"M","?","M","M","$","E","M","E","T","E","M","M","R","M","R","B",null,"M","$","?","?","T","E","R","E","T","E","?","T","$","M","R","B","B"],"character_chosen":"DEFECT","items_purchased":["Toolbox","Loop","Barrage","Frozen Egg 2","Defragment+1","Strange Spoon","Lee\u0027s Waffle"],"campfire_rested":3,"item_purchase_floors":[3,3,3,22,36,36,47],"current_hp_per_floor":[44,44,44,35,35,35,35,35,35,33,25,17,17,14,14,2,54,54,54,48,44,44,44,40,29,29,28,11,11,32,32,53,32,61,54,54,44,44,44,44,65,15,15,7,7,14,85,85,85,17,0,0],"gold":22,"neow_bonus":"RANDOM_COMMON_RELIC","is_daily":false,"chose_seed":false,"campfire_upgraded":3,"win_rate":0.0,"timestamp":1612729968,"path_taken":["M","?","$","M","M","R","M","R","T","?","M","E","M","E","R","BOSS","M","?","M","M","$","E","M","E","T","E","M","M","R","M","R","BOSS","M","$","?","?","?","E","R","E","T","E","?","?","$","M","R","BOSS","BOSS"],"items_purchased_type":["Relic","Card","Card","Relic","Card","Relic","Relic"],"build_version":"2020-12-22","purchased_purges":2,"victory":false,"max_hp_per_floor":[71,71,71,71,71,71,71,71,71,71,71,71,71,71,71,71,71,71,71,71,71,71,71,71,71,71,71,71,71,71,71,71,71,71,71,71,71,71,71,71,71,71,71,71,71,78,85,85,85,85,85,85],"relic_stats":{"Lee\u0027s Waffle":71,"counters":[28,92],"Astrolabe":["Skim","Thunder Strike","Double Energy"],"StoneCalendar":[52],"Pen Nib":[20],"Bag of Preparation":[38],"Smiling Mask":30,"Cables":[17,7,4,2,4],"Strange Spoon":[29],"Busted Crown":20,"Mummified Hand":[120],"Prayer Wheel":10,"obtain_stats":[{"Lantern":42,"Lee\u0027s Waffle":47,"Astrolabe":17,"StoneCalendar":9,"Pen Nib":0,"The Courier":26,"Bag of Preparation":14,"Frozen Egg 2":22,"Smiling Mask":44,"Cables":40,"Strange Spoon":36,"Busted Crown":34,"HornCleat":43,"Mummified Hand":25,"Strawberry":46,"Toolbox":3,"Prayer Wheel":12,"Red Mask":38,"Cracked Core":0,"Symbiotic Virus":27,"InkBottle":23},{"Lantern":24,"Lee\u0027s Waffle":25,"Astrolabe":10,"StoneCalendar":4,"Pen Nib":0,"The Courier":16,"Bag of Preparation":9,"Frozen Egg 2":13,"Smiling Mask":25,"Cables":23,"Strange Spoon":22,"Busted Crown":21,"HornCleat":24,"Mummified Hand":16,"Strawberry":25,"Toolbox":1,"Prayer Wheel":7,"Red Mask":22,"Cracked Core":0,"Symbiotic Virus":17,"InkBottle":14},{"Lantern":76,"Lee\u0027s Waffle":81,"Astrolabe":30,"StoneCalendar":10,"Pen Nib":0,"The Courier":50,"Bag of Preparation":23,"Frozen Egg 2":39,"Smiling Mask":81,"Cables":72,"Strange Spoon":68,"Busted Crown":66,"HornCleat":76,"Mummified Hand":50,"Strawberry":81,"Toolbox":3,"Prayer Wheel":18,"Red Mask":68,"Cracked Core":0,"Symbiotic Virus":53,"InkBottle":44}],"InkBottle":[41]},"card_choices":[{"not_picked":["Turbo","Go for the Eyes"],"picked":"Coolheaded","floor":1},{"not_picked":["Darkness","Beam Cell"],"picked":"Defragment","floor":4},{"not_picked":["Force Field","Sweeping Beam"],"picked":"Sunder","floor":5},{"not_picked":["Fusion","Gash"],"picked":"Beam Cell","floor":7},{"not_picked":["Sweeping Beam","Steam"],"picked":"Doom and Gloom","floor":10},{"not_picked":["Stack","Rip and Tear"],"picked":"Ball Lightning","floor":11},{"not_picked":["Streamline","Stack"],"picked":"FTL","floor":12},{"not_picked":["Rebound","Multi-Cast"],"picked":"BootSequence","floor":13},{"not_picked":["Skim","Turbo"],"picked":"Compile Driver","floor":13},{"not_picked":["Beam Cell","Fusion"],"picked":"Recycle","floor":14},{"not_picked":["Multi-Cast","Electrodynamics"],"picked":"Machine Learning","floor":16},{"not_picked":["Rebound","Hologram"],"picked":"Defragment","floor":18},{"not_picked":["FTL","Leap"],"picked":"Compile Driver","floor":18},{"not_picked":["Aggregate","Blizzard"],"picked":"Tempest+1","floor":20},{"not_picked":["Go for the Eyes","Coolheaded"],"picked":"Ball Lightning","floor":20},{"not_picked":["Redo","Leap"],"picked":"Coolheaded+1","floor":21},{"not_picked":["Double Energy","Leap"],"picked":"Recycle+1","floor":21},{"not_picked":["Ball Lightning","Lockon"],"picked":"Turbo","floor":23},{"not_picked":["Undo","Glacier"],"picked":"White Noise","floor":24},{"not_picked":["Static Discharge+1","Barrage"],"picked":"Capacitor+1","floor":24},{"not_picked":["Rebound","Glacier"],"picked":"Creative AI+1","floor":27},{"not_picked":["Gash","Go for the Eyes"],"picked":"Force Field","floor":28},{"not_picked":["Turbo","Sweeping Beam","Hologram"],"picked":"SKIP","floor":29},{"not_picked":["Compile Driver","Go for the Eyes","Streamline"],"picked":"SKIP","floor":29},{"not_picked":["Rainbow","Conserve Battery"],"picked":"Steam Power","floor":31},{"not_picked":["Amplify","Reboot"],"picked":"Meteor Strike","floor":33},{"not_picked":[],"picked":"Discovery","floor":37},{"not_picked":[],"picked":"Sadistic Nature+1","floor":37},{"not_picked":[],"picked":"Secret Technique","floor":37},{"not_picked":["Leap"],"picked":"SKIP","floor":44},{"not_picked":["Turbo"],"picked":"SKIP","floor":48},{"not_picked":["Recycle"],"picked":"SKIP","floor":48}],"player_experience":1399717,"relics_obtained":[{"floor":9,"key":"StoneCalendar"},{"floor":12,"key":"Prayer Wheel"},{"floor":14,"key":"Bag of Preparation"},{"floor":23,"key":"InkBottle"},{"floor":25,"key":"Mummified Hand"},{"floor":26,"key":"The Courier"},{"floor":27,"key":"Symbiotic Virus"},{"floor":40,"key":"Cables"},{"floor":42,"key":"Lantern"},{"floor":43,"key":"HornCleat"},{"floor":44,"key":"Smiling Mask"},{"floor":46,"key":"Strawberry"}],"event_choices":[{"damage_healed":0,"gold_gain":275,"player_choice":"Desecrate","damage_taken":0,"max_hp_gain":0,"max_hp_loss":0,"event_name":"Golden Shrine","floor":2,"gold_loss":0,"cards_obtained":["Regret"]},{"damage_healed":0,"gold_gain":0,"player_choice":"Ignored","damage_taken":0,"max_hp_gain":0,"max_hp_loss":0,"event_name":"Vampires","floor":19,"gold_loss":0},{"damage_healed":0,"gold_gain":0,"player_choice":"Memory 3","damage_taken":10,"max_hp_gain":0,"max_hp_loss":0,"event_name":"SensoryStone","floor":37,"gold_loss":0},{"damage_healed":0,"gold_gain":0,"player_choice":"Paid","damage_taken":0,"relics_obtained":["Red Mask"],"max_hp_gain":0,"max_hp_loss":0,"event_name":"Tomb of Lord Red Mask","floor":38,"gold_loss":53},{"cards_removed":["Turbo"],"damage_healed":0,"gold_gain":0,"player_choice":"Removed Skill","damage_taken":0,"max_hp_gain":0,"max_hp_loss":0,"event_name":"Falling","floor":45,"gold_loss":0}],"is_beta":false,"boss_relics":[{"not_picked":["Runic Dome","SlaversCollar"],"picked":"Astrolabe"},{"not_picked":["Cursed Key","Tiny House"],"picked":"Busted Crown"}],"items_purged_floors":[3,47],"is_endless":false,"potions_floor_spawned":[5,7,10,12,14,20,23,28,31,33,40],"killed_by":"Awakened One","ascension_level":20}}