{"host":"nia1zwr35jsu5y7h","time":1612690587,"event":{"mods":["2.2 Compatiblity","Abigail Mod","Bard","BaseMod","Colored Map","Conspire","Downfall","Friendly Minions","Hermit","Highlight Path","Hubris","Infinite Spire","Kiyohime????","Koishi","Marisa????????","Minty Spire (QoL Compilation)","Quick Restart","Replay The Spire","Shade Mod","Shop Mod","StSLib","The Administrix","The Animator","The Construct","The Cursed","The Disciple","The Mystic","The Necromancer","The Servant 0.9.4"],"gold_per_floor":[110,110,110,260,185,185,110,136,136,147,181,181,208,223,223,223,223],"floor_reached":16,"language":"ENG","playtime":370,"items_purged":["mysticmod:Strike_Mystic","mysticmod:Defend_Mystic","mysticmod:Defend_Mystic"],"score":282,"play_id":"5c827fa9-4fbf-4255-81fe-4de246759bf8","local_time":"20210207013627","is_ascension_mode":true,"campfire_choices":[{"data":"infinitespire:Execution","floor":6,"key":"SMITH"},{"data":"mysticmod:Spellstrike","floor":12,"key":"SMITH"},{"floor":15,"key":"REST"}],"circlet_count":0,"master_deck":["AscendersBane","mysticmod:Strike_Mystic","mysticmod:Strike_Mystic","mysticmod:Strike_Mystic","mysticmod:Defend_Mystic","mysticmod:Defend_Mystic","mysticmod:ArcaneDodge","mysticmod:ShockingGrasp","mysticmod:PunishingArmor","infinitespire:Execution+1","mysticmod:PunishingArmor","mysticmod:Spellstrike+1","mysticmod:Flourish","mysticmod:MightyMagic","mysticmod:MagicWeapon"],"relics":["mysticmod:SpellBook","NeowsBlessing","hubris:KleinBottle","hubris:DisguiseKit","Pear","infinitespire:ShieldingShard","Replay:Baseball"],"acts_visited":["Exordium"],"potions_floor_usage":[13,16],"damage_taken":[{"damage":0,"enemies":"2 Louse","floor":1,"turns":1},{"damage":0,"enemies":"Gremlin Nob","floor":8,"turns":1},{"damage":0,"enemies":"Jaw Worm","floor":10,"turns":1},{"damage":8,"enemies":"Replay:BlueRogue","floor":11,"turns":5},{"damage":38,"enemies":"Gremlin Nob","floor":13,"turns":4},{"damage":0,"enemies":"Cultist","floor":14,"turns":3},{"damage":27,"enemies":"Slime Boss","floor":16,"turns":10}],"seed_played":"1543088356593630049","potions_obtained":[{"floor":1,"key":"Adrenaline Potion"},{"floor":14,"key":"LifebloodPotion"}],"is_trial":false,"path_per_floor":["M","?","$","?","?","R","$","E","T","M","E","R","E","M","R","B"],"character_chosen":"MYSTIC_CLASS","items_purchased":["hubris:KleinBottle"],"campfire_rested":1,"item_purchase_floors":[3],"current_hp_per_floor":[65,70,39,39,39,39,39,39,49,49,41,41,3,3,29,2,2],"gold":223,"neow_bonus":"THREE_ENEMY_KILL","is_daily":false,"chose_seed":false,"campfire_upgraded":2,"win_rate":0.0,"timestamp":1612690587,"path_taken":["M","?","?","?","?","R","$","E","T","M","E","R","E","M","R","BOSS"],"items_purchased_type":["Relic"],"build_version":"2020-12-22","purchased_purges":3,"victory":false,"max_hp_per_floor":[72,77,77,77,77,77,77,77,87,87,87,87,87,87,87,87,87],"card_choices":[{"not_picked":["mysticmod:ChargedParry","mysticmod:ComponentsPouch"],"picked":"mysticmod:PunishingArmor","floor":1},{"not_picked":["infinitespire:SealOfDarkness+","infinitespire:FinalStrike"],"picked":"infinitespire:Execution","floor":3},{"not_picked":["mysticmod:DiviningBlow","mysticmod:Shield"],"picked":"mysticmod:PunishingArmor","floor":8},{"not_picked":["mysticmod:Alacrity","mysticmod:PowerSlash","animator:LizardPriest"],"picked":"mysticmod:Spellstrike","floor":10},{"not_picked":["mysticmod:BladeMaster","mysticmod:EbbAndFlow","animator:Ara"],"picked":"mysticmod:Flourish","floor":11},{"not_picked":["mysticmod:TomeOfSpells","mysticmod:Flurry","animator:YunYun"],"picked":"mysticmod:MightyMagic","floor":13},{"not_picked":["mysticmod:EbbAndFlow","mysticmod:MirrorStrike","animator:Yuuichirou"],"picked":"mysticmod:MagicWeapon","floor":14}],"player_experience":2322926,"relics_obtained":[{"floor":8,"key":"hubris:DisguiseKit"},{"floor":9,"key":"Pear"},{"floor":11,"key":"infinitespire:ShieldingShard"},{"floor":13,"key":"Replay:Baseball"}],"event_choices":[{"damage_healed":0,"gold_gain":0,"player_choice":"Donut","damage_taken":0,"max_hp_gain":5,"max_hp_loss":0,"event_name":"Big Fish","floor":2,"gold_loss":0},{"damage_healed":0,"gold_gain":150,"player_choice":"AGREE","damage_taken":0,"max_hp_gain":0,"max_hp_loss":0,"event_name":"Liars Game","floor":4,"gold_loss":0,"cards_obtained":["Doubt"]},{"cards_removed":["Doubt"],"damage_healed":0,"gold_gain":0,"player_choice":"Card Removal","damage_taken":0,"max_hp_gain":0,"max_hp_loss":0,"event_name":"The Cleric","floor":5,"gold_loss":75}],"is_beta":false,"boss_relics":[],"items_purged_floors":[3,3,7],"is_endless":false,"potions_floor_spawned":[1,14],"killed_by":"Slime Boss","ascension_level":20}}