{"host":"epc8efk9vrywpcsw","time":1612722042,"event":{"mods":["BaseMod","Minty Spire (QoL Compilation)","Relic Stats","StSLib"],"gold_per_floor":[111,111,111,111,130,161,161,180,207,207,221,221,221,248,248,248,248],"floor_reached":16,"language":"ENG","playtime":338,"items_purged":[],"score":266,"play_id":"3a0ce337-5e45-43b4-9cd8-418b5624fcd8","local_time":"20210207192042","is_ascension_mode":true,"campfire_choices":[{"data":"Carnage","floor":7.0,"key":"SMITH"},{"data":"Double Tap","floor":13.0,"key":"SMITH"},{"data":"Intimidate","floor":15,"key":"SMITH"}],"circlet_count":0,"master_deck":["AscendersBane","Strike_R","Strike_R","Strike_R","Strike_R","Strike_R","Defend_R","Defend_R","Defend_R","Defend_R","Anger","Regret","Carnage+1","Rupture","Thunderclap","Intimidate+1","Double Tap+1"],"relics":["Burning Blood","NeowsBlessing","Art of War","Pen Nib","Darkstone Periapt","MealTicket","Meat on the Bone","Toxic Egg 2"],"acts_visited":["Exordium"],"potions_floor_usage":[14,16,16],"damage_taken":[{"damage":0.0,"enemies":"Small Slimes","floor":1.0,"turns":1.0},{"damage":0.0,"enemies":"2 Louse","floor":5.0,"turns":1.0},{"damage":0.0,"enemies":"Lagavulin","floor":6.0,"turns":1.0},{"damage":9.0,"enemies":"Cultist","floor":8.0,"turns":3.0},{"damage":16.0,"enemies":"Large Slime","floor":11.0,"turns":5.0},{"damage":41,"enemies":"Gremlin Nob","floor":14,"turns":4},{"damage":37,"enemies":"Hexaghost","floor":16,"turns":9}],"seed_played":"-4583592303063374154","potions_obtained":[{"floor":8.0,"key":"Dexterity Potion"},{"floor":11.0,"key":"BloodPotion"},{"floor":14,"key":"ElixirPotion"}],"is_trial":false,"path_per_floor":["M","$","?","?","M","E","R","M","T","?","M","T","R","E","R","B"],"character_chosen":"IRONCLAD","items_purchased":[],"campfire_rested":0,"item_purchase_floors":[],"current_hp_per_floor":[74,74,74,74,75,75,75,72,72,72,62,62,62,54,54,17,17],"gold":248,"neow_bonus":"THREE_ENEMY_KILL","is_daily":false,"chose_seed":false,"campfire_upgraded":3,"win_rate":0.0,"timestamp":1612722042,"path_taken":["M","$","?","?","M","E","R","?","T","?","?","?","R","E","R","BOSS"],"items_purchased_type":[],"build_version":"2020-12-22","purchased_purges":0,"victory":false,"max_hp_per_floor":[75,75,75,75,75,75,75,75,75,75,75,75,75,75,75,75,75],"relic_stats":{"Darkstone Periapt":0,"counters":[7,24],"MealTicket":0,"Pen Nib":[4],"Art of War":[3],"obtain_stats":[{"Darkstone Periapt":6,"NeowsBlessing":0,"MealTicket":9,"Pen Nib":4,"Art of War":3,"Toxic Egg 2":14,"Burning Blood":0,"Meat on the Bone":12},{"Darkstone Periapt":3,"NeowsBlessing":0,"MealTicket":4,"Pen Nib":1,"Art of War":1,"Toxic Egg 2":6,"Burning Blood":0,"Meat on the Bone":5},{"Darkstone Periapt":3,"NeowsBlessing":0,"MealTicket":6,"Pen Nib":1,"Art of War":1,"Toxic Egg 2":15,"Burning Blood":0,"Meat on the Bone":11}],"Burning Blood":25,"Meat on the Bone":12},"card_choices":[{"not_picked":["Second Wind","Perfected Strike"],"picked":"Anger","floor":1.0},{"not_picked":["Bloodletting","Infernal Blade"],"picked":"Carnage","floor":5.0},{"not_picked":["Body Slam","Clothesline"],"picked":"Rupture","floor":6.0},{"not_picked":["Clash","Clothesline"],"picked":"Thunderclap","floor":8.0},{"not_picked":["Headbutt","Havoc"],"picked":"Double Tap","floor":11.0},{"not_picked":["Clothesline","Inflame","Juggernaut"],"picked":"SKIP","floor":14}],"player_experience":494523,"relics_obtained":[{"floor":4.0,"key":"Pen Nib"},{"floor":6.0,"key":"Darkstone Periapt"},{"floor":9.0,"key":"MealTicket"},{"floor":12.0,"key":"Meat on the Bone"},{"floor":14,"key":"Toxic Egg 2"}],"event_choices":[{"damage_healed":0.0,"max_hp_gain":0.0,"max_hp_loss":0.0,"gold_gain":0.0,"event_name":"Big Fish","player_choice":"Box","floor":3.0,"gold_loss":0.0,"damage_taken":0.0,"relics_obtained":["Art of War"],"cards_obtained":["Regret"]},{"damage_healed":0.0,"max_hp_gain":0.0,"max_hp_loss":0.0,"gold_gain":0.0,"event_name":"Wheel of Change","player_choice":"Relic","floor":4.0,"gold_loss":0.0,"damage_taken":0.0},{"damage_healed":0.0,"max_hp_gain":0.0,"max_hp_loss":0.0,"gold_gain":0.0,"cards_transformed":["Bash"],"event_name":"Transmorgrifier","player_choice":"Transformed","floor":10.0,"gold_loss":0.0,"damage_taken":0.0,"cards_obtained":["Intimidate"]}],"is_beta":false,"boss_relics":[],"items_purged_floors":[],"is_endless":false,"potions_floor_spawned":[8,11,14],"killed_by":"Hexaghost","ascension_level":20}}