{"host":"92wx9z21c4p52du4","time":1612677503,"event":{"mods":["Arknights","BaseMod","Infinite Spire","Lobotomy","Minty Spire (QoL Compilation)","Reliquary","Robot Space Explorer","StSLib","The Blue Laboratory","The Disciple","The Jungle","The Runesmith","TheSurvivalist"],"gold_per_floor":[269,269,43,63,81,81,81],"floor_reached":6,"language":"ENG","playtime":303,"items_purged":[],"score":36,"play_id":"80af4a91-5cd4-4e74-9489-cc8e5f0b5c6f","local_time":"20210206235823","is_ascension_mode":false,"campfire_choices":[],"circlet_count":0,"master_deck":["Runesmith:Strike_RS","Runesmith:Strike_RS","Runesmith:Strike_RS","Runesmith:Strike_RS","Runesmith:Defend_RS","Runesmith:Defend_RS","Runesmith:Defend_RS","Runesmith:Defend_RS","Runesmith:CraftFirestone","Runesmith:Fortify","Rudolta","Runesmith:CraftSpiculum","Runesmith:Firestorm","SpiderBud","Runesmith:Discharge","UniverseFragment","Runesmith:LithiumIon"],"relics":["Runesmith:BrokenRuby","CogitoBucket","Boot"],"acts_visited":["Exordium"],"potions_floor_usage":[6,6],"damage_taken":[{"damage":0,"enemies":"Cultist","floor":1,"turns":4},{"damage":3,"enemies":"Small Slimes","floor":4,"turns":4},{"damage":12,"enemies":"2 Louse","floor":5,"turns":3},{"damage":54,"enemies":"Gremlin Nob","floor":6,"turns":5}],"seed_played":"-8270471833361635262","potions_obtained":[{"floor":1,"key":"FearPotion"},{"floor":5,"key":"blueLaboratory:BottleOfRum"}],"is_trial":false,"path_per_floor":["M","?","$","M","M","E"],"character_chosen":"RUNESMITH_CLASS","items_purchased":["Boot","Runesmith:Firestorm"],"campfire_rested":0,"item_purchase_floors":[3,3],"current_hp_per_floor":[70,63,63,60,48,0,0],"gold":81,"neow_bonus":"","is_daily":false,"chose_seed":false,"campfire_upgraded":0,"win_rate":0.0,"timestamp":1612677503,"path_taken":["M","?","$","M","M","E"],"items_purchased_type":["Relic","Card"],"build_version":"2020-12-22","purchased_purges":0,"victory":false,"max_hp_per_floor":[70,70,70,70,70,70,70],"card_choices":[{"not_picked":["OldLady","Murderer","BeautyBeast"],"picked":"Singing Bowl","floor":1},{"not_picked":["BeautyBeast","MeatLantern"],"picked":"Rudolta","floor":1},{"not_picked":["Runesmith:RuneHurl","Runesmith:Empowerment"],"picked":"Runesmith:CraftSpiculum","floor":1},{"not_picked":["UniverseFragment","BeautyBeast","FairyFestival"],"picked":"Singing Bowl","floor":4},{"not_picked":["Scarecrow","LongBird"],"picked":"SpiderBud","floor":4},{"not_picked":["Runesmith:UnstableHammer","Runesmith:Overpower"],"picked":"Runesmith:Discharge","floor":4},{"not_picked":["Wellcheers","Woodsman","Bloodbath"],"picked":"Singing Bowl","floor":5},{"not_picked":["Freischutz","Bloodbath"],"picked":"UniverseFragment","floor":5},{"not_picked":["Runesmith:RunicBlueprint","Runesmith:CraftProtectio"],"picked":"Runesmith:LithiumIon","floor":5}],"player_experience":203984,"relics_obtained":[],"event_choices":[{"damage_healed":0,"gold_gain":0,"player_choice":"Damaged","damage_taken":7,"max_hp_gain":0,"max_hp_loss":0,"event_name":"Wheel of Change","floor":2,"gold_loss":0}],"is_beta":false,"boss_relics":[],"items_purged_floors":[],"is_endless":false,"potions_floor_spawned":[1,5],"killed_by":"Gremlin Nob","ascension_level":0}}