{"host":"2zjdcgw4be5n15ja","time":1612699585,"event":{"mods":["AchievementEnabler","BaseMod","Better Skull","Better Third Choice","BetterRewards","Block Reminder","Colored Powertips","Hermit","Marisa????????","Marked Mod","Minty Spire (QoL Compilation)","Poor People Problems","Quick Restart","Rare Cards Sparkle","Reimu??????","Relic Stats","Reliquary","StSLib","The Runesmith","The Senshi","TheFirefly","Yakumo Yukari mod"],"gold_per_floor":[117,127,142,217,177,177,212,212,259,271,271,289,254,272,272,369,369,387,48,48,60,60,80,80,93,165,176,196,196,196],"floor_reached":29,"language":"ENG","playtime":4000,"items_purged":[],"score":254,"play_id":"4100f75d-c038-443e-a644-d8b4b18e9f09","local_time":"20210208010625","is_ascension_mode":false,"campfire_choices":[{"floor":6.0,"key":"RECALL"},{"floor":8.0,"key":"REST"},{"floor":15.0,"key":"REST"},{"floor":24.0,"key":"REST"}],"circlet_count":0,"master_deck":["Strike_Lin:ReiMu","Strike_Lin:ReiMu","Strike_Lin:ReiMu","Strike_Lin:ReiMu","Defend_Lin:ReiMu","Defend_Lin:ReiMu","Defend_Lin:ReiMu","Defend_Lin:ReiMu","NB:ReiMu","Stagnation:ReiMu","OrbThrow:ReiMu","FoulBorder2:ReiMu","Dreaming2:ReiMu+1","SubcavityInstant:ReiMu","YinYangSange:ReiMu+1","LovePray:ReiMu","UniversalSpiritual:ReiMu","SpiritualOutbreak2:ReiMu+1","Conquer:ReiMu","Amulet:ReiMu","TightArray:ReiMu","MikOfLucky:ReiMu","Writhe","FineLineFantasy:ReiMu","MountainWay:ReiMu","SubAcupoint:ReiMu+1","ShadowOfCrow2:ReiMu","UniversalSpiritual:ReiMu"],"relics":["FlyPower:ReiMu","PaintedHorse:ReiMu","Toy Ornithopter","SlaversCollar","RuthlessExorcism:ReiMu","Art of War","Eternal Feather"],"acts_visited":["Exordium","TheCity"],"potions_floor_usage":[28],"damage_taken":[{"damage":7.0,"enemies":"Cultist","floor":1.0,"turns":5.0},{"damage":0.0,"enemies":"Small Slimes","floor":2.0,"turns":4.0},{"damage":0.0,"enemies":"Jaw Worm","floor":3.0,"turns":4.0},{"damage":4.0,"enemies":"Gremlin Nob","floor":7.0,"turns":3.0},{"damage":9.0,"enemies":"3 Louse","floor":10.0,"turns":3.0},{"damage":10.0,"enemies":"Looter","floor":12.0,"turns":3.0},{"damage":9.0,"enemies":"Red Slaver","floor":14.0,"turns":5.0},{"damage":52.0,"enemies":"The Guardian","floor":16.0,"turns":9.0},{"damage":5.0,"enemies":"3 Byrds","floor":18.0,"turns":7.0},{"damage":0.0,"enemies":"Chosen","floor":21.0,"turns":6.0},{"damage":36.0,"enemies":"Shelled Parasite and Fungi","floor":23.0,"turns":6.0},{"damage":23,"enemies":"Snecko","floor":25,"turns":6},{"damage":28,"enemies":"Centurion and Healer","floor":27,"turns":9},{"damage":22,"enemies":"Snake Plant","floor":28,"turns":6},{"damage":8,"enemies":"Sentry and Sphere","floor":29,"turns":3}],"seed_played":"3487627544613129568","potions_obtained":[{"floor":1.0,"key":"SkillPotion"},{"floor":7.0,"key":"FearPotion"},{"floor":14.0,"key":"ColorlessPotion"},{"floor":18.0,"key":"LiquidMemories"},{"floor":27,"key":"SpeedPotion"}],"is_trial":false,"path_per_floor":["M","M","M","?","?","R","E","R","T","M","?","M","?","M","R","B",null,"M","$","?","M","?","M","R","M","T","M","M","M"],"character_chosen":"REIMU","items_purchased":["Conquer:ReiMu","Amulet:ReiMu","TightArray:ReiMu","RuthlessExorcism:ReiMu","MikOfLucky:ReiMu"],"campfire_rested":3,"item_purchase_floors":[19,19,19,19,19],"current_hp_per_floor":[64,64,64,53,53,53,49,70,70,61,47,37,54,45,66,19,71,66,66,66,66,81,50,74,51,51,23,6,0,0],"gold":196,"neow_bonus":"TEN_PERCENT_HP_BONUS","is_daily":false,"chose_seed":false,"campfire_upgraded":0,"win_rate":0.0,"timestamp":1612699585,"path_taken":["M","M","M","?","?","R","E","R","T","M","?","M","?","M","R","BOSS","M","$","?","M","?","M","R","M","T","M","M","?"],"items_purchased_type":["Card","Card","Card","Relic","Card"],"build_version":"2020-12-22","purchased_purges":0,"victory":false,"max_hp_per_floor":[71,71,71,71,71,71,71,71,71,71,71,71,71,71,71,71,71,71,71,71,71,81,81,81,81,81,81,81,81,81],"relic_stats":{"counters":[15,79],"Eternal Feather":0,"Art of War":[6],"obtain_stats":[{"SlaversCollar":17,"PaintedHorse:ReiMu":5,"Eternal Feather":26,"Art of War":20,"FlyPower:ReiMu":0,"Toy Ornithopter":7,"RuthlessExorcism:ReiMu":19},{"SlaversCollar":8,"PaintedHorse:ReiMu":3,"Eternal Feather":12,"Art of War":9,"FlyPower:ReiMu":0,"Toy Ornithopter":4,"RuthlessExorcism:ReiMu":9},{"SlaversCollar":36,"PaintedHorse:ReiMu":13,"Eternal Feather":61,"Art of War":43,"FlyPower:ReiMu":0,"Toy Ornithopter":16,"RuthlessExorcism:ReiMu":43}],"Toy Ornithopter":15},"card_choices":[{"not_picked":["YinYangSign:ReiMu","ForcedLanding:ReiMu"],"picked":"OrbThrow:ReiMu","floor":1.0},{"not_picked":["OrbThrow:ReiMu","FantasyMoon:ReiMu"],"picked":"FoulBorder2:ReiMu","floor":2.0},{"not_picked":["WonderfulDomain:ReiMu","Amulet:ReiMu"],"picked":"Dreaming2:ReiMu","floor":3.0},{"not_picked":["WonderfulDomain:ReiMu","Intuition:ReiMu"],"picked":"SubcavityInstant:ReiMu","floor":7.0},{"not_picked":["Enchanting:ReiMu","SafetyPray:ReiMu"],"picked":"YinYangSange:ReiMu","floor":10.0},{"not_picked":["Amulet:ReiMu","RainPray2:ReiMu"],"picked":"LovePray:ReiMu","floor":12.0},{"not_picked":["UpKicking:ReiMu","NineCharacters:ReiMu"],"picked":"UniversalSpiritual:ReiMu","floor":14.0},{"not_picked":["RunawayExorcism:ReiMu","Shading:ReiMu"],"picked":"BlastKick2:ReiMu","floor":16.0},{"not_picked":["FoulBorder2:ReiMu","RainPray2:ReiMu"],"picked":"SpiritualOutbreak2:ReiMu+1","floor":18.0},{"not_picked":["SpreadBorder2:ReiMu","MountainWay:ReiMu"],"picked":"FineLineFantasy:ReiMu","floor":21.0},{"not_picked":["SubcavityInstant:ReiMu","Meditation:ReiMu"],"picked":"MountainWay:ReiMu","floor":23.0},{"not_picked":["YinYangSign:ReiMu+1","SubcavityInstant:ReiMu"],"picked":"SubAcupoint:ReiMu+1","floor":25},{"not_picked":["YinYangSign:ReiMu","Enchanting:ReiMu"],"picked":"ShadowOfCrow2:ReiMu","floor":27},{"not_picked":["SubcavityInstant:ReiMu","EmergencyTakeOff:ReiMu"],"picked":"UniversalSpiritual:ReiMu","floor":28}],"player_experience":413114,"relics_obtained":[{"floor":7.0,"key":"Toy Ornithopter"},{"floor":26,"key":"Eternal Feather"}],"event_choices":[{"damage_healed":0.0,"max_hp_gain":0.0,"max_hp_loss":0.0,"gold_gain":75.0,"event_name":"betterThird:BetterGoop","player_choice":"Gold","floor":4.0,"gold_loss":0.0,"damage_taken":11.0},{"damage_healed":0.0,"max_hp_gain":0.0,"max_hp_loss":0.0,"gold_gain":0.0,"event_name":"yidonshenshe","player_choice":"Donate","floor":5.0,"gold_loss":40.0,"damage_taken":0.0,"relics_obtained":["PaintedHorse:ReiMu"]},{"damage_healed":61.0,"max_hp_gain":0.0,"max_hp_loss":71.0,"gold_gain":0.0,"event_name":"betterThird:BetterShining","player_choice":"Upgrade","floor":11.0,"gold_loss":0.0,"damage_taken":14.0,"cards_upgraded":["Dreaming2:ReiMu","YinYangSange:ReiMu"]},{"damage_healed":17.0,"max_hp_gain":0.0,"max_hp_loss":0.0,"gold_gain":0.0,"event_name":"The Cleric","player_choice":"Healed","floor":13.0,"gold_loss":35.0,"damage_taken":0.0},{"damage_healed":0.0,"max_hp_gain":0.0,"max_hp_loss":0.0,"gold_gain":0.0,"event_name":"The Mausoleum","player_choice":"Opened","floor":20.0,"gold_loss":0.0,"damage_taken":0.0,"relics_obtained":["Art of War"],"cards_obtained":["Writhe"]},{"cards_removed":["BlastKick2:ReiMu"],"damage_healed":5.0,"max_hp_gain":10.0,"max_hp_loss":0.0,"gold_gain":0.0,"event_name":"Bonfire Elementals","player_choice":"Offered Rare","floor":22.0,"gold_loss":0.0,"damage_taken":0.0}],"is_beta":false,"boss_relics":[{"not_picked":["reliquary:KinkedSpring","Runesmith:UraniumAnvil"],"picked":"SlaversCollar"}],"items_purged_floors":[],"is_endless":false,"potions_floor_spawned":[1,7,14,18,27],"killed_by":"Sentry and Sphere","ascension_level":0}}