{"host":"dcj2yvrgcvh5dl2s","time":1612673315,"event":{"mods":["BaseMod","Bestiary","Better Note","Block Reminder","Colored Powertips","Curses Come First","DeckTracker","Minty Spire (QoL Compilation)","Quick Restart","Rare Cards Sparkle","Relic Stats","StSLib"],"gold_per_floor":[362,362,35,54,54,54,54],"floor_reached":6,"language":"ENG","playtime":123,"items_purged":[],"score":67,"play_id":"6ad69ceb-efaf-4f11-b101-cde89ab7bb74","local_time":"20210207144835","is_ascension_mode":true,"campfire_choices":[],"circlet_count":0,"master_deck":["AscendersBane","Strike_R","Strike_R","Strike_R","Strike_R","Strike_R","Defend_R","Defend_R","Defend_R","Defend_R","Bash","True Grit","Shrug It Off","Cleave","Pain"],"relics":["Burning Blood","Spirit Poop","Pantograph","WarpedTongs"],"acts_visited":["Exordium"],"potions_floor_usage":[],"damage_taken":[{"damage":16,"enemies":"Jaw Worm","floor":1,"turns":3},{"damage":11,"enemies":"Cultist","floor":4,"turns":4},{"damage":26,"enemies":"Lagavulin","floor":6,"turns":7}],"seed_played":"-6310380916233138158","potions_obtained":[],"is_trial":false,"path_per_floor":["M","?","$","M","?","E"],"character_chosen":"IRONCLAD","items_purchased":["Pantograph","Shrug It Off"],"campfire_rested":0,"item_purchase_floors":[3,3],"current_hp_per_floor":[58,58,58,53,53,27,27],"gold":54,"neow_bonus":"TWO_FIFTY_GOLD","is_daily":false,"chose_seed":false,"campfire_upgraded":0,"win_rate":0.0,"timestamp":1612673315,"path_taken":["M","?","$","?","?","E"],"items_purchased_type":["Relic","Card"],"build_version":"2020-12-22","purchased_purges":0,"victory":false,"max_hp_per_floor":[75,75,75,75,75,75,75],"relic_stats":{"counters":[3,14],"Pantograph":0,"obtain_stats":[{"Pantograph":3,"Spirit Poop":2,"Burning Blood":0,"WarpedTongs":5},{"Pantograph":1,"Spirit Poop":1,"Burning Blood":0,"WarpedTongs":2},{"Pantograph":3,"Spirit Poop":3,"Burning Blood":0,"WarpedTongs":7}],"Burning Blood":12,"WarpedTongs":[7]},"card_choices":[{"not_picked":["Sever Soul","Hemokinesis"],"picked":"True Grit","floor":1},{"not_picked":["Perfected Strike","Hemokinesis"],"picked":"Cleave","floor":4}],"player_experience":2331235,"relics_obtained":[],"event_choices":[{"cards_removed":["Regret"],"damage_healed":0,"gold_gain":0,"player_choice":"Offered Curse","damage_taken":0,"relics_obtained":["Spirit Poop"],"max_hp_gain":0,"max_hp_loss":0,"event_name":"Bonfire Elementals","floor":2,"gold_loss":0},{"damage_healed":0,"gold_gain":0,"player_choice":"Rummage","damage_taken":0,"relics_obtained":["WarpedTongs"],"max_hp_gain":0,"max_hp_loss":0,"event_name":"Accursed Blacksmith","floor":5,"gold_loss":0,"cards_obtained":["Pain"]}],"is_beta":false,"boss_relics":[],"items_purged_floors":[],"is_endless":false,"potions_floor_spawned":[],"killed_by":"Lagavulin","ascension_level":20}}