{"host":"65a95dzim48ko8ke","time":1612696216,"event":{"mods":["AchievementEnabler","Aspiration","BaseMod","Block Reminder","Bossed Relics","Colored Powertips","Conspire","Curses Come First","DeckTracker","Energized Spire","Halation","Hubris","Jedi Mod","Minty Spire (QoL Compilation)","MostiFishMod","Permanent Neow","Quick Restart","Random Character Button","Rare Cards Sparkle","Relic Sorter","Reliquary","Replay The Spire","RumiaBox-òIïƒ?ìIê_îÈ·¥éq","Spicy Shops","StSLib","Synergy Search","TestMod","The Blue Laboratory","The IronCluck","Trackpad","Åy?ï®?îvÅzREMEMod"],"gold_per_floor":[112,112,124,124,138,167,167,194,262,262,294,294,294,312,312,414,414,427,443,443,454,474,474,501,33,81,98,108,134,134,134,134,236,236,253,9,21,33,33,33,48,73,73,130,141,0,50,85,85,85],"floor_reached":51,"language":"ENG","playtime":2750,"items_purged":["Strike_P","Hallucinations"],"score":1366,"play_id":"8a502537-4d1a-419a-a3ef-390f57d7e1c5","local_time":"20210207201016","is_ascension_mode":true,"campfire_choices":[{"data":"Eruption","floor":7,"key":"SMITH"},{"floor":10,"key":"REST"},{"data":"Vigilance","floor":15,"key":"SMITH"},{"data":"DeceiveReality","floor":23,"key":"SMITH"},{"data":"ThirdEye","floor":32,"key":"SMITH"},{"data":"MostiFishMod:Disappear","floor":40,"key":"SMITH"},{"floor":49,"key":"REST"}],"circlet_count":0,"master_deck":["Strike_P","Strike_P","Defend_P","Defend_P","Defend_P","Defend_P","Eruption+1","Vigilance+1","Flying Knee","FollowUp","FollowUp","Vault+1","DeceiveReality+1","BowlingBash","Replay:AllIn","Alpha+1","JustLucky","FearNoEvil","FollowUp","FlurryOfBlows","Tantrum","testmod-PowerStrike","Consecrate+1","ThirdEye+1","FearNoEvil+1","MostiFishMod:Disappear+1","FlurryOfBlows","Vault+1","Evaluate+1","MostiFishMod:Nomercy+1","ClearTheMind+1","ReplayTheSpireMod:Faulty Equipment","Voices","Omniscience","TalkToTheHand+1","FlurryOfBlows","JustLucky","EmptyMind+1"],"relics":["PureWater","testmod-TestBox","REME_ComplimentaryCards","DaveBox","Replay:M_StaffOfTheSnake","hubris:EvacipatedBox","Anchor","PreservedInsect","Onion Ring","halation:AfternoonTea","Cursed Key","Pen Nib","ChiLing","Chi","Ling","reliquary:PartyBalloon","Juzu Bracelet","hubris:VirtuousBlindfold","DollysMirror","Ccalipers","jedi:crownofsimplicity","Red Mask","jedi:firstaidkit","aspiration:HummingbirdHeart"],"acts_visited":["Exordium","TheCity","TheBeyond"],"potions_floor_usage":[6,50,50],"damage_taken":[{"damage":0,"enemies":"Jaw Worm","floor":1,"turns":3},{"damage":0,"enemies":"Cultist","floor":3,"turns":2},{"damage":2,"enemies":"2 Louse","floor":5,"turns":3},{"damage":25,"enemies":"Lagavulin","floor":6,"turns":8},{"damage":0,"enemies":"Gremlin Nob","floor":8,"turns":2},{"damage":0,"enemies":"3 Sentries","floor":11,"turns":4},{"damage":0,"enemies":"2 Fungi Beasts","floor":14,"turns":2},{"damage":6,"enemies":"The Guardian","floor":16,"turns":9},{"damage":0,"enemies":"Spheric Guardian","floor":18,"turns":1},{"damage":0,"enemies":"2 Thieves","floor":19,"turns":4},{"damage":0,"enemies":"Sentry and Sphere","floor":21,"turns":2},{"damage":10,"enemies":"Snake Plant","floor":22,"turns":4},{"damage":16,"enemies":"Book of Stabbing","floor":24,"turns":4},{"damage":1,"enemies":"Snecko","floor":27,"turns":3},{"damage":0,"enemies":"Centurion and Healer","floor":28,"turns":3},{"damage":1,"enemies":"Replay:Snechameleon","floor":29,"turns":1},{"damage":1,"enemies":"Champ","floor":33,"turns":2},{"damage":1,"enemies":"3 Darklings","floor":35,"turns":2},{"damage":0,"enemies":"Orb Walker","floor":37,"turns":2},{"damage":2,"enemies":"Jaw Worm Horde","floor":38,"turns":2},{"damage":3,"enemies":"Transient","floor":41,"turns":5},{"damage":2,"enemies":"Giant Head","floor":42,"turns":3},{"damage":3,"enemies":"4 Shapes","floor":45,"turns":2},{"damage":0,"enemies":"Mind Bloom Boss Battle","floor":47,"turns":3},{"damage":12,"enemies":"R_Hoarder","floor":48,"turns":5},{"damage":15,"enemies":"Donu and Deca","floor":50,"turns":4}],"seed_played":"5555631919706414092","potions_obtained":[{"floor":3,"key":"GamblersBrew"},{"floor":8,"key":"blueLaboratory:PolymorphPotion"},{"floor":16,"key":"Ambrosia"},{"floor":19,"key":"testmod-EscapePotion"},{"floor":21,"key":"blueLaboratory:BottleOfRum"},{"floor":22,"key":"SpeedPotion"},{"floor":29,"key":"blueLaboratory:BottleOfVodka"},{"floor":38,"key":"blueLaboratory:EnragingPotion"}],"is_trial":false,"path_per_floor":["M","?","M","$","M","E","R","E","T","R","E","?","?","M","R","B",null,"M","M","?","M","M","R","E","$","T","M","M","E","?","?","R","B",null,"M","$","M","M","?","R","M","E","T","?","M","?","?","E","R","B",null],"character_chosen":"WATCHER","items_purchased":["hubris:EvacipatedBox","ChiLing","Tantrum","testmod-PowerStrike","DollysMirror"],"campfire_rested":2,"item_purchase_floors":[4,25,25,25,36],"current_hp_per_floor":[65,65,65,46,44,19,19,19,19,40,40,40,40,40,40,34,63,63,63,63,63,53,53,37,37,37,36,36,35,35,35,35,34,63,62,62,62,60,60,60,57,55,55,55,52,52,52,42,63,61],"gold":85,"neow_bonus":"NOSTALGIA","is_daily":false,"chose_seed":false,"campfire_upgraded":5,"win_rate":0.0,"timestamp":1612696216,"path_taken":["M","?","?","?","?","E","R","E","T","R","E","?","?","M","R","BOSS","M","?","?","M","M","R","E","$","T","M","?","E","?","?","R","BOSS","M","$","M","M","?","R","M","E","T","?","M","?","?","E","R","BOSS"],"items_purchased_type":["Relic","Relic","Card","Card","Relic"],"build_version":"2020-12-22","purchased_purges":2,"victory":true,"max_hp_per_floor":[72,72,72,72,72,72,72,72,72,72,72,72,72,72,72,72,72,72,72,72,72,72,72,72,72,72,72,72,72,72,72,72,72,72,72,72,72,72,72,72,72,72,72,72,72,72,72,72,72,72],"card_choices":[{"not_picked":["CutThroughFate","ClearTheMind"],"picked":"Flying Knee","floor":1},{"not_picked":["BowlingBash","EmptyBody"],"picked":"FollowUp","floor":3},{"not_picked":["CrushJoints","Replay:BluntJabs"],"picked":"FollowUp","floor":5},{"not_picked":["MostiFishMod:StarWish","CrushJoints"],"picked":"Vault","floor":6},{"not_picked":["WreathOfFlame","CutThroughFate"],"picked":"DeceiveReality","floor":8},{"not_picked":["Acrobatics","Replay:Battleflow"],"picked":"BowlingBash","floor":11},{"not_picked":["Collect","CarveReality","CrushJoints"],"picked":"SKIP","floor":14},{"not_picked":["Night Terror","Die Die Die"],"picked":"Alpha","floor":16},{"not_picked":["REME_Repentance+1","InnerPeace+1"],"picked":"JustLucky","floor":18},{"not_picked":["MostiFishMod:Clarity","REME_MusicOfDeath","Crescendo"],"picked":"SKIP","floor":19},{"not_picked":["SashWhip","Weave"],"picked":"FearNoEvil","floor":21},{"not_picked":["Study+1","PathToVictory"],"picked":"FollowUp","floor":22},{"not_picked":["Devotion","Collect"],"picked":"FlurryOfBlows","floor":24},{"not_picked":["CrushJoints","CutThroughFate+1"],"picked":"Consecrate+1","floor":27},{"not_picked":["MostiFishMod:LegendTransform+1","CutThroughFate"],"picked":"ThirdEye","floor":28},{"not_picked":["Replay:Vibes","WaveOfTheHand"],"picked":"FearNoEvil+1","floor":29},{"not_picked":["Judgement","LessonLearned"],"picked":"MostiFishMod:Disappear","floor":33},{"not_picked":["ThirdEye","FollowUp+1"],"picked":"FlurryOfBlows","floor":35},{"not_picked":["Replay:BluntJabs+1","BattleHymn","FlyingSleeves+1"],"picked":"SKIP","floor":37},{"not_picked":["SashWhip","WindmillStrike"],"picked":"Evaluate+1","floor":38},{"not_picked":["Worship","Replay:AtTheReady"],"picked":"MostiFishMod:Nomercy+1","floor":41},{"not_picked":["Replay:BluntJabs","EmptyBody+1"],"picked":"ClearTheMind+1","floor":42},{"not_picked":["Replay:AtTheReady+1","FlyingSleeves"],"picked":"Omniscience","floor":44},{"not_picked":["FearNoEvil","CrushJoints+1"],"picked":"TalkToTheHand+1","floor":44},{"not_picked":["CrushJoints","PathToVictory"],"picked":"FlurryOfBlows","floor":45},{"not_picked":["ReachHeaven+1","BattleHymn+1"],"picked":"JustLucky","floor":47},{"not_picked":["InnerPeace+1","EmptyBody"],"picked":"EmptyMind+1","floor":48}],"player_experience":388179,"relics_obtained":[{"floor":6,"key":"Anchor"},{"floor":8,"key":"PreservedInsect"},{"floor":9,"key":"Onion Ring"},{"floor":11,"key":"halation:AfternoonTea"},{"floor":24,"key":"Pen Nib"},{"floor":26,"key":"reliquary:PartyBalloon"},{"floor":43,"key":"Ccalipers"},{"floor":44,"key":"jedi:crownofsimplicity"},{"floor":47,"key":"jedi:firstaidkit"},{"floor":48,"key":"aspiration:HummingbirdHeart"}],"event_choices":[{"cards_removed":["Strike_P"],"damage_healed":0,"gold_gain":0,"player_choice":"Purged","damage_taken":0,"max_hp_gain":0,"max_hp_loss":0,"event_name":"Purifier","floor":2,"gold_loss":0},{"damage_healed":0,"gold_gain":0,"player_choice":"1 cards matched","damage_taken":0,"max_hp_gain":0,"max_hp_loss":0,"event_name":"Match and Keep!","floor":13,"gold_loss":0,"cards_obtained":["Replay:AllIn"]},{"damage_healed":0,"gold_gain":0,"player_choice":"Upgraded","damage_taken":0,"max_hp_gain":0,"max_hp_loss":0,"event_name":"Upgrade Shrine","floor":20,"gold_loss":0,"cards_upgraded":["Alpha"]},{"damage_healed":0,"gold_gain":0,"player_choice":"Swap Relic","damage_taken":0,"relics_obtained":["Juzu Bracelet"],"max_hp_gain":0,"max_hp_loss":0,"event_name":"Box For Yourself","floor":31,"relics_lost":["aspiration:Nostalgia"],"gold_loss":0},{"damage_healed":0,"gold_gain":0,"player_choice":"Leave","damage_taken":0,"max_hp_gain":0,"max_hp_loss":0,"event_name":"conspire:Investor","floor":39,"gold_loss":0},{"damage_healed":0,"gold_gain":0,"player_choice":"Paid","damage_taken":0,"relics_obtained":["Red Mask"],"max_hp_gain":0,"max_hp_loss":0,"event_name":"Tomb of Lord Red Mask","floor":46,"gold_loss":141},{"damage_healed":0,"gold_gain":0,"player_choice":"Fight","damage_taken":0,"max_hp_gain":0,"max_hp_loss":0,"event_name":"MindBloom","floor":47,"gold_loss":0}],"is_beta":false,"boss_relics":[{"not_picked":["hubris:BlackHole","Black Star","Empty Cage"],"picked":"Cursed Key"},{"not_picked":["hubris:CrackedHourglass","halation:CatFaceCupcake","energizedSpire:MagnifyingGlass"],"picked":"hubris:VirtuousBlindfold"}],"items_purged_floors":[25,36],"is_endless":false,"potions_floor_spawned":[3,8,16,19,21,22,29,35,37,38],"ascension_level":9}}