{"host":"at5b10nm0iti0w4x","time":1612658089,"event":{"mods":["AchievementEnabler","BaseMod","Bestiary","Block Reminder","Colored Map","Colored Powertips","Highlight Path","Keyboard Shortcuts","Minty Spire (QoL Compilation)","Relic Stats","StSLib","SuperFastMode"],"gold_per_floor":[116,135,145,31,106,81,81,81,106,118,161,173,360,372,384,396,396],"floor_reached":16,"language":"ENG","playtime":794,"items_purged":[],"score":96,"play_id":"2482b7d6-bd60-4544-8820-3377990647cd","local_time":"20210206193449","is_ascension_mode":false,"campfire_choices":[{"data":"Genetic Algorithm","floor":7,"key":"SMITH"},{"data":"Streamline","floor":10,"key":"SMITH"},{"floor":12,"key":"REST"},{"floor":15,"key":"REST"}],"circlet_count":0,"master_deck":["Strike_B","Strike_B","Strike_B","Strike_B","Defend_B","Defend_B","Defend_B","Defend_B","Zap","Dualcast","Sweeping Beam","Self Repair","Streamline+1","Genetic Algorithm+1","Self Repair","Go for the Eyes","Doubt"],"relics":["Runic Dome","Frozen Egg 2","MawBank","PreservedInsect"],"acts_visited":["Exordium"],"potions_floor_usage":[],"damage_taken":[{"damage":5,"enemies":"Cultist","floor":1,"turns":4},{"damage":6,"enemies":"Jaw Worm","floor":2,"turns":2},{"damage":7,"enemies":"2 Louse","floor":3,"turns":2},{"damage":43,"enemies":"3 Sentries","floor":11,"turns":6},{"damage":68,"enemies":"Hexaghost","floor":16,"turns":11}],"seed_played":"-4490682155818100238","potions_obtained":[{"floor":3,"key":"Strength Potion"}],"is_trial":false,"path_per_floor":["M","M","M","$","?","$","R","T","T","R","E","R","?","$","R","B"],"character_chosen":"DEFECT","items_purchased":["Genetic Algorithm","Self Repair","Go for the Eyes"],"campfire_rested":2,"item_purchase_floors":[4,4,6],"current_hp_per_floor":[70,64,64,64,53,53,53,53,53,53,24,46,46,46,68,0,0],"gold":396,"neow_bonus":"BOSS_RELIC","is_daily":false,"chose_seed":false,"campfire_upgraded":2,"win_rate":0.0,"timestamp":1612658089,"path_taken":["M","M","?","?","?","$","R","?","T","R","E","R","?","$","R","BOSS"],"items_purchased_type":["Card","Card","Card"],"build_version":"2020-12-22","purchased_purges":0,"victory":false,"max_hp_per_floor":[75,75,75,75,75,75,75,75,75,75,75,75,75,75,75,75,75],"relic_stats":{"counters":[5,25],"PreservedInsect":0,"MawBank":84,"obtain_stats":[{"Runic Dome":0,"PreservedInsect":11,"Frozen Egg 2":8,"Cracked Core":0,"MawBank":9},{"Runic Dome":0,"PreservedInsect":4,"Frozen Egg 2":3,"Cracked Core":0,"MawBank":3},{"Runic Dome":0,"PreservedInsect":14,"Frozen Egg 2":8,"Cracked Core":0,"MawBank":8}]},"card_choices":[{"not_picked":["Lockon","Turbo"],"picked":"Sweeping Beam","floor":1},{"not_picked":["Go for the Eyes","Storm"],"picked":"Self Repair","floor":2},{"not_picked":["Rebound","Consume"],"picked":"Streamline","floor":3},{"not_picked":["Undo","Steam","Hologram"],"picked":"SKIP","floor":11}],"player_experience":62932,"relics_obtained":[{"floor":8,"key":"Frozen Egg 2"},{"floor":9,"key":"MawBank"},{"floor":11,"key":"PreservedInsect"}],"event_choices":[{"damage_healed":0,"gold_gain":75,"player_choice":"Gather Gold","damage_taken":11,"max_hp_gain":0,"max_hp_loss":0,"event_name":"World of Goop","floor":5,"gold_loss":0},{"damage_healed":0,"gold_gain":175,"player_choice":"AGREE","damage_taken":0,"max_hp_gain":0,"max_hp_loss":0,"event_name":"Liars Game","floor":13,"gold_loss":0,"cards_obtained":["Doubt"]}],"is_beta":false,"boss_relics":[],"items_purged_floors":[],"is_endless":false,"potions_floor_spawned":[3],"killed_by":"Hexaghost","ascension_level":0}}