{"host":"3z4ju2qnfrhpg6py","time":1612698994,"event":{"mods":["BaseMod","Colored Powertips","Decade(王小明)","Minty Spire (QoL Compilation)","RumiaBox-露米娅的神秘盒子","StSLib","【遗物卡牌】REMEMod"],"gold_per_floor":[112,112,112,132,144,144,179,129,129,145,145,165,165,165,165,265,265,283,53,78,78,78,78,78],"floor_reached":23,"language":"ZHS","playtime":1671,"items_purged":[],"score":187,"play_id":"2af90ca8-301e-412e-aa4e-8797cad73085","local_time":"20210207195634","is_ascension_mode":false,"campfire_choices":[{"data":"KamenRide","floor":6,"key":"SMITH"},{"data":"UnarmedAttack3","floor":11,"key":"SMITH"},{"data":"RideBooker_Skill_1","floor":13,"key":"SMITH"},{"data":"Decade_SpecialSkill","floor":15,"key":"SMITH"}],"circlet_count":0,"master_deck":["Decade_Attack","Decade_Attack","Decade_Attack","KamenRide+1","Decade_SpecialSkill+1","Decade_Defend","Decade_Defend","Decade_Defend","FormRide+1","Decade_Dash1","REME_EmptyShield","RideBooker_Skill_1+1","UnarmedAttack3+1"],"relics":["Decadriver","TOEIDeficitBill","REME_ComplimentaryCards","AddBug","SecretRecord","SecretRecord"],"acts_visited":["Exordium","TheCity"],"potions_floor_usage":[],"damage_taken":[{"damage":2,"enemies":"2 Louse","floor":1,"turns":3},{"damage":18,"enemies":"Small Slimes","floor":4,"turns":5},{"damage":7,"enemies":"Cultist","floor":5,"turns":5},{"damage":8,"enemies":"Lagavulin","floor":7,"turns":17},{"damage":8,"enemies":"2 Fungi Beasts","floor":10,"turns":5},{"damage":2,"enemies":"Blue Slaver","floor":12,"turns":6},{"damage":43,"enemies":"The Guardian","floor":16,"turns":12},{"damage":10,"enemies":"2 Thieves","floor":18,"turns":4},{"damage":11,"enemies":"Masked Bandits","floor":20,"turns":5},{"damage":2,"enemies":"REME_1_Revenger","floor":23,"turns":3}],"seed_played":"-951902648414599592","potions_obtained":[{"floor":1,"key":"LiquidBronze"},{"floor":7,"key":"Dexterity Potion"},{"floor":18,"key":"SteroidPotion"}],"is_trial":false,"path_per_floor":["M","?","?","M","M","R","E","?","T","M","R","M","R","?","R","B",null,"M","$","?","?","T","E"],"character_chosen":"Decade","items_purchased":["KamenRideDecade","FormRideAxel","DenO_Rod"],"campfire_rested":0,"item_purchase_floors":[19,19,19],"current_hp_per_floor":[77,77,70,66,59,59,51,51,51,63,63,61,61,61,61,18,77,67,67,56,56,56,54,54],"gold":78,"neow_bonus":"TEN_PERCENT_HP_BONUS","is_daily":false,"chose_seed":false,"campfire_upgraded":4,"win_rate":0.0,"timestamp":1612698994,"path_taken":["M","?","?","M","M","R","E","?","T","M","R","M","R","?","R","BOSS","M","$","?","?","?","E"],"items_purchased_type":["Card","Card","Card"],"build_version":"2020-12-22","purchased_purges":0,"victory":false,"max_hp_per_floor":[77,77,77,77,77,77,77,77,77,77,77,77,77,77,77,77,77,77,77,77,77,77,77,77],"card_choices":[{"not_picked":["FormRideFlame","DenO_Gun"],"picked":"FormRide","floor":1},{"not_picked":["Decade_Defend2","DenO_Sword"],"picked":"Decade_Dash1","floor":1},{"not_picked":["UnarmedAttack1","Decade_Illusion"],"picked":"RideBooker_Skill_1","floor":4},{"not_picked":["Hibiki_Attack3","DenO_Rod"],"picked":"UnarmedAttack3","floor":10}],"player_experience":645,"relics_obtained":[{"floor":1,"key":"AddBug"},{"floor":7,"key":"Frozen Egg 2"},{"floor":9,"key":"Pocketwatch"},{"floor":12,"key":"SecretRecord"},{"floor":20,"key":"Red Mask"},{"floor":22,"key":"REME_PuzzleBoxRelic"}],"event_choices":[{"damage_healed":0,"gold_gain":0,"player_choice":"Grow","damage_taken":0,"max_hp_gain":0,"max_hp_loss":0,"event_name":"Living Wall","floor":2,"gold_loss":0,"cards_upgraded":["FormRide"]},{"damage_healed":0,"gold_gain":0,"player_choice":"Success","damage_taken":7,"relics_obtained":["WingedGreaves"],"max_hp_gain":0,"max_hp_loss":0,"event_name":"Scrap Ooze","floor":3,"gold_loss":0},{"cards_removed":["Decade_Attack"],"damage_healed":0,"gold_gain":0,"player_choice":"Card Removal","damage_taken":0,"max_hp_gain":0,"max_hp_loss":0,"event_name":"The Cleric","floor":8,"gold_loss":50},{"cards_removed":["Decade_Defend"],"damage_healed":0,"gold_gain":0,"player_choice":"Purged","damage_taken":0,"max_hp_gain":0,"max_hp_loss":0,"event_name":"Purifier","floor":14,"gold_loss":0},{"damage_healed":0,"gold_gain":0,"player_choice":"Fought Bandits","damage_taken":0,"max_hp_gain":0,"max_hp_loss":0,"event_name":"Masked Bandits","floor":20,"gold_loss":0},{"damage_healed":0,"gold_gain":0,"player_choice":"Ignored","damage_taken":0,"max_hp_gain":0,"max_hp_loss":0,"event_name":"Vampires","floor":21,"gold_loss":0}],"is_beta":false,"boss_relics":[{"not_picked":["Runic Dome","Cursed Key"],"picked":"Sozu"}],"items_purged_floors":[],"is_endless":false,"potions_floor_spawned":[1,7,18],"killed_by":"REME_1_Revenger","ascension_level":0}}