{"host":"dcj2yvrgcvh5dl2s","time":1612673810,"event":{"mods":["BaseMod","Bestiary","Better Note","Block Reminder","Colored Powertips","Curses Come First","DeckTracker","Minty Spire (QoL Compilation)","Quick Restart","Rare Cards Sparkle","Relic Stats","StSLib"],"gold_per_floor":[117,117,117,267,281,322,340,383,383,383,414,414,432,473,473,473,473],"floor_reached":16,"language":"ENG","playtime":494,"items_purged":[],"score":356,"play_id":"93f2d433-0906-4d28-9e7f-bed4098850d7","local_time":"20210207145650","is_ascension_mode":true,"campfire_choices":[{"data":"Perfected Strike","floor":10,"key":"SMITH"},{"data":"Body Slam","floor":15,"key":"SMITH"}],"circlet_count":0,"master_deck":["AscendersBane","Strike_R","Strike_R","Strike_R","Strike_R","Strike_R","Defend_R","Defend_R+1","Defend_R+1","Defend_R","Bash","Perfected Strike+1","Regret","Doubt","Perfected Strike","Body Slam+1","Perfected Strike","Exhume","Parasite","Heavy Blade","Feed"],"relics":["Burning Blood","NeowsBlessing","Golden Idol","Bag of Marbles","Meat on the Bone","War Paint","Dream Catcher","Regal Pillow","PreservedInsect"],"acts_visited":["Exordium"],"potions_floor_usage":[14,14],"damage_taken":[{"damage":0,"enemies":"Jaw Worm","floor":1,"turns":1},{"damage":0,"enemies":"Small Slimes","floor":5,"turns":1},{"damage":0,"enemies":"3 Sentries","floor":6,"turns":2},{"damage":4,"enemies":"Cultist","floor":7,"turns":3},{"damage":8,"enemies":"Gremlin Nob","floor":8,"turns":3},{"damage":37,"enemies":"3 Sentries","floor":11,"turns":9},{"damage":6,"enemies":"3 Louse","floor":13,"turns":4},{"damage":2,"enemies":"Lagavulin","floor":14,"turns":4},{"damage":60,"enemies":"The Guardian","floor":16,"turns":7}],"seed_played":"-7222323062783790982","potions_obtained":[{"floor":7,"key":"Energy Potion"},{"floor":11,"key":"Energy Potion"}],"is_trial":false,"path_per_floor":["M","?","?","?","M","E","M","E","T","R","E","?","M","E","R","B"],"character_chosen":"IRONCLAD","items_purchased":[],"campfire_rested":0,"item_purchase_floors":[],"current_hp_per_floor":[74,48,48,48,54,60,62,60,60,60,41,59,59,63,63,3,3],"gold":473,"neow_bonus":"THREE_ENEMY_KILL","is_daily":false,"chose_seed":false,"campfire_upgraded":2,"win_rate":0.0,"timestamp":1612673810,"path_taken":["M","?","?","?","M","E","M","E","T","R","E","?","?","E","R","BOSS"],"items_purchased_type":[],"build_version":"2020-12-22","purchased_purges":0,"victory":false,"max_hp_per_floor":[75,75,75,75,75,75,75,75,75,75,75,75,75,75,75,75,75],"relic_stats":{"Dream Catcher":0,"Regal Pillow":0,"counters":[9,34],"Golden Idol":42,"PreservedInsect":0,"War Paint":["Defend_R","Defend_R"],"obtain_stats":[{"Dream Catcher":9,"Regal Pillow":11,"NeowsBlessing":0,"Golden Idol":2,"PreservedInsect":14,"Bag of Marbles":3,"War Paint":8,"Burning Blood":0,"Meat on the Bone":6},{"Dream Catcher":5,"Regal Pillow":6,"NeowsBlessing":0,"Golden Idol":1,"PreservedInsect":8,"Bag of Marbles":1,"War Paint":5,"Burning Blood":0,"Meat on the Bone":3},{"Dream Catcher":10,"Regal Pillow":19,"NeowsBlessing":0,"Golden Idol":1,"PreservedInsect":27,"Bag of Marbles":1,"War Paint":10,"Burning Blood":0,"Meat on the Bone":4}],"Burning Blood":48,"Meat on the Bone":12},"card_choices":[{"not_picked":["Clothesline","Cleave"],"picked":"Perfected Strike","floor":1},{"not_picked":["Rupture","Havoc"],"picked":"Perfected Strike","floor":5},{"not_picked":["Armaments","Anger"],"picked":"Body Slam","floor":6},{"not_picked":["Wild Strike","Dropkick"],"picked":"Perfected Strike","floor":7},{"not_picked":["Flame Barrier","Rampage","Sword Boomerang"],"picked":"SKIP","floor":8},{"not_picked":["True Grit","Headbutt"],"picked":"Exhume","floor":11},{"not_picked":["Warcry","Wild Strike"],"picked":"Heavy Blade","floor":13},{"not_picked":["Pommel Strike","Iron Wave"],"picked":"Feed","floor":14}],"player_experience":2331235,"relics_obtained":[{"floor":6,"key":"Meat on the Bone"},{"floor":8,"key":"War Paint"},{"floor":9,"key":"Dream Catcher"},{"floor":11,"key":"Regal Pillow"},{"floor":14,"key":"PreservedInsect"}],"event_choices":[{"damage_healed":0,"gold_gain":0,"player_choice":"Take Damage","damage_taken":26,"relics_obtained":["Golden Idol"],"max_hp_gain":0,"max_hp_loss":0,"event_name":"Golden Idol","floor":2,"gold_loss":0},{"damage_healed":0,"gold_gain":0,"player_choice":"Box","damage_taken":0,"relics_obtained":["Bag of Marbles"],"max_hp_gain":0,"max_hp_loss":0,"event_name":"Big Fish","floor":3,"gold_loss":0,"cards_obtained":["Regret"]},{"damage_healed":0,"gold_gain":150,"player_choice":"AGREE","damage_taken":0,"max_hp_gain":0,"max_hp_loss":0,"event_name":"Liars Game","floor":4,"gold_loss":0,"cards_obtained":["Doubt"]},{"damage_healed":18,"gold_gain":0,"player_choice":"Healed and dodged fight","damage_taken":0,"max_hp_gain":0,"max_hp_loss":0,"event_name":"Mushrooms","floor":12,"gold_loss":0,"cards_obtained":["Parasite"]}],"is_beta":false,"boss_relics":[],"items_purged_floors":[],"is_endless":false,"potions_floor_spawned":[7,11],"killed_by":"The Guardian","ascension_level":20}}