{"host":"1v3mnj67s3trvm6y","time":1612738202,"event":{"mods":["BaseMod","Challenge The Spire","Downfall","Minty Spire (QoL Compilation)","StSLib"],"gold_per_floor":[99,110,126,137,137,171,198,198,71,82,82,98,98,123,137,234,234,34,54,64,76,76,105,105,105,105,105,105,105],"floor_reached":27,"language":"ENG","playtime":1618,"items_purged":["Slimebound:Strike_Slimebound"],"score":243,"play_id":"0d9dd76b-eb80-4000-acd0-ac7d39699fc4","local_time":"20210208075002","is_ascension_mode":false,"campfire_choices":[{"data":"Slimebound:Split","floor":1,"key":"SMITH"},{"data":"Slimebound:RollThrough","floor":11,"key":"SMITH"},{"data":"Slimebound:PrepareCrush","floor":18,"key":"SMITH"},{"floor":26,"key":"REST"}],"circlet_count":0,"master_deck":["Slimebound:Strike_Slimebound+1","Slimebound:Tackle","Slimebound:Defend_Slimebound+1","Slimebound:Split+1","Slimebound:CorrosiveSpit+1","Slimebound:FlameTackle","Slimebound:FlameTackle","Slimebound:ComboTackle","downfall:Malfunctioning","Slimebound:SplitMire","Slimebound:RollThrough+1","Slimebound:LevelUp","Slimebound:ForwardTackle","Slimebound:RollThrough","Slimebound:Split","Good Instincts","Slimebound:PrepareCrush+1","Slimebound:Gluttony","Slimebound:GoopSpray","Slimebound:TagTeam","Slimebound:Dissolve+1","Slimebound:FlameTackle+1","Slimebound:OozeBath+1","Slimebound:LeechEnergy","Slimebound:Chomp+1","Slimebound:SpikyOuterGoop+1","Slimebound:GoopTackle+1","Slimebound:MegaLick+1"],"relics":["Slimebound:AbsorbEndCombat","Slimebound:ScrapOozeRelic","Dream Catcher","Astrolabe","downfall:HeartBlessingGreen","downfall:HeartBlessingBlue","Nunchaku","Boot","bronze:DecasWashers"],"acts_visited":["Exordium","TheCity"],"potions_floor_usage":[16,21,23],"damage_taken":[{"damage":0,"enemies":"2 Louse","floor":2,"turns":3},{"damage":0,"enemies":"Small Slimes","floor":3,"turns":3},{"damage":0,"enemies":"Cultist","floor":4,"turns":4},{"damage":12,"enemies":"Gremlin Nob","floor":6,"turns":3},{"damage":15,"enemies":"downfall:FleeingMerchant","floor":9,"turns":4},{"damage":4,"enemies":"2 Fungi Beasts","floor":10,"turns":3},{"damage":9,"enemies":"Blue Slaver","floor":12,"turns":3},{"damage":14,"enemies":"3 Sentries","floor":14,"turns":7},{"damage":10,"enemies":"3 Louse","floor":15,"turns":3},{"damage":27,"enemies":"IC_STATUS_ARCHETYPE","floor":16,"turns":6},{"damage":14,"enemies":"Spheric Guardian","floor":19,"turns":4},{"damage":12,"enemies":"Centurion and Healer","floor":20,"turns":5},{"damage":11,"enemies":"Sentry and Sphere","floor":21,"turns":4},{"damage":56,"enemies":"Slavers","floor":23,"turns":4},{"damage":43,"enemies":"Shelled Parasite and Fungi","floor":27,"turns":4}],"seed_played":"4675361858060143763","potions_obtained":[{"floor":2,"key":"PowerPotion"},{"floor":4,"key":"SpeedPotion"},{"floor":10,"key":"GamblersBrew"},{"floor":12,"key":"FearPotion"},{"floor":15,"key":"Slimebound:SlimyTonguePotion"},{"floor":19,"key":"Ancient Potion"},{"floor":21,"key":"Regen Potion"}],"is_trial":false,"path_per_floor":["R","M","M","M","?","E","T","?","$","M","R","M","?","E","M","B",null,"R","M","M","M","?","E","T","?","R","M"],"character_chosen":"SLIMEBOUND","items_purchased":["Slimebound:LevelUp"],"campfire_rested":1,"item_purchase_floors":[9],"current_hp_per_floor":[65,65,65,65,65,59,59,59,52,50,50,45,45,39,31,12,65,75,65,61,52,52,10,10,10,32,0,0,0],"gold":105,"neow_bonus":"REMOVE_CARD","is_daily":false,"chose_seed":false,"campfire_upgraded":3,"win_rate":0.0,"timestamp":1612738202,"path_taken":["R","M","M","M","?","E","T","?","$","M","R","M","?","E","M","BOSS","R","M","M","M","?","E","T","?","R","M"],"items_purchased_type":["Card"],"build_version":"2020-12-22","purchased_purges":1,"victory":false,"max_hp_per_floor":[65,65,65,65,65,65,65,65,65,65,65,65,65,65,65,65,65,75,75,75,75,75,75,75,75,75,75,75,75],"card_choices":[{"not_picked":["Slimebound:RollThrough","Slimebound:LeechingTouch"],"picked":"Slimebound:FlameTackle","floor":2},{"not_picked":["Slimebound:Schlurp","Slimebound:SplitBruiser"],"picked":"Slimebound:FlameTackle","floor":3},{"not_picked":["Slimebound:SplitBruiser","Slimebound:SamplingLick"],"picked":"Slimebound:ComboTackle","floor":4},{"not_picked":["Slimebound:PressTheAttack","Slimebound:ItLooksTasty"],"picked":"Slimebound:SplitMire","floor":6},{"not_picked":["Slimebound:FirmFortitude","Slimebound:AcidTongue"],"picked":"Slimebound:RollThrough","floor":9},{"not_picked":["Slimebound:ItLooksTasty","Slimebound:LeechingTouch"],"picked":"Slimebound:ForwardTackle","floor":10},{"not_picked":["Slimebound:ComboTackle","Slimebound:Repurpose"],"picked":"Slimebound:RollThrough","floor":12},{"not_picked":["Slimebound:ComboTackle","Slimebound:GoopTackle"],"picked":"Slimebound:Gluttony","floor":14},{"not_picked":["Slimebound:SplitLeeching","Slimebound:LevelUp"],"picked":"Slimebound:GoopSpray","floor":15},{"not_picked":["Slimebound:FirmFortitude","Slimebound:SelfFormingGoo"],"picked":"Slimebound:TagTeam","floor":16},{"not_picked":["Slimebound:Prepare","Slimebound:Schlurp"],"picked":"Slimebound:LeechEnergy","floor":19},{"not_picked":["Slimebound:SplitLeeching","Slimebound:ItLooksTasty"],"picked":"Slimebound:Chomp+1","floor":20},{"not_picked":["Slimebound:GoopSpray","Slimebound:FormOfPuddle"],"picked":"Slimebound:SpikyOuterGoop+1","floor":21},{"not_picked":["Slimebound:LevelUp","Slimebound:FinishingTackle"],"picked":"Slimebound:GoopTackle+1","floor":23},{"not_picked":["Slimebound:SlimeTap+1","Slimebound:GoopSpray"],"picked":"Slimebound:MegaLick+1","floor":26}],"player_experience":1752250,"relics_obtained":[{"floor":6,"key":"Centennial Puzzle"},{"floor":14,"key":"Dream Catcher"},{"floor":23,"key":"Boot"},{"floor":24,"key":"bronze:DecasWashers"}],"event_choices":[],"is_beta":false,"boss_relics":[{"not_picked":["Runic Pyramid","bronze:MakeshiftBattery"],"picked":"Astrolabe"}],"items_purged_floors":[9],"is_endless":false,"potions_floor_spawned":[2,4,10,12,15,19,21],"killed_by":"Shelled Parasite and Fungi","ascension_level":0}}