{"host":"q7zm4xeotpldz9qq","time":1612692859,"event":{"mods":["ATMod(阿瑾Mod)","BaseMod","Lobotomy","LobotomyExtend","Minty Spire (QoL Compilation)","Replay The Spire","StSLib","[功能]功能增强和修复MOD"],"gold_per_floor":[117,117,117,129,129,129,140,105,315,327,327,327,327],"floor_reached":6,"language":"ZHS","playtime":697,"items_purged":["Strike_G","Defend_G","Strike_G","Defend_G","Defend_G","Defend_G","Defend_G"],"score":55,"play_id":"a9eb8a73-1b86-4d9b-9769-e6f7e4931912","local_time":"20210207181419","is_ascension_mode":true,"campfire_choices":[],"circlet_count":0,"master_deck":["Strike_G","Strike_G","Strike_G","Survivor","Neutralize+1","Slice","Terror","AT_Desolate","AT_WomanClash","Backflip","Slice","Scorched","Dagger Throw","Poisoned Stab","Noxious Fumes","ReplayTheSpireMod:Scrap Shanks","Deflect","Sucker Punch"],"relics":["Ring of the Snake","AT_ATBox","CogitoBucket","RabbitCall","LetterFromLob","Dream Catcher","AT_ChloranthyRing","HandDrill","Replay:Bottled Flurry"],"acts_visited":["Exordium"],"potions_floor_usage":[],"damage_taken":[{"damage":0,"enemies":"2 Louse","floor":1,"turns":3},{"damage":0,"enemies":"Jaw Worm","floor":4,"turns":4},{"damage":0,"enemies":"Jaw Worm","floor":1,"turns":4},{"damage":0,"enemies":"Small Slimes","floor":4,"turns":1},{"damage":18,"enemies":"3 Sentries","floor":6,"turns":2}],"seed_played":"-4553123893653553298","potions_obtained":[],"is_trial":false,"path_per_floor":["M","?","?","M","PTL","PTL","M","M","$","?","M","?","E"],"character_chosen":"THE_SILENT","items_purchased":["Dream Catcher","AT_ChloranthyRing","HandDrill","Dagger Throw","Poisoned Stab","Noxious Fumes"],"campfire_rested":0,"item_purchase_floors":[2,2,2,2,2,2],"current_hp_per_floor":[63,63,63,63,63,63,68,68,51,51,18,0,0],"gold":327,"neow_bonus":"","is_daily":false,"chose_seed":false,"campfire_upgraded":0,"win_rate":0.0,"timestamp":1612692859,"path_taken":["M","?","?","M","PTL","PTL","M","M","$","?","M","?","E"],"items_purchased_type":["Relic","Relic","Relic","Card","Card","Card"],"build_version":"2020-12-22","purchased_purges":7,"victory":false,"max_hp_per_floor":[70,70,70,70,70,70,70,70,70,70,70,70,70],"card_choices":[{"not_picked":["Poisoned Stab","Sucker Punch"],"picked":"Slice","floor":1},{"not_picked":["Poisoned Stab","Blur"],"picked":"Terror","floor":1},{"not_picked":["VoidDream","SpiderBud","BeautyBeast"],"picked":"Singing Bowl","floor":1},{"not_picked":["FairyFestival","LaLuna"],"picked":"DespairKnight","floor":1},{"not_picked":["Wellcheers","SpiderBud","RedShoes"],"picked":"Singing Bowl","floor":4},{"not_picked":["Blade Dance","Dodge and Roll"],"picked":"AT_Desolate","floor":4},{"not_picked":["Blur","Underhanded Strike"],"picked":"AT_WomanClash","floor":4},{"not_picked":["Dagger Spray","Setup"],"picked":"Backflip","floor":1},{"not_picked":["Malaise","Dagger Throw"],"picked":"Slice","floor":1},{"not_picked":["Scorched","SpiderBud","MHz"],"picked":"Singing Bowl","floor":1},{"not_picked":["VoidDream","Murderer"],"picked":"Scorched","floor":1},{"not_picked":["Underhanded Strike","Acrobatics"],"picked":"ReplayTheSpireMod:Scrap Shanks","floor":3},{"not_picked":["Poisoned Stab","Quick Slash"],"picked":"Deflect","floor":4},{"not_picked":["Dodge and Roll","Acrobatics"],"picked":"Sucker Punch","floor":4},{"not_picked":["OSAHOGD","Wellcheers","BeautyBeast"],"picked":"Singing Bowl","floor":4},{"not_picked":["Laetitia","OSAHOGD"],"picked":"BigBird","floor":4}],"player_experience":77325,"relics_obtained":[{"floor":1,"key":"LetterFromLob"},{"floor":1,"key":"LetterFromLob"}],"event_choices":[{"damage_healed":0,"gold_gain":0,"player_choice":"Ignored","damage_taken":0,"max_hp_gain":0,"max_hp_loss":0,"event_name":"Liars Game","floor":2,"gold_loss":0},{"damage_healed":0,"gold_gain":0,"player_choice":"Success","damage_taken":33,"relics_obtained":["Replay:Bottled Flurry"],"max_hp_gain":0,"max_hp_loss":0,"event_name":"Scrap Ooze","floor":5,"gold_loss":0}],"is_beta":false,"boss_relics":[],"items_purged_floors":[2,2,2,2,2,2,2],"is_endless":false,"potions_floor_spawned":[1,4],"killed_by":"3 Sentries","ascension_level":9}}