{"host":"i2ntsfwoh5q5m216","time":1612722918,"event":{"mods":["BaseMod","Colored Map","Downfall","Minty Spire (QoL Compilation)","StSLib"],"gold_per_floor":[110,110,185,198,31,31,65,65,142,157,175,75,75,107,107,209,209,225,225,150,25,25,25,25,52,52,84,96,17,17,31,31,126,126,141,153,153,166,166,166,181,210,237,237,250,250,300,300,300,300],"floor_reached":51,"language":"ENG","playtime":1556,"items_purged":["Normality","Strike_R","Uppercut"],"score":752,"play_id":"28c26d21-e84a-4618-b4b8-c85bd500d643","local_time":"20210207123518","is_ascension_mode":true,"campfire_choices":[{"data":"Bash","floor":6,"key":"SMITH"},{"data":"Finesse","floor":13,"key":"SMITH"},{"data":"Flex","floor":15,"key":"SMITH"},{"data":"Sever Soul","floor":23,"key":"SMITH"},{"data":"Rampage","floor":30,"key":"SMITH"},{"data":"Clash","floor":32,"key":"SMITH"},{"data":"Double Tap","floor":40,"key":"SMITH"},{"floor":44,"key":"REST"},{"floor":46,"key":"REST"},{"data":"Rage","floor":49,"key":"SMITH"}],"circlet_count":0,"master_deck":["Bash+1","Pummel+1","Rage+1","Finesse+1","Thunderclap","Sever Soul+1","Flex+1","Headbutt","Sword Boomerang","Clash+1","Rampage+1","True Grit+1","Double Tap+1","Warcry+1","Rupture+1","Warcry+1","Inflame","Dropkick+1"],"relics":["Burning Blood","Ice Cream","Bird Faced Urn","Question Card","Red Skull","SlaversCollar","Strawberry","Torii","Bag of Preparation","Astrolabe","Mercury Hourglass","Lantern","FossilizedHelix"],"acts_visited":["Exordium","TheCity","TheBeyond"],"potions_floor_usage":[7,33,42,45,50,50,50],"damage_taken":[{"damage":12,"enemies":"Jaw Worm","floor":1,"turns":4},{"damage":5,"enemies":"Small Slimes","floor":4,"turns":3},{"damage":21,"enemies":"3 Sentries","floor":7,"turns":11},{"damage":3,"enemies":"Cultist","floor":10,"turns":3},{"damage":9,"enemies":"Exordium Thugs","floor":11,"turns":5},{"damage":14,"enemies":"Gremlin Nob","floor":14,"turns":3},{"damage":42,"enemies":"Hexaghost","floor":16,"turns":9},{"damage":27,"enemies":"Shell Parasite","floor":18,"turns":10},{"damage":27,"enemies":"Book of Stabbing","floor":25,"turns":4},{"damage":11,"enemies":"Gremlin Leader","floor":27,"turns":5},{"damage":6,"enemies":"3 Byrds","floor":28,"turns":4},{"damage":0,"enemies":"Cultist and Chosen","floor":31,"turns":3},{"damage":60,"enemies":"Automaton","floor":33,"turns":8},{"damage":33,"enemies":"3 Darklings","floor":35,"turns":5},{"damage":22,"enemies":"Orb Walker","floor":36,"turns":3},{"damage":20,"enemies":"Sphere and 2 Shapes","floor":38,"turns":5},{"damage":12,"enemies":"Spire Growth","floor":41,"turns":2},{"damage":26,"enemies":"Reptomancer","floor":42,"turns":4},{"damage":20,"enemies":"Jaw Worm Horde","floor":45,"turns":2},{"damage":0,"enemies":"Mind Bloom Boss Battle","floor":47,"turns":3},{"damage":67,"enemies":"Time Eater","floor":50,"turns":7}],"seed_played":"-7903043779864752662","potions_obtained":[{"floor":4,"key":"SkillPotion"},{"floor":11,"key":"BloodPotion"},{"floor":16,"key":"SpeedPotion"},{"floor":33,"key":"sneckomod:MuddlingPotion"},{"floor":38,"key":"Explosive Potion"},{"floor":45,"key":"Regen Potion"},{"floor":47,"key":"DuplicationPotion"},{"floor":48,"key":"Dexterity Potion"}],"is_trial":false,"path_per_floor":["M","?","?","M","$","R","E","?","T","M","M","$","R","E","R","B",null,"M","?","?","$","?","R","?","E","T","E","M","$","R","M","R","B",null,"M","M","?","M","$","R","M","E","T","R","M","R","?","?","R","B",null],"character_chosen":"IRONCLAD","items_purchased":["Finesse","Rampage"],"campfire_rested":2,"item_purchase_floors":[5,29],"current_hp_per_floor":[74,58,47,48,48,48,33,80,80,80,77,77,77,69,69,33,80,59,59,59,59,59,59,59,45,45,40,40,40,40,46,46,9,87,60,46,46,32,32,32,26,10,10,36,24,50,60,60,60,16],"gold":300,"neow_bonus":"ONE_RARE_RELIC","is_daily":false,"chose_seed":false,"campfire_upgraded":8,"win_rate":0.0,"timestamp":1612722918,"path_taken":["M","?","?","M","$","R","E","?","T","?","M","$","R","E","R","BOSS","M","?","?","$","?","R","?","E","T","E","?","?","R","M","R","BOSS","M","M","?","M","$","R","?","E","T","R","M","R","?","?","R","BOSS"],"items_purchased_type":["Card","Card"],"build_version":"2020-12-22","purchased_purges":3,"victory":true,"max_hp_per_floor":[80,80,80,80,80,80,80,80,80,80,80,80,80,80,80,80,80,80,80,80,80,80,80,80,87,87,87,87,87,87,87,87,87,87,87,87,87,87,87,87,87,87,87,87,87,87,87,87,87,87],"card_choices":[{"not_picked":["Warcry","Headbutt"],"picked":"Pummel","floor":1},{"not_picked":["Thunderclap","Sever Soul"],"picked":"Rage","floor":4},{"not_picked":["Warcry","Twin Strike"],"picked":"Thunderclap","floor":7},{"not_picked":["Clothesline","Reaper","Anger"],"picked":"Sever Soul","floor":10},{"not_picked":["Sword Boomerang","Immolate","Body Slam"],"picked":"Flex","floor":11},{"not_picked":["Sword Boomerang","Combust","Fire Breathing","Shrug It Off"],"picked":"SKIP","floor":14},{"not_picked":["Uppercut","Thunderclap","Warcry","Cleave"],"picked":"SKIP","floor":18},{"not_picked":["Blood for Blood","True Grit","Battle Trance+1","Disarm+1"],"picked":"SKIP","floor":25},{"not_picked":["Pummel","Flame Barrier","Battle Trance","Body Slam"],"picked":"SKIP","floor":27},{"not_picked":["Flex","Anger+1","Clothesline+1"],"picked":"Clash","floor":28},{"not_picked":["Uppercut+1","Evolve","Combust"],"picked":"True Grit+1","floor":31},{"not_picked":["Bludgeon","Impervious","Feed"],"picked":"Double Tap","floor":33},{"not_picked":["Clothesline","Sword Boomerang","Pummel+1","Shrug It Off+1"],"picked":"SKIP","floor":35},{"not_picked":["Iron Wave","Rage","Perfected Strike","Disarm"],"picked":"SKIP","floor":36},{"not_picked":["Thunderclap+1","Body Slam+1","Wild Strike","Fiend Fire"],"picked":"SKIP","floor":38},{"not_picked":["Dark Embrace+1","Sentinel+1","Twin Strike+1"],"picked":"Inflame","floor":41},{"not_picked":["Twin Strike+1","Barricade","Hemokinesis+1","Rupture"],"picked":"SKIP","floor":42},{"not_picked":["True Grit+1","Twin Strike+1","Armaments+1"],"picked":"Dropkick+1","floor":45}],"player_experience":46450,"relics_obtained":[{"floor":7,"key":"Bird Faced Urn"},{"floor":9,"key":"Question Card"},{"floor":14,"key":"Red Skull"},{"floor":25,"key":"Strawberry"},{"floor":26,"key":"Torii"},{"floor":27,"key":"Bag of Preparation"},{"floor":42,"key":"Mercury Hourglass"},{"floor":43,"key":"Lantern"},{"floor":47,"key":"FossilizedHelix"}],"event_choices":[{"damage_healed":0,"gold_gain":0,"player_choice":"Entered Light","damage_taken":16,"max_hp_gain":0,"max_hp_loss":0,"event_name":"Shining Light","floor":2,"gold_loss":0,"cards_upgraded":["Strike_R","Pummel"]},{"damage_healed":0,"gold_gain":75,"player_choice":"Gather Gold","damage_taken":11,"max_hp_gain":0,"max_hp_loss":0,"event_name":"World of Goop","floor":3,"gold_loss":0},{"damage_healed":47,"gold_gain":0,"player_choice":"Full Heal","damage_taken":0,"max_hp_gain":0,"max_hp_loss":0,"event_name":"Wheel of Change","floor":8,"gold_loss":0},{"damage_healed":0,"gold_gain":0,"cards_transformed":["Defend_R","Defend_R"],"player_choice":"Became Test Subject","damage_taken":0,"max_hp_gain":0,"max_hp_loss":0,"event_name":"Drug Dealer","floor":19,"gold_loss":0,"cards_obtained":["Headbutt","Uppercut"]},{"cards_removed":["Strike_R"],"damage_healed":0,"gold_gain":0,"player_choice":"Gave Gold","damage_taken":0,"max_hp_gain":0,"max_hp_loss":0,"event_name":"Beggar","floor":20,"gold_loss":75},{"damage_healed":0,"gold_gain":0,"cards_transformed":["Strike_R"],"player_choice":"Transformed","damage_taken":0,"max_hp_gain":0,"max_hp_loss":0,"event_name":"Transmorgrifier","floor":24,"gold_loss":0,"cards_obtained":["Sword Boomerang"]},{"cards_removed":["Defend_R"],"damage_healed":0,"gold_gain":0,"player_choice":"Offered Basic","damage_taken":0,"max_hp_gain":0,"max_hp_loss":0,"event_name":"Bonfire Elementals","floor":37,"gold_loss":0},{"damage_healed":0,"gold_gain":0,"player_choice":"Fight","damage_taken":0,"max_hp_gain":0,"max_hp_loss":0,"event_name":"MindBloom","floor":47,"gold_loss":0},{"damage_healed":0,"gold_gain":0,"player_choice":"Got Potions","damage_taken":0,"max_hp_gain":0,"max_hp_loss":0,"event_name":"Lab","floor":48,"gold_loss":0}],"is_beta":false,"boss_relics":[{"not_picked":["Runic Dome","Mark of Pain"],"picked":"SlaversCollar"},{"not_picked":["bronze:MakeshiftBattery","Sozu"],"picked":"Astrolabe"}],"items_purged_floors":[5,12,21],"is_endless":false,"potions_floor_spawned":[4,11,16,33,38,45,47],"ascension_level":1}}