{"host":"4d3077vv24x7opeb","time":1612734805,"event":{"mods":["100% Spire Juice","2.2 Compatiblity","Act Like it!","BaseMod","Bestiary","Better Altar","Better Match","Better Note","Better Sensory Stone","Better Skull","Better Third Choice","Colored Map","Colored Powertips","Hermit","Highlight Path","Marisa????????","Minty Spire (QoL Compilation)","Relic Stats","Robot Space Explorer","StSLib","The Administrix","The Construct","The Gatherer","The Senshi","The Servant 0.9.4","TheFirefly","everything is the same but u backflip on backflip","slay the spire mod where everything is the same but ironclad has a cowboy hat"],"gold_per_floor":[112,187,200,200,200,229,4,4,28,28,53,2,2,21,21,125,125,136,136,136,60,135,135,166,166,166,166,179,189,205,225,225,327,327,347,397,397,424,232,252,287,287,313,326,358,372,449,461,461,461],"floor_reached":51,"language":"ENG","playtime":5283,"items_purged":["Regret","Wraith"],"score":731,"play_id":"45d36622-5837-430e-a124-a4c2413e9dd7","local_time":"20210207135325","is_ascension_mode":false,"campfire_choices":[{"data":"DoubleSpark","floor":8.0,"key":"SMITH"},{"floor":10.0,"key":"REST"},{"data":"PulseMagic","floor":15.0,"key":"SMITH"},{"data":"BlazeAway","floor":23.0,"key":"SMITH"},{"data":"UltimateShortwave","floor":25.0,"key":"SMITH"},{"data":"MasterSpark","floor":27.0,"key":"SMITH"},{"data":"GalacticHalo","floor":32.0,"key":"SMITH"},{"floor":42,"key":"REST"},{"data":"Panacea","floor":49,"key":"SMITH"}],"circlet_count":0,"master_deck":["Strike_MRS+1","Strike_MRS","Strike_MRS+1","Strike_MRS","Defend_MRS","Defend_MRS","Defend_MRS","Defend_MRS","MasterSpark+1","UpSweep","DoubleSpark+1","OortCloud+1","PulseMagic+1","GalacticHalo+1","UltimateShortwave+1","BlazeAway+1","EventHorizon","LuminesStrike+1","MilkyWay+1","MagicChant+1","MagicChant+1","Panacea+1","OortCloud+1"],"relics":["MiniHakkero","TungstenRod","Strawberry","Pantograph","Tiny Chest","Whetstone","Singing Bowl","Runic Pyramid","Meat on the Bone","Ice Cream","Anchor","SlaversCollar","Calipers","Omamori","Du-Vu Doll","Blood Vial","Bronze Scales","Mercury Hourglass"],"acts_visited":["Exordium","TheCity","TheBeyond"],"potions_floor_usage":[46,50],"damage_taken":[{"damage":1.0,"enemies":"Jaw Worm","floor":1.0,"turns":4.0},{"damage":0.0,"enemies":"2 Louse","floor":3.0,"turns":3.0},{"damage":37.0,"enemies":"3 Sentries","floor":6.0,"turns":9.0},{"damage":26.0,"enemies":"Lagavulin","floor":11.0,"turns":6.0},{"damage":0.0,"enemies":"Cultist","floor":14.0,"turns":3.0},{"damage":34.0,"enemies":"Hexaghost","floor":16.0,"turns":11.0},{"damage":15.0,"enemies":"2 Thieves","floor":18.0,"turns":4.0},{"damage":6.0,"enemies":"Gremlin Leader","floor":24.0,"turns":6.0},{"damage":5.0,"enemies":"Shell Parasite","floor":28.0,"turns":5.0},{"damage":0.0,"enemies":"Cultist and Chosen","floor":29.0,"turns":4.0},{"damage":2.0,"enemies":"Snecko","floor":30.0,"turns":4.0},{"damage":0.0,"enemies":"Chosen and Byrds","floor":31.0,"turns":5.0},{"damage":21.0,"enemies":"Collector","floor":33.0,"turns":7.0},{"damage":2.0,"enemies":"3 Shapes","floor":35.0,"turns":3.0},{"damage":22.0,"enemies":"Mind Bloom Boss Battle","floor":36.0,"turns":4.0},{"damage":4,"enemies":"Orb Walker","floor":40,"turns":2},{"damage":48,"enemies":"Reptomancer","floor":41,"turns":7},{"damage":7,"enemies":"4 Shapes","floor":44,"turns":5},{"damage":5,"enemies":"Nemesis","floor":45,"turns":5},{"damage":1,"enemies":"Writhing Mass","floor":46,"turns":6},{"damage":2,"enemies":"Spire Growth","floor":48,"turns":5},{"damage":46,"enemies":"Awakened One","floor":50,"turns":10}],"seed_played":"-4089913292552438263","potions_obtained":[{"floor":16.0,"key":"BottledSpark"},{"floor":24.0,"key":"FearPotion"},{"floor":30.0,"key":"FearPotion"},{"floor":31.0,"key":"ShroomBrew"},{"floor":35.0,"key":"EntropicBrew"},{"floor":45,"key":"SkillPotion"},{"floor":48,"key":"FearPotion"}],"is_trial":false,"path_per_floor":["M","?","M","?","?","E","$","R","T","R","E","$","?","M","R","B",null,"M","?","$","$","T","R","E","R","T","R","M","M","M","M","R","B",null,"M","?","?","T","$","M","E","R","T","M","E","M","T","M","R","B",null],"character_chosen":"MARISA","items_purchased":["Tiny Chest","GalacticHalo","BlazeAway","Panacea"],"campfire_rested":2,"item_purchase_floors":[7,12,21,39],"current_hp_per_floor":[67,57,57,64,64,27,27,27,27,49,25,25,25,27,27,18,79,66,66,66,66,66,66,60,60,60,60,55,55,55,55,55,61,85,83,65,65,65,65,61,27,53,53,50,49,52,52,54,54,47],"gold":461,"neow_bonus":"ONE_RARE_RELIC","is_daily":false,"chose_seed":false,"campfire_upgraded":7,"win_rate":0.0,"timestamp":1612734805,"path_taken":["M","?","M","?","?","E","$","R","T","R","E","$","?","M","R","BOSS","M","?","?","$","?","R","E","R","T","R","M","M","M","M","R","BOSS","M","?","?","?","$","M","E","R","T","M","E","M","?","?","R","BOSS"],"items_purchased_type":["Relic","Card","Card","Card"],"build_version":"2020-12-22","purchased_purges":2,"victory":true,"max_hp_per_floor":[68,68,68,75,75,75,75,75,75,75,77,77,77,79,79,79,79,81,81,81,81,81,81,81,81,81,81,81,81,83,83,83,85,85,85,87,87,87,87,87,89,89,89,91,93,95,95,97,97,97],"relic_stats":{"Blood Vial":10,"Singing Bowl":22,"counters":[22,118],"Pantograph":77,"Bronze Scales":[69],"Tiny Chest":2,"Whetstone":["Strike_MRS","Strike_MRS"],"obtain_stats":[{"Ice Cream":24,"Calipers":36,"Singing Bowl":11,"Omamori":38,"Whetstone":9,"Mercury Hourglass":47,"Du-Vu Doll":41,"Blood Vial":43,"SlaversCollar":34,"Anchor":26,"Strawberry":4,"Pantograph":6,"Bronze Scales":45,"Tiny Chest":7,"MiniHakkero":0,"Kunai":50,"TungstenRod":0,"Runic Pyramid":17,"Meat on the Bone":22},{"Ice Cream":8,"Calipers":15,"Singing Bowl":4,"Omamori":15,"Whetstone":3,"Mercury Hourglass":20,"Du-Vu Doll":17,"Blood Vial":17,"SlaversCollar":13,"Anchor":8,"Strawberry":2,"Pantograph":3,"Bronze Scales":19,"Tiny Chest":3,"MiniHakkero":0,"Kunai":22,"TungstenRod":0,"Runic Pyramid":6,"Meat on the Bone":7},{"Ice Cream":46,"Calipers":78,"Singing Bowl":22,"Omamori":78,"Whetstone":16,"Mercury Hourglass":103,"Du-Vu Doll":87,"Blood Vial":87,"SlaversCollar":71,"Anchor":46,"Strawberry":7,"Pantograph":16,"Bronze Scales":97,"Tiny Chest":16,"MiniHakkero":0,"Kunai":109,"TungstenRod":0,"Runic Pyramid":36,"Meat on the Bone":40}],"TungstenRod":61,"Meat on the Bone":24,"Mercury Hourglass":[60]},"card_choices":[{"not_picked":["GalacticHalo","AsteroidBelt"],"picked":"DoubleSpark","floor":1.0},{"not_picked":["DC","LuminesStrike"],"picked":"OortCloud","floor":3.0},{"not_picked":["WitchOfGreed","DragonMeteor"],"picked":"PulseMagic","floor":6.0},{"not_picked":["DeepEcoloBomb","DC","ShootingEcho"],"picked":"Singing Bowl","floor":11.0},{"not_picked":["IllusionStar","LuminesStrike","DragonMeteor"],"picked":"Singing Bowl","floor":14.0},{"not_picked":["MillisecondPulsars","AbsoluteMagnitude"],"picked":"UltimateShortwave","floor":16.0},{"not_picked":["GalacticHalo","ShootingEcho","WitchLeyline"],"picked":"Singing Bowl","floor":18.0},{"not_picked":["EnergyRecoil","ShootingEcho+1"],"picked":"EventHorizon","floor":24.0},{"not_picked":["UnstableBomb","SuperPerseids"],"picked":"LuminesStrike+1","floor":28.0},{"not_picked":["RefractionSpark","GasGiant"],"picked":"MilkyWay+1","floor":29.0},{"not_picked":["PowerUp","UnstableBomb","GalacticHalo"],"picked":"Singing Bowl","floor":30.0},{"not_picked":["AsteroidBelt","WitchOfGreed"],"picked":"MagicChant+1","floor":31.0},{"not_picked":["CollectingQuirk","StarDustReverie","TreasureHunter"],"picked":"Singing Bowl","floor":33.0},{"not_picked":["ShootingEcho","Orbital"],"picked":"MagicChant+1","floor":35.0},{"not_picked":["FairyDestructionRay","MysteriousBeam","DoubleSpark+1"],"picked":"Singing Bowl","floor":36.0},{"not_picked":["MagicChant","AsteroidBelt+1"],"picked":"OortCloud+1","floor":40},{"not_picked":["SprinkleStarSeal","SporeBomb+1","JA"],"picked":"Singing Bowl","floor":41},{"not_picked":["AsteroidBelt+1","OneTimeOff","MysteriousBeam"],"picked":"Singing Bowl","floor":44},{"not_picked":["AsteroidBelt","ShootingEcho","DeepEcoloBomb+1"],"picked":"Singing Bowl","floor":45},{"not_picked":["LuminesStrike+1","GravityBeat+1","IllusionStar"],"picked":"Singing Bowl","floor":46},{"not_picked":["DeepEcoloBomb","AsteroidBelt+1","6A+1"],"picked":"Singing Bowl","floor":48}],"player_experience":257089,"relics_obtained":[{"floor":6.0,"key":"Pantograph"},{"floor":9.0,"key":"Whetstone"},{"floor":11.0,"key":"Singing Bowl"},{"floor":22.0,"key":"Meat on the Bone"},{"floor":24.0,"key":"Ice Cream"},{"floor":26.0,"key":"Anchor"},{"floor":36.0,"key":"Calipers"},{"floor":38,"key":"Omamori"},{"floor":41,"key":"Du-Vu Doll"},{"floor":43,"key":"Blood Vial"},{"floor":45,"key":"Bronze Scales"},{"floor":47,"key":"Mercury Hourglass"}],"event_choices":[{"damage_healed":0.0,"max_hp_gain":0.0,"max_hp_loss":0.0,"gold_gain":75.0,"event_name":"betterThird:BetterGoop","player_choice":"Gold","floor":2.0,"gold_loss":0.0,"damage_taken":11.0},{"damage_healed":0.0,"max_hp_gain":0.0,"max_hp_loss":0.0,"gold_gain":0.0,"event_name":"Big Fish","player_choice":"Box","floor":4.0,"gold_loss":0.0,"damage_taken":0.0,"relics_obtained":["Strawberry"],"cards_obtained":["Regret"]},{"damage_healed":0.0,"max_hp_gain":0.0,"max_hp_loss":0.0,"gold_gain":0.0,"event_name":"betterThird:BetterSerpent","player_choice":"Ignored","floor":5.0,"gold_loss":0.0,"damage_taken":200.0},{"damage_healed":0.0,"max_hp_gain":0.0,"max_hp_loss":0.0,"gold_gain":0.0,"event_name":"Living Wall","player_choice":"Grow","floor":13.0,"gold_loss":0.0,"damage_taken":0.0,"cards_upgraded":["OortCloud"]},{"cards_removed":["OortCloud"],"damage_healed":0.0,"max_hp_gain":0.0,"max_hp_loss":0.0,"gold_gain":0.0,"event_name":"betterNote:BetterNote","player_choice":"Give","floor":19.0,"gold_loss":0.0,"damage_taken":0.0,"cards_obtained":["None"]},{"damage_healed":0.0,"max_hp_gain":0.0,"max_hp_loss":0.0,"gold_gain":0.0,"event_name":"MindBloom","player_choice":"Fight","floor":36.0,"gold_loss":0.0,"damage_taken":0.0},{"damage_healed":0,"gold_gain":0,"player_choice":"Ignored","damage_taken":0,"max_hp_gain":0,"max_hp_loss":0,"event_name":"OrinTheCat","floor":37,"gold_loss":0}],"is_beta":false,"boss_relics":[{"not_picked":["Cursed Key","Pandora\u0027s Box"],"picked":"Runic Pyramid"},{"not_picked":["Philosopher\u0027s Stone","BewitchedHakkero"],"picked":"SlaversCollar"}],"items_purged_floors":[7,39],"is_endless":false,"potions_floor_spawned":[16,24,30,31,35,45,48],"ascension_level":0}}