{"host":"udzsrhbqdxqtlypj","time":1612718654,"event":{"mods":["BaseMod","Minty Spire (QoL Compilation)","Relic Stats"],"gold_per_floor":[211,211,224,240,12,37,57,57,57,89,103,121,139,166,166,262,262,282,296,57,68,82,82,82],"floor_reached":23,"language":"ENG","playtime":1378,"items_purged":["Strike_G"],"score":326,"play_id":"ceac387c-0f11-4df0-b70d-d8a40b110e87","local_time":"20210207112414","is_ascension_mode":true,"campfire_choices":[{"data":"Catalyst","floor":8.0,"key":"SMITH"},{"data":"Envenom","floor":15.0,"key":"SMITH"}],"circlet_count":0,"master_deck":["AscendersBane","Strike_G","Strike_G","Strike_G","Strike_G","Defend_G","Defend_G","Defend_G","Defend_G","Defend_G","Survivor","Neutralize","Deadly Poison+1","Deadly Poison","Predator","Blade Dance","Catalyst+1","Dagger Spray","Bane","Envenom+1","Crippling Poison","Die Die Die","Caltrops","PiercingWail","Blur+1"],"relics":["Ring of the Snake","Toy Ornithopter","Omamori","Bag of Marbles","Pear","Anchor","WristBlade","Shuriken"],"acts_visited":["Exordium","TheCity"],"potions_floor_usage":[21,22,23],"damage_taken":[{"damage":1.0,"enemies":"Small Slimes","floor":1.0,"turns":4.0},{"damage":1.0,"enemies":"Cultist","floor":3.0,"turns":4.0},{"damage":0.0,"enemies":"2 Louse","floor":4.0,"turns":3.0},{"damage":7.0,"enemies":"Gremlin Nob","floor":6.0,"turns":3.0},{"damage":4.0,"enemies":"Red Slaver","floor":7.0,"turns":4.0},{"damage":20.0,"enemies":"Lagavulin","floor":10.0,"turns":4.0},{"damage":0.0,"enemies":"Exordium Wildlife","floor":11.0,"turns":2.0},{"damage":0.0,"enemies":"Large Slime","floor":12.0,"turns":3.0},{"damage":0.0,"enemies":"3 Louse","floor":13.0,"turns":1.0},{"damage":22.0,"enemies":"3 Sentries","floor":14.0,"turns":5.0},{"damage":25.0,"enemies":"The Guardian","floor":16.0,"turns":8.0},{"damage":0.0,"enemies":"Shell Parasite","floor":18.0,"turns":2.0},{"damage":0.0,"enemies":"Spheric Guardian","floor":19.0,"turns":2.0},{"damage":7,"enemies":"3 Cultists","floor":21,"turns":4},{"damage":12,"enemies":"Snake Plant","floor":22,"turns":3},{"damage":72,"enemies":"Gremlin Leader","floor":23,"turns":7}],"seed_played":"8687250865606686712","potions_obtained":[{"floor":1.0,"key":"DistilledChaos"},{"floor":4.0,"key":"Strength Potion"},{"floor":7.0,"key":"SpeedPotion"},{"floor":11.0,"key":"LiquidBronze"},{"floor":13.0,"key":"GamblersBrew"},{"floor":14.0,"key":"LiquidMemories"},{"floor":16.0,"key":"Poison Potion"},{"floor":18.0,"key":"SkillPotion"},{"floor":21,"key":"PowerPotion"}],"is_trial":false,"path_per_floor":["M","?","M","M","$","E","M","R","T","E","M","M","M","E","R","B",null,"M","M","$","M","M","E"],"character_chosen":"THE_SILENT","items_purchased":["Toy Ornithopter","Shuriken"],"campfire_rested":0,"item_purchase_floors":[5,20],"current_hp_per_floor":[62,62,61,61,61,59,55,55,55,50,50,50,50,33,33,13,63,63,68,68,66,59,0,0],"gold":82,"neow_bonus":"HUNDRED_GOLD","is_daily":false,"chose_seed":false,"campfire_upgraded":2,"win_rate":0.0,"timestamp":1612718654,"path_taken":["M","?","M","M","$","E","M","R","T","E","M","M","M","E","R","BOSS","M","M","$","?","M","E"],"items_purchased_type":["Relic","Relic"],"build_version":"2020-12-22","purchased_purges":1,"victory":false,"max_hp_per_floor":[70,70,70,70,70,70,70,70,70,80,80,80,80,80,80,80,80,80,80,80,80,80,80,80],"relic_stats":{"counters":[16,59],"Shuriken":[4],"obtain_stats":[{"Anchor":14,"Pear":10,"WristBlade":17,"Shuriken":20,"Omamori":6,"Bag of Marbles":9,"Toy Ornithopter":5,"Ring of the Snake":0},{"Anchor":10,"Pear":6,"WristBlade":11,"Shuriken":13,"Omamori":4,"Bag of Marbles":5,"Toy Ornithopter":3,"Ring of the Snake":0},{"Anchor":33,"Pear":22,"WristBlade":41,"Shuriken":45,"Omamori":14,"Bag of Marbles":18,"Toy Ornithopter":11,"Ring of the Snake":0}],"Toy Ornithopter":40,"Ring of the Snake":[32]},"card_choices":[{"not_picked":["Concentrate","Heel Hook"],"picked":"Deadly Poison","floor":1.0},{"not_picked":["Underhanded Strike","Well Laid Plans"],"picked":"Deadly Poison","floor":3.0},{"not_picked":["Deadly Poison","Eviscerate"],"picked":"Predator","floor":4.0},{"not_picked":["Underhanded Strike","Bane"],"picked":"Blade Dance","floor":6.0},{"not_picked":["Dagger Throw","Poisoned Stab"],"picked":"Catalyst","floor":7.0},{"not_picked":["Finisher","Cloak And Dagger"],"picked":"Dagger Spray","floor":10.0},{"not_picked":["Terror","Backflip"],"picked":"Bane","floor":11.0},{"not_picked":["Dagger Spray","Outmaneuver","Acrobatics"],"picked":"SKIP","floor":12.0},{"not_picked":["Flechettes","Cloak And Dagger"],"picked":"Envenom","floor":13.0},{"not_picked":["Storm of Steel","Unload"],"picked":"Crippling Poison","floor":14.0},{"not_picked":["Night Terror","Envenom"],"picked":"Die Die Die","floor":16.0},{"not_picked":["Poisoned Stab+1","Deadly Poison"],"picked":"Caltrops","floor":18.0},{"not_picked":["Distraction+1","Infinite Blades"],"picked":"PiercingWail","floor":19.0},{"not_picked":["Sucker Punch","Prepared"],"picked":"Blur+1","floor":21},{"not_picked":["Quick Slash+1","Blur","Sucker Punch+1"],"picked":"SKIP","floor":22}],"player_experience":2822188,"relics_obtained":[{"floor":6.0,"key":"Omamori"},{"floor":9.0,"key":"Bag of Marbles"},{"floor":10.0,"key":"Pear"},{"floor":14.0,"key":"Anchor"}],"event_choices":[{"damage_healed":0.0,"max_hp_gain":0.0,"max_hp_loss":0.0,"gold_gain":0.0,"event_name":"Upgrade Shrine","player_choice":"Upgraded","floor":2.0,"gold_loss":0.0,"damage_taken":0.0,"cards_upgraded":["Deadly Poison"]}],"is_beta":false,"boss_relics":[{"not_picked":["Sozu","Ring of the Serpent"],"picked":"WristBlade"}],"items_purged_floors":[5],"is_endless":false,"potions_floor_spawned":[1,4,7,11,13,14,16,18,21],"killed_by":"Gremlin Leader","ascension_level":10}}