{"host":"Jinnai","time":1612661991,"event":{"mods":["BaseMod","Bestiary","Block Reminder","Colored Map","Colored Powertips","Curses Come First","Highlight Path","Minty Spire (QoL Compilation)","Potion Indicator Mod","Quick Restart","Relic Stats","StSLib","ojb\u0027s Info Mod"],"gold_per_floor":[111,128,128,146,32,57,69,97,134,160,172,200,244,310,322,407,419,447,469,481,509,49,75,89,121,147,161,186,186,186,186,186,265,265,275,323,343,353,86,86,112,112,112,122,137,137,137],"floor_reached":46,"language":"ENG","playtime":6584,"items_purged":["Defend_R"],"score":1069,"play_id":"8c3a906d-48cc-4cf6-9bd9-b603a532b844","local_time":"20210206203951","is_ascension_mode":true,"campfire_choices":[{"data":"Inflame","floor":7,"key":"SMITH"},{"floor":15,"key":"REST"},{"floor":29,"key":"REST"},{"floor":32,"key":"REST"},{"floor":40,"key":"RECALL"}],"circlet_count":0,"master_deck":["AscendersBane","Defend_R+1","Defend_R+1","Bash","Pommel Strike","Power Through","Inflame+1","Power Through","Anger","Rampage","Pommel Strike","Fiend Fire","Headbutt+1","Rage","Flex+1","Apotheosis+1","Uppercut","Bite","Bite","Bite","Bite","Bite","Inflame+1","Flame Barrier+1","Intimidate+1","Shockwave+1","Entrench+1"],"relics":["Busted Crown","MawBank","War Paint","Bag of Preparation","Oddly Smooth Stone","Velvet Choker","Bottled Lightning","Tiny Chest","Toxic Egg 2","Ancient Tea Set","Ginger","Astrolabe","Ornamental Fan","Happy Flower","Frozen Egg 2"],"acts_visited":["Exordium","TheCity","TheBeyond"],"potions_floor_usage":[3,12,23,28,33,45],"damage_taken":[{"damage":4,"enemies":"Jaw Worm","floor":1,"turns":3},{"damage":1,"enemies":"Cultist","floor":2,"turns":3},{"damage":7,"enemies":"Small Slimes","floor":4,"turns":3},{"damage":21,"enemies":"Gremlin Nob","floor":6,"turns":4},{"damage":3,"enemies":"Exordium Wildlife","floor":8,"turns":3},{"damage":14,"enemies":"Red Slaver","floor":10,"turns":4},{"damage":12,"enemies":"Lots of Slimes","floor":12,"turns":4},{"damage":7,"enemies":"Lagavulin","floor":13,"turns":5},{"damage":33,"enemies":"The Guardian","floor":16,"turns":9},{"damage":0,"enemies":"3 Byrds","floor":18,"turns":5},{"damage":11,"enemies":"2 Thieves","floor":19,"turns":3},{"damage":11,"enemies":"Centurion and Healer","floor":21,"turns":4},{"damage":22,"enemies":"Slavers","floor":23,"turns":6},{"damage":9,"enemies":"Snake Plant","floor":24,"turns":2},{"damage":9,"enemies":"Gremlin Leader","floor":25,"turns":5},{"damage":1,"enemies":"Cultist and Chosen","floor":27,"turns":4},{"damage":8,"enemies":"Book of Stabbing","floor":28,"turns":3},{"damage":59,"enemies":"Collector","floor":33,"turns":8},{"damage":1,"enemies":"3 Darklings","floor":35,"turns":4},{"damage":0,"enemies":"Orb Walker","floor":37,"turns":3},{"damage":3,"enemies":"Maw","floor":38,"turns":6},{"damage":31,"enemies":"Nemesis","floor":41,"turns":5},{"damage":44,"enemies":"Sphere and 2 Shapes","floor":44,"turns":6},{"damage":30,"enemies":"Transient","floor":45,"turns":6},{"damage":12,"enemies":"Spire Growth","floor":46,"turns":2}],"seed_played":"2083657244479106833","potions_obtained":[{"floor":1,"key":"BloodPotion"},{"floor":3,"key":"PowerPotion"},{"floor":3,"key":"SkillPotion"},{"floor":10,"key":"BloodPotion"},{"floor":12,"key":"BloodPotion"},{"floor":23,"key":"Explosive Potion"},{"floor":37,"key":"Ancient Potion"},{"floor":44,"key":"GamblersBrew"}],"is_trial":false,"path_per_floor":["M","M","?","M","$","E","R","M","T","M","?","M","E","T","R","B",null,"M","M","?","M","$","E","M","E","T","M","E","R","?","?","R","B",null,"M","T","M","M","$","R","E","?","T","M","M","M"],"character_chosen":"IRONCLAD","items_purchased":["Inflame","Apotheosis","Bottled Lightning","Ornamental Fan"],"campfire_rested":3,"item_purchase_floors":[5,22,22,39],"current_hp_per_floor":[64,63,75,68,68,47,47,44,44,30,30,33,26,26,48,15,60,60,49,49,38,38,31,22,13,13,12,4,26,26,26,41,3,40,48,48,52,52,52,52,33,33,33,10,10,0,0],"gold":137,"neow_bonus":"BOSS_RELIC","is_daily":false,"chose_seed":false,"campfire_upgraded":1,"win_rate":0.0,"timestamp":1612661991,"path_taken":["M","M","?","M","$","E","R","M","T","?","?","M","E","?","R","BOSS","M","M","?","?","$","E","?","E","T","M","E","R","?","?","R","BOSS","M","?","M","M","$","R","E","?","T","?","M","M"],"items_purchased_type":["Card","Card","Relic","Relic"],"build_version":"2020-12-18","purchased_purges":1,"victory":false,"max_hp_per_floor":[75,75,75,75,75,75,75,75,75,75,75,75,75,75,75,75,75,75,75,75,75,75,75,75,75,75,75,75,75,52,52,52,52,52,52,52,52,52,52,52,52,52,52,52,52,52,52],"relic_stats":{"Busted Crown":48,"Happy Flower":[4],"counters":[25,110],"Ornamental Fan":[32],"Astrolabe":["Flame Barrier","Intimidate","Shockwave"],"Tiny Chest":1,"Bag of Preparation":[34],"Ginger":[10],"War Paint":["Defend_R","Defend_R"],"MawBank":192,"obtain_stats":[{"Happy Flower":41,"Astrolabe":34,"Oddly Smooth Stone":14,"Velvet Choker":17,"Bag of Preparation":13,"Ginger":28,"War Paint":9,"Frozen Egg 2":43,"MawBank":6,"Ancient Tea Set":26,"Burning Blood":0,"Busted Crown":0,"Ornamental Fan":39,"Tiny Chest":23,"Bottled Lightning":22,"Toxic Egg 2":25},{"Happy Flower":22,"Astrolabe":18,"Oddly Smooth Stone":8,"Velvet Choker":9,"Bag of Preparation":8,"Ginger":17,"War Paint":5,"Frozen Egg 2":22,"MawBank":4,"Ancient Tea Set":15,"Burning Blood":0,"Busted Crown":0,"Ornamental Fan":21,"Tiny Chest":13,"Bottled Lightning":12,"Toxic Egg 2":15},{"Happy Flower":96,"Astrolabe":78,"Oddly Smooth Stone":29,"Velvet Choker":38,"Bag of Preparation":29,"Ginger":70,"War Paint":16,"Frozen Egg 2":96,"MawBank":13,"Ancient Tea Set":63,"Burning Blood":0,"Busted Crown":0,"Ornamental Fan":91,"Tiny Chest":56,"Bottled Lightning":50,"Toxic Egg 2":63}]},"card_choices":[{"not_picked":["Seeing Red"],"picked":"SKIP","floor":1},{"not_picked":[],"picked":"Pommel Strike","floor":2},{"not_picked":[],"picked":"Power Through","floor":4},{"not_picked":[],"picked":"Power Through","floor":6},{"not_picked":[],"picked":"Anger","floor":8},{"not_picked":[],"picked":"Rampage","floor":10},{"not_picked":[],"picked":"Pommel Strike","floor":12},{"not_picked":[],"picked":"Perfected Strike","floor":13},{"not_picked":[],"picked":"Fiend Fire","floor":16},{"not_picked":["Armaments"],"picked":"SKIP","floor":18},{"not_picked":[],"picked":"Headbutt+1","floor":19},{"not_picked":[],"picked":"Flex+1","floor":21},{"not_picked":[],"picked":"Uppercut","floor":23},{"not_picked":["Wild Strike"],"picked":"SKIP","floor":24},{"not_picked":["Pommel Strike"],"picked":"SKIP","floor":25},{"not_picked":[],"picked":"Armaments+1","floor":27},{"not_picked":["Uppercut"],"picked":"SKIP","floor":28},{"not_picked":[],"picked":"Entrench+1","floor":35},{"not_picked":["Pommel Strike"],"picked":"SKIP","floor":37},{"not_picked":["Bloodletting+1"],"picked":"SKIP","floor":38},{"not_picked":["Rampage"],"picked":"SKIP","floor":41},{"not_picked":["Pommel Strike"],"picked":"SKIP","floor":44},{"not_picked":["Warcry+1"],"picked":"SKIP","floor":45}],"player_experience":1663741,"relics_obtained":[{"floor":6,"key":"MawBank"},{"floor":9,"key":"War Paint"},{"floor":13,"key":"Bag of Preparation"},{"floor":14,"key":"Oddly Smooth Stone"},{"floor":23,"key":"Tiny Chest"},{"floor":25,"key":"Toxic Egg 2"},{"floor":26,"key":"Ancient Tea Set"},{"floor":28,"key":"Ginger"},{"floor":41,"key":"Happy Flower"},{"floor":43,"key":"Frozen Egg 2"}],"event_choices":[{"damage_healed":0,"gold_gain":0,"player_choice":"Got Potions","damage_taken":0,"max_hp_gain":0,"max_hp_loss":0,"event_name":"Lab","floor":3,"gold_loss":0},{"damage_healed":0,"gold_gain":0,"player_choice":"Ignored","damage_taken":0,"max_hp_gain":0,"max_hp_loss":0,"event_name":"Liars Game","floor":11,"gold_loss":0},{"damage_healed":0,"gold_gain":0,"cards_transformed":["Strike_R"],"player_choice":"Transformed","damage_taken":0,"max_hp_gain":0,"max_hp_loss":0,"event_name":"Transmorgrifier","floor":20,"gold_loss":0,"cards_obtained":["Rage"]},{"damage_healed":0,"gold_gain":0,"player_choice":"Became a vampire","damage_taken":0,"max_hp_gain":0,"max_hp_loss":23,"event_name":"Vampires","floor":30,"gold_loss":0,"cards_obtained":["Bite","Bite","Bite","Bite","Bite"]},{"damage_healed":0,"gold_gain":0,"player_choice":"Copied","damage_taken":0,"max_hp_gain":0,"max_hp_loss":0,"event_name":"Duplicator","floor":31,"gold_loss":0,"cards_obtained":["Inflame"]},{"damage_healed":0,"gold_gain":0,"player_choice":"Forge","damage_taken":0,"max_hp_gain":0,"max_hp_loss":0,"event_name":"Accursed Blacksmith","floor":42,"gold_loss":0,"cards_upgraded":["Apotheosis"]}],"is_beta":true,"boss_relics":[{"not_picked":["Coffee Dripper","Snecko Eye"],"picked":"Velvet Choker"},{"not_picked":["Sozu","Pandora\u0027s Box"],"picked":"Astrolabe"}],"items_purged_floors":[5],"is_endless":false,"potions_floor_spawned":[1,4,10,12,18,23,27,37,44],"killed_by":"Spire Growth","ascension_level":20}}