{"host":"avybiddlniqinkgc","time":1612716351,"event":{"mods":["AchievementEnabler","BaseMod","Colored Map","DeckTracker","Highlight Path","KOR Keyword Fix","Keyboard Shortcuts","Minty Spire (QoL Compilation)","Permanent Neow","Quick Restart","Random Character Button","Rare Cards Sparkle","StSLib","SuperFastMode"],"gold_per_floor":[113,90,105,105,53,53,71,71,98,115,143,162,176,189,189,291,291,301,321,321,340,356,356,271,271,271,283,295,307,329,356,368,482,494,519,549,606,618,531,531,291,291,315,162,193,193,203,217,217,217],"floor_reached":51,"language":"KOR","playtime":650,"items_purged":["Strike_R","Shame"],"score":679,"play_id":"2e7e629a-5109-4578-b749-9f98507a597f","local_time":"20210208014551","is_ascension_mode":false,"campfire_choices":[{"data":"Pommel Strike","floor":6.0,"key":"SMITH"},{"data":"Bash","floor":8.0,"key":"SMITH"},{"data":"Inflame","floor":15.0,"key":"SMITH"},{"data":"True Grit","floor":23.0,"key":"SMITH"},{"data":"J.A.X.","floor":25.0,"key":"SMITH"},{"data":"Rage","floor":28.0,"key":"SMITH"},{"data":"Reaper","floor":32.0,"key":"SMITH"},{"data":"Heavy Blade","floor":40,"key":"SMITH"},{"data":"Inflame","floor":46,"key":"SMITH"},{"data":"Offering","floor":49,"key":"SMITH"}],"circlet_count":0,"master_deck":["Strike_R","Strike_R","Strike_R","Defend_R","Defend_R","Defend_R","Defend_R","Bash+1","Reckless Charge","Rage+1","Twin Strike","Thunderclap","Pommel Strike+1","Thunderclap","Inflame+1","Flame Barrier","True Grit+1","Whirlwind","Wild Strike","Reaper+1","Heavy Blade+1","Sword Boomerang","J.A.X.+1","Armaments+1","Necronomicurse","Immolate+1","Second Wind+1","Twin Strike+1","Inflame+1","Offering+1","Flex"],"relics":["Burning Blood","Red Skull","Letter Opener","Mark of Pain","Molten Egg 2","MawBank","Necronomicon","Cursed Key","Bird Faced Urn","Potion Belt","Boot"],"acts_visited":["Exordium","TheCity","TheBeyond"],"potions_floor_usage":[50,50,50,50],"damage_taken":[{"damage":1.0,"enemies":"Cultist","floor":1.0,"turns":3.0},{"damage":0.0,"enemies":"Small Slimes","floor":3.0,"turns":3.0},{"damage":0.0,"enemies":"2 Louse","floor":7.0,"turns":2.0},{"damage":3.0,"enemies":"Blue Slaver","floor":10.0,"turns":3.0},{"damage":6.0,"enemies":"Gremlin Nob","floor":11.0,"turns":3.0},{"damage":0.0,"enemies":"2 Fungi Beasts","floor":12.0,"turns":1.0},{"damage":0.0,"enemies":"Looter","floor":13.0,"turns":3.0},{"damage":5.0,"enemies":"Blue Slaver","floor":14.0,"turns":2.0},{"damage":50.0,"enemies":"Hexaghost","floor":16.0,"turns":10.0},{"damage":18.0,"enemies":"Spheric Guardian","floor":18.0,"turns":5.0},{"damage":1.0,"enemies":"3 Byrds","floor":19.0,"turns":5.0},{"damage":28.0,"enemies":"Shelled Parasite and Fungi","floor":21.0,"turns":5.0},{"damage":25.0,"enemies":"Snecko","floor":22.0,"turns":7.0},{"damage":25.0,"enemies":"Snake Plant","floor":30.0,"turns":3.0},{"damage":0.0,"enemies":"Centurion and Healer","floor":31.0,"turns":3.0},{"damage":36,"enemies":"Collector","floor":33,"turns":6},{"damage":13,"enemies":"3 Darklings","floor":35,"turns":2},{"damage":6,"enemies":"3 Shapes","floor":36,"turns":1},{"damage":21,"enemies":"2 Orb Walkers","floor":37,"turns":3},{"damage":59,"enemies":"Nemesis","floor":45,"turns":5},{"damage":12,"enemies":"3 Darklings","floor":47,"turns":2},{"damage":3,"enemies":"4 Shapes","floor":48,"turns":2},{"damage":31,"enemies":"Donu and Deca","floor":50,"turns":5}],"seed_played":"-2752526849293255075","potions_obtained":[{"floor":3.0,"key":"BlessingOfTheForge"},{"floor":4.0,"key":"Energy Potion"},{"floor":4.0,"key":"Explosive Potion"},{"floor":12.0,"key":"EssenceOfSteel"},{"floor":14.0,"key":"ColorlessPotion"},{"floor":16.0,"key":"Weak Potion"},{"floor":18.0,"key":"LiquidBronze"},{"floor":22.0,"key":"SteroidPotion"},{"floor":48,"key":"Block Potion"}],"is_trial":false,"path_per_floor":["M","$","M","?","$","R","M","R","T","M","E","M","M","M","R","B",null,"M","M","?","M","M","R","?","R","T","$","R","?","M","M","R","B",null,"M","M","?","?","$","R","$","?","T","$","E","R","M","M","R","B",null],"character_chosen":"IRONCLAD","items_purchased":["Twin Strike","Pommel Strike","Twin Strike+1","Inflame","Offering","Flex"],"campfire_rested":0,"item_purchase_floors":[2,5,39,41,41,44],"current_hp_per_floor":[80,80,80,80,80,80,80,80,80,80,80,80,80,80,80,36,80,74,80,80,67,52,52,52,52,52,52,52,36,43,49,49,19,80,73,73,58,58,58,58,58,90,90,90,39,39,37,90,90,74],"gold":217,"neow_bonus":"TRANSFORM_CARD","is_daily":false,"chose_seed":false,"campfire_upgraded":10,"win_rate":0.0,"timestamp":1612716351,"path_taken":["M","$","M","?","$","R","M","R","T","M","E","M","?","M","R","BOSS","BOSS","M","M","?","M","M","R","?","R","T","?","R","?","M","M","R","BOSS","M","M","?","?","$","R","$","?","T","$","E","R","M","M","R","BOSS"],"items_purchased_type":["Card","Card","Card","Card","Card","Card"],"build_version":"2020-12-22","purchased_purges":2,"victory":true,"max_hp_per_floor":[80,80,80,80,80,80,80,80,80,80,80,80,80,80,80,80,80,80,80,80,80,80,80,80,80,80,80,80,80,80,80,80,80,80,80,80,80,80,80,80,80,90,90,90,90,90,90,90,90,90],"card_choices":[{"not_picked":["Clothesline","Clash"],"picked":"Rage","floor":1.0},{"not_picked":["Dual Wield","Wild Strike"],"picked":"Thunderclap","floor":3.0},{"not_picked":["Rampage","Fire Breathing"],"picked":"Thunderclap","floor":7.0},{"not_picked":["Anger","Berserk"],"picked":"Inflame","floor":10.0},{"not_picked":["Burning Pact","Cleave"],"picked":"Flame Barrier","floor":11.0},{"not_picked":["Warcry","Anger"],"picked":"True Grit","floor":12.0},{"not_picked":["Sword Boomerang","Fire Breathing"],"picked":"Whirlwind","floor":13.0},{"not_picked":["Clothesline","Flex"],"picked":"Wild Strike","floor":14.0},{"not_picked":["Limit Break","Brutality"],"picked":"Reaper","floor":16.0},{"not_picked":["Headbutt+1","Metallicize"],"picked":"Heavy Blade","floor":18.0},{"not_picked":["Anger","Battle Trance"],"picked":"Sword Boomerang","floor":19.0},{"not_picked":["Seeing Red","Perfected Strike","Wild Strike"],"picked":"SKIP","floor":21.0},{"not_picked":["Dark Embrace","Disarm+1"],"picked":"Armaments+1","floor":22.0},{"not_picked":["Armaments","Seeing Red"],"picked":"Immolate+1","floor":30.0},{"not_picked":["Pommel Strike+1","Clash+1","Anger+1"],"picked":"SKIP","floor":31.0},{"not_picked":["Feed+1","Barricade"],"picked":"Fiend Fire+1","floor":33},{"not_picked":["Armaments","Shrug It Off+1","Pommel Strike+1"],"picked":"SKIP","floor":35},{"not_picked":["Sword Boomerang+1","True Grit","Clash+1"],"picked":"SKIP","floor":36},{"not_picked":["Armaments","Entrench"],"picked":"Second Wind+1","floor":37},{"not_picked":["Corruption","Iron Wave+1","Armaments+1"],"picked":"SKIP","floor":45},{"not_picked":["Intimidate","Iron Wave+1","Body Slam+1"],"picked":"SKIP","floor":47},{"not_picked":["Wild Strike+1","Anger+1","Iron Wave+1"],"picked":"SKIP","floor":48}],"player_experience":4604,"relics_obtained":[{"floor":9.0,"key":"Red Skull"},{"floor":11.0,"key":"Letter Opener"},{"floor":26.0,"key":"MawBank"},{"floor":29.0,"key":"Necronomicon"},{"floor":37,"key":"Bird Faced Urn"},{"floor":43,"key":"Potion Belt"},{"floor":45,"key":"Boot"}],"event_choices":[{"damage_healed":0.0,"max_hp_gain":0.0,"max_hp_loss":0.0,"gold_gain":0.0,"event_name":"Lab","player_choice":"Got Potions","floor":4.0,"gold_loss":0.0,"damage_taken":0.0},{"damage_healed":0.0,"max_hp_gain":0.0,"max_hp_loss":0.0,"gold_gain":0.0,"event_name":"Drug Dealer","player_choice":"Obtain J.A.X.","floor":20.0,"gold_loss":0.0,"damage_taken":0.0,"cards_obtained":["J.A.X."]},{"damage_healed":0.0,"max_hp_gain":0.0,"max_hp_loss":0.0,"gold_gain":0.0,"event_name":"Addict","player_choice":"Obtained Relic","floor":24.0,"gold_loss":85.0,"damage_taken":0.0,"relics_obtained":["Molten Egg 2"]},{"damage_healed":0.0,"max_hp_gain":0.0,"max_hp_loss":0.0,"gold_gain":0.0,"event_name":"Cursed Tome","player_choice":"Obtained Book","floor":29.0,"gold_loss":0.0,"damage_taken":16.0},{"damage_healed":0,"gold_gain":0,"player_choice":"Fight","damage_taken":0,"max_hp_gain":0,"max_hp_loss":0,"event_name":"Mysterious Sphere","floor":37,"gold_loss":0},{"damage_healed":0,"gold_gain":0,"player_choice":"Ignored","damage_taken":0,"max_hp_gain":0,"max_hp_loss":0,"event_name":"Tomb of Lord Red Mask","floor":38,"gold_loss":0},{"cards_removed":["Fiend Fire"],"damage_healed":22,"gold_gain":0,"player_choice":"Offered Rare","damage_taken":0,"max_hp_gain":10,"max_hp_loss":0,"event_name":"Bonfire Elementals","floor":42,"gold_loss":0}],"is_beta":false,"boss_relics":[{"not_picked":["Runic Dome","Runic Cube"],"picked":"Mark of Pain"},{"not_picked":["Runic Pyramid","Coffee Dripper"],"picked":"Cursed Key"}],"items_purged_floors":[39,44],"is_endless":false,"potions_floor_spawned":[3,7,12,14,16,18,22,30,35,37,48],"ascension_level":0}}