{"host":"n1v11un6j7y72mz7","time":1612717263,"event":{"mods":["Act Like it!","BaseMod","Downfall","Gensokyo","Koishi","Minty Spire (QoL Compilation)","READ ME - Guardian Mod","Reliquary","Remilia£®¿Ÿ√◊¿Ú—«£©","StSLib","The Animator","The Bug Knight","Waifu the Spire"],"gold_per_floor":[116,191,191,191,206,206,8,8,8,8,8],"floor_reached":10,"language":"ZHS","playtime":410,"items_purged":[],"score":54,"play_id":"7ba1d9cb-10ba-4724-ae9a-db91638e65f7","local_time":"20210208010103","is_ascension_mode":false,"campfire_choices":[{"data":"Koishi:FourthEye","floor":6,"key":"SMITH"},{"data":"Koishi:PerfectMindControl","floor":8,"key":"SMITH"}],"circlet_count":0,"master_deck":["Koishi:BasicStrike","Koishi:BasicStrike","Koishi:BasicStrike","Koishi:BasicDefend","Koishi:BasicDefend","Koishi:BasicDefend","Koishi:BasicDefend","Koishi:Provoke","Koishi:HauntingSlash","Koishi:PerfectMindControl+1","Koishi:JumpScare","Koishi:FourthEye+1","Koishi:FleetingPhantom"],"relics":["Koishi:ImaginaryFriend","Membership Card","Pen Nib","Frozen Eye"],"acts_visited":["Exordium"],"potions_floor_usage":[10],"damage_taken":[{"damage":3,"enemies":"Jaw Worm","floor":1,"turns":5},{"damage":7,"enemies":"Small Slimes","floor":5,"turns":6},{"damage":42,"enemies":"Lagavulin","floor":10,"turns":9}],"seed_played":"-2809773652575628055","potions_obtained":[{"floor":1,"key":"SteroidPotion"}],"is_trial":false,"path_per_floor":["M","?","?","?","M","R","$","R","T","E"],"character_chosen":"KOISHI","items_purchased":["Koishi:FleetingPhantom","Membership Card"],"campfire_rested":0,"item_purchase_floors":[7,7],"current_hp_per_floor":[59,48,48,48,45,45,45,45,45,3,3],"gold":8,"neow_bonus":"ONE_RANDOM_RARE_CARD","is_daily":false,"chose_seed":false,"campfire_upgraded":2,"win_rate":0.0,"timestamp":1612717263,"path_taken":["M","?","?","?","M","R","$","R","T","E"],"items_purchased_type":["Card","Relic"],"build_version":"2020-12-22","purchased_purges":0,"victory":false,"max_hp_per_floor":[60,60,60,60,60,60,60,60,60,60,60],"card_choices":[{"not_picked":["Koishi:Vanish","Koishi:IdleWhim"],"picked":"Koishi:JumpScare","floor":1},{"not_picked":["Koishi:JumpScare","Koishi:RacingHeart"],"picked":"Koishi:FourthEye","floor":5}],"player_experience":173311,"relics_obtained":[{"floor":9,"key":"Pen Nib"}],"event_choices":[{"damage_healed":0,"gold_gain":75,"player_choice":"Gather Gold","damage_taken":11,"max_hp_gain":0,"max_hp_loss":0,"event_name":"World of Goop","floor":2,"gold_loss":0},{"damage_healed":0,"gold_gain":0,"player_choice":"Ignored","damage_taken":0,"max_hp_gain":0,"max_hp_loss":0,"event_name":"Shining Light","floor":3,"gold_loss":0},{"cards_removed":["Koishi:BasicStrike"],"damage_healed":0,"gold_gain":0,"player_choice":"Forget","damage_taken":0,"max_hp_gain":0,"max_hp_loss":0,"event_name":"Living Wall","floor":4,"gold_loss":0}],"is_beta":false,"boss_relics":[],"items_purged_floors":[],"is_endless":false,"potions_floor_spawned":[1],"killed_by":"Lagavulin","ascension_level":0}}