{"host":"121m0oxswv9tg9hk","time":1612706254,"event":{"mods":["AchievementEnabler","BaseMod","Better Third Choice","Downfall","Minty Spire (QoL Compilation)","StSLib"],"gold_per_floor":[99,124,124,143,302,340,340,362,362,406,406,406,442,474,496,606,633,633,633,657,677,359,359,359,359],"floor_reached":23,"language":"ENG","playtime":2335,"items_purged":["downfall:Icky"],"score":274,"play_id":"63845892-9589-4547-9dbb-b462b26d2db8","local_time":"20210207145734","is_ascension_mode":true,"campfire_choices":[{"data":"sneckomod:Unknown","floor":1,"key":"SMITH"},{"floor":9,"key":"REST"},{"floor":12,"key":"REST"},{"data":"sneckomod:UnknownX","floor":18,"key":"SMITH"}],"circlet_count":0,"master_deck":["sneckomod:Strike","sneckomod:Defend","sneckomod:TailWhip","sneckomod:SnekBite","sneckomod:Unknown+1","sneckomod:Unknown","sneckomod:UnknownDraw","sneckomod:UnknownX+1","Deep Breath+1","sneckomod:UnlimitedRolls","sneckomod:Unknown1Cost+1","sneckomod:QuickMove+1","sneckomod:IronFang","sneckomod:UnknownBlock+1","sneckomod:UnknownRarePower","sneckomod:DefensiveFlair+1","sneckomod:MasterEye+1","sneckomod:IronFang+1","sneckomod:UnknownExhaust+1","sneckomod:UnknownVulnerable+1","sneckomod:SoulRoll+1","sneckomod:Unknown0Cost+1","sneckomod:UnknownDraw+1"],"relics":["sneckomod:SneckoSoul","CeramicFish","Toxic Egg 2","hexamod:CandleOfCauterizing","Gambling Chip","Bottled Lightning","Astrolabe","Oddly Smooth Stone"],"acts_visited":["Exordium","TheCity"],"potions_floor_usage":[14,16,19,22],"damage_taken":[{"damage":0,"enemies":"Cultist","floor":2,"turns":3},{"damage":0,"enemies":"Small Slimes","floor":4,"turns":3},{"damage":26,"enemies":"Lagavulin","floor":6,"turns":7},{"damage":7,"enemies":"Jaw Worm","floor":8,"turns":3},{"damage":36,"enemies":"Gremlin Nob","floor":10,"turns":5},{"damage":17,"enemies":"3 Sentries","floor":13,"turns":9},{"damage":6,"enemies":"2 Fungi Beasts","floor":14,"turns":4},{"damage":5,"enemies":"Gremlin Gang","floor":15,"turns":6},{"damage":36,"enemies":"IC_STATUS_ARCHETYPE","floor":16,"turns":5},{"damage":20,"enemies":"3 Byrds","floor":19,"turns":4},{"damage":20,"enemies":"Chosen","floor":20,"turns":5},{"damage":19,"enemies":"Centurion and Healer","floor":21,"turns":10},{"damage":0,"enemies":"downfall:FleeingMerchant","floor":22,"turns":4},{"damage":16,"enemies":"Chosen and Byrds","floor":23,"turns":4}],"seed_played":"2452594847107203731","potions_obtained":[{"floor":4,"key":"Ancient Potion"},{"floor":13,"key":"SmokeBomb"},{"floor":14,"key":"Strength Potion"},{"floor":21,"key":"SneckoOil"}],"is_trial":false,"path_per_floor":["R","M","?","M","?","E","T","M","R","E","?","R","E","M","M","B",null,"R","M","M","M","$","M"],"character_chosen":"THE_SNECKO","items_purchased":["sneckomod:Unknown0Cost+1","sneckomod:UnknownDraw+1","Oddly Smooth Stone"],"campfire_rested":2,"item_purchase_floors":[22,22,22],"current_hp_per_floor":[81,81,81,81,81,55,55,48,75,39,39,66,49,43,38,2,68,68,48,28,9,9,0,0,0],"gold":359,"neow_bonus":"RANDOM_COMMON_RELIC","is_daily":false,"chose_seed":false,"campfire_upgraded":2,"win_rate":0.0,"timestamp":1612706254,"path_taken":["R","M","?","?","?","E","T","M","R","E","?","R","E","M","M","BOSS","R","M","M","M","$","M"],"items_purchased_type":["Card","Card","Relic"],"build_version":"2020-12-22","purchased_purges":1,"victory":false,"max_hp_per_floor":[90,90,90,90,90,90,90,90,90,90,90,90,90,90,90,90,90,90,90,90,90,90,90,90,90],"card_choices":[{"not_picked":["sneckomod:RainOfDice","sneckomod:QuickBite"],"picked":"sneckomod:UnknownDraw","floor":2},{"not_picked":["sneckomod:MasterEye","sneckomod:QuickBite"],"picked":"sneckomod:UnknownX","floor":4},{"not_picked":["sneckomod:DiceBoulder","sneckomod:IronFang"],"picked":"sneckomod:Memorize+1","floor":6},{"not_picked":["sneckomod:UnknownCommonSkill+1","sneckomod:WideSting"],"picked":"sneckomod:UnknownColorless+1","floor":8},{"not_picked":["sneckomod:UnknownCommonAttack","sneckomod:IronFang"],"picked":"sneckomod:UnlimitedRolls","floor":10},{"not_picked":["sneckomod:SoulDraw+1","sneckomod:WideSting"],"picked":"sneckomod:Unknown1Cost+1","floor":13},{"not_picked":["sneckomod:UnknownRareAttack","sneckomod:SnakeSap"],"picked":"sneckomod:QuickMove+1","floor":14},{"not_picked":["sneckomod:UnknownCommonAttack","sneckomod:SoulDraw+1"],"picked":"sneckomod:IronFang","floor":14},{"not_picked":["sneckomod:RainOfDice","sneckomod:Nope+1"],"picked":"sneckomod:UnknownBlock+1","floor":15},{"not_picked":["sneckomod:GlitteringGambit+1","sneckomod:Transmogrify+1"],"picked":"sneckomod:UnknownRarePower","floor":16},{"not_picked":["sneckomod:QuickBite+1","sneckomod:DiceBlock+1"],"picked":"sneckomod:UnknownExhaust+1","floor":20},{"not_picked":["sneckomod:DiceBlock+1","sneckomod:MixItUp+1"],"picked":"sneckomod:UnknownVulnerable+1","floor":21},{"not_picked":["sneckomod:Nope+1","sneckomod:UnknownCommonAttack"],"picked":"sneckomod:SoulRoll+1","floor":22}],"player_experience":2626028,"relics_obtained":[{"floor":6,"key":"Toxic Egg 2"},{"floor":7,"key":"hexamod:CandleOfCauterizing"},{"floor":10,"key":"Gambling Chip"},{"floor":13,"key":"Bottled Lightning"}],"event_choices":[],"is_beta":false,"boss_relics":[{"not_picked":["SlaversCollar","Empty Cage"],"picked":"Astrolabe"}],"items_purged_floors":[22],"is_endless":false,"potions_floor_spawned":[4,13,14,21],"killed_by":"Chosen and Byrds","ascension_level":6}}