{"host":"f7rb14kzcw8hx1r1","time":1612740590,"event":{"mods":["BaseMod","Better Note","Better Third Choice","Colored Map","Highlight Path","Hubris","Minty Spire (QoL Compilation)","Replay The Spire","StSLib","The Forsaken"],"gold_per_floor":[115,133,133,149,74,74,99,174,198,209,209,209,209,240,240,339,339,351,370,550,565,467,467,502,502,525,37,56,56,83,103,103,201,201,218,19,19,19,31,31,58,68,91,142,142,170,37,37,37,37],"floor_reached":51,"language":"ENG","playtime":2126,"items_purged":["Strike_B","Strike_B","Strike_B","ReplayTheSpireMod:Restless Dread","Strike_B"],"score":774,"play_id":"881ad7f7-16cc-4579-870c-64b68b5594f0","local_time":"20210208002950","is_ascension_mode":false,"campfire_choices":[{"data":"Zap","floor":6,"key":"SMITH"},{"data":"Dualcast","floor":11,"key":"SMITH"},{"floor":13,"key":"REST"},{"data":"The Bomb","floor":15,"key":"SMITH"},{"data":"ReplayTheSpireMod:Calculation Training","floor":23,"key":"SMITH"},{"data":"Self Repair","floor":25,"key":"SMITH"},{"data":"Coolheaded","floor":32,"key":"SMITH"},{"data":"Seek","floor":40,"key":"SMITH"},{"data":"Hologram","floor":45,"key":"SMITH"},{"floor":49,"key":"DIG"}],"circlet_count":0,"master_deck":["Defend_B","Defend_B","Defend_B","Defend_B","Zap+1","Dualcast+1","The Bomb+1","Ball Lightning","ReplayTheSpireMod:Calculation Training+1","Self Repair+1","Undo","Electrodynamics","Hologram+1","Cold Snap","Leap","Coolheaded+1","Seek+1","ReplaySolidLightProjector+1","Echo Form","CurseOfTheBell","Coolheaded+1","Echo Form","Loop"],"relics":["Cracked Core","Bag of Preparation","Smiling Mask","betterThird:SlimedRelic","InkBottle","hubris:RunicObelisk","hubris:Zylophone","Replay:Antivirus Software","Blood Vial","ClockworkSouvenir","hubris:ToyBattleship","Anchor","Calling Bell","Ancient Tea Set","hubris:DisguiseKit","Calipers","Lantern","DataDisk","Omamori","Bird Faced Urn","hubris:BundleOfHerbs","ReplayTheSpireMod:TigerMarble"],"acts_visited":["TheCity","TheBeyond"],"potions_floor_usage":[18,19,31,44,50,50,50],"damage_taken":[{"damage":0,"enemies":"Cultist","floor":1,"turns":3},{"damage":0,"enemies":"Small Slimes","floor":2,"turns":3},{"damage":6,"enemies":"Jaw Worm","floor":4,"turns":3},{"damage":29,"enemies":"Gremlin Nob","floor":7,"turns":4},{"damage":2,"enemies":"Blue Slaver","floor":10,"turns":3},{"damage":13,"enemies":"Lagavulin","floor":14,"turns":5},{"damage":4,"enemies":"Hexaghost","floor":16,"turns":8},{"damage":17,"enemies":"2 Thieves","floor":18,"turns":3},{"damage":12,"enemies":"Spheric Guardian","floor":19,"turns":4},{"damage":11,"enemies":"Snake Plant","floor":21,"turns":3},{"damage":4,"enemies":"Replay:Snechameleon","floor":24,"turns":7},{"damage":0,"enemies":"Snecko","floor":28,"turns":4},{"damage":2,"enemies":"Book of Stabbing","floor":30,"turns":7},{"damage":5,"enemies":"Shelled Parasite and Fungi","floor":31,"turns":3},{"damage":30,"enemies":"Champ","floor":33,"turns":11},{"damage":0,"enemies":"Orb Walker","floor":35,"turns":4},{"damage":5,"enemies":"3 Darklings","floor":39,"turns":4},{"damage":19,"enemies":"Giant Head","floor":41,"turns":11},{"damage":0,"enemies":"Sphere and 2 Shapes","floor":42,"turns":5},{"damage":24,"enemies":"2 Orb Walkers","floor":44,"turns":4},{"damage":0,"enemies":"R_Hoarder","floor":46,"turns":9},{"damage":6,"enemies":"Time Eater","floor":50,"turns":11}],"seed_played":"1490558274867002466","potions_obtained":[{"floor":7,"key":"Ancient Potion"},{"floor":10,"key":"SpeedPotion"},{"floor":18,"key":"ColorlessPotion"},{"floor":19,"key":"Dexterity Potion"},{"floor":21,"key":"SpeedPotion"},{"floor":28,"key":"GamblersBrew"},{"floor":33,"key":"LiquidBronze"},{"floor":46,"key":"Weak Potion"},{"floor":48,"key":"PotionOfCapacity"}],"is_trial":false,"path_per_floor":["M","M","?","M","$","R","E","?","T","M","R","?","R","E","R","B",null,"M","M","?","M","$","R","E","R","T","$","M","?","E","M","R","B",null,"M","$","?","?","M","R","E","M","T","?","R","E","$","?","R_BF","B",null],"character_chosen":"DEFECT","items_purchased":["Leap","Blood Vial","ClockworkSouvenir","hubris:ToyBattleship","Lantern","PowerPotion","Loop"],"campfire_rested":1,"item_purchase_floors":[22,27,27,27,36,47,47],"current_hp_per_floor":[54,54,54,48,48,48,19,12,12,17,17,6,28,22,22,25,75,65,60,41,30,30,30,33,33,33,33,45,45,55,52,52,34,75,75,75,75,75,75,75,66,75,75,61,61,75,75,75,75,75],"gold":37,"neow_bonus":"RANDOM_COLORLESS_2","is_daily":false,"chose_seed":false,"campfire_upgraded":8,"win_rate":0.0,"timestamp":1612740590,"path_taken":["M","M","?","M","$","R","E","?","T","?","R","?","R","E","R","BOSS","M","M","?","M","$","R","E","R","T","?","M","?","E","?","R","BOSS","M","$","?","?","M","R","E","M","T","?","R","E","$","?","R_BF","BOSS"],"items_purchased_type":["Card","Relic","Relic","Relic","Relic","Potion","Card"],"build_version":"2020-12-22","purchased_purges":5,"victory":true,"max_hp_per_floor":[75,75,75,75,75,75,75,75,75,75,75,75,75,75,75,75,75,75,75,75,75,75,75,75,75,75,75,75,75,75,75,75,75,75,75,75,75,75,75,75,75,75,75,75,75,75,75,75,75,75],"card_choices":[{"not_picked":["Midas Touch","Mayhem"],"picked":"The Bomb","floor":0},{"not_picked":["Rebound","Beam Cell"],"picked":"Ball Lightning","floor":1},{"not_picked":["Streamline","ReplayTheSpireMod:System Scan","Sweeping Beam"],"picked":"SKIP","floor":2},{"not_picked":["Force Field","Rebound"],"picked":"ReplayTheSpireMod:Calculation Training","floor":4},{"not_picked":["Machine Learning","Redo"],"picked":"Self Repair","floor":7},{"not_picked":["BasicCrystalCard","Steam Power","Consume"],"picked":"SKIP","floor":10},{"not_picked":["Compile Driver","Turbo"],"picked":"Undo","floor":14},{"not_picked":["Biased Cognition","Fission"],"picked":"Electrodynamics","floor":16},{"not_picked":["Steam","Panic Button"],"picked":"Hologram","floor":18},{"not_picked":["Ball Lightning","Tempest","Recycle"],"picked":"SKIP","floor":19},{"not_picked":["Redo+1","ReplayTheSpireMod:Repulse"],"picked":"Cold Snap","floor":21},{"not_picked":["Compile Driver","Auto Shields","Crystallizer+1"],"picked":"SKIP","floor":24},{"not_picked":["Conserve Battery","hubris:Ukulele+1"],"picked":"Coolheaded","floor":28},{"not_picked":["Leap","Darkness"],"picked":"ReplaySolidLightProjector+1","floor":30},{"not_picked":["Reprogram+1","hubris:Ukulele","ReplayTheSpireMod:Reroute Power"],"picked":"SKIP","floor":31},{"not_picked":["Hyperbeam","Creative AI"],"picked":"Echo Form","floor":33},{"not_picked":["ReplayTheSpireMod:Reroute Power","Rip and Tear+1","Streamline","Setup"],"picked":"SKIP","floor":35},{"not_picked":["Time Bomb","Hologram+1","Sunder+1","Outmaneuver"],"picked":"SKIP","floor":39},{"not_picked":["Gash+1","Turbo+1","Catalyst"],"picked":"Coolheaded+1","floor":41},{"not_picked":["Undo","hubris:PowerSurge","Stack+1","Calculated Gamble"],"picked":"SKIP","floor":42},{"not_picked":["Auto Shields+1","Force Field","Underhanded Strike"],"picked":"Echo Form","floor":46}],"player_experience":961921,"relics_obtained":[{"floor":7,"key":"Bag of Preparation"},{"floor":9,"key":"Smiling Mask"},{"floor":14,"key":"InkBottle"},{"floor":24,"key":"hubris:Zylophone"},{"floor":26,"key":"Replay:Antivirus Software"},{"floor":30,"key":"Anchor"},{"floor":34,"key":"Ancient Tea Set"},{"floor":34,"key":"hubris:DisguiseKit"},{"floor":34,"key":"Calipers"},{"floor":41,"key":"DataDisk"},{"floor":43,"key":"Omamori"},{"floor":44,"key":"Bird Faced Urn"},{"floor":46,"key":"hubris:BundleOfHerbs"},{"floor":49,"key":"ReplayTheSpireMod:TigerMarble"}],"event_choices":[{"damage_healed":0,"gold_gain":75,"player_choice":"Touch","damage_taken":7,"max_hp_gain":0,"max_hp_loss":0,"event_name":"FaceTrader","floor":8,"gold_loss":0},{"damage_healed":0,"gold_gain":0,"player_choice":"Slimed","damage_taken":11,"max_hp_gain":1,"max_hp_loss":0,"event_name":"betterThird:BetterGoop","floor":12,"gold_loss":0},{"damage_healed":0,"gold_gain":180,"player_choice":"GOLD GOLD ","damage_taken":19,"max_hp_gain":0,"max_hp_loss":0,"event_name":"Knowing Skull","floor":20,"potions_obtained":[],"gold_loss":0,"cards_obtained":[]},{"damage_healed":0,"gold_gain":0,"player_choice":"2 cards matched","damage_taken":0,"max_hp_gain":0,"max_hp_loss":0,"event_name":"Match and Keep!","floor":29,"gold_loss":0,"cards_obtained":["ReplayTheSpireMod:Restless Dread","Seek"]},{"damage_healed":0,"gold_gain":0,"player_choice":"Memory 1","damage_taken":0,"max_hp_gain":0,"max_hp_loss":0,"event_name":"SensoryStone","floor":37,"gold_loss":0},{"damage_healed":0,"gold_gain":0,"player_choice":"Fight","damage_taken":0,"max_hp_gain":0,"max_hp_loss":0,"event_name":"Mysterious Sphere","floor":44,"gold_loss":0},{"damage_healed":0,"gold_gain":0,"player_choice":"Got Potions","damage_taken":0,"max_hp_gain":0,"max_hp_loss":0,"event_name":"Lab","floor":48,"gold_loss":0}],"is_beta":false,"boss_relics":[{"not_picked":["Replay:Ancient Bell","Black Star"],"picked":"hubris:RunicObelisk"},{"not_picked":["Astrolabe","Replay:Bronze Core"],"picked":"Calling Bell"}],"items_purged_floors":[5,22,27,36,47],"is_endless":false,"potions_floor_spawned":[7,10,18,19,21,28,33,46],"ascension_level":0}}