{"host":"bf5upntvbdompq33","time":1612730321,"event":{"mods":["BaseMod","Colored Map","Colored Powertips","Curses Come First","Minty Spire (QoL Compilation)","StSLib","The Dragon Tamer","The Hierophant","The Marked","The Mystic","The Servant 0.9.4"],"gold_per_floor":[109,120,120,137,8,37,37,60,85,102,102,102,102,137,137,236,236,249,11,11,26,42,42,68,82,82,114,133,133,133,232,232,334,334,345,1344,1393,988,1007,1035,1047,1047,1047,1047,1047,1047,1047,395,395,395,395,395,16,16,16],"floor_reached":54,"language":"ENG","playtime":7465,"items_purged":["Pain","Normality","Normality","Strike_B"],"score":1089,"play_id":"de3d6120-43c1-4988-a6f2-8b6806f873a2","local_time":"20210207133841","is_ascension_mode":true,"campfire_choices":[{"data":"Zap","floor":11,"key":"SMITH"},{"data":"Zap","floor":13,"key":"SMITH"},{"data":"Dualcast","floor":15,"key":"SMITH"},{"data":"Electrodynamics","floor":23,"key":"SMITH"},{"data":"Machine Learning","floor":29,"key":"SMITH"},{"floor":32,"key":"REST"},{"floor":42,"key":"REST"},{"floor":44,"key":"RECALL"},{"floor":49,"key":"REST"},{"floor":52,"key":"REST"}],"circlet_count":0,"master_deck":["AscendersBane","Strike_B","Defend_B","Defend_B","Defend_B","Defend_B","Zap+1","Dualcast+1","Glacier","Hologram","Conserve Battery","Streamline+1","Darkness","Redo","Zap+1","Steam","Echo Form","Electrodynamics+1","Ball Lightning","Coolheaded","Compile Driver+1","Machine Learning+1","Reboot","Static Discharge","Turbo","Glacier+1","Glacier+1","BootSequence","Magnetism"],"relics":["Cracked Core","NeowsBlessing","WarpedTongs","Toy Ornithopter","Smiling Mask","Ancient Tea Set","Incense Burner","Philosopher\u0027s Stone","Bottled Tornado","Boot","Vajra","Oddly Smooth Stone","StoneCalendar","Fusion Hammer","Thread and Needle","Blue Candle","Gambling Chip","Darkstone Periapt","Bag of Marbles","Nunchaku","Toolbox","Whetstone"],"acts_visited":["Exordium","TheCity","TheBeyond","TheEnding"],"potions_floor_usage":[14,16,16,16,24,24,24,33,33,35,41,50,50],"damage_taken":[{"damage":0,"enemies":"Small Slimes","floor":1,"turns":1},{"damage":0,"enemies":"Cultist","floor":2,"turns":1},{"damage":1,"enemies":"Jaw Worm","floor":4,"turns":1},{"damage":13,"enemies":"Lagavulin","floor":6,"turns":8},{"damage":10,"enemies":"Large Slime","floor":10,"turns":6},{"damage":12,"enemies":"Gremlin Nob","floor":14,"turns":4},{"damage":16,"enemies":"Slime Boss","floor":16,"turns":14},{"damage":3,"enemies":"Shell Parasite","floor":18,"turns":5},{"damage":13,"enemies":"3 Byrds","floor":21,"turns":2},{"damage":0,"enemies":"3 Cultists","floor":22,"turns":2},{"damage":30,"enemies":"Book of Stabbing","floor":24,"turns":5},{"damage":11,"enemies":"Centurion and Healer","floor":25,"turns":3},{"damage":0,"enemies":"Gremlin Leader","floor":27,"turns":5},{"damage":6,"enemies":"Snecko","floor":28,"turns":4},{"damage":26,"enemies":"Automaton","floor":33,"turns":9},{"damage":0,"enemies":"3 Shapes","floor":35,"turns":2},{"damage":49,"enemies":"2 Orb Walkers","floor":37,"turns":4},{"damage":1,"enemies":"Orb Walker","floor":39,"turns":4},{"damage":9,"enemies":"Nemesis","floor":40,"turns":7},{"damage":0,"enemies":"4 Shapes","floor":41,"turns":2},{"damage":51,"enemies":"Awakened One","floor":50,"turns":22},{"damage":83,"enemies":"Shield and Spear","floor":54,"turns":5}],"seed_played":"172284190009484615","potions_obtained":[{"floor":1,"key":"GamblersBrew"},{"floor":2,"key":"Explosive Potion"},{"floor":4,"key":"SteroidPotion"},{"floor":14,"key":"SkillPotion"},{"floor":20,"key":"Fire Potion"},{"floor":20,"key":"Regen Potion"},{"floor":20,"key":"EssenceOfSteel"},{"floor":21,"key":"PowerPotion"},{"floor":25,"key":"DuplicationPotion"},{"floor":27,"key":"SkillPotion"},{"floor":33,"key":"DistilledChaos"},{"floor":40,"key":"Energy Potion"},{"floor":41,"key":"ColorlessPotion"}],"is_trial":false,"path_per_floor":["M","M","?","M","$","E","?","T","T","M","R","?","R","E","R","B",null,"M","$","?","M","M","R","E","M","T","E","M","R","T","?","R","B",null,"M","?","?","$","M","E","M","R","T","R","?","T","?","$","R","B",null,"R","$","E"],"character_chosen":"DEFECT","items_purchased":["Streamline","Bottled Tornado","Blue Candle","Static Discharge","Turbo","Bag of Marbles","Nunchaku","Toolbox","BootSequence","EssenceOfSteel","Whetstone","Magnetism"],"campfire_rested":4,"item_purchase_floors":[5,19,38,38,38,48,48,48,48,48,53,53],"current_hp_per_floor":[68,68,68,67,67,54,54,54,54,44,44,44,44,37,37,36,65,62,62,62,49,49,49,48,37,37,37,31,31,31,31,53,37,66,71,71,22,22,21,12,17,39,39,39,39,39,39,39,60,19,58,71,71,0,0],"gold":16,"neow_bonus":"THREE_ENEMY_KILL","is_daily":false,"chose_seed":false,"campfire_upgraded":5,"win_rate":0.0,"timestamp":1612730321,"path_taken":["M","M","?","?","$","E","?","?","T","M","R","?","R","E","R","BOSS","M","$","?","M","?","R","E","M","T","E","M","R","?","?","R","BOSS","M","?","?","$","M","E","M","R","T","R","?","?","?","$","R","BOSS","R","$","E"],"items_purchased_type":["Card","Relic","Relic","Card","Card","Relic","Relic","Relic","Card","Potion","Relic","Card"],"build_version":"2020-12-22","purchased_purges":4,"victory":false,"max_hp_per_floor":[75,75,75,75,75,75,75,75,75,75,75,75,75,75,75,75,75,75,75,75,75,75,75,75,75,75,75,75,75,75,75,75,75,75,75,75,75,75,75,75,75,75,75,75,75,75,71,71,71,71,71,71,71,71,71],"card_choices":[{"not_picked":["Storm","Scrape"],"picked":"Glacier","floor":1},{"not_picked":["Reprogram","Barrage"],"picked":"Hologram","floor":2},{"not_picked":["Stack","Sweeping Beam"],"picked":"Conserve Battery","floor":4},{"not_picked":["Leap","Storm"],"picked":"Darkness","floor":6},{"not_picked":["Gash","Ball Lightning"],"picked":"Redo","floor":10},{"not_picked":["Streamline","Fusion"],"picked":"Echo Form","floor":14},{"not_picked":["Core Surge","Hyperbeam"],"picked":"Electrodynamics","floor":16},{"not_picked":["Go for the Eyes","Storm+1","Stack+1"],"picked":"SKIP","floor":18},{"not_picked":["Leap","Gash"],"picked":"Ball Lightning","floor":21},{"not_picked":["Reprogram+1","Go for the Eyes","Barrage+1"],"picked":"SKIP","floor":22},{"not_picked":["Leap","Beam Cell"],"picked":"Coolheaded","floor":24},{"not_picked":["Redo","Rip and Tear"],"picked":"Compile Driver","floor":25},{"not_picked":["Genetic Algorithm","Barrage"],"picked":"Machine Learning","floor":27},{"not_picked":["Streamline+1","Steam","Redo"],"picked":"SKIP","floor":28},{"not_picked":["Creative AI","Hyperbeam"],"picked":"Reboot","floor":33},{"not_picked":["Redo+1","Hello World+1","Steam+1"],"picked":"SKIP","floor":35},{"not_picked":["FTL+1","Beam Cell"],"picked":"Glacier+1","floor":39},{"not_picked":["Steam","Turbo"],"picked":"Glacier+1","floor":40},{"not_picked":["Leap","Beam Cell+1","Go for the Eyes+1"],"picked":"SKIP","floor":41}],"player_experience":1493849,"relics_obtained":[{"floor":6,"key":"Toy Ornithopter"},{"floor":8,"key":"Smiling Mask"},{"floor":9,"key":"Ancient Tea Set"},{"floor":14,"key":"Incense Burner"},{"floor":24,"key":"Boot"},{"floor":26,"key":"Vajra"},{"floor":27,"key":"Oddly Smooth Stone"},{"floor":30,"key":"StoneCalendar"},{"floor":37,"key":"Thread and Needle"},{"floor":40,"key":"Gambling Chip"},{"floor":46,"key":"Darkstone Periapt"}],"event_choices":[{"damage_healed":0,"gold_gain":0,"player_choice":"Rummage","damage_taken":0,"relics_obtained":["WarpedTongs"],"max_hp_gain":0,"max_hp_loss":0,"event_name":"Accursed Blacksmith","floor":3,"gold_loss":0,"cards_obtained":["Pain"]},{"cards_removed":["Strike_B"],"damage_healed":0,"gold_gain":0,"player_choice":"Forget","damage_taken":0,"max_hp_gain":0,"max_hp_loss":0,"event_name":"Living Wall","floor":7,"gold_loss":0},{"damage_healed":0,"gold_gain":0,"player_choice":"2 cards matched","damage_taken":0,"max_hp_gain":0,"max_hp_loss":0,"event_name":"Match and Keep!","floor":12,"gold_loss":0,"cards_obtained":["Zap","Steam"]},{"damage_healed":0,"gold_gain":0,"player_choice":"Got Potions","damage_taken":0,"max_hp_gain":0,"max_hp_loss":0,"event_name":"Lab","floor":20,"gold_loss":0},{"damage_healed":0,"gold_gain":99,"player_choice":"Stole From Cult","damage_taken":0,"max_hp_gain":0,"max_hp_loss":0,"event_name":"Nest","floor":31,"gold_loss":0},{"damage_healed":0,"gold_gain":999,"player_choice":"Gold","damage_taken":0,"max_hp_gain":0,"max_hp_loss":0,"event_name":"MindBloom","floor":36,"gold_loss":0,"cards_obtained":["Normality","Normality"]},{"damage_healed":0,"gold_gain":0,"player_choice":"Fight","damage_taken":0,"max_hp_gain":0,"max_hp_loss":0,"event_name":"Mysterious Sphere","floor":37,"gold_loss":0},{"cards_removed":["Strike_B"],"damage_healed":0,"gold_gain":0,"player_choice":"Removed Attack","damage_taken":0,"max_hp_gain":0,"max_hp_loss":0,"event_name":"Falling","floor":45,"gold_loss":0},{"damage_healed":0,"gold_gain":0,"player_choice":"Max HP","damage_taken":0,"max_hp_gain":0,"max_hp_loss":4,"event_name":"Winding Halls","floor":47,"gold_loss":0}],"is_beta":false,"boss_relics":[{"not_picked":["Ectoplasm","SacredBark"],"picked":"Philosopher\u0027s Stone"},{"not_picked":["Busted Crown","Sozu"],"picked":"Fusion Hammer"}],"items_purged_floors":[5,38,48,53],"is_endless":false,"potions_floor_spawned":[1,2,4,14,21,25,27,33,40,41],"killed_by":"Shield and Spear","ascension_level":10}}