{"host":"x5w9zppki4gdwvc7","time":1612670109,"event":{"mods":["AchievementEnabler","BaseMod","Colored Powertips","DeckTracker","Minty Spire (QoL Compilation)"],"gold_per_floor":[369,381,381,66,106,106,147,147,199,199,244,294,294,371,371,472,472,513,37,57,119,157,209,209,209,209,268,268,65,65,65],"floor_reached":30,"language":"ENG","playtime":2128,"items_purged":["Dualcast","Strike_B","Writhe"],"score":278,"play_id":"259f611f-6aec-4b2d-b776-879e9a81fa4d","local_time":"20210207045509","is_ascension_mode":false,"campfire_choices":[{"data":"HandOfGreed","floor":6,"key":"SMITH"},{"data":"Auto Shields","floor":8,"key":"SMITH"},{"floor":10,"key":"REST"},{"floor":15,"key":"REST"},{"floor":25,"key":"REST"}],"circlet_count":0,"master_deck":["Strike_B","Strike_B","Defend_B","Defend_B","Defend_B","Defend_B","Zap","Coolheaded","Gash","HandOfGreed+1","Hologram","Auto Shields+1","Rebound","Barrage","Auto Shields","Multi-Cast","Stack","Sunder","Coolheaded","Gash","Sweeping Beam+1","Fission"],"relics":["Cracked Core","PreservedInsect","Vajra","Anchor","Inserter","Gambling Chip","Regal Pillow","Pantograph","FossilizedHelix","Akabeko","Enchiridion"],"acts_visited":["Exordium","TheCity"],"potions_floor_usage":[7,12,16,30],"damage_taken":[{"damage":8,"enemies":"Jaw Worm","floor":1,"turns":3},{"damage":4,"enemies":"Cultist","floor":2,"turns":3},{"damage":0,"enemies":"Small Slimes","floor":5,"turns":3},{"damage":3,"enemies":"Looter","floor":7,"turns":4},{"damage":6,"enemies":"Large Slime","floor":11,"turns":6},{"damage":20,"enemies":"Lagavulin","floor":12,"turns":6},{"damage":16,"enemies":"3 Sentries","floor":14,"turns":5},{"damage":44,"enemies":"The Guardian","floor":16,"turns":13},{"damage":16,"enemies":"3 Byrds","floor":18,"turns":6},{"damage":1,"enemies":"Chosen","floor":20,"turns":6},{"damage":13,"enemies":"Shelled Parasite and Fungi","floor":21,"turns":12},{"damage":23,"enemies":"Snake Plant","floor":22,"turns":8},{"damage":18,"enemies":"Book of Stabbing","floor":23,"turns":7},{"damage":48,"enemies":"Gremlin Leader","floor":27,"turns":13},{"damage":12,"enemies":"Chosen and Byrds","floor":30,"turns":8}],"seed_played":"4919495010676929249","potions_obtained":[{"floor":1,"key":"Fruit Juice"},{"floor":5,"key":"FairyPotion"},{"floor":11,"key":"SmokeBomb"},{"floor":12,"key":"ColorlessPotion"},{"floor":16,"key":"GamblersBrew"},{"floor":20,"key":"SkillPotion"},{"floor":27,"key":"Energy Potion"}],"is_trial":false,"path_per_floor":["M","M","?","$","M","R","M","R","T","R","M","E","?","E","R","B",null,"M","$","M","M","M","E","?","R","T","E","?","$","M"],"character_chosen":"DEFECT","items_purchased":["HandOfGreed","PowerPotion","Gambling Chip","Sunder","Fission"],"campfire_rested":3,"item_purchase_floors":[4,4,19,19,29],"current_hp_per_floor":[46,42,42,42,42,42,44,44,44,68,62,42,42,26,50,6,80,64,64,63,50,27,9,9,48,48,24,8,8,0,0],"gold":65,"neow_bonus":"TWO_FIFTY_GOLD","is_daily":false,"chose_seed":false,"campfire_upgraded":2,"win_rate":0.0,"timestamp":1612670109,"path_taken":["M","M","?","$","?","R","M","R","T","R","M","E","?","E","R","BOSS","M","$","M","M","?","E","?","R","T","E","?","$","M"],"items_purchased_type":["Card","Potion","Relic","Card","Card"],"build_version":"2020-12-22","purchased_purges":3,"victory":false,"max_hp_per_floor":[75,75,75,75,75,75,80,80,80,80,80,80,80,80,80,80,80,80,80,80,80,80,80,80,80,80,80,80,80,80,80],"card_choices":[{"not_picked":["Go for the Eyes","Hologram"],"picked":"Coolheaded","floor":1},{"not_picked":["Compile Driver","Coolheaded"],"picked":"Gash","floor":2},{"not_picked":["Ball Lightning","Hyperbeam"],"picked":"Hologram","floor":5},{"not_picked":["Redo","Steam"],"picked":"Auto Shields","floor":7},{"not_picked":["Beam Cell","Leap"],"picked":"Rebound","floor":11},{"not_picked":["Force Field","Beam Cell"],"picked":"Barrage","floor":12},{"not_picked":["Redo","Cold Snap"],"picked":"Auto Shields","floor":14},{"not_picked":["Echo Form","Meteor Strike"],"picked":"Multi-Cast","floor":16},{"not_picked":["Undo","Streamline"],"picked":"Stack","floor":18},{"not_picked":["Streamline","Rebound"],"picked":"Coolheaded","floor":20},{"not_picked":["Recycle","Lockon"],"picked":"Gash","floor":21},{"not_picked":["Steam","Beam Cell","Redo"],"picked":"SKIP","floor":22},{"not_picked":["Steam","Beam Cell","Redo"],"picked":"SKIP","floor":22},{"not_picked":["Darkness","Redo","Rip and Tear"],"picked":"SKIP","floor":23},{"not_picked":["Barrage","Stack+1"],"picked":"Sweeping Beam+1","floor":27}],"player_experience":524103,"relics_obtained":[{"floor":9,"key":"PreservedInsect"},{"floor":12,"key":"Vajra"},{"floor":14,"key":"Anchor"},{"floor":23,"key":"Regal Pillow"},{"floor":26,"key":"FossilizedHelix"},{"floor":27,"key":"Akabeko"},{"floor":28,"key":"Enchiridion"}],"event_choices":[{"damage_healed":0,"gold_gain":0,"player_choice":"Ignored","damage_taken":0,"max_hp_gain":0,"max_hp_loss":0,"event_name":"NoteForYourself","floor":3,"gold_loss":0},{"cards_removed":["Strike_B"],"damage_healed":0,"gold_gain":0,"player_choice":"Purged","damage_taken":0,"max_hp_gain":0,"max_hp_loss":0,"event_name":"Purifier","floor":13,"gold_loss":0},{"damage_healed":0,"gold_gain":0,"player_choice":"Opened","damage_taken":0,"relics_obtained":["Pantograph"],"max_hp_gain":0,"max_hp_loss":0,"event_name":"The Mausoleum","floor":24,"gold_loss":0,"cards_obtained":["Writhe"]},{"damage_healed":0,"gold_gain":0,"player_choice":"Obtained Book","damage_taken":16,"max_hp_gain":0,"max_hp_loss":0,"event_name":"Cursed Tome","floor":28,"gold_loss":0}],"is_beta":false,"boss_relics":[{"not_picked":["SlaversCollar","Runic Pyramid"],"picked":"Inserter"}],"items_purged_floors":[4,19,29],"is_endless":false,"potions_floor_spawned":[1,5,11,12,16,20,22,27],"killed_by":"Chosen and Byrds","ascension_level":0}}