{"host":"mv9iawyrph7ym8en","time":1612717310,"event":{"mods":["Act Like it!","Aspiration","BaseMod","Conspire","Defuse TimeMaze Blight","Downfall","Minty Spire (QoL Compilation)","Replay The Spire","Ryuuou¡˙Õı","Shop Mod","Spicy Shops","StSLib","TestMod","[IsaacMod]“‘»ˆº‚À˛"],"gold_per_floor":[99,108,121,31,31,47,47,146,170,3,20,33,45,78,89,89,89,89],"floor_reached":16,"language":"ZHS","playtime":1141,"items_purged":["bronze:Defend"],"score":164,"play_id":"cce69279-810f-4390-8d25-2a4c5974e078","local_time":"20210208010150","is_ascension_mode":false,"campfire_choices":[],"circlet_count":0,"master_deck":["bronze:Strike","bronze:Strike","bronze:Defend","bronze:Defend","bronze:Replicate","bronze:Goto","bronze:Shield","bronze:Overload+1","bronze:ItsAFeature","bronze:Spike","bronze:AlphaBuild","bronze:Repulsor","bronze:Repulsor","bronze:FindAndReplace","bronze:WhirlingStrike","bronze:Mutator","bronze:ChildClass","bronze:MaxOutput"],"relics":["bronze:BronzeCore","testmod-TestBox","HushsDoor","GuppysHead","testmod-Charity","testmod-EqualTreatment","testmod-Acrobat","GnawedLeaf"],"acts_visited":["Exordium"],"potions_floor_usage":[8,14,14,14],"damage_taken":[{"damage":1,"enemies":"Jaw Worm","floor":2,"turns":3},{"damage":1,"enemies":"2 Louse","floor":3,"turns":3},{"damage":0,"enemies":"downfall:FleeingMerchant","floor":4,"turns":4},{"damage":10,"enemies":"downfall:FleeingMerchant","floor":5,"turns":3},{"damage":5,"enemies":"Small Slimes","floor":6,"turns":3},{"damage":10,"enemies":"downfall:Heads","floor":8,"turns":2},{"damage":2,"enemies":"Lagavulin","floor":9,"turns":6},{"damage":15,"enemies":"downfall:FleeingMerchant","floor":10,"turns":4},{"damage":12,"enemies":"3 Louse","floor":11,"turns":2},{"damage":12,"enemies":"Blue Slaver","floor":12,"turns":2},{"damage":15,"enemies":"Exordium Thugs","floor":13,"turns":3},{"damage":2,"enemies":"3 Sentries","floor":14,"turns":3},{"damage":4,"enemies":"Lots of Slimes","floor":15,"turns":2},{"damage":21,"enemies":"SI_SHIV_ARCHETYPE","floor":16,"turns":5}],"seed_played":"3865374379944984750","potions_obtained":[{"floor":2,"key":"Ancient Potion"},{"floor":5,"key":"bronze:FreeFunctionsPotion"},{"floor":6,"key":"champ:CounterPotion"},{"floor":9,"key":"GamblersBrew"},{"floor":13,"key":"testmod-TestPotion"}],"is_trial":false,"path_per_floor":["R","M","M","$","?","M","T","?","E","$","M","M","M","E","M","B"],"character_chosen":"THE_AUTOMATON","items_purchased":["testmod-Acrobat"],"campfire_rested":0,"item_purchase_floors":[10],"current_hp_per_floor":[77,77,77,77,67,63,63,54,53,38,28,20,7,12,13,0,0,0],"gold":89,"neow_bonus":"TEN_PERCENT_HP_BONUS","is_daily":false,"chose_seed":false,"campfire_upgraded":0,"win_rate":0.0,"timestamp":1612717310,"path_taken":["R","M","M","$","?","M","T","?","E","$","M","M","M","E","M","BOSS"],"items_purchased_type":["Relic"],"build_version":"2020-12-22","purchased_purges":1,"victory":false,"max_hp_per_floor":[77,78,79,79,79,80,80,81,82,82,84,88,90,97,102,110,110,110],"card_choices":[{"not_picked":["bronze:WildBeam","bronze:BitShift"],"picked":"bronze:Overload","floor":2},{"not_picked":["bronze:Turbo","bronze:FindAndReplace"],"picked":"bronze:ItsAFeature","floor":3},{"not_picked":["bronze:ForLoop","bronze:Return"],"picked":"Bomb","floor":4},{"not_picked":[],"picked":"bronze:Spike","floor":5},{"not_picked":["bronze:BugBarrage","bronze:ItsAFeature"],"picked":"bronze:AlphaBuild","floor":5},{"not_picked":["bronze:Fortify","bronze:ItsAFeature"],"picked":"bronze:Repulsor","floor":6},{"not_picked":["bronze:BuggyMess","bronze:CloningBeam"],"picked":"bronze:FindAndReplace","floor":9},{"not_picked":["bronze:Assembly","bronze:BitShift","bronze:Frontload"],"picked":"SKIP","floor":10},{"not_picked":["bronze:Return","bronze:WildBeam"],"picked":"bronze:WhirlingStrike","floor":11},{"not_picked":["bronze:ItsAFeature","bronze:WildBeam"],"picked":"bronze:Mutator","floor":12},{"not_picked":["bronze:GetLatest","bronze:Branch"],"picked":"bronze:ChildClass","floor":13},{"not_picked":["bronze:ForceShield","Bomb"],"picked":"bronze:MaxOutput","floor":14},{"not_picked":["bronze:Repulsor","bronze:GetLatest","bronze:Overheat"],"picked":"SKIP","floor":15}],"player_experience":640580,"relics_obtained":[{"floor":9,"key":"testmod-EqualTreatment"},{"floor":14,"key":"GnawedLeaf"}],"event_choices":[],"is_beta":false,"boss_relics":[],"items_purged_floors":[4],"is_endless":false,"potions_floor_spawned":[2,5,6,9,12,13],"killed_by":"SI_SHIV_ARCHETYPE","ascension_level":0}}