{"host":"3qkmyeoym75lj4wn","time":1612704182,"event":{"mods":["2.2 Compatiblity","BaseMod","Block Reminder","Colored Powertips","Highlight Path","Minty Spire (QoL Compilation)","Permanent Neow","Potion Indicator Mod","Rare Cards Sparkle","Relic Stats","StSLib","Unceasing Turn Reminder"],"gold_per_floor":[118,118,17,17,32,32,71,71,94,394,429,453,453,453,453,546,546,571,571,100,25,46,46,71,107,131,131,144,144,184,204,204,204,204],"floor_reached":33,"language":"ENG","playtime":1241,"items_purged":["Strike_B"],"score":678,"play_id":"d165c8f0-f3c8-4297-88a3-225a43325251","local_time":"20210207132302","is_ascension_mode":true,"campfire_choices":[{"data":"Zap","floor":6.0,"key":"SMITH"},{"data":"Sunder","floor":8.0,"key":"SMITH"},{"floor":15,"key":"REST"},{"data":"Go for the Eyes","floor":23,"key":"SMITH"},{"data":"Go for the Eyes","floor":27,"key":"SMITH"},{"floor":29,"key":"REST"},{"data":"Seek","floor":32,"key":"SMITH"}],"circlet_count":0,"master_deck":["AscendersBane","Defend_B","Defend_B","Defend_B","Defend_B","Zap+1","Dualcast","Sunder+1","Go for the Eyes+1","Sweeping Beam","Steam","Coolheaded","Ball Lightning","Electrodynamics","Coolheaded+1","Go for the Eyes+1","Conserve Battery","Dramatic Entrance+1","Glacier","Chill","Go for the Eyes+1","Seek+1","Ball Lightning+1"],"relics":["FrozenCore","Happy Flower","Golden Idol","Mercury Hourglass","Blood Vial","Old Coin","Unceasing Top","CultistMask","Membership Card","Akabeko","Molten Egg 2","Smiling Mask","Toy Ornithopter","Vajra","Darkstone Periapt"],"acts_visited":["Exordium","TheCity"],"potions_floor_usage":[16,30,33],"damage_taken":[{"damage":1.0,"enemies":"Small Slimes","floor":1.0,"turns":3.0},{"damage":0.0,"enemies":"2 Louse","floor":5.0,"turns":1.0},{"damage":25.0,"enemies":"Lagavulin","floor":7.0,"turns":5.0},{"damage":32.0,"enemies":"Gremlin Nob","floor":11.0,"turns":4.0},{"damage":0.0,"enemies":"Cultist","floor":12.0,"turns":2.0},{"damage":25,"enemies":"Slime Boss","floor":16,"turns":7},{"damage":3,"enemies":"Chosen","floor":18,"turns":5},{"damage":3,"enemies":"3 Byrds","floor":22,"turns":2},{"damage":0,"enemies":"Gremlin Leader","floor":25,"turns":6},{"damage":15,"enemies":"Centurion and Healer","floor":28,"turns":4},{"damage":0,"enemies":"Slavers","floor":30,"turns":3},{"damage":0,"enemies":"Sentry and Sphere","floor":31,"turns":4},{"damage":69,"enemies":"Champ","floor":33,"turns":17}],"seed_played":"-669788388394437076","potions_obtained":[{"floor":11.0,"key":"Dexterity Potion"},{"floor":12.0,"key":"AttackPotion"},{"floor":16,"key":"EssenceOfSteel"},{"floor":22,"key":"PowerPotion"}],"is_trial":false,"path_per_floor":["M","?","$","?","M","R","E","R","T","?","E","M","T","?","R","B",null,"M","?","$","?","M","R","T","E","T","R","M","R","E","M","R","B"],"character_chosen":"DEFECT","items_purchased":["Sunder","Go for the Eyes","Membership Card","Akabeko","Molten Egg 2","Dramatic Entrance+1"],"campfire_rested":2,"item_purchase_floors":[3,3,20,20,20,20],"current_hp_per_floor":[63,63,63,63,63,63,38,38,38,38,8,10,10,10,29,6,50,49,49,49,49,48,48,48,50,50,50,37,56,63,64,64,0,0],"gold":204,"neow_bonus":"RANDOM_COMMON_RELIC","is_daily":false,"chose_seed":false,"campfire_upgraded":5,"win_rate":0.0,"timestamp":1612704182,"path_taken":["M","?","$","?","M","R","E","R","T","?","E","M","?","?","R","BOSS","M","?","$","?","M","R","?","E","T","R","M","R","E","M","R","BOSS"],"items_purchased_type":["Card","Card","Relic","Relic","Relic","Card"],"build_version":"2020-12-22","purchased_purges":1,"victory":false,"max_hp_per_floor":[71,71,71,64,64,64,64,64,64,64,64,64,64,64,64,64,64,64,64,64,64,64,64,64,64,64,64,64,64,64,64,64,64,64],"relic_stats":{"Blood Vial":17,"Darkstone Periapt":0,"Happy Flower":[21],"counters":[13,62],"Golden Idol":73,"Smiling Mask":0,"obtain_stats":[{"Darkstone Periapt":30,"Happy Flower":0,"Golden Idol":4,"Vajra":26,"Smiling Mask":24,"Akabeko":20,"Mercury Hourglass":7,"Old Coin":10,"FrozenCore":17,"Blood Vial":9,"Molten Egg 2":20,"CultistMask":14,"Membership Card":20,"Cracked Core":0,"Unceasing Top":11,"Toy Ornithopter":25},{"Darkstone Periapt":11,"Happy Flower":0,"Golden Idol":1,"Vajra":9,"Smiling Mask":8,"Akabeko":7,"Mercury Hourglass":3,"Old Coin":3,"FrozenCore":6,"Blood Vial":3,"Molten Egg 2":7,"CultistMask":5,"Membership Card":7,"Cracked Core":0,"Unceasing Top":4,"Toy Ornithopter":9},{"Darkstone Periapt":41,"Happy Flower":0,"Golden Idol":3,"Vajra":35,"Smiling Mask":29,"Akabeko":27,"Mercury Hourglass":9,"Old Coin":9,"FrozenCore":22,"Blood Vial":9,"Molten Egg 2":27,"CultistMask":15,"Membership Card":27,"Cracked Core":0,"Unceasing Top":13,"Toy Ornithopter":35}],"Unceasing Top":[6],"Toy Ornithopter":10,"FrozenCore":[10],"Mercury Hourglass":[187]},"card_choices":[{"not_picked":["Turbo","Barrage","Beam Cell"],"picked":"SKIP","floor":1.0},{"not_picked":["Heatsinks","Steam Power"],"picked":"Sweeping Beam","floor":5.0},{"not_picked":["Steam Power","Scrape"],"picked":"Steam","floor":7.0},{"not_picked":["Compile Driver","Aggregate"],"picked":"Coolheaded","floor":11.0},{"not_picked":["Tempest","Hologram"],"picked":"Ball Lightning","floor":12.0},{"not_picked":["Core Surge","Amplify"],"picked":"Electrodynamics","floor":16},{"not_picked":["Tempest","Streamline"],"picked":"Coolheaded+1","floor":18},{"not_picked":["Chill","Gash+1"],"picked":"Glacier","floor":22},{"not_picked":["Storm+1","Coolheaded"],"picked":"Chill","floor":25},{"not_picked":["Fusion","Rebound+1"],"picked":"Go for the Eyes+1","floor":28},{"not_picked":["Scrape+1","Rainbow"],"picked":"Seek","floor":30},{"not_picked":["Coolheaded","Reinforced Body"],"picked":"Ball Lightning+1","floor":31}],"player_experience":1736502,"relics_obtained":[{"floor":7.0,"key":"Mercury Hourglass"},{"floor":9.0,"key":"Blood Vial"},{"floor":11.0,"key":"Unceasing Top"},{"floor":24,"key":"Smiling Mask"},{"floor":25,"key":"Toy Ornithopter"},{"floor":26,"key":"Vajra"},{"floor":30,"key":"Darkstone Periapt"}],"event_choices":[{"damage_healed":0.0,"max_hp_gain":0.0,"max_hp_loss":0.0,"gold_gain":0.0,"event_name":"Golden Wing","player_choice":"Ignored","floor":2.0,"gold_loss":0.0,"damage_taken":0.0},{"damage_healed":0.0,"max_hp_gain":0.0,"max_hp_loss":7.0,"gold_gain":0.0,"event_name":"Golden Idol","player_choice":"Lose Max HP","floor":4.0,"gold_loss":0.0,"damage_taken":0.0,"relics_obtained":["Golden Idol"]},{"damage_healed":0.0,"max_hp_gain":0.0,"max_hp_loss":0.0,"gold_gain":0.0,"event_name":"Dead Adventurer","player_choice":"Searched \u00272\u0027 times","floor":10.0,"gold_loss":0.0,"damage_taken":0.0,"relics_obtained":["Old Coin"]},{"damage_healed":0,"gold_gain":0,"player_choice":"Trade","damage_taken":0,"relics_obtained":["CultistMask"],"max_hp_gain":0,"max_hp_loss":0,"event_name":"FaceTrader","floor":14,"gold_loss":0},{"damage_healed":0,"gold_gain":0,"cards_transformed":["Strike_B","Strike_B"],"player_choice":"Became Test Subject","damage_taken":0,"max_hp_gain":0,"max_hp_loss":0,"event_name":"Drug Dealer","floor":19,"gold_loss":0,"cards_obtained":["Go for the Eyes","Conserve Battery"]},{"cards_removed":["Strike_B"],"damage_healed":0,"gold_gain":0,"player_choice":"Gave Gold","damage_taken":0,"max_hp_gain":0,"max_hp_loss":0,"event_name":"Beggar","floor":21,"gold_loss":75}],"is_beta":false,"boss_relics":[{"not_picked":["Calling Bell","Coffee Dripper"],"picked":"FrozenCore"}],"items_purged_floors":[20],"is_endless":false,"potions_floor_spawned":[11,12,16,22,25],"killed_by":"Champ","ascension_level":20}}