{"host":"hzswyuuwdl03wwzr","time":1612705543,"event":{"mods":["100% Spire Juice","ATMod(∞¢Ë™Mod)","AchievementEnabler","Act Like it!","BaseMod","Gensokyo","Hallownest","Marisa£®ÏF”Í°°ƒß¿Ì…≥£©","Minty Spire (QoL Compilation)","Reliquary","Remilia_Scarlet Moed£®¿Ÿ√◊¿Ú—«°§Àπø®¿◊Ãÿ£©3.3.5","Replay The Spire","StSLib","The Bug Knight","The Cursed","The Senshi","The Servant 0.9.4","Yakumo Yukari mod","Youmu£®ªÍ∆«—˝√Œ£©","Yuyuko","°æπ¶ƒ‹Mod°øªÏ„Á÷Æª∑–ﬁ∏¥≤π∂°","°æ“≈ŒÔø®≈∆°øREMEMod"],"gold_per_floor":[113,288,288,213,223,223,233,233,233,333,344,360,360,373,373,468,468,478,465,390,410,410,442,442,470,496,496,496,272,284,297,297,395,395,414,338,338,338,377,403,403,250,274,286,328,355,380,405,417,429],"floor_reached":51,"language":"ZHS","playtime":2582,"items_purged":["Doubt"],"score":862,"play_id":"aec34535-e7fd-4c18-a40a-7e246cd5934e","local_time":"20210207214543","is_ascension_mode":false,"campfire_choices":[{"data":"Song of Papilio","floor":6.0,"key":"SMITH"},{"data":"Sakura Ward","floor":8.0,"key":"SMITH"},{"data":"Trap Lamp","floor":13.0,"key":"SMITH"},{"data":"Mini Ghostdom","floor":15.0,"key":"SMITH"},{"floor":24,"key":"REST"},{"data":"The Inky Sakura","floor":28,"key":"SMITH"},{"data":"Monster Cherry Tree","floor":32,"key":"SMITH"},{"data":"The Inky Sakura+1","floor":49,"key":"SMITH"}],"circlet_count":0,"master_deck":["Fantasy Butterflies+1","Fantasy Butterflies","Fantasy Butterflies","Fantasy Butterflies","Fantasy Butterflies","Dreamy Sakura","Dreamy Sakura","Dreamy Sakura","Dreamy Sakura","Dreamy Sakura","Deathly Ground+1","Song of Papilio+1","Sakura Ward+1","Steamed Phantom","Trap Lamp+1","Mini Ghostdom+1","The Inky Sakura+2","Bloom","Butterflies in Dream","Cerasus Subhirtella","Bloom+1","Monster Cherry Tree+1","Sweet of Phantom","Ghost Lead","Bloom+1","Gensokyo:LifeSpringInfinity","Dying Sakura","Pot Of Greed","Pot Of Greed","Pot Of Greed","City of Death+1","Phantom Butterflies+1","Full Moon+1"],"relics":["Coronal","Yuyuko\u0027s fan","AT_ATBox","REME_ComplimentaryCards","NeowsBlessing","Blue Kimono (Sakura)","REME_HourglassOfDeath","MealTicket","Vajra","MutagenicStrength","REME_PuzzleBoxRelic","Black Star","Grinning Jar","AT_ForceNature","AT_GuinsooRageblade","Lee\u0027s Waffle","MawBank","Regal Pillow","Whetstone","Pondfish Scales"],"acts_visited":["Exordium","TheCity","Gensokyo:Gensokyoest"],"potions_floor_usage":[],"damage_taken":[{"damage":1.0,"enemies":"Cultist","floor":1.0,"turns":1.0},{"damage":1.0,"enemies":"Jaw Worm","floor":5.0,"turns":1.0},{"damage":1.0,"enemies":"Small Slimes","floor":7.0,"turns":1.0},{"damage":84.0,"enemies":"Exordium Thugs","floor":11.0,"turns":10.0},{"damage":25.0,"enemies":"Exordium Wildlife","floor":12.0,"turns":5.0},{"damage":36.0,"enemies":"Large Slime","floor":14.0,"turns":11.0},{"damage":93.0,"enemies":"Fading Forest","floor":16.0,"turns":11.0},{"damage":40,"enemies":"Shell Parasite","floor":18,"turns":8},{"damage":31,"enemies":"2 Thieves","floor":19,"turns":4},{"damage":53,"enemies":"Snake Plant","floor":21,"turns":6},{"damage":42,"enemies":"Book of Stabbing","floor":23,"turns":5},{"damage":23,"enemies":"Gremlin Leader","floor":25,"turns":4},{"damage":3,"enemies":"Snecko","floor":30,"turns":3},{"damage":3,"enemies":"3 Cultists","floor":31,"turns":3},{"damage":54,"enemies":"Collector","floor":33,"turns":7},{"damage":7,"enemies":"Gensokyo:AncientGuardian","floor":35,"turns":7},{"damage":7,"enemies":"Gensokyo:3_Boulders","floor":39,"turns":4},{"damage":18,"enemies":"Gensokyo:Marisa","floor":40,"turns":4},{"damage":10,"enemies":"Gensokyo:Kasen","floor":45,"turns":4},{"damage":21,"enemies":"Gensokyo:Sharpion","floor":46,"turns":3},{"damage":1,"enemies":"Gensokyo:Rafflesia","floor":47,"turns":3},{"damage":1,"enemies":"Gensokyo:AtlasGolem","floor":48,"turns":3},{"damage":4,"enemies":"Gensokyo:Scarlet_Devils","floor":50,"turns":8}],"seed_played":"-1211289802589031970","potions_obtained":[{"floor":1.0,"key":"Flashbang"},{"floor":5.0,"key":"DistilledChaos"},{"floor":11.0,"key":"Fire Potion"},{"floor":18,"key":"Dexterity Potion"},{"floor":19,"key":"GamblersBrew"},{"floor":25,"key":"EntropicBrew"},{"floor":30,"key":"FairyPotion"}],"is_trial":false,"path_per_floor":["M","?","?","$","M","R","M","R","T","?","M","M","R","M","R","B",null,"M","M","?","M","?","E","R","E","T","?","R","$","M","M","R","B",null,"M","COS","?","?","M","E","T","$","T","?","E","M","M","M","R","B",null],"character_chosen":"YUYOKO","items_purchased":["REME_PuzzleBoxRelic","Monster Cherry Tree","Lee\u0027s Waffle"],"campfire_rested":1,"item_purchase_floors":[29,29,42],"current_hp_per_floor":[39,39,44,44,43,43,42,42,42,42,14,18,18,34,34,3,45,37,34,34,17,17,8,21,41,41,41,41,45,45,42,42,29,45,38,38,38,38,41,35,35,52,52,52,50,37,51,51,51,48],"gold":441,"neow_bonus":"THREE_ENEMY_KILL","is_daily":false,"chose_seed":false,"campfire_upgraded":7,"win_rate":0.0,"timestamp":1612705543,"path_taken":["M","?","?","?","M","R","M","R","T","?","M","?","R","M","R","BOSS","M","M","?","M","?","E","R","E","T","?","R","$","M","M","R","BOSS","M","COS","?","?","M","E","?","?","T","?","E","?","M","M","R","BOSS"],"items_purchased_type":["Relic","Card","Relic"],"build_version":"2020-12-22","purchased_purges":1,"victory":true,"max_hp_per_floor":[40,40,45,45,45,45,45,45,45,45,45,45,45,45,45,45,45,45,45,45,45,45,45,45,45,45,45,45,45,45,45,45,45,45,45,45,45,45,45,45,45,52,52,52,52,52,52,52,52,52],"card_choices":[{"not_picked":["Sweet of Phantom","Ghostdom Sakura"],"picked":"Song of Papilio","floor":1.0},{"not_picked":["Bomb","Linger over Flower"],"picked":"Sakura Ward","floor":5.0},{"not_picked":["End of Faramita","Wandering Soul"],"picked":"Steamed Phantom","floor":7.0},{"not_picked":["Full Inky Sakura","City of Death","Postpone Bloom"],"picked":"SKIP","floor":11.0},{"not_picked":["Gauzy Sakura","City of Death"],"picked":"Trap Lamp","floor":12.0},{"not_picked":["Steamed Phantom","Bloom"],"picked":"Mini Ghostdom","floor":14.0},{"not_picked":["Living to Die","Remain Here"],"picked":"The Inky Sakura","floor":16.0},{"not_picked":["Wandering Soul+1","Redemption of Death"],"picked":"Bloom","floor":18},{"not_picked":["Chase The Sukhavati","End of Faramita+1"],"picked":"Butterflies in Dream","floor":19},{"not_picked":["Reverse The Screen","Dark Wind","Gauzy Sakura"],"picked":"SKIP","floor":21},{"not_picked":["Suicide","Showy Withering","Infinite Sin"],"picked":"SKIP","floor":23},{"not_picked":["Serene Spring","Unknown Petal"],"picked":"Bloom+1","floor":25},{"not_picked":["Dream of Spring","Gauzy Sakura"],"picked":"Sweet of Phantom","floor":30},{"not_picked":["Redemption of Death","Dark Wind","Final of Final"],"picked":"SKIP","floor":31},{"not_picked":["Ghastly Dream","Sakura Sakura"],"picked":"Ghost Lead","floor":33},{"not_picked":["Immigrant Phantom+1","Dying Sakura+1"],"picked":"Bloom+1","floor":35},{"not_picked":["Gensokyo:MorningMist","Gensokyo:EverlastingLife"],"picked":"Gensokyo:LifeSpringInfinity","floor":37},{"not_picked":["The Forgotten Winter","Open The Fan+1"],"picked":"Dying Sakura","floor":39},{"not_picked":["Ghastly Dream","Unstable Ward"],"picked":"City of Death+1","floor":40},{"not_picked":["Postpone Bloom+1","Dying Butterflies"],"picked":"Phantom Butterflies+1","floor":45},{"not_picked":["Infinite Sin","Dying Butterflies","Butterflies Rainbow"],"picked":"SKIP","floor":46},{"not_picked":["Fondling of Papilio+1","Triple Snow"],"picked":"Full Moon+1","floor":47},{"not_picked":["Childlike","Final of Final","The Forgotten Winter"],"picked":"SKIP","floor":48}],"player_experience":40704,"relics_obtained":[{"floor":23,"key":"REME_HourglassOfDeath"},{"floor":25,"key":"MealTicket"},{"floor":26,"key":"Vajra"},{"floor":40,"key":"Grinning Jar"},{"floor":40,"key":"AT_ForceNature"},{"floor":41,"key":"AT_GuinsooRageblade"},{"floor":43,"key":"MawBank"},{"floor":45,"key":"Regal Pillow"},{"floor":45,"key":"Whetstone"}],"event_choices":[{"damage_healed":0.0,"max_hp_gain":0.0,"max_hp_loss":0.0,"gold_gain":175.0,"event_name":"Liars Game","player_choice":"AGREE","floor":2.0,"gold_loss":0.0,"damage_taken":0.0,"cards_obtained":["Doubt"]},{"damage_healed":0.0,"max_hp_gain":5.0,"max_hp_loss":0.0,"gold_gain":0.0,"event_name":"Big Fish","player_choice":"Donut","floor":3.0,"gold_loss":0.0,"damage_taken":0.0},{"damage_healed":0.0,"max_hp_gain":0.0,"max_hp_loss":0.0,"gold_gain":100.0,"event_name":"Wheel of Change","player_choice":"Gold","floor":10.0,"gold_loss":0.0,"damage_taken":0.0},{"cards_removed":["Faramita\u0027s Temptation"],"damage_healed":0,"gold_gain":0,"player_choice":"Gave Gold","damage_taken":0,"max_hp_gain":0,"max_hp_loss":0,"event_name":"Beggar","floor":20,"gold_loss":75},{"damage_healed":0,"gold_gain":0,"player_choice":"Read","damage_taken":0,"max_hp_gain":0,"max_hp_loss":0,"event_name":"The Library","floor":22,"gold_loss":0,"cards_obtained":["Cerasus Subhirtella"]},{"damage_healed":0,"gold_gain":0,"player_choice":"Inject Mutagens","damage_taken":0,"relics_obtained":["MutagenicStrength"],"max_hp_gain":0,"max_hp_loss":0,"event_name":"Drug Dealer","floor":27,"gold_loss":0}],"is_beta":false,"boss_relics":[{"not_picked":["Cursed Key","Busted Crown"],"picked":"Blue Kimono"},{"not_picked":["reliquary:Craggleroot","reliquary:Ember"],"picked":"Black Star"}],"items_purged_floors":[4],"is_endless":false,"potions_floor_spawned":[1,5,11,18,19,25,30,35,40,46,48],"ascension_level":0}}