{"host":"oopoa2qluour3scl","time":1612720262,"event":{"mods":["2.2 Compatiblity","AchievementEnabler","AlwaysNeverKeys","BaseMod","Better Match","Better Note","Better Sensory Stone","Better Third Choice","Better Vampires","BetterRewards","Bossed Relics","Colored Powertips","Communication Mod","Minty Spire (QoL Compilation)","Practice Mode","Random Character Button","Relic Filter Mod","Relic Stats","Smile Girya","StS++","StSLib","SuperFastMode","Swap Starting Deck Mod","Weighted Paths"],"gold_per_floor":[112,112,127,52,76,106,106,106,106,118,193,204,232,248,248,343,343,363,377,41,56,73,73,102,102,102,102,120,149,149,161,161,258,258,273,122,122,138,151,151,163,163,202,259,271,302,314,359,371,383,383],"floor_reached":50,"language":"ENG","playtime":2599,"items_purged":["Strike_R","StSpp:IntoTheAbyss"],"score":747,"play_id":"da496f95-fbf7-426b-be58-dc65498074c2","local_time":"20210207185102","is_ascension_mode":false,"campfire_choices":[{"floor":7,"key":"DIG"},{"floor":15,"key":"DIG"},{"floor":23,"key":"REST"},{"data":"Apotheosis","floor":25,"key":"SMITH"},{"floor":27,"key":"DIG"},{"floor":32,"key":"REST"},{"floor":40,"key":"DIG"},{"floor":42,"key":"DIG"},{"floor":45,"key":"DIG"},{"floor":49,"key":"REST"}],"circlet_count":0,"master_deck":["Strike_R","Strike_R","Strike_R","Strike_R","Defend_R","Defend_R","Defend_R+1","Bash","Iron Wave","Heavy Blade","Corruption","StSpp:MuscleMemory","Rampage","Flash of Steel","Fiend Fire","Dual Wield","Limit Break","Offering","Double Tap","Barricade","Exhume","Berserk+1","Demon Form","Limit Break","Bludgeon","StSpp:Turnabout","Fiend Fire","StSpp:Betrayal","StSpp:BladeOfBlood","Juggernaut","Immolate","Feed","Brutality","Reaper","Corruption","Impervious","Anger+1","Apotheosis+1","Pummel","Inflame","Whirlwind","Heavy Blade+1","Berserk","Rupture","Inflame+1","Demon Form"],"relics":["Burning Blood","Shovel","Orichalcum","Potion Belt","Self Forming Clay","Red Skull","Bag of Preparation","Question Card","War Paint","StSpp:CrystalBall","Sling","Mango","Singing Bowl","Incense Burner","Boot","Snecko Eye","StrikeDummy","MawBank","Akabeko","Bird Faced Urn","CaptainsWheel","Meat on the Bone"],"acts_visited":["Exordium","TheCity","TheBeyond"],"potions_floor_usage":[13,18,19,21,22,33,39,48,50,50,50],"damage_taken":[{"damage":0,"enemies":"2 Louse","floor":1,"turns":3},{"damage":2,"enemies":"Jaw Worm","floor":3,"turns":5},{"damage":33,"enemies":"Gremlin Nob","floor":6,"turns":6},{"damage":1,"enemies":"Cultist","floor":10,"turns":3},{"damage":13,"enemies":"Red Slaver","floor":12,"turns":3},{"damage":11,"enemies":"3 Sentries","floor":13,"turns":6},{"damage":1,"enemies":"Exordium Thugs","floor":14,"turns":3},{"damage":46,"enemies":"Slime Boss","floor":16,"turns":13},{"damage":15,"enemies":"Shell Parasite","floor":18,"turns":3},{"damage":29,"enemies":"Chosen","floor":19,"turns":5},{"damage":32,"enemies":"Sentry and Sphere","floor":21,"turns":4},{"damage":29,"enemies":"Snake Plant","floor":22,"turns":3},{"damage":22,"enemies":"Book of Stabbing","floor":24,"turns":3},{"damage":32,"enemies":"Cultist and Chosen","floor":28,"turns":5},{"damage":10,"enemies":"Slavers","floor":29,"turns":3},{"damage":14,"enemies":"Centurion and Healer","floor":31,"turns":3},{"damage":11,"enemies":"Automaton","floor":33,"turns":6},{"damage":2,"enemies":"3 Shapes","floor":35,"turns":2},{"damage":0,"enemies":"Orb Walker","floor":38,"turns":2},{"damage":11,"enemies":"4 Shapes","floor":39,"turns":4},{"damage":18,"enemies":"3 Darklings","floor":41,"turns":3},{"damage":64,"enemies":"2 Orb Walkers","floor":44,"turns":5},{"damage":19,"enemies":"Maw","floor":46,"turns":4},{"damage":62,"enemies":"Nemesis","floor":48,"turns":3},{"damage":94,"enemies":"Awakened One","floor":50,"turns":6}],"seed_played":"-5140650843283433921","potions_obtained":[{"floor":3,"key":"FearPotion"},{"floor":6,"key":"Swift Potion"},{"floor":12,"key":"LiquidBronze"},{"floor":19,"key":"AttackPotion"},{"floor":21,"key":"PowerPotion"},{"floor":29,"key":"Strength Potion"},{"floor":31,"key":"GamblersBrew"},{"floor":33,"key":"AttackPotion"},{"floor":41,"key":"StSpp:SecondWindPotion"},{"floor":44,"key":"HeartOfIron"},{"floor":48,"key":"BlessingOfTheForge"}],"is_trial":false,"path_per_floor":["M","?","M","$","T","E","R","?","T","M","?","M","E","M","R","B",null,"M","M","$","M","M","R","E","R","T","R","M","E","?","M","R","B",null,"M","$","?","M","M","R","M","R","T","?","R","M","?","E","R","B"],"character_chosen":"IRONCLAD","items_purchased":["Shovel","FairyPotion","Orichalcum","Apotheosis","Sling","BloodPotion"],"campfire_rested":3,"item_purchase_floors":[0,0,0,20,20,36],"current_hp_per_floor":[80,80,80,80,80,53,53,53,53,58,50,43,38,43,43,30,80,78,57,57,31,26,50,48,48,48,48,39,35,35,29,58,86,98,98,98,98,98,95,95,85,85,85,43,43,48,48,17,48,0,0],"gold":383,"neow_bonus":"","is_daily":false,"chose_seed":false,"campfire_upgraded":1,"win_rate":0.0,"timestamp":1612720262,"path_taken":["M","?","?","?","?","E","R","?","T","M","?","M","E","M","R","BOSS","M","?","$","M","M","R","E","R","T","R","M","E","?","M","R","BOSS","M","$","?","?","M","R","?","R","T","?","R","M","?","E","R","BOSS"],"items_purchased_type":["Relic","Potion","Relic","Card","Relic","Potion"],"build_version":"2020-12-22","purchased_purges":2,"victory":false,"max_hp_per_floor":[80,80,80,80,80,80,80,80,80,80,80,80,80,80,80,80,80,80,80,80,80,80,80,94,94,94,94,96,96,96,98,98,98,98,98,98,98,98,100,100,102,102,102,104,104,106,106,106,106,106,106],"relic_stats":{"Singing Bowl":12,"counters":[210,845],"Self Forming Clay":[174],"Bag of Preparation":[44],"Orichalcum":[156],"War Paint":["Defend_R","Shrug It Off"],"Question Card":18,"Boot":[8],"MawBank":96,"Burning Blood":528,"Shovel":6,"Bird Faced Urn":[60],"Snecko Eye":[48,50,61,48],"obtain_stats":[{"CeramicFish":48,"Vajra":28,"Whetstone":26,"Bottled Tornado":43,"Sling":20,"Boot":12,"Sozu":0,"Centennial Puzzle":13,"Lizard Tail":10,"HornCleat":30,"Sundial":7,"Strawberry":25,"MealTicket":10,"Prayer Wheel":29,"Fusion Hammer":17,"Toxic Egg 2":23,"Girya":37,"Pear":26,"Happy Flower":26,"Astrolabe":17,"Dead Branch":30,"Blue Candle":9,"Oddly Smooth Stone":13,"Eternal Feather":8,"Letter Opener":24,"War Paint":40,"Question Card":38,"Akabeko":43,"Cables":0,"WarpedTongs":7,"SlaversCollar":34,"Bottled Flame":10,"Shuriken":38,"Bronze Scales":0,"Bird Faced Urn":9,"Snecko Eye":17,"Molten Egg 2":26,"CultistMask":29,"Mark of Pain":17,"Black Star":17,"StrikeDummy":6,"Pocketwatch":6,"Meat on the Bone":25,"Darkstone Periapt":43,"Regal Pillow":0,"Singing Bowl":25,"Mango":24,"Snake Skull":0,"Bag of Preparation":4,"Juzu Bracelet":10,"Incense Burner":6,"Ancient Tea Set":43,"Smiling Mask":47,"StSpp:CrystalBall":17,"Nunchaku":53,"Dream Catcher":27,"Shovel":0,"Mummified Hand":0,"Pantograph":0,"Toolbox":8,"WingedGreaves":0,"Red Mask":21,"Cracked Core":0,"Red Skull":7,"Ring of the Snake":0,"Potion Belt":44,"Lee\u0027s Waffle":12,"NeowsBlessing":0,"Golden Idol":0,"Self Forming Clay":26,"The Courier":9,"swapstartingdeckmod:Bellows":0,"Omamori":30,"Frozen Egg 2":23,"Orichalcum":0,"GoldenEye":8,"MawBank":42,"DataDisk":40,"Anchor":23,"CaptainsWheel":45,"Ornamental Fan":46,"Orrery":0,"Ectoplasm":0,"Coffee Dripper":34,"Bag of Marbles":0,"Bottled Lightning":54,"Toy Ornithopter":23},{"CeramicFish":30,"Vajra":20,"Whetstone":4,"Bottled Tornado":28,"Sling":43,"Boot":135,"Sozu":0,"Centennial Puzzle":52,"Lizard Tail":82,"HornCleat":21,"Sundial":65,"Strawberry":76,"MealTicket":110,"Prayer Wheel":120,"Fusion Hammer":70,"Toxic Egg 2":158,"Girya":25,"Pear":76,"Happy Flower":174,"Astrolabe":85,"Dead Branch":91,"Blue Candle":133,"Oddly Smooth Stone":135,"Eternal Feather":81,"Letter Opener":45,"War Paint":97,"Question Card":25,"Akabeko":206,"Cables":0,"WarpedTongs":148,"SlaversCollar":121,"Bottled Flame":39,"Shuriken":25,"Bronze Scales":0,"Bird Faced Urn":9,"Snecko Eye":42,"Molten Egg 2":19,"CultistMask":142,"Mark of Pain":169,"Black Star":54,"StrikeDummy":37,"Pocketwatch":9,"Meat on the Bone":174,"Darkstone Periapt":123,"Regal Pillow":33,"Singing Bowl":19,"Mango":198,"Snake Skull":46,"Bag of Preparation":48,"Juzu Bracelet":66,"Incense Burner":164,"Ancient Tea Set":98,"Smiling Mask":183,"StSpp:CrystalBall":193,"Nunchaku":31,"Dream Catcher":77,"Shovel":185,"Mummified Hand":0,"Pantograph":0,"Toolbox":109,"WingedGreaves":46,"Red Mask":73,"Cracked Core":0,"Red Skull":188,"Ring of the Snake":0,"Potion Belt":99,"Lee\u0027s Waffle":67,"NeowsBlessing":61,"Golden Idol":0,"Self Forming Clay":141,"The Courier":50,"swapstartingdeckmod:Bellows":105,"Omamori":120,"Frozen Egg 2":17,"Orichalcum":46,"GoldenEye":38,"MawBank":206,"DataDisk":27,"Anchor":117,"CaptainsWheel":207,"Ornamental Fan":101,"Orrery":46,"Ectoplasm":78,"Coffee Dripper":23,"Bag of Marbles":128,"Bottled Lightning":32,"Toy Ornithopter":3},{"CeramicFish":94,"Vajra":64,"Whetstone":18,"Bottled Tornado":90,"Sling":156,"Boot":533,"Sozu":0,"Centennial Puzzle":191,"Lizard Tail":312,"HornCleat":66,"Sundial":230,"Strawberry":283,"MealTicket":431,"Prayer Wheel":464,"Fusion Hammer":257,"Toxic Egg 2":634,"Girya":81,"Pear":283,"Happy Flower":693,"Astrolabe":329,"Dead Branch":355,"Blue Candle":524,"Oddly Smooth Stone":533,"Eternal Feather":304,"Letter Opener":167,"War Paint":380,"Question Card":81,"Akabeko":827,"Cables":0,"WarpedTongs":592,"SlaversCollar":470,"Bottled Flame":133,"Shuriken":81,"Bronze Scales":0,"Bird Faced Urn":31,"Snecko Eye":150,"Molten Egg 2":61,"CultistMask":569,"Mark of Pain":674,"Black Star":200,"StrikeDummy":121,"Pocketwatch":31,"Meat on the Bone":693,"Darkstone Periapt":477,"Regal Pillow":102,"Singing Bowl":61,"Mango":799,"Snake Skull":169,"Bag of Preparation":176,"Juzu Bracelet":234,"Incense Burner":656,"Ancient Tea Set":384,"Smiling Mask":731,"StSpp:CrystalBall":781,"Nunchaku":96,"Dream Catcher":287,"Shovel":739,"Mummified Hand":0,"Pantograph":0,"Toolbox":427,"WingedGreaves":169,"Red Mask":270,"Cracked Core":0,"Red Skull":753,"Ring of the Snake":0,"Potion Belt":388,"Lee\u0027s Waffle":239,"NeowsBlessing":219,"Golden Idol":0,"Self Forming Clay":565,"The Courier":182,"swapstartingdeckmod:Bellows":417,"Omamori":464,"Frozen Egg 2":54,"Orichalcum":169,"GoldenEye":124,"MawBank":827,"DataDisk":86,"Anchor":454,"CaptainsWheel":832,"Ornamental Fan":396,"Orrery":169,"Ectoplasm":289,"Coffee Dripper":73,"Bag of Marbles":499,"Bottled Lightning":99,"Toy Ornithopter":14}],"Meat on the Bone":72},"card_choices":[{"not_picked":["StSpp:Succumb","Havoc"],"picked":"Heavy Blade","floor":1},{"not_picked":["Thunderclap","Pummel"],"picked":"StSpp:MuscleMemory","floor":3},{"not_picked":["Wild Strike","Twin Strike"],"picked":"Rampage","floor":6},{"not_picked":["Jack Of All Trades","Blind"],"picked":"Flash of Steel","floor":8},{"not_picked":["Havoc","Blood for Blood"],"picked":"Shrug It Off","floor":10},{"not_picked":["Thunderclap","Clash"],"picked":"Fiend Fire","floor":12},{"not_picked":["Bloodletting","Power Through","Second Wind"],"picked":"SKIP","floor":13},{"not_picked":["Iron Wave","Feel No Pain","StSpp:Sprint"],"picked":"Dual Wield","floor":14},{"not_picked":["StSpp:BladeOfBlood","StSpp:Turnabout","StSpp:Betrayal"],"picked":"Limit Break","floor":16},{"not_picked":["True Grit","Body Slam+1","Intimidate","Sword Boomerang"],"picked":"SKIP","floor":18},{"not_picked":["Dark Embrace","Whirlwind+1","Flex"],"picked":"Anger+1","floor":19},{"not_picked":["Perfected Strike","True Grit+1","Disarm"],"picked":"Pummel","floor":21},{"not_picked":["Power Through+1","Perfected Strike","Wild Strike"],"picked":"Inflame","floor":22},{"not_picked":["Ghostly Armor","Disarm","True Grit+1"],"picked":"Whirlwind","floor":24},{"not_picked":["Whirlwind","Shrug It Off","Sword Boomerang","Blood for Blood"],"picked":"Singing Bowl","floor":28},{"not_picked":["Sword Boomerang","Wild Strike","Bludgeon"],"picked":"Heavy Blade+1","floor":29},{"not_picked":["Wild Strike+1","Body Slam","Anger","Perfected Strike+1"],"picked":"Singing Bowl","floor":31},{"not_picked":["Exhume","StSpp:IntoTheAbyss","Demon Form"],"picked":"Berserk","floor":33},{"not_picked":["Seeing Red+1","Heavy Blade","Armaments"],"picked":"Rupture","floor":35},{"not_picked":["Pommel Strike+1","Body Slam","StSpp:MuscleMemory"],"picked":"Inflame+1","floor":38},{"not_picked":["Infernal Blade+1","Searing Blow+1","Wild Strike","Anger+1"],"picked":"Singing Bowl","floor":39},{"not_picked":["Searing Blow","Ghostly Armor+1","Clothesline","Dropkick+1"],"picked":"Singing Bowl","floor":41},{"not_picked":["Impervious","Flex","Body Slam+1","Twin Strike"],"picked":"Singing Bowl","floor":44},{"not_picked":["Perfected Strike","Seeing Red","Heavy Blade","Body Slam+1"],"picked":"Singing Bowl","floor":46},{"not_picked":["Flex","Clothesline","Shrug It Off+1"],"picked":"Demon Form","floor":48}],"player_experience":477657,"relics_obtained":[{"floor":5,"key":"Potion Belt"},{"floor":6,"key":"Self Forming Clay"},{"floor":7,"key":"Red Skull"},{"floor":9,"key":"Bag of Preparation"},{"floor":13,"key":"Question Card"},{"floor":15,"key":"War Paint"},{"floor":24,"key":"Mango"},{"floor":26,"key":"Singing Bowl"},{"floor":27,"key":"Incense Burner"},{"floor":29,"key":"Boot"},{"floor":40,"key":"StrikeDummy"},{"floor":42,"key":"MawBank"},{"floor":43,"key":"Akabeko"},{"floor":44,"key":"Bird Faced Urn"},{"floor":45,"key":"CaptainsWheel"},{"floor":48,"key":"Meat on the Bone"}],"event_choices":[{"damage_healed":0,"gold_gain":0,"cards_transformed":["Defend_R"],"player_choice":"Change","damage_taken":0,"max_hp_gain":0,"max_hp_loss":0,"event_name":"Living Wall","floor":2,"gold_loss":0,"cards_obtained":["Corruption"]},{"damage_healed":0,"gold_gain":1,"player_choice":"1","damage_taken":0,"max_hp_gain":0,"max_hp_loss":0,"event_name":"betterStone:BetterStone","floor":8,"gold_loss":0},{"damage_healed":0,"gold_gain":75,"player_choice":"Touch","damage_taken":8,"max_hp_gain":0,"max_hp_loss":0,"event_name":"FaceTrader","floor":11,"gold_loss":0},{"cards_removed":["Apotheosis"],"damage_healed":0,"gold_gain":0,"player_choice":"Give","damage_taken":0,"max_hp_gain":0,"max_hp_loss":0,"event_name":"betterNote:BetterNote","floor":30,"gold_loss":0,"cards_obtained":["Reinforced Body"]},{"damage_healed":0,"gold_gain":0,"player_choice":"Upgraded","damage_taken":0,"max_hp_gain":0,"max_hp_loss":0,"event_name":"Upgrade Shrine","floor":37,"gold_loss":0,"cards_upgraded":["Berserk"]},{"damage_healed":0,"gold_gain":0,"player_choice":"Fight","damage_taken":0,"max_hp_gain":0,"max_hp_loss":0,"event_name":"Mysterious Sphere","floor":44,"gold_loss":0},{"cards_removed":["Shrug It Off"],"damage_healed":0,"gold_gain":0,"player_choice":"Removed Skill","damage_taken":0,"max_hp_gain":0,"max_hp_loss":0,"event_name":"Falling","floor":47,"gold_loss":0}],"is_beta":false,"boss_relics":[{"not_picked":["Mark of Pain","Pandora\u0027s Box"],"picked":"StSpp:CrystalBall"},{"not_picked":["Runic Pyramid","StSpp:Magatama"],"picked":"Snecko Eye"}],"items_purged_floors":[4,36],"is_endless":false,"potions_floor_spawned":[3,6,12,19,21,29,31,33,41,44,48],"killed_by":"Awakened One","ascension_level":0}}