{"host":"mydft8i2zzydgggw","time":1612669439,"event":{"mods":["AchievementEnabler","BaseMod","Colored Map","Colored Powertips","DeckTracker","Keyboard Shortcuts","Minty Spire (QoL Compilation)","Rare Cards Sparkle","StSLib","SuperFastMode","everything is the same but u backflip on backflip"],"gold_per_floor":[110,110,110,110,120,120,150,165,165,165,179,179,199,212,212,315,315,329,329,16,34,34,65,65,65,65],"floor_reached":25,"language":"KOR","playtime":408,"items_purged":[],"score":320,"play_id":"27dd40d3-7a76-4281-935a-3aabdad56ed9","local_time":"20210207124359","is_ascension_mode":true,"campfire_choices":[{"data":"Wild Strike","floor":6,"key":"SMITH"},{"data":"Body Slam","floor":12,"key":"SMITH"},{"data":"Armaments","floor":15,"key":"SMITH"},{"data":"True Grit","floor":24,"key":"SMITH"}],"circlet_count":0,"master_deck":["Strike_R","Strike_R","Strike_R","Defend_R","Defend_R","Defend_R","Defend_R","Bash","Wild Strike+1","Body Slam+1","Armaments+1","Twin Strike","Offering","Barricade","Shrug It Off","Power Through","Disarm","True Grit+1","Exhume"],"relics":["Burning Blood","Bronze Scales","Anchor","The Courier","Sozu","Bag of Marbles","Orrery","Blood Vial"],"acts_visited":["Exordium","TheCity"],"potions_floor_usage":[16,16,23],"damage_taken":[{"damage":9,"enemies":"Jaw Worm","floor":1,"turns":3},{"damage":3,"enemies":"2 Louse","floor":5,"turns":2},{"damage":40,"enemies":"Lagavulin","floor":7,"turns":5},{"damage":6,"enemies":"Cultist","floor":8,"turns":3},{"damage":8,"enemies":"Blue Slaver","floor":11,"turns":3},{"damage":0,"enemies":"Red Slaver","floor":13,"turns":2},{"damage":7,"enemies":"Looter","floor":14,"turns":2},{"damage":10,"enemies":"Slime Boss","floor":16,"turns":8},{"damage":17,"enemies":"Shell Parasite","floor":18,"turns":3},{"damage":6,"enemies":"2 Thieves","floor":21,"turns":3},{"damage":47,"enemies":"Slavers","floor":23,"turns":9},{"damage":27,"enemies":"Cultist and Chosen","floor":25,"turns":4}],"seed_played":"-1787343695580315814","potions_obtained":[{"floor":7,"key":"FearPotion"},{"floor":8,"key":"Weak Potion"},{"floor":11,"key":"Explosive Potion"},{"floor":14,"key":"LiquidMemories"}],"is_trial":false,"path_per_floor":["M","?","?","?","M","R","E","M","T","?","M","R","M","M","R","B",null,"M","?","$","M","?","E","R","M"],"character_chosen":"IRONCLAD","items_purchased":["Shrug It Off","Bag of Marbles","Orrery","True Grit"],"campfire_rested":0,"item_purchase_floors":[20,20,20,20],"current_hp_per_floor":[69,62,67,67,70,70,36,36,36,36,34,34,40,39,39,35,73,62,62,62,62,62,21,21,0,0],"gold":65,"neow_bonus":"RANDOM_COMMON_RELIC","is_daily":false,"chose_seed":false,"campfire_upgraded":4,"win_rate":0.0,"timestamp":1612669439,"path_taken":["M","?","?","?","M","R","E","M","T","?","M","R","M","M","R","BOSS","M","?","$","M","?","E","R","M"],"items_purchased_type":["Card","Relic","Relic","Card"],"build_version":"2020-12-22","purchased_purges":0,"victory":false,"max_hp_per_floor":[80,80,85,85,85,85,85,85,85,85,85,85,85,85,85,85,85,85,85,85,85,85,85,85,85,85],"card_choices":[{"not_picked":["Twin Strike","Sentinel"],"picked":"Wild Strike","floor":1},{"not_picked":["Anger","Iron Wave","Hemokinesis"],"picked":"SKIP","floor":5},{"not_picked":["Warcry","Reaper"],"picked":"Body Slam","floor":7},{"not_picked":["Pommel Strike","Clash"],"picked":"Armaments","floor":8},{"not_picked":["Wild Strike","Clash"],"picked":"Twin Strike","floor":11},{"not_picked":["Armaments","Perfected Strike"],"picked":"Offering","floor":13},{"not_picked":["Twin Strike","Warcry","Clash"],"picked":"SKIP","floor":14},{"not_picked":["Demon Form","Corruption"],"picked":"Barricade","floor":16},{"not_picked":["Flex","Twin Strike","Armaments+1"],"picked":"SKIP","floor":18},{"not_picked":["Shrug It Off","Juggernaut"],"picked":"Power Through","floor":20},{"not_picked":["Pommel Strike","Sword Boomerang"],"picked":"Disarm","floor":20},{"not_picked":["Blood for Blood","Warcry+1","Dark Embrace"],"picked":"SKIP","floor":21},{"not_picked":["Carnage","Pommel Strike","Reckless Charge"],"picked":"SKIP","floor":23}],"player_experience":242998,"relics_obtained":[{"floor":7,"key":"Anchor"},{"floor":9,"key":"The Courier"},{"floor":23,"key":"Blood Vial"}],"event_choices":[{"cards_removed":["Strike_R"],"damage_healed":0,"gold_gain":0,"player_choice":"Card Removal","damage_taken":7,"max_hp_gain":0,"max_hp_loss":0,"event_name":"Golden Wing","floor":2,"gold_loss":0},{"damage_healed":0,"gold_gain":0,"player_choice":"Donut","damage_taken":0,"max_hp_gain":5,"max_hp_loss":0,"event_name":"Big Fish","floor":3,"gold_loss":0},{"damage_healed":0,"gold_gain":0,"player_choice":"Ignored","damage_taken":0,"max_hp_gain":0,"max_hp_loss":0,"event_name":"Liars Game","floor":4,"gold_loss":0},{"cards_removed":["Strike_R"],"damage_healed":0,"gold_gain":0,"player_choice":"Forget","damage_taken":0,"max_hp_gain":0,"max_hp_loss":0,"event_name":"Living Wall","floor":10,"gold_loss":0},{"damage_healed":0,"gold_gain":0,"player_choice":"Ignored","damage_taken":0,"max_hp_gain":0,"max_hp_loss":0,"event_name":"Ghosts","floor":19,"gold_loss":0},{"damage_healed":0,"gold_gain":0,"player_choice":"1 cards matched","damage_taken":0,"max_hp_gain":0,"max_hp_loss":0,"event_name":"Match and Keep!","floor":22,"gold_loss":0,"cards_obtained":["Exhume"]}],"is_beta":false,"boss_relics":[{"not_picked":["SacredBark","Black Star"],"picked":"Sozu"}],"items_purged_floors":[],"is_endless":false,"potions_floor_spawned":[7,8,11,14],"killed_by":"Cultist and Chosen","ascension_level":9}}