{"host":"u7bb6mvzuirwfcqo","time":1612740660,"event":{"mods":["2.2 Compatiblity","AchievementEnabler","BaseMod","Card Forge","Downfall","Hermit","Minty Spire (QoL Compilation)","Relic Stats","Replay The Spire","StSLib"],"gold_per_floor":[112,123,140,140,152,152,152,186,260,59,78,78,98,109,109,207,207,222,234,234,39,50,50,50,87,87,87,109,109,409,425,425,430,430],"floor_reached":33,"language":"ENG","playtime":1703,"items_purged":[],"score":269,"play_id":"afd89dfb-17ae-4937-9b97-c9ab6a503c04","local_time":"20210207183100","is_ascension_mode":false,"campfire_choices":[{"data":"hermit:WideOpen","floor":6,"key":"SMITH"},{"floor":15,"key":"REST"},{"data":"hermit:ShadowCloak","floor":23,"key":"SMITH"},{"data":"hermit:Dive","floor":29,"key":"SMITH"},{"data":"hermit:Maintenance","floor":32,"key":"SMITH"}],"circlet_count":0,"master_deck":["hermit:Strike_Hermit","hermit:Strike_Hermit","hermit:Strike_Hermit","hermit:Strike_Hermit","hermit:Defend_Hermit","hermit:Defend_Hermit","hermit:Defend_Hermit","hermit:Defend_Hermit","hermit:Snapshot","hermit:Covet","hermit:Ricochet","hermit:CursedWeapon","hermit:WideOpen","Pain","hermit:WideOpen+1","hermit:Combo","hermit:ShadowCloak+1","hermit:TrackingShot","hermit:Gambit","hermit:FullyLoaded","hermit:Dive+1","hermit:RoundhouseKick","hermit:Roughhouse","hermit:TakeAim","hermit:Scavenge","downfall:Bewildered","Languid","hermit:TrackingShot+1","hermit:Maintenance+1"],"relics":["hermit:ClaspedLocket","Hammer of Thor","Seething Fire","Anvil of the Gods","NeowsBlessing","WarpedTongs","Incense Burner","ReplayTheSpireMod:Shallot","ReplayTheSpireMod:TigerMarble","sneckomod:BabySnecko","Ancient Tea Set","HornCleat","Ring of Misfortune","Old Coin"],"acts_visited":["Exordium","TheCity"],"potions_floor_usage":[25],"damage_taken":[{"damage":0,"enemies":"2 Louse","floor":1,"turns":1},{"damage":0,"enemies":"Cultist","floor":2,"turns":1},{"damage":0,"enemies":"Small Slimes","floor":3,"turns":1},{"damage":12,"enemies":"Looter","floor":5,"turns":3},{"damage":28,"enemies":"Lagavulin","floor":8,"turns":5},{"damage":8,"enemies":"3 Louse","floor":11,"turns":3},{"damage":3,"enemies":"Blue Slaver","floor":13,"turns":2},{"damage":2,"enemies":"Exordium Wildlife","floor":14,"turns":2},{"damage":12,"enemies":"Fading Forest","floor":16,"turns":11},{"damage":7,"enemies":"2 Thieves","floor":18,"turns":3},{"damage":6,"enemies":"3 Byrds","floor":19,"turns":6},{"damage":10,"enemies":"Snecko","floor":22,"turns":5},{"damage":46,"enemies":"Gremlin Leader","floor":25,"turns":8},{"damage":3,"enemies":"Chosen and Byrds","floor":28,"turns":6},{"damage":0,"enemies":"Snake Plant","floor":31,"turns":3},{"damage":55,"enemies":"Collector","floor":33,"turns":8}],"seed_played":"-4128373652054935283","potions_obtained":[{"floor":5,"key":"Fruit Juice"},{"floor":8,"key":"Swift Potion"},{"floor":13,"key":"Strength Potion"},{"floor":31,"key":"PowerPotion"}],"is_trial":false,"path_per_floor":["M","M","M","?","M","R","?","E","T","$","M","$","M","M","R","B",null,"M","M","?","$","M","R","?","E","T","?","M","R","T","M","R","B"],"character_chosen":"HERMIT","items_purchased":["hermit:ShadowCloak","hermit:TrackingShot","hermit:Gambit","ReplayTheSpireMod:TigerMarble","hermit:TakeAim"],"campfire_rested":1,"item_purchase_floors":[10,10,10,21,21],"current_hp_per_floor":[75,75,75,75,63,63,68,40,40,40,32,32,29,27,51,39,80,75,77,77,77,70,70,70,42,42,42,42,42,42,47,47,0,0],"gold":430,"neow_bonus":"THREE_ENEMY_KILL","is_daily":false,"chose_seed":false,"campfire_upgraded":4,"win_rate":0.0,"timestamp":1612740660,"path_taken":["M","M","M","?","?","R","?","E","T","$","M","$","M","M","R","BOSS","M","M","?","$","M","R","?","E","T","?","M","R","?","M","R","BOSS"],"items_purchased_type":["Card","Card","Card","Relic","Card"],"build_version":"2020-12-22","purchased_purges":0,"victory":false,"max_hp_per_floor":[75,75,75,75,75,75,80,80,80,80,80,80,80,80,80,80,80,80,80,80,80,80,80,80,85,85,85,85,85,85,85,85,85,85],"relic_stats":{"counters":[16,68],"obtain_stats":[{"hermit:ClaspedLocket":17,"NeowsBlessing":0,"Hammer of Thor":0,"Incense Burner":8,"Seething Fire":0,"Ancient Tea Set":25,"WarpedTongs":4,"Old Coin":30,"sneckomod:BabySnecko":24,"HornCleat":26,"ReplayTheSpireMod:Shallot":9,"Anvil of the Gods":0,"Ring of Misfortune":27,"ReplayTheSpireMod:TigerMarble":21,"hermit:Momento":0},{"hermit:ClaspedLocket":9,"NeowsBlessing":0,"Hammer of Thor":0,"Incense Burner":5,"Seething Fire":0,"Ancient Tea Set":13,"WarpedTongs":3,"Old Coin":14,"sneckomod:BabySnecko":12,"HornCleat":13,"ReplayTheSpireMod:Shallot":5,"Anvil of the Gods":0,"Ring of Misfortune":13,"ReplayTheSpireMod:TigerMarble":11,"hermit:Momento":0},{"hermit:ClaspedLocket":29,"NeowsBlessing":0,"Hammer of Thor":0,"Incense Burner":11,"Seething Fire":0,"Ancient Tea Set":51,"WarpedTongs":3,"Old Coin":57,"sneckomod:BabySnecko":43,"HornCleat":51,"ReplayTheSpireMod:Shallot":11,"Anvil of the Gods":0,"Ring of Misfortune":51,"ReplayTheSpireMod:TigerMarble":38,"hermit:Momento":0}],"WarpedTongs":[65]},"card_choices":[{"not_picked":["hermit:LowProfile","hermit:BodyArmor"],"picked":"hermit:Ricochet","floor":1},{"not_picked":["hermit:BodyArmor","hermit:SprayPray"],"picked":"hermit:CursedWeapon","floor":2},{"not_picked":["hermit:CalledShot","hermit:LuckOfTheDraw"],"picked":"hermit:WideOpen","floor":3},{"not_picked":["hermit:LowProfile","hermit:Roulette"],"picked":"hermit:WideOpen","floor":5},{"not_picked":["hermit:SprayPray","hermit:Spite"],"picked":"hermit:Combo","floor":8},{"not_picked":["hermit:Grudge","hermit:Virtue"],"picked":"hermit:FullyLoaded","floor":11},{"not_picked":["hermit:SprayPray","hermit:BodyArmor"],"picked":"hermit:Dive","floor":13},{"not_picked":["hermit:Cheat","hermit:LowProfile"],"picked":"hermit:RoundhouseKick","floor":14},{"not_picked":["hermit:RoundhouseKick","hermit:HeroicBravado"],"picked":"hermit:Roughhouse","floor":16},{"not_picked":["hermit:WideOpen","hermit:Misfire","hermit:Midnight"],"picked":"SKIP","floor":18},{"not_picked":["hermit:Coalescence","hermit:CalledShot","hermit:Desperado"],"picked":"SKIP","floor":19},{"not_picked":["hermit:Desperado","hermit:LowProfile+1"],"picked":"hermit:Scavenge","floor":22},{"not_picked":["hermit:Gambit","hermit:Purgatory","hermit:HoleUp"],"picked":"SKIP","floor":25},{"not_picked":["hermit:Snipe","hermit:NoHoldsBarred+1"],"picked":"hermit:TrackingShot+1","floor":28},{"not_picked":["hermit:BigShot","hermit:ItchyTrigger"],"picked":"hermit:Maintenance","floor":31}],"player_experience":29727,"relics_obtained":[{"floor":8,"key":"Incense Burner"},{"floor":9,"key":"ReplayTheSpireMod:Shallot"},{"floor":25,"key":"Ancient Tea Set"},{"floor":26,"key":"HornCleat"},{"floor":27,"key":"Ring of Misfortune"},{"floor":30,"key":"Old Coin"}],"event_choices":[{"damage_healed":0,"gold_gain":0,"player_choice":"Rummage","damage_taken":0,"relics_obtained":["WarpedTongs"],"max_hp_gain":0,"max_hp_loss":0,"event_name":"Accursed Blacksmith","floor":4,"gold_loss":0,"cards_obtained":["Pain"]},{"damage_healed":0,"gold_gain":0,"player_choice":"Donut","damage_taken":0,"max_hp_gain":5,"max_hp_loss":0,"event_name":"Big Fish","floor":7,"gold_loss":0},{"damage_healed":0,"gold_gain":0,"player_choice":"Ignored","damage_taken":0,"max_hp_gain":0,"max_hp_loss":0,"event_name":"Ghosts","floor":20,"gold_loss":0}],"is_beta":false,"boss_relics":[{"not_picked":["Painkiller Herb","Honey Jar"],"picked":"hermit:ClaspedLocket"}],"items_purged_floors":[],"is_endless":false,"potions_floor_spawned":[5,8,13,14,16,18,22,31],"killed_by":"Collector","ascension_level":0}}