{"host":"takgv9cv6xf64vhq","time":1612667415,"event":{"mods":["BaseMod","Colored Powertips","Conspire","Decade(王小明)","Downfall","Energized Spire","Hermit","Hubris","LagranYue(拉格朗・月)","Marisa（F雨　魔理沙）","Minty Spire (QoL Compilation)","Replay The Spire","StSLib","The Cursed","The Hierophant","The Jungle","The Servant 0.9.4","TheHeartMod"],"gold_per_floor":[117,42,42,54,54,54,2,43,43,43,62,62,62],"floor_reached":12,"language":"ZHS","playtime":354,"items_purged":["Strike_B"],"score":95,"play_id":"461c73cb-cc70-4130-b772-e43d444f8164","local_time":"20210207111015","is_ascension_mode":true,"campfire_choices":[{"data":"Heatsinks","floor":6.0,"key":"SMITH"},{"data":"conspire:Rain","floor":10,"key":"SMITH"}],"circlet_count":0,"master_deck":["Strike_B","Strike_B","Strike_B","Defend_B+1","Defend_B+1","Defend_B+1","Defend_B+1","Zap","Dualcast","champ:Strike","hermit:Strike_Hermit","Echo Form","Loop+1","Heatsinks+1","conspire:Rain+1","Recycle"],"relics":["Cracked Core","Golden Idol","Strawberry","Replay:Bottled Eggs"],"acts_visited":["Exordium"],"potions_floor_usage":[8,8],"damage_taken":[{"damage":8.0,"enemies":"2 Louse","floor":1.0,"turns":3.0},{"damage":7.0,"enemies":"Jaw Worm","floor":4.0,"turns":3.0},{"damage":20,"enemies":"Lagavulin","floor":8,"turns":5},{"damage":8,"enemies":"Small Slimes","floor":11,"turns":3},{"damage":22,"enemies":"3 Sentries","floor":12,"turns":5}],"seed_played":"-4881280680079315369","potions_obtained":[{"floor":1.0,"key":"BlessingOfTheForge"},{"floor":11,"key":"SmokeBomb"}],"is_trial":false,"path_per_floor":["M","$","?","M","?","R","$","E","T","R","M","E"],"character_chosen":"DEFECT","items_purchased":["PowerPotion"],"campfire_rested":0,"item_purchase_floors":[7],"current_hp_per_floor":[67,67,67,60,42,42,42,29,29,29,21,0,0],"gold":62,"neow_bonus":"THREE_RARE_CARDS","is_daily":false,"chose_seed":false,"campfire_upgraded":2,"win_rate":0.0,"timestamp":1612667415,"path_taken":["M","$","?","M","?","R","?","E","T","R","M","E"],"items_purchased_type":["Potion"],"build_version":"2020-12-22","purchased_purges":1,"victory":false,"max_hp_per_floor":[75,75,75,75,75,75,75,82,82,82,82,82,82],"card_choices":[{"not_picked":["Reboot","ReplayTheSpireMod:Omega Cannon"],"picked":"Echo Form","floor":0.0},{"not_picked":["Rip and Tear","Tempest"],"picked":"Turbo","floor":1.0},{"not_picked":["Conserve Battery","Coolheaded"],"picked":"Heatsinks","floor":4.0},{"not_picked":["Streamline","Compile Driver"],"picked":"conspire:Rain","floor":8},{"not_picked":["Leap","Lockon"],"picked":"Recycle","floor":11}],"player_experience":459330,"relics_obtained":[{"floor":8,"key":"Strawberry"},{"floor":9,"key":"Replay:Bottled Eggs"}],"event_choices":[{"damage_healed":0.0,"max_hp_gain":0.0,"max_hp_loss":0.0,"gold_gain":0.0,"event_name":"Golden Idol","player_choice":"Take Damage","floor":5.0,"gold_loss":0.0,"damage_taken":18.0,"relics_obtained":["Golden Idol"]}],"is_beta":false,"boss_relics":[],"items_purged_floors":[2],"is_endless":false,"potions_floor_spawned":[1,11],"killed_by":"3 Sentries","ascension_level":5}}