{"host":"8cqz7u612ax6p4mk","time":1612664961,"event":{"mods":["AchievementEnabler","BaseMod","Bestiary","DeckTracker","Minty Spire (QoL Compilation)","Relic Stats"],"gold_per_floor":[360,310,326,326,338,72,117,192,192,192,225,256,270,302,302,407,407,422,435,153,169,169,220,220,220,220,292,327,369,47,83,83,207,207,221,221,264,303,303,358,358,438,438,457,457,473,473,509,509,509],"floor_reached":51,"language":"ENG","playtime":3326,"items_purged":["Strike_B","Strike_B"],"score":761,"play_id":"562f8b7d-377a-46ca-9015-3a856eef54a2","local_time":"20210206212921","is_ascension_mode":false,"campfire_choices":[{"floor":10,"key":"REST"},{"data":"Go for the Eyes","floor":15,"key":"SMITH"},{"data":"HandOfGreed","floor":24,"key":"SMITH"},{"data":"Capacitor","floor":32,"key":"SMITH"},{"data":"Zap","floor":41,"key":"SMITH"},{"floor":45,"key":"REST"},{"floor":47,"key":"REST"},{"floor":49,"key":"REST"}],"circlet_count":0,"master_deck":["Zap+1","Dualcast","Cold Snap","Go for the Eyes+1","Conserve Battery+1","HandOfGreed+1","White Noise+1","Fusion+1","Conserve Battery+1","Fission+1","Chaos+1","Coolheaded+1","Doom and Gloom+1","Loop+1","Redo+1","Apotheosis+1","Beam Cell","Conserve Battery+1","Defragment+1","Capacitor+1","Seek+1","Reboot+1","Barrage+1","Defragment+1","Madness+1","FTL+1","Hologram+1","Conserve Battery+1","Compile Driver+1","Hologram+1"],"relics":["Cracked Core","Toxic Egg 2","Gremlin Horn","Bottled Lightning","Bag of Marbles","Astrolabe","Prayer Wheel","Enchiridion","White Beast Statue","HornCleat","Matryoshka","Inserter","Vajra","Pocketwatch","PreservedInsect","Lantern"],"acts_visited":["Exordium","TheCity","TheBeyond"],"potions_floor_usage":[21,50],"damage_taken":[{"damage":2,"enemies":"2 Louse","floor":1,"turns":2},{"damage":4,"enemies":"Jaw Worm","floor":3,"turns":3},{"damage":5,"enemies":"Small Slimes","floor":5,"turns":2},{"damage":34,"enemies":"3 Sentries","floor":7,"turns":8},{"damage":2,"enemies":"3 Louse","floor":11,"turns":3},{"damage":10,"enemies":"Lagavulin","floor":12,"turns":10},{"damage":4,"enemies":"Blue Slaver","floor":13,"turns":6},{"damage":2,"enemies":"2 Fungi Beasts","floor":14,"turns":3},{"damage":18,"enemies":"Hexaghost","floor":16,"turns":10},{"damage":0,"enemies":"3 Byrds","floor":18,"turns":5},{"damage":9,"enemies":"2 Thieves","floor":19,"turns":3},{"damage":0,"enemies":"Snake Plant","floor":21,"turns":2},{"damage":33,"enemies":"Slavers","floor":23,"turns":5},{"damage":2,"enemies":"Shelled Parasite and Fungi","floor":28,"turns":8},{"damage":5,"enemies":"Chosen and Byrds","floor":29,"turns":3},{"damage":0,"enemies":"Snecko","floor":31,"turns":5},{"damage":16,"enemies":"Champ","floor":33,"turns":9},{"damage":10,"enemies":"3 Shapes","floor":35,"turns":3},{"damage":21,"enemies":"3 Darklings","floor":37,"turns":4},{"damage":0,"enemies":"Sphere and 2 Shapes","floor":38,"turns":5},{"damage":0,"enemies":"Reptomancer","floor":40,"turns":4},{"damage":11,"enemies":"2 Orb Walkers","floor":42,"turns":3},{"damage":12,"enemies":"Spire Growth","floor":44,"turns":5},{"damage":15,"enemies":"Writhing Mass","floor":46,"turns":3},{"damage":0,"enemies":"Jaw Worm Horde","floor":48,"turns":2},{"damage":12,"enemies":"Time Eater","floor":50,"turns":6}],"seed_played":"6212806702517075186","potions_obtained":[{"floor":3,"key":"GamblersBrew"},{"floor":11,"key":"FairyPotion"},{"floor":12,"key":"FearPotion"},{"floor":18,"key":"SneckoOil"},{"floor":23,"key":"ColorlessPotion"}],"is_trial":false,"path_per_floor":["M","?","M","?","M","$","E","?","T","R","M","E","M","M","R","B",null,"M","M","$","M","?","E","R","?","T","T","M","M","$","M","R","B",null,"M","?","M","M","?","E","R","?","T","M","R","M","R","M","R","B",null],"character_chosen":"DEFECT","items_purchased":["HandOfGreed","Apotheosis+1","Capacitor","Matryoshka"],"campfire_rested":4,"item_purchase_floors":[6,20,30,30],"current_hp_per_floor":[66,66,62,55,50,50,16,5,5,25,23,20,23,28,28,17,68,68,66,66,66,66,43,43,27,27,27,32,34,34,34,34,25,68,58,58,37,37,37,37,37,26,26,14,34,19,39,39,59,47],"gold":509,"neow_bonus":"TWO_FIFTY_GOLD","is_daily":false,"chose_seed":false,"campfire_upgraded":4,"win_rate":0.0,"timestamp":1612664961,"path_taken":["M","?","M","?","M","$","E","?","T","R","M","E","M","M","R","BOSS","M","M","$","M","?","E","R","?","T","?","M","M","$","M","R","BOSS","M","?","M","M","?","E","R","?","T","M","R","?","R","M","R","BOSS"],"items_purchased_type":["Card","Card","Card","Relic"],"build_version":"2020-12-22","purchased_purges":2,"victory":true,"max_hp_per_floor":[68,68,68,68,68,68,68,68,68,68,68,68,68,68,68,68,68,68,68,68,68,68,68,68,68,68,68,68,68,68,68,68,68,68,68,68,68,68,68,68,68,68,68,68,68,68,68,68,68,68],"relic_stats":{"Inserter":[17],"Gremlin Horn":[21,22],"counters":[26,122],"Astrolabe":["Chaos","Coolheaded","Doom and Gloom"],"Prayer Wheel":9,"PreservedInsect":0,"obtain_stats":[{"Lantern":43,"Inserter":34,"Gremlin Horn":7,"Astrolabe":17,"Enchiridion":25,"Vajra":40,"PreservedInsect":43,"White Beast Statue":26,"HornCleat":27,"Matryoshka":30,"Prayer Wheel":23,"Bag of Marbles":12,"Bottled Lightning":9,"Toxic Egg 2":4,"Cracked Core":0,"Pocketwatch":42},{"Lantern":22,"Inserter":17,"Gremlin Horn":4,"Astrolabe":9,"Enchiridion":13,"Vajra":21,"PreservedInsect":22,"White Beast Statue":13,"HornCleat":13,"Matryoshka":15,"Prayer Wheel":13,"Bag of Marbles":6,"Bottled Lightning":4,"Toxic Egg 2":2,"Cracked Core":0,"Pocketwatch":22},{"Lantern":106,"Inserter":87,"Gremlin Horn":15,"Astrolabe":47,"Enchiridion":62,"Vajra":103,"PreservedInsect":106,"White Beast Statue":62,"HornCleat":62,"Matryoshka":73,"Prayer Wheel":62,"Bag of Marbles":28,"Bottled Lightning":15,"Toxic Egg 2":5,"Cracked Core":0,"Pocketwatch":106}],"Pocketwatch":[3]},"card_choices":[{"not_picked":["Go for the Eyes","Compile Driver"],"picked":"Cold Snap","floor":1},{"not_picked":["Consume","Coolheaded"],"picked":"Go for the Eyes","floor":3},{"not_picked":["Beam Cell","Ball Lightning"],"picked":"Conserve Battery+1","floor":5},{"not_picked":["Cold Snap","Stack+1","Sweeping Beam"],"picked":"SKIP","floor":7},{"not_picked":["BootSequence+1","Gash"],"picked":"Self Repair","floor":11},{"not_picked":["Beam Cell","Genetic Algorithm+1"],"picked":"White Noise+1","floor":12},{"not_picked":["All For One","Leap+1"],"picked":"Fusion+1","floor":13},{"not_picked":["BootSequence+1","Force Field+1"],"picked":"Conserve Battery+1","floor":14},{"not_picked":["Thunder Strike","Reboot+1"],"picked":"Fission+1","floor":16},{"not_picked":["Steam+1","Coolheaded+1"],"picked":"Loop+1","floor":18},{"not_picked":["Tempest+1","Static Discharge"],"picked":"Redo+1","floor":19},{"not_picked":["Storm+1","Hologram+1","Go for the Eyes"],"picked":"SKIP","floor":21},{"not_picked":["Compile Driver","Storm","Skim+1"],"picked":"SKIP","floor":23},{"not_picked":["BootSequence+1","Electrodynamics"],"picked":"Defragment+1","floor":28},{"not_picked":["Go for the Eyes+1","Sweeping Beam","Hologram+1"],"picked":"SKIP","floor":28},{"not_picked":["Aggregate+1","Leap+1","Cold Snap+1"],"picked":"SKIP","floor":29},{"not_picked":["Redo+1","Heatsinks","Chaos+1"],"picked":"SKIP","floor":29},{"not_picked":["Stack+1","Cold Snap"],"picked":"Seek+1","floor":31},{"not_picked":["Ball Lightning","Gash","Static Discharge"],"picked":"SKIP","floor":31},{"not_picked":["Creative AI","Rainbow+1"],"picked":"Reboot+1","floor":33},{"not_picked":["Steam+1","Redo+1"],"picked":"Barrage+1","floor":35},{"not_picked":["Tempest+1","Stack+1","Rip and Tear"],"picked":"SKIP","floor":35},{"not_picked":["Barrage","Melter+1"],"picked":"Defragment+1","floor":37},{"not_picked":["Cold Snap","Heatsinks","FTL"],"picked":"SKIP","floor":37},{"not_picked":["Conserve Battery+1","Hologram+1","Barrage+1"],"picked":"SKIP","floor":38},{"not_picked":["Ball Lightning","Creative AI","Cold Snap+1"],"picked":"SKIP","floor":38},{"not_picked":["Magnetism","Sadistic Nature"],"picked":"Madness+1","floor":39},{"not_picked":["Melter+1","Conserve Battery+1","Scrape"],"picked":"SKIP","floor":40},{"not_picked":["Storm","Heatsinks"],"picked":"FTL+1","floor":42},{"not_picked":["Cold Snap","Beam Cell+1"],"picked":"Hologram+1","floor":44},{"not_picked":["Hologram+1","Barrage+1"],"picked":"Conserve Battery+1","floor":44},{"not_picked":["Ball Lightning","Self Repair"],"picked":"Compile Driver+1","floor":46},{"not_picked":["Multi-Cast+1","Static Discharge+1"],"picked":"Hologram+1","floor":46},{"not_picked":["Reprogram+1","Ball Lightning+1","Stack+1"],"picked":"SKIP","floor":48},{"not_picked":["Leap+1","BootSequence+1","Genetic Algorithm+1"],"picked":"SKIP","floor":48}],"player_experience":161317,"relics_obtained":[{"floor":7,"key":"Gremlin Horn"},{"floor":9,"key":"Bottled Lightning"},{"floor":12,"key":"Bag of Marbles"},{"floor":23,"key":"Prayer Wheel"},{"floor":25,"key":"Enchiridion"},{"floor":26,"key":"White Beast Statue"},{"floor":27,"key":"HornCleat"},{"floor":40,"key":"Vajra"},{"floor":42,"key":"Pocketwatch"},{"floor":43,"key":"PreservedInsect"},{"floor":43,"key":"Lantern"}],"event_choices":[{"cards_removed":["Defend_B"],"damage_healed":0,"gold_gain":0,"player_choice":"Card Removal","damage_taken":0,"max_hp_gain":0,"max_hp_loss":0,"event_name":"The Cleric","floor":2,"gold_loss":50},{"damage_healed":0,"gold_gain":0,"player_choice":"Success","damage_taken":7,"relics_obtained":["Toxic Egg 2"],"max_hp_gain":0,"max_hp_loss":0,"event_name":"Scrap Ooze","floor":4,"gold_loss":0},{"damage_healed":0,"gold_gain":75,"player_choice":"Gather Gold","damage_taken":11,"max_hp_gain":0,"max_hp_loss":0,"event_name":"World of Goop","floor":8,"gold_loss":0},{"damage_healed":0,"gold_gain":0,"cards_transformed":["Strike_B","Defend_B"],"player_choice":"Became Test Subject","damage_taken":0,"max_hp_gain":0,"max_hp_loss":0,"event_name":"Drug Dealer","floor":22,"gold_loss":0,"cards_obtained":["Beam Cell","Conserve Battery"]},{"damage_healed":0,"gold_gain":0,"player_choice":"Obtained Book","damage_taken":16,"max_hp_gain":0,"max_hp_loss":0,"event_name":"Cursed Tome","floor":25,"gold_loss":0},{"cards_removed":["Self Repair"],"damage_healed":0,"gold_gain":0,"player_choice":"Removed Power","damage_taken":0,"max_hp_gain":0,"max_hp_loss":0,"event_name":"Falling","floor":36,"gold_loss":0},{"damage_healed":0,"gold_gain":0,"player_choice":"Memory 1","damage_taken":0,"max_hp_gain":0,"max_hp_loss":0,"event_name":"SensoryStone","floor":39,"gold_loss":0},{"damage_healed":0,"gold_gain":0,"player_choice":"Fight","damage_taken":0,"max_hp_gain":0,"max_hp_loss":0,"event_name":"Mysterious Sphere","floor":42,"gold_loss":0}],"is_beta":false,"boss_relics":[{"not_picked":["Empty Cage","SacredBark"],"picked":"Astrolabe"},{"not_picked":["Snecko Eye","Busted Crown"],"picked":"Inserter"}],"items_purged_floors":[6,20],"is_endless":false,"potions_floor_spawned":[3,11,12,14,18,23,28,29,31,33,35,37,38,40,42,44,46,48],"ascension_level":0}}