{"host":"h3ogdo6no3ehk88q","time":1612663543,"event":{"mods":["AchievementEnabler","BaseMod","Minty Spire (QoL Compilation)","StSLib","SuperFastMode"],"gold_per_floor":[119,119,37,37,48,123,153,153,153,172,199,199,216,236,236,256,256,256,256,256],"floor_reached":19,"language":"ENG","playtime":448,"items_purged":[],"score":227,"play_id":"08853991-e2f3-4cf6-988c-e9a629c0bc73","local_time":"20210206210543","is_ascension_mode":true,"campfire_choices":[{"data":"Footwork","floor":9,"key":"SMITH"},{"data":"Flechettes","floor":15,"key":"SMITH"},{"floor":18,"key":"REST"}],"circlet_count":0,"master_deck":["AscendersBane","Strike_G","Strike_G","Strike_G","Strike_G","Defend_G","Defend_G","Defend_G","Defend_G","Defend_G","Survivor","Neutralize","Backflip+1","Footwork+1","Acrobatics","Flechettes+1","Blade Dance","Escape Plan"],"relics":["Ring of the Snake","NeowsBlessing","Blood Vial","Anchor","Golden Idol"],"acts_visited":["Exordium"],"potions_floor_usage":[19],"damage_taken":[{"damage":0,"enemies":"2 Louse","floor":1,"turns":2},{"damage":0,"enemies":"Jaw Worm","floor":5,"turns":1},{"damage":0,"enemies":"Gremlin Nob","floor":7,"turns":1},{"damage":0,"enemies":"Small Slimes","floor":10,"turns":7},{"damage":7,"enemies":"2 Fungi Beasts","floor":13,"turns":5},{"damage":2,"enemies":"3 Louse","floor":14,"turns":4},{"damage":14,"enemies":"Gremlin Gang","floor":16,"turns":7},{"damage":40,"enemies":"Slime Boss","floor":19,"turns":9}],"seed_played":"6954990773290473208","potions_obtained":[{"floor":5,"key":"Dexterity Potion"},{"floor":7,"key":"SmokeBomb"},{"floor":16,"key":"PowerPotion"}],"is_trial":false,"path_per_floor":["M","?","$","?","M","?","E","?","R","M","T","T","M","M","R","M","?","R","B"],"character_chosen":"THE_SILENT","items_purchased":["Footwork"],"campfire_rested":1,"item_purchase_floors":[3],"current_hp_per_floor":[63,63,63,56,56,45,45,45,45,47,47,47,42,42,42,30,13,34,0,0],"gold":256,"neow_bonus":"THREE_ENEMY_KILL","is_daily":false,"chose_seed":false,"campfire_upgraded":2,"win_rate":0.0,"timestamp":1612663543,"path_taken":["M","?","$","?","M","?","E","?","R","M","T","T","M","M","R","M","?","R","BOSS"],"items_purchased_type":["Card"],"build_version":"2020-12-22","purchased_purges":0,"victory":false,"max_hp_per_floor":[70,70,70,70,70,70,70,70,70,70,70,70,70,70,70,70,70,70,70,70],"card_choices":[{"not_picked":["Bane","Infinite Blades"],"picked":"Backflip","floor":1},{"not_picked":["Slice","Quick Slash"],"picked":"Acrobatics","floor":5},{"not_picked":["Prepared","All Out Attack","Deflect"],"picked":"SKIP","floor":7},{"not_picked":["Acrobatics","Catalyst"],"picked":"Flechettes","floor":10},{"not_picked":["All Out Attack","Terror"],"picked":"Blade Dance","floor":13},{"not_picked":["All Out Attack","Acrobatics","Heel Hook"],"picked":"SKIP","floor":14},{"not_picked":["Reflex","Underhanded Strike"],"picked":"Escape Plan","floor":16}],"player_experience":853689,"relics_obtained":[{"floor":7,"key":"Blood Vial"},{"floor":11,"key":"Anchor"}],"event_choices":[{"damage_healed":0,"gold_gain":0,"player_choice":"Grow","damage_taken":0,"max_hp_gain":0,"max_hp_loss":0,"event_name":"Living Wall","floor":2,"gold_loss":0,"cards_upgraded":["Backflip"]},{"cards_removed":["Strike_G"],"damage_healed":0,"gold_gain":0,"player_choice":"Card Removal","damage_taken":7,"max_hp_gain":0,"max_hp_loss":0,"event_name":"Golden Wing","floor":4,"gold_loss":0},{"damage_healed":0,"gold_gain":75,"player_choice":"Gather Gold","damage_taken":11,"max_hp_gain":0,"max_hp_loss":0,"event_name":"World of Goop","floor":6,"gold_loss":0},{"damage_healed":0,"gold_gain":0,"player_choice":"Ignored","damage_taken":0,"max_hp_gain":0,"max_hp_loss":0,"event_name":"Liars Game","floor":8,"gold_loss":0},{"damage_healed":0,"gold_gain":0,"player_choice":"Take Damage","damage_taken":17,"relics_obtained":["Golden Idol"],"max_hp_gain":0,"max_hp_loss":0,"event_name":"Golden Idol","floor":17,"gold_loss":0}],"is_beta":false,"boss_relics":[],"items_purged_floors":[],"is_endless":false,"potions_floor_spawned":[5,7,14,16],"killed_by":"Slime Boss","ascension_level":12}}