{"host":"188x3om7sf6mgxv1","time":1612725501,"event":{"mods":["BaseMod","Block Reminder","Jorbs\u0027s Wanderer Trilogy","Minty Spire (QoL Compilation)","Relic Stats","StSLib"],"gold_per_floor":[110,121,121,136,61,101,112,112,112,131,96,122,122,137,137,236,236,255,66,66,76,88,114,114,139,162,179,179,179,197,210,210,324,324,342,355,355,355,375,375,398,398,421,470,500,500,536,569,569,574],"floor_reached":51,"language":"ENG","playtime":3114,"items_purged":["stsjorbsmod:Strike_Wanderer"],"score":769,"play_id":"4d188f99-c70b-433b-8073-53360b9297bb","local_time":"20210207141821","is_ascension_mode":true,"campfire_choices":[{"data":"stsjorbsmod:BookOfTongues","floor":8,"key":"SMITH"},{"floor":13,"key":"REST"},{"data":"stsjorbsmod:FindFamiliar","floor":15,"key":"SMITH"},{"data":"stsjorbsmod:UnseenServant","floor":24,"key":"SMITH"},{"floor":29,"key":"REST"},{"data":"stsjorbsmod:Inferno","floor":32,"key":"SMITH"},{"floor":40,"key":"REST"},{"data":"stsjorbsmod:OldPocket","floor":42,"key":"SMITH"},{"floor":46,"key":"REST"},{"data":"stsjorbsmod:Firebolt","floor":49,"key":"SMITH"}],"circlet_count":0,"master_deck":["stsjorbsmod:ForbiddenGrimoire+1","stsjorbsmod:Strike_Wanderer","stsjorbsmod:Strike_Wanderer","stsjorbsmod:Strike_Wanderer","stsjorbsmod:Defend_Wanderer","stsjorbsmod:Defend_Wanderer","stsjorbsmod:Defend_Wanderer+1","stsjorbsmod:Defend_Wanderer","stsjorbsmod:FreshAdventure","stsjorbsmod:EyeOfTheStorm","stsjorbsmod:FracturedMind","stsjorbsmod:BookOfTongues+1","stsjorbsmod:SchoolsOfMagic","stsjorbsmod:Firebolt+1","stsjorbsmod:TrueStrike","stsjorbsmod:FindFamiliar+1","stsjorbsmod:TollTheDead","stsjorbsmod:Fireball+1","stsjorbsmod:HedgeWizard+1","stsjorbsmod:FranticSearch","stsjorbsmod:UnseenServant+1","stsjorbsmod:BurningFlask+1","stsjorbsmod:Counterspell+1","stsjorbsmod:Inferno+1","stsjorbsmod:MagicMissiles+1","stsjorbsmod:Rediscovery","stsjorbsmod:Aid+1","stsjorbsmod:OldPocket+1","Flash of Steel","stsjorbsmod:Counterspell+1","Clumsy","stsjorbsmod:Stalwart","stsjorbsmod:Thorns+1"],"relics":["stsjorbsmod:GrimoireRelic","Strawberry","stsjorbsmod:BottledMemoryRelic","Matryoshka","stsjorbsmod:AlchemistsFireRelic","Omamori","stsjorbsmod:MindGlassRelic","Cursed Key","Bag of Preparation","Regal Pillow","White Beast Statue","Dream Catcher","Pen Nib","SlaversCollar","Thread and Needle","Question Card","Centennial Puzzle"],"acts_visited":["Exordium","TheCity","TheBeyond"],"potions_floor_usage":[6,12,22,23,44,44,45,47,47,50,50],"damage_taken":[{"damage":0,"enemies":"2 Louse","floor":1,"turns":3},{"damage":1,"enemies":"Small Slimes","floor":2,"turns":4},{"damage":0,"enemies":"Cultist","floor":4,"turns":5},{"damage":39,"enemies":"Gremlin Nob","floor":6,"turns":6},{"damage":5,"enemies":"3 Louse","floor":7,"turns":3},{"damage":2,"enemies":"Exordium Wildlife","floor":10,"turns":4},{"damage":22,"enemies":"3 Sentries","floor":12,"turns":7},{"damage":10,"enemies":"2 Fungi Beasts","floor":14,"turns":3},{"damage":34,"enemies":"The Guardian","floor":16,"turns":8},{"damage":14,"enemies":"Spheric Guardian","floor":18,"turns":4},{"damage":7,"enemies":"2 Thieves","floor":21,"turns":3},{"damage":2,"enemies":"Centurion and Healer","floor":22,"turns":3},{"damage":9,"enemies":"Slavers","floor":23,"turns":3},{"damage":13,"enemies":"Book of Stabbing","floor":25,"turns":4},{"damage":18,"enemies":"Shelled Parasite and Fungi","floor":27,"turns":4},{"damage":1,"enemies":"Snecko","floor":30,"turns":3},{"damage":16,"enemies":"3 Cultists","floor":31,"turns":4},{"damage":67,"enemies":"Champ","floor":33,"turns":7},{"damage":0,"enemies":"3 Shapes","floor":35,"turns":4},{"damage":0,"enemies":"3 Darklings","floor":36,"turns":3},{"damage":56,"enemies":"Sphere and 2 Shapes","floor":39,"turns":5},{"damage":9,"enemies":"Maw","floor":41,"turns":5},{"damage":30,"enemies":"2 Orb Walkers","floor":44,"turns":3},{"damage":6,"enemies":"Giant Head","floor":45,"turns":6},{"damage":29,"enemies":"Reptomancer","floor":47,"turns":4},{"damage":0,"enemies":"Spire Growth","floor":48,"turns":4},{"damage":38,"enemies":"Time Eater","floor":50,"turns":6}],"seed_played":"-5391708835552843366","potions_obtained":[{"floor":2,"key":"PowerPotion"},{"floor":4,"key":"Weak Potion"},{"floor":12,"key":"Strength Potion"},{"floor":16,"key":"Block Potion"},{"floor":18,"key":"Energy Potion"},{"floor":22,"key":"SmokeBomb"},{"floor":27,"key":"FairyPotion"},{"floor":33,"key":"SneckoOil"},{"floor":35,"key":"Explosive Potion"},{"floor":39,"key":"Fire Potion"},{"floor":41,"key":"stsjorbsmod:BurningPotion"},{"floor":44,"key":"SkillPotion"},{"floor":45,"key":"Swift Potion"},{"floor":47,"key":"Weak Potion"},{"floor":48,"key":"Fire Potion"}],"is_trial":false,"path_per_floor":["M","M","?","M","$","E","M","R","T","M","?","E","R","M","R","B",null,"M","$","?","M","M","E","R","E","T","M","?","R","M","M","R","B",null,"M","M","?","?","M","R","M","R","T","?","E","R","E","M","R","B",null],"character_chosen":"WANDERER","items_purchased":["stsjorbsmod:FranticSearch","Bag of Preparation"],"campfire_rested":4,"item_purchase_floors":[19,19],"current_hp_per_floor":[75,75,63,65,65,28,25,25,25,25,43,23,45,37,37,3,75,63,63,63,59,60,53,53,46,46,31,31,68,71,58,58,28,75,75,75,65,65,15,52,50,50,50,23,22,59,36,41,41,11],"gold":574,"neow_bonus":"RANDOM_COMMON_RELIC","is_daily":false,"chose_seed":false,"campfire_upgraded":6,"win_rate":0.0,"timestamp":1612725501,"path_taken":["M","M","?","M","$","E","M","R","T","M","?","E","R","M","R","BOSS","M","$","?","?","M","E","R","E","T","M","?","R","M","M","R","BOSS","M","M","?","?","M","R","M","R","T","?","E","R","E","M","R","BOSS"],"items_purchased_type":["Card","Relic"],"build_version":"2020-12-22","purchased_purges":1,"victory":true,"max_hp_per_floor":[75,75,75,75,75,75,75,75,75,75,75,75,75,75,75,75,75,75,75,75,75,75,75,75,75,75,75,75,75,75,75,75,75,75,75,75,75,75,75,75,75,75,75,75,75,75,75,75,75,75],"relic_stats":{"Regal Pillow":45,"Dream Catcher":3,"Centennial Puzzle":[3],"counters":[27,118],"Pen Nib":[8],"Bag of Preparation":[34],"Cursed Key":2,"Question Card":3,"obtain_stats":[{"stsjorbsmod:BottledMemoryRelic":3,"Regal Pillow":23,"stsjorbsmod:GrimoireRelic":0,"Thread and Needle":44,"Pen Nib":26,"stsjorbsmod:AlchemistsFireRelic":9,"Omamori":9,"Bag of Preparation":19,"Cursed Key":17,"Question Card":45,"White Beast Statue":25,"SlaversCollar":34,"Dream Catcher":26,"Centennial Puzzle":47,"Matryoshka":6,"Strawberry":0,"stsjorbsmod:MindGlassRelic":12},{"stsjorbsmod:BottledMemoryRelic":2,"Regal Pillow":13,"stsjorbsmod:GrimoireRelic":0,"Thread and Needle":23,"Pen Nib":14,"stsjorbsmod:AlchemistsFireRelic":5,"Omamori":5,"Bag of Preparation":10,"Cursed Key":9,"Question Card":24,"White Beast Statue":14,"SlaversCollar":18,"Dream Catcher":14,"Centennial Puzzle":25,"Matryoshka":4,"Strawberry":0,"stsjorbsmod:MindGlassRelic":7},{"stsjorbsmod:BottledMemoryRelic":7,"Regal Pillow":56,"stsjorbsmod:GrimoireRelic":0,"Thread and Needle":98,"Pen Nib":60,"stsjorbsmod:AlchemistsFireRelic":21,"Omamori":21,"Bag of Preparation":47,"Cursed Key":43,"Question Card":104,"White Beast Statue":60,"SlaversCollar":78,"Dream Catcher":60,"Centennial Puzzle":108,"Matryoshka":18,"Strawberry":0,"stsjorbsmod:MindGlassRelic":32}]},"card_choices":[{"not_picked":["stsjorbsmod:WeightOfMemory","stsjorbsmod:BlackTentacles"],"picked":"stsjorbsmod:FracturedMind","floor":1},{"not_picked":["stsjorbsmod:Materialize","stsjorbsmod:Rediscovery"],"picked":"stsjorbsmod:BookOfTongues","floor":2},{"not_picked":["stsjorbsmod:RayOfFrost","stsjorbsmod:Inferno"],"picked":"stsjorbsmod:SchoolsOfMagic","floor":4},{"not_picked":["stsjorbsmod:ChatteringStrike","stsjorbsmod:IvoryTower"],"picked":"stsjorbsmod:Firebolt","floor":6},{"not_picked":["stsjorbsmod:ArcaneWeapon","stsjorbsmod:Patron","stsjorbsmod:DisguiseSelf"],"picked":"SKIP","floor":7},{"not_picked":["stsjorbsmod:Introspection","stsjorbsmod:Mending"],"picked":"stsjorbsmod:TrueStrike","floor":10},{"not_picked":["stsjorbsmod:MistyStep","stsjorbsmod:Will"],"picked":"stsjorbsmod:FindFamiliar","floor":12},{"not_picked":["stsjorbsmod:Materialize","stsjorbsmod:BookOfTongues"],"picked":"stsjorbsmod:TollTheDead","floor":14},{"not_picked":["stsjorbsmod:IvoryTower","stsjorbsmod:PurgeMind"],"picked":"stsjorbsmod:Fireball","floor":16},{"not_picked":["stsjorbsmod:LoseGrip","stsjorbsmod:Rest"],"picked":"stsjorbsmod:HedgeWizard","floor":18},{"not_picked":["stsjorbsmod:FracturedMind","stsjorbsmod:WeightOfMemory"],"picked":"stsjorbsmod:UnseenServant","floor":21},{"not_picked":["stsjorbsmod:ParryingBlow","stsjorbsmod:Index","stsjorbsmod:RayOfFrost"],"picked":"SKIP","floor":22},{"not_picked":["stsjorbsmod:DisguiseSelf","stsjorbsmod:TinyHut+1"],"picked":"stsjorbsmod:BurningFlask+1","floor":23},{"not_picked":["stsjorbsmod:Patron","stsjorbsmod:FlameWard"],"picked":"stsjorbsmod:Counterspell+1","floor":25},{"not_picked":["stsjorbsmod:BurningFlask","stsjorbsmod:Channel"],"picked":"stsjorbsmod:Inferno","floor":27},{"not_picked":["stsjorbsmod:Firebolt","stsjorbsmod:ChainLightning"],"picked":"stsjorbsmod:MagicMissiles+1","floor":29},{"not_picked":["stsjorbsmod:Hibernate","stsjorbsmod:DoubleCheck","stsjorbsmod:ColorSpray"],"picked":"SKIP","floor":30},{"not_picked":["stsjorbsmod:WeightOfMemory","stsjorbsmod:ArcaneWeapon","stsjorbsmod:Patron"],"picked":"SKIP","floor":31},{"not_picked":["stsjorbsmod:WeightOfMemory","stsjorbsmod:ArcaneWeapon","stsjorbsmod:Patron"],"picked":"SKIP","floor":31},{"not_picked":["stsjorbsmod:ThirstingSword","stsjorbsmod:HoldMonster"],"picked":"stsjorbsmod:Rediscovery","floor":33},{"not_picked":["stsjorbsmod:FaerieFire","stsjorbsmod:Channel+1"],"picked":"stsjorbsmod:Aid+1","floor":35},{"not_picked":["stsjorbsmod:LocateObject","stsjorbsmod:Firebolt"],"picked":"stsjorbsmod:OldPocket","floor":36},{"not_picked":["Blind","Deep Breath"],"picked":"Flash of Steel","floor":37},{"not_picked":["stsjorbsmod:DoubleCheck+1","stsjorbsmod:Hibernate","stsjorbsmod:Mania+1"],"picked":"SKIP","floor":39},{"not_picked":["stsjorbsmod:FaerieFire+1","stsjorbsmod:DoubleCheck+1"],"picked":"stsjorbsmod:Counterspell+1","floor":40},{"not_picked":["stsjorbsmod:FracturedMind+1","stsjorbsmod:BlackTentacles+1","stsjorbsmod:BookOfTongues+1"],"picked":"SKIP","floor":41},{"not_picked":["stsjorbsmod:Channel+1","stsjorbsmod:Firebolt+1"],"picked":"stsjorbsmod:Stalwart","floor":44},{"not_picked":["stsjorbsmod:AnimateObjects","stsjorbsmod:ParryingBlow","stsjorbsmod:MistyStep"],"picked":"SKIP","floor":45},{"not_picked":["stsjorbsmod:TrueStrike+1","stsjorbsmod:Channel","stsjorbsmod:Patron","stsjorbsmod:Prepare+1"],"picked":"SKIP","floor":47},{"not_picked":["stsjorbsmod:TrueStrike","stsjorbsmod:AnimateObjects+1","stsjorbsmod:Materialize"],"picked":"stsjorbsmod:Thorns+1","floor":48}],"player_experience":21657,"relics_obtained":[{"floor":6,"key":"Matryoshka"},{"floor":9,"key":"stsjorbsmod:AlchemistsFireRelic"},{"floor":9,"key":"Omamori"},{"floor":12,"key":"stsjorbsmod:MindGlassRelic"},{"floor":23,"key":"Regal Pillow"},{"floor":25,"key":"White Beast Statue"},{"floor":26,"key":"Dream Catcher"},{"floor":26,"key":"Pen Nib"},{"floor":44,"key":"Thread and Needle"},{"floor":45,"key":"Question Card"},{"floor":47,"key":"Centennial Puzzle"}],"event_choices":[{"damage_healed":0,"gold_gain":0,"player_choice":"Success","damage_taken":12,"relics_obtained":["stsjorbsmod:BottledMemoryRelic"],"max_hp_gain":0,"max_hp_loss":0,"event_name":"Scrap Ooze","floor":3,"gold_loss":0},{"damage_healed":18,"gold_gain":0,"player_choice":"Healed","damage_taken":0,"max_hp_gain":0,"max_hp_loss":0,"event_name":"The Cleric","floor":11,"gold_loss":35},{"damage_healed":0,"gold_gain":0,"player_choice":"Upgraded","damage_taken":0,"max_hp_gain":0,"max_hp_loss":0,"event_name":"Upgrade Shrine","floor":20,"gold_loss":0,"cards_upgraded":["stsjorbsmod:Fireball"]},{"damage_healed":0,"gold_gain":0,"player_choice":"Smashed Altar","damage_taken":0,"max_hp_gain":0,"max_hp_loss":0,"event_name":"Forgotten Altar","floor":28,"gold_loss":0,"cards_obtained":["Decay"]},{"damage_healed":0,"gold_gain":0,"player_choice":"Memory 3","damage_taken":10,"max_hp_gain":0,"max_hp_loss":0,"event_name":"SensoryStone","floor":37,"gold_loss":0},{"damage_healed":0,"gold_gain":0,"player_choice":"Ignored","damage_taken":0,"max_hp_gain":0,"max_hp_loss":0,"event_name":"Tomb of Lord Red Mask","floor":38,"gold_loss":0},{"damage_healed":0,"gold_gain":0,"player_choice":"Fight","damage_taken":0,"max_hp_gain":0,"max_hp_loss":0,"event_name":"Mysterious Sphere","floor":44,"gold_loss":0}],"is_beta":false,"boss_relics":[{"not_picked":["Runic Dome","Sozu"],"picked":"Cursed Key"},{"not_picked":["SacredBark","Philosopher\u0027s Stone"],"picked":"SlaversCollar"}],"items_purged_floors":[5],"is_endless":false,"potions_floor_spawned":[2,4,12,16,18,21,22,27,30,31,33,35,36,39,41,44,45,47,48],"ascension_level":1}}