{"host":"i0dcpa89fcfo7o2v","time":1612727230,"event":{"mods":["2.2 Compatiblity","AchievementEnabler","Alarm Clock","AlwaysNeverKeys","BaseMod","Better Altar","Better Match","Better Note","Better Sensory Stone","Better Skull","Better Third Choice","Better Vampires","BetterRewards","Block Reminder","Colored Map","Colored Powertips","Conspire","Curses Come First","Defuse TimeMaze Blight","Displayed Cursed Tome","Downfall","Energized Spire","Gold Saver","Halation","Highlight Path","Hubris","Minty Spire (QoL Compilation)","Quick Restart","Relic Stats","Replay The Spire","Shop Mod","Spicy Shops","StSLib","Synergy Search","The Jungle","Transform Curses","Uncapped","Wandering Minibosses"],"gold_per_floor":[6,20,30,1,18,28,98,98,129,0,79,79,4,104,118,217,217,117,131,150,150,179,199,274,300,310,410,410,421,434,434,454,556,556,556,566,566,579,589,589,668,700,715,715,746,762,762,862,879,879,879,879],"floor_reached":50,"language":"ENG","playtime":3431,"items_purged":["hubris:Greed"],"score":736,"play_id":"6c3d9aa8-1b39-438f-b133-3c7dc108d73e","local_time":"20210207204710","is_ascension_mode":true,"campfire_choices":[{"data":"bronze:Goto","floor":1.0,"key":"SMITH"},{"data":"bronze:Overload","floor":8.0,"key":"SMITH"},{"data":"Spreading Infection","floor":18.0,"key":"SMITH"},{"floor":28.0,"key":"REST"},{"data":"bronze:Verify","floor":35.0,"key":"SMITH"},{"data":"bronze:CleanCode","floor":40.0,"key":"SMITH"}],"circlet_count":0,"master_deck":["bronze:Replicate","bronze:Goto+1","bronze:Branch","bronze:BronzeOrb","bronze:Overload+1","bronze:Constructor","bronze:CutThrough","bronze:CutThrough","bronze:Frontload","bronze:GetLatest","bronze:Branch","bronze:ChildClass","bronze:Repulsor","bronze:Separator","bronze:ClassDefault","bronze:BitShift","bronze:Branch+1","bronze:TinkerersToolbox","bronze:CleanCode+1","bronze:OilSpill","bronze:Verify+1","bronze:Separator","bronze:Philosophize","bronze:MaxOutput","bronze:Overheat+1","bronze:Shell+1","bronze:Separator+1","bronze:Iterate+1","bronze:Library+1","bronze:Philosophize","bronze:Flail+1","bronze:ChildClass","bronze:FindAndReplace+1","bronze:BronzeOrb","bronze:Branch+1","bronze:Repair","bronze:FineTuning"],"relics":["bronze:BronzeCore","Incense Burner","downfall:HeartBlessingGreen","downfall:HeartBlessingRed","ReplayTheSpireMod:CursedCoin","ReplayTheSpireMod:Shallot","halation:PrussianBluePaint","Toy Ornithopter","Ring of Searing","downfall:GremlinWheel","Pandora\u0027s Box","Golden Egg","downfall:HeartBlessingBlue","MealTicket","conspire:DecoderRing","PreservedInsect","MutagenicStrength","Enchiridion","hexamod:CandleOfCauterizing","hubris:CrystalStatue","Mirror","hubris:Icosahedron"],"acts_visited":["Exordium","TheCity","TheBeyond"],"potions_floor_usage":[50,50],"damage_taken":[{"damage":8.0,"enemies":"2 Louse","floor":2.0,"turns":2.0},{"damage":0.0,"enemies":"Jaw Worm","floor":3.0,"turns":3.0},{"damage":0.0,"enemies":"downfall:FleeingMerchant","floor":4.0,"turns":4.0},{"damage":0.0,"enemies":"Cultist","floor":5.0,"turns":4.0},{"damage":0.0,"enemies":"3 Louse","floor":6.0,"turns":3.0},{"damage":13.0,"enemies":"3 Sentries","floor":9.0,"turns":10.0},{"damage":0.0,"enemies":"downfall:FleeingMerchant","floor":10.0,"turns":4.0},{"damage":5.0,"enemies":"downfall:FleeingMerchant","floor":13.0,"turns":4.0},{"damage":0.0,"enemies":"downfall:FleeingMerchant","floor":14.0,"turns":3.0},{"damage":0.0,"enemies":"2 Fungi Beasts","floor":15.0,"turns":2.0},{"damage":25.0,"enemies":"WA_ARCHETYPE_RETAIN","floor":16.0,"turns":5.0},{"damage":21.0,"enemies":"3 Byrds","floor":19.0,"turns":5.0},{"damage":29.0,"enemies":"Snake Plant","floor":20.0,"turns":4.0},{"damage":24.0,"enemies":"conspire:MimicChest","floor":22.0,"turns":3.0},{"damage":0.0,"enemies":"Snecko","floor":23.0,"turns":6.0},{"damage":5.0,"enemies":"Replay:Snechameleon","floor":25.0,"turns":3.0},{"damage":0.0,"enemies":"Shelled Parasite and Fungi","floor":26.0,"turns":4.0},{"damage":10.0,"enemies":"downfall:Augmenter","floor":27.0,"turns":4.0},{"damage":0.0,"enemies":"Cultist and Chosen","floor":29.0,"turns":3.0},{"damage":0.0,"enemies":"Centurion and Healer","floor":30.0,"turns":4.0},{"damage":0.0,"enemies":"Snecko","floor":32.0,"turns":2.0},{"damage":6.0,"enemies":"DF_ARCHETYPE_CLAW","floor":33.0,"turns":6.0},{"damage":1.0,"enemies":"3 Shapes","floor":36.0,"turns":2.0},{"damage":22.0,"enemies":"3 Darklings","floor":38.0,"turns":3.0},{"damage":22.0,"enemies":"Spire Growth","floor":39.0,"turns":4.0},{"damage":1,"enemies":"Giant Head","floor":42,"turns":5},{"damage":12,"enemies":"Sphere and 2 Shapes","floor":43,"turns":4},{"damage":0,"enemies":"Nemesis","floor":45,"turns":3},{"damage":0,"enemies":"Maw","floor":46,"turns":5},{"damage":0,"enemies":"Spire Growth","floor":49,"turns":2},{"damage":51,"enemies":"SI_POISON_ARCHETYPE","floor":50,"turns":9}],"seed_played":"8419811145644053722","potions_obtained":[{"floor":2.0,"key":"bronze:CleanCodePotion"},{"floor":5.0,"key":"bronze:FreeFunctionsPotion"},{"floor":9.0,"key":"hexamod:SoulburnPotion"},{"floor":11.0,"key":"DuplicationPotion"},{"floor":14.0,"key":"champ:CounterPotion"},{"floor":15.0,"key":"Elixir"},{"floor":20.0,"key":"Death Potion"},{"floor":23.0,"key":"bronze:CleanCodePotion"},{"floor":27.0,"key":"Slimebound:ThreeZeroPotion"},{"floor":33.0,"key":"Elixir"},{"floor":42,"key":"SkillPotion"},{"floor":46,"key":"Strength Potion"}],"is_trial":false,"path_per_floor":["R","M","M","$","M","M","T","R","E","$","?","?","$","?","M","B",null,"R_BF","M","M","?","?","M","T","E","M","?","R","M","M","?","M","B",null,"R","M","?","M","M","R","T","E","M","?","E","M","?","?","M","B"],"character_chosen":"THE_AUTOMATON","items_purchased":["ReplayTheSpireMod:CursedCoin","bronze:Constructor","bronze:CutThrough","bronze:OilSpill","bronze:Repulsor","bronze:Branch+1"],"campfire_rested":1,"item_purchase_floors":[4,4,4,10,10,13],"current_hp_per_floor":[70,62,62,62,62,62,62,62,49,49,49,49,49,49,49,29,70,80,59,35,35,16,21,21,16,16,6,30,30,30,14,19,18,80,80,79,79,57,35,35,35,34,22,22,22,22,22,22,29,0,0,0],"gold":879,"neow_bonus":"ONE_RARE_RELIC","is_daily":false,"chose_seed":false,"campfire_upgraded":5,"win_rate":0.0,"timestamp":1612727230,"path_taken":["R","M","M","$","M","M","T","R","E","$","?","?","?","?","M","BOSS","R_BF","M","M","?","?","M","T","E","M","?","R","?","M","?","M","BOSS","R","M","?","M","M","R","T","E","M","?","E","M","?","?","M","BOSS"],"items_purchased_type":["Relic","Card","Card","Card","Card","Card"],"build_version":"2020-12-22","purchased_purges":1,"victory":false,"max_hp_per_floor":[70,70,70,70,70,70,70,70,70,70,70,70,70,70,70,70,70,80,80,80,80,80,80,80,80,80,80,80,80,80,80,80,80,80,80,80,80,80,80,80,80,80,80,80,80,80,80,80,80,80,80,80],"relic_stats":{"counters":[31,125],"Pandora\u0027s Box":["bronze:OilSpill","bronze:Verify","bronze:Separator","bronze:Philosophize","bronze:Shield","bronze:MaxOutput","bronze:Overheat","bronze:Repulsor"],"MealTicket":0,"PreservedInsect":222,"obtain_stats":[{"Golden Egg":18,"hexamod:CandleOfCauterizing":41,"bronze:BronzeCore":0,"hubris:CrystalStatue":42,"downfall:HeartBlessingRed":1,"ReplayTheSpireMod:CursedCoin":4,"Enchiridion":31,"downfall:HeartBlessingGreen":1,"PreservedInsect":25,"Incense Burner":0,"Ring of Searing":12,"downfall:GremlinWheel":14,"hubris:Icosahedron":47,"ReplayTheSpireMod:Shallot":7,"halation:PrussianBluePaint":9,"downfall:HeartBlessingBlue":18,"conspire:DecoderRing":24,"MutagenicStrength":27,"Pandora\u0027s Box":17,"MealTicket":22,"Mirror":45,"Toy Ornithopter":11},{"Golden Egg":11,"hexamod:CandleOfCauterizing":25,"bronze:BronzeCore":0,"hubris:CrystalStatue":26,"downfall:HeartBlessingRed":0,"ReplayTheSpireMod:CursedCoin":3,"Enchiridion":20,"downfall:HeartBlessingGreen":0,"PreservedInsect":16,"Incense Burner":0,"Ring of Searing":7,"downfall:GremlinWheel":9,"hubris:Icosahedron":29,"ReplayTheSpireMod:Shallot":5,"halation:PrussianBluePaint":6,"downfall:HeartBlessingBlue":11,"conspire:DecoderRing":15,"MutagenicStrength":18,"Pandora\u0027s Box":11,"MealTicket":14,"Mirror":28,"Toy Ornithopter":7},{"Golden Egg":44,"hexamod:CandleOfCauterizing":97,"bronze:BronzeCore":0,"hubris:CrystalStatue":102,"downfall:HeartBlessingRed":0,"ReplayTheSpireMod:CursedCoin":9,"Enchiridion":80,"downfall:HeartBlessingGreen":0,"PreservedInsect":65,"Incense Burner":0,"Ring of Searing":30,"downfall:GremlinWheel":37,"hubris:Icosahedron":114,"ReplayTheSpireMod:Shallot":16,"halation:PrussianBluePaint":26,"downfall:HeartBlessingBlue":44,"conspire:DecoderRing":62,"MutagenicStrength":73,"Pandora\u0027s Box":44,"MealTicket":56,"Mirror":109,"Toy Ornithopter":30}],"Toy Ornithopter":45},"card_choices":[{"not_picked":["bronze:FineTuning","bronze:NullPointer"],"picked":"bronze:Branch","floor":2.0},{"not_picked":["bronze:DarkDash","bronze:WildBeam"],"picked":"bronze:BronzeOrb","floor":3.0},{"not_picked":["bronze:Turbo","bronze:Invalidate"],"picked":"bronze:Overload","floor":4.0},{"not_picked":["bronze:Invalidate","bronze:ItsAFeature"],"picked":"bronze:Frontload","floor":5.0},{"not_picked":["bronze:BuggyMess","bronze:Virus"],"picked":"bronze:GetLatest","floor":6.0},{"not_picked":["bronze:Allocate","bronze:Repair"],"picked":"bronze:Branch","floor":9.0},{"not_picked":["bronze:Invalidate","bronze:WildBeam"],"picked":"bronze:ChildClass","floor":10.0},{"not_picked":["bronze:DarkDash","bronze:BugBarrage"],"picked":"bronze:Separator","floor":11.0},{"not_picked":["bronze:Branch","bronze:Frontload"],"picked":"bronze:ClassDefault","floor":11.0},{"not_picked":["bronze:DelayedGuard","bronze:ForceShield"],"picked":"bronze:BitShift","floor":13.0},{"not_picked":["bronze:Turbo","bronze:Frontload"],"picked":"bronze:TinkerersToolbox","floor":15.0},{"not_picked":["bronze:Assembly","bronze:Break"],"picked":"bronze:CleanCode","floor":16.0},{"not_picked":["bronze:Deprecate","bronze:FineTuning"],"picked":"bronze:Shell+1","floor":19.0},{"not_picked":["bronze:Frontload","bronze:CloningBeam","bronze:DarkDash"],"picked":"SKIP","floor":20.0},{"not_picked":["bronze:Backtrace","bronze:Frontload"],"picked":"bronze:Separator+1","floor":22.0},{"not_picked":["bronze:OilSpill","bronze:BitShift","bronze:Constructor"],"picked":"SKIP","floor":23.0},{"not_picked":["bronze:ThunderWave","bronze:MaxOutput+1"],"picked":"bronze:Iterate+1","floor":25.0},{"not_picked":["bronze:Separator","bronze:Frontload","bronze:Shield"],"picked":"SKIP","floor":26.0},{"not_picked":["bronze:Shell","bronze:Virus"],"picked":"bronze:Flail","floor":27.0},{"not_picked":["bronze:Turbo","bronze:WildBeam"],"picked":"bronze:ChildClass","floor":29.0},{"not_picked":["bronze:Shield+1","bronze:BitShift","bronze:OilSpill"],"picked":"SKIP","floor":30.0},{"not_picked":["bronze:Invalidate+1","bronze:MaxOutput","bronze:BuggyMess"],"picked":"SKIP","floor":32.0},{"not_picked":["bronze:BronzeOrb+1","bronze:Branch","bronze:Return"],"picked":"SKIP","floor":36.0},{"not_picked":["bronze:Separator","bronze:Turbo","bronze:Deprecate+1"],"picked":"SKIP","floor":38.0},{"not_picked":["bronze:BronzeArmor","bronze:Deprecate+1","bronze:ChildClass"],"picked":"SKIP","floor":39.0},{"not_picked":["bronze:Turbo+1","bronze:OilSpill+1"],"picked":"bronze:FindAndReplace","floor":42},{"not_picked":["bronze:BitShift","bronze:Invalidate"],"picked":"bronze:BronzeOrb","floor":43},{"not_picked":["bronze:Turbo+1","bronze:Invalidate+1"],"picked":"bronze:Branch+1","floor":45},{"not_picked":["bronze:DelayedGuard","bronze:Backtrace+1"],"picked":"bronze:Repair","floor":46},{"not_picked":["bronze:DelayedGuard+1","bronze:Branch"],"picked":"bronze:FineTuning","floor":49}],"player_experience":224347,"relics_obtained":[{"floor":7.0,"key":"ReplayTheSpireMod:Shallot"},{"floor":9.0,"key":"halation:PrussianBluePaint"},{"floor":11.0,"key":"Toy Ornithopter"},{"floor":12.0,"key":"Ring of Searing"},{"floor":14.0,"key":"downfall:GremlinWheel"},{"floor":18.0,"key":"Golden Egg"},{"floor":22.0,"key":"MealTicket"},{"floor":24.0,"key":"conspire:DecoderRing"},{"floor":25.0,"key":"PreservedInsect"},{"floor":27.0,"key":"MutagenicStrength"},{"floor":31.0,"key":"Enchiridion"},{"floor":41.0,"key":"hexamod:CandleOfCauterizing"},{"floor":42,"key":"hubris:CrystalStatue"},{"floor":45,"key":"Mirror"}],"event_choices":[{"damage_healed":0.0,"max_hp_gain":0.0,"max_hp_loss":0.0,"gold_gain":0.0,"event_name":"Wheel of Change","player_choice":"Relic","floor":18.0,"gold_loss":0.0,"damage_taken":0.0}],"is_beta":false,"boss_relics":[{"not_picked":["conspire:RoyalGoblet","hubris:BlackHole"],"picked":"Pandora\u0027s Box"},{"not_picked":["hubris:GrandSneckoEye","energizedSpire:SpiderWeb","halation:SmartPhone"]}],"items_purged_floors":[4],"is_endless":false,"potions_floor_spawned":[2,5,9,14,15,20,23,27,33,42,46,49],"killed_by":"SI_POISON_ARCHETYPE","ascension_level":4}}