{"host":"0hb9w7uizu7y13wj","time":1612739232,"event":{"mods":["Act Like it!","Aspiration","BaseMod","BetterRewards","Colored Map","Conspire","Downfall","Energized Spire","FTL Soundtrack","Friendly Minions","Halation","Hubris","Infinite Spire","Minty Spire (QoL Compilation)","Quick Restart","Replay The Spire","StSLib","Synergy Search","The Hierophant","The Jungle","The Poker Player","Trackpad","everything is the same but u backflip on backflip"],"gold_per_floor":[14,14,14,14,29,56,56,90,90,117,134,134,134,158,158,232,232,244,259,94,125,125,154,174,201,276,304,317,317,344,359,359,437,437,455,455,455],"floor_reached":36,"language":"ENG","playtime":1489,"items_purged":["Strike_B"],"score":1383,"play_id":"2a0316a8-f2e5-44fe-8555-500b25a08750","local_time":"20210207230712","is_ascension_mode":true,"campfire_choices":[{"floor":7.0,"key":"REST"},{"data":"Storm","floor":12.0,"key":"SMITH"},{"data":"Heatsinks","floor":12.0,"key":"SMITH"},{"data":"Trip","floor":15.0,"key":"SMITH"},{"data":"Chill","floor":15.0,"key":"SMITH"},{"data":"Echo Form","floor":29,"key":"SMITH"},{"data":"Storm","floor":29,"key":"SMITH"},{"floor":32,"key":"REST"}],"circlet_count":0,"master_deck":["AscendersBane","Strike_B","Strike_B","Strike_B","Defend_B","Defend_B","Defend_B+1","Defend_B","Zap+1","Dualcast","Trip+1","Chill+1","Heatsinks+1","Coolheaded","Doom and Gloom","Storm+1","Buffer+1","Buffer+1","Dramatic Entrance","Capacitor","Ball Lightning","Machine Learning","Storm+1","Panacea","Storm","Echo Form+1","Barrage","White Noise+1","ReplayTheSpireMod:Fabricate Wheel+1","Consume+1"],"relics":["Cracked Core","Vajra","trackpad:FieryHotPepper","Runic Capacitor","trackpad:Mousetrap","Ginger","hubris:PeanutButter","ReplayTheSpireMod:Lightbulb","Guide Book","Replay:Arrowhead","Turnip","Snack Pack","hubris:SlimyHat","infinitespire:Beetle Shell","energizedSpire:NeverEndingSparkler","Replay:Kaleidoscope","Bronze Scales","trackpad:ByrdBGone","Toxic Egg 2","hubris:TenFootPole","conspire:TopHat","Replay:Grab Bag","hubris:CrackedHourglass","Sozu","Black Star"],"acts_visited":["Exordium","TheCity","TheBeyond"],"potions_floor_usage":[33],"damage_taken":[{"damage":2.0,"enemies":"Small Slimes","floor":1.0,"turns":1.0},{"damage":0.0,"enemies":"2 Louse","floor":5.0,"turns":1.0},{"damage":0.0,"enemies":"Lagavulin","floor":6.0,"turns":5.0},{"damage":0.0,"enemies":"Replay:BlueRogue","floor":8.0,"turns":5.0},{"damage":4.0,"enemies":"3 Sentries","floor":10.0,"turns":3.0},{"damage":0.0,"enemies":"Jaw Worm","floor":11.0,"turns":2.0},{"damage":0.0,"enemies":"The Guardian","floor":16.0,"turns":9.0},{"damage":10.0,"enemies":"2 Thieves","floor":18.0,"turns":4.0},{"damage":0.0,"enemies":"Shell Parasite","floor":19.0,"turns":5.0},{"damage":12.0,"enemies":"conspire:MimicChest","floor":21.0,"turns":5.0},{"damage":0.0,"enemies":"conspire:Head Lice","floor":23.0,"turns":6.0},{"damage":2.0,"enemies":"Shelled Parasite and Fungi","floor":24.0,"turns":3.0},{"damage":6,"enemies":"Gremlin Leader","floor":25,"turns":4},{"damage":0,"enemies":"conspire:Head Lice","floor":27,"turns":4},{"damage":0,"enemies":"Snecko","floor":28,"turns":3},{"damage":23,"enemies":"Book of Stabbing","floor":30,"turns":4},{"damage":6,"enemies":"Snake Plant","floor":31,"turns":3},{"damage":0,"enemies":"hubris:MusketHawk","floor":33,"turns":5},{"damage":9,"enemies":"3 Darklings","floor":35,"turns":3},{"damage":1,"enemies":"3 Shapes","floor":36,"turns":1}],"seed_played":"-878854366979135201","potions_obtained":[{"floor":11.0,"key":"Strength Potion"},{"floor":16.0,"key":"Dexterity Potion"},{"floor":30,"key":"FocusPotion"}],"is_trial":false,"path_per_floor":["M","?","?","$","M","E","R","E","T","E","M","R","$","T","R","B",null,"M","M","$","?","$","E","M","E","T","E","M","R","E","M","R","B",null,"M","M"],"character_chosen":"DEFECT","items_purchased":["Vajra","Trip","Chill","Heatsinks","Coolheaded","Runic Capacitor","trackpad:Mousetrap","Doom and Gloom","hubris:PeanutButter","Storm","ReplayTheSpireMod:Lightbulb","Buffer","Guide Book","Dramatic Entrance","Explosive Potion","Swift Potion","Storm","Panacea"],"campfire_rested":2,"item_purchase_floors":[0,0,0,0,0,0,0,0,0,0,0,0,0,0,0,0,20,20],"current_hp_per_floor":[19,19,19,19,19,19,41,41,41,37,37,37,37,37,37,37,66,56,56,56,44,44,44,42,38,38,40,40,40,17,11,33,33,65,56,0,0],"gold":455,"neow_bonus":"","is_daily":false,"chose_seed":false,"campfire_upgraded":6,"win_rate":0.0,"timestamp":1612739232,"path_taken":["M","?","?","?","?","E","R","E","T","E","M","R","?","?","R","BOSS","M","M","$","?","?","E","M","E","T","E","M","R","E","M","R","BOSS","M","M"],"items_purchased_type":["Relic","Card","Card","Card","Card","Relic","Relic","Card","Relic","Card","Relic","Card","Relic","Card","Potion","Potion","Card","Card"],"build_version":"2020-12-22","purchased_purges":1,"victory":false,"max_hp_per_floor":[75,75,75,75,75,75,75,75,75,75,75,75,75,75,75,75,75,75,75,75,75,75,75,75,75,75,75,75,75,75,75,75,75,75,75,75,75],"card_choices":[{"not_picked":["Steam","Hologram","Coolheaded"],"picked":"SKIP","floor":1.0},{"not_picked":["Leap","Stack","Steam"],"picked":"SKIP","floor":5.0},{"not_picked":["ReplaySolidLightProjector","Hello World","Hologram"],"picked":"SKIP","floor":6.0},{"not_picked":["Hologram","Stack"],"picked":"Capacitor","floor":8.0},{"not_picked":["Hologram","Reinforced Body"],"picked":"Ball Lightning","floor":10.0},{"not_picked":["Stack","Turbo","Gash"],"picked":"SKIP","floor":11.0},{"not_picked":["Hyperbeam","Thunder Strike"],"picked":"Machine Learning","floor":16.0},{"not_picked":["Panic Button","Go for the Eyes","BasicCrystalCard"],"picked":"SKIP","floor":18.0},{"not_picked":["Redo","Coolheaded+1","Streamline"],"picked":"SKIP","floor":19.0},{"not_picked":["Ball Lightning","Coolheaded"],"picked":"Storm","floor":21.0},{"not_picked":["ReplayTheSpireMod:Repulse","Ball Lightning+1"],"picked":"Echo Form","floor":23.0},{"not_picked":["Melter","Compile Driver"],"picked":"Barrage","floor":24.0},{"not_picked":["Gash","Sweeping Beam","Turbo"],"picked":"SKIP","floor":25},{"not_picked":["Rebound","Conserve Battery+1","Static Discharge"],"picked":"SKIP","floor":27},{"not_picked":["Gash","ReplayTheSpireMod:System Scan+1","Turbo+1"],"picked":"SKIP","floor":28},{"not_picked":["Stack+1","BasicCrystalCard+1","Rebound"],"picked":"SKIP","floor":30},{"not_picked":["Auto Shields+1","Storm+1"],"picked":"White Noise+1","floor":31},{"not_picked":["All For One","Multi-Cast+1"],"picked":"ReplayTheSpireMod:Fabricate Wheel+1","floor":33},{"not_picked":["Rebound","Streamline"],"picked":"Consume+1","floor":35}],"player_experience":978601,"relics_obtained":[{"floor":6.0,"key":"Replay:Arrowhead"},{"floor":8.0,"key":"Turnip"},{"floor":9.0,"key":"Snack Pack"},{"floor":10.0,"key":"hubris:SlimyHat"},{"floor":14.0,"key":"infinitespire:Beetle Shell"},{"floor":21.0,"key":"Replay:Kaleidoscope"},{"floor":23.0,"key":"Bronze Scales"},{"floor":25,"key":"trackpad:ByrdBGone"},{"floor":26,"key":"Toxic Egg 2"},{"floor":27,"key":"hubris:TenFootPole"},{"floor":30,"key":"conspire:TopHat"}],"event_choices":[{"damage_healed":0.0,"max_hp_gain":0.0,"max_hp_loss":0.0,"gold_gain":0.0,"event_name":"Living Wall","player_choice":"Grow","floor":2.0,"gold_loss":0.0,"damage_taken":0.0,"cards_upgraded":["Zap"]}],"is_beta":false,"boss_relics":[{"not_picked":["Snecko Eye","conspire:RoyalGoblet"],"picked":"energizedSpire:NeverEndingSparkler"},{"not_picked":["conspire:SlowCooker","hubris:BlackHole"],"picked":"Replay:Grab Bag"},{"not_picked":["halation:ForbiddenBikini","Velvet Choker"],"picked":"hubris:CrackedHourglass"},{"not_picked":["halation:CatFaceCupcake","Replay:Fungal Core"],"picked":"Sozu"},{"not_picked":["hubris:Stopwatch","hubris:ScarierMask"],"picked":"Black Star"}],"items_purged_floors":[0],"is_endless":false,"potions_floor_spawned":[6,8,11,16,18,19,23,24,27,30,31,35],"killed_by":"3 Shapes","ascension_level":13}}