{"host":"dn2xyj3kd3d9cfyb","time":1612701987,"event":{"mods":["BaseMod","Conspire","Hero for Fun","Hubris","Marisa£®ÏF”Í°°ƒß¿Ì…≥£©","Minty Spire (QoL Compilation)","Remilia£®¿Ÿ√◊¿Ú—«£©","Replay The Spire","Shop Mod","StSLib","The Animator","The Construct","The Cursed","The Mystic","Youmu£®ªÍ∆«—˝√Œ£©","Yuri Mod","Yuyuko"],"gold_per_floor":[110,110,128,16,67,67,67,67,67,107,107,136,167,12,12,133,133,145,160,160,160,75,108,108,108],"floor_reached":24,"language":"ZHS","playtime":1070,"items_purged":["Strike_RM"],"score":264,"play_id":"99e86aea-4b31-4d1b-b915-74471543b762","local_time":"20210207204627","is_ascension_mode":false,"campfire_choices":[{"data":"ChaoticDestiny","floor":6,"key":"SMITH"},{"data":"BlasphemousPunishment","floor":8,"key":"SMITH"},{"floor":11,"key":"RECALL"},{"data":"ScarletDevilSign","floor":15,"key":"SMITH"}],"circlet_count":0,"master_deck":["Strike_RM+1","Strike_RM+1","Strike_RM+1","Defend_RM+1","Defend_RM+1","Defend_RM+1","Defend_RM+1","RedMoon","ScarletShoot+1","BlasphemousPunishment+1","FavorOfDestiny","ChaoticDestiny+1","FitfulNightmare","ScarletDevilSign+1","BloodyCatastrophe","NightDance","NightLord+1","EternalNight+1"],"relics":["ScarletHat","NeowsBlessing","Omamori","conspire:TreasureMap","Ring of Chaos","Ancient Tea Set","Garlic"],"acts_visited":["Exordium","TheCity"],"potions_floor_usage":[12,16,16,23,23,23],"damage_taken":[{"damage":0,"enemies":"2 Louse","floor":1,"turns":1},{"damage":0,"enemies":"Cultist","floor":3,"turns":1},{"damage":0,"enemies":"Small Slimes","floor":5,"turns":2},{"damage":17,"enemies":"3 Louse","floor":10,"turns":6},{"damage":19,"enemies":"3 Sentries","floor":12,"turns":11},{"damage":12,"enemies":"Blue Slaver","floor":13,"turns":3},{"damage":10,"enemies":"Hexaghost","floor":16,"turns":7},{"damage":14,"enemies":"Shell Parasite","floor":18,"turns":2},{"damage":56,"enemies":"conspire:FuzzyDice","floor":19,"turns":6},{"damage":19,"enemies":"Gremlin Leader","floor":23,"turns":3},{"damage":9,"enemies":"3 Cultists","floor":24,"turns":3}],"seed_played":"417520577790732331","potions_obtained":[{"floor":3,"key":"SteroidPotion"},{"floor":10,"key":"FearPotion"},{"floor":12,"key":"Reflective Coating"},{"floor":13,"key":"Strength Potion"},{"floor":16,"key":"SneckoOil"},{"floor":19,"key":"BlessingOfTheForge"},{"floor":19,"key":"Block Potion"}],"is_trial":false,"path_per_floor":["M","?","M","$","M","R","?","R","T","M","R","E","M","$","R","B",null,"M","M","?","?","?","E","M"],"character_chosen":"REMILIA","items_purchased":["FavorOfDestiny","conspire:TreasureMap"],"campfire_rested":0,"item_purchase_floors":[4,14],"current_hp_per_floor":[75,75,75,75,75,75,75,75,75,60,60,43,33,33,33,38,75,65,11,11,11,11,4,0,0],"gold":108,"neow_bonus":"THREE_ENEMY_KILL","is_daily":false,"chose_seed":false,"campfire_upgraded":3,"win_rate":0.0,"timestamp":1612701987,"path_taken":["M","?","M","$","?","R","?","R","T","M","R","E","M","?","R","BOSS","M","M","?","?","?","E","M"],"items_purchased_type":["Card","Relic"],"build_version":"2020-12-22","purchased_purges":1,"victory":false,"max_hp_per_floor":[75,75,75,75,75,75,75,75,75,75,75,75,75,75,75,75,75,75,75,75,75,75,75,75,75],"card_choices":[{"not_picked":["EmergencyRegeneration","VampireKiss"],"picked":"BlasphemousPunishment","floor":1},{"not_picked":["ForbiddenFruit","UnderTheZenith","NightDance"],"picked":"SKIP","floor":3},{"not_picked":["ScarletDevil","ChainGang"],"picked":"ChaoticDestiny","floor":5},{"not_picked":["VampireClaw","MillenniumVampire","BloodHunter"],"picked":"SKIP","floor":10},{"not_picked":["Ultimatum","ForbiddenFruit"],"picked":"FitfulNightmare","floor":12},{"not_picked":["BombardNight","NightDance"],"picked":"ScarletDevilSign","floor":13},{"not_picked":["CeilingFear","KillingBlow"],"picked":"BloodyCatastrophe","floor":16},{"not_picked":["Ultimatum","CharismaGuard"],"picked":"NightDance","floor":18},{"not_picked":["SuperhumanBloodyKnife","AfternoonTea"],"picked":"NightLord+1","floor":19},{"not_picked":["ScarletImprint","FavorOfDestiny"],"picked":"EternalNight+1","floor":23}],"player_experience":629440,"relics_obtained":[{"floor":12,"key":"Omamori"},{"floor":23,"key":"Garlic"}],"event_choices":[{"damage_healed":0,"gold_gain":0,"player_choice":"Upgraded","damage_taken":0,"max_hp_gain":0,"max_hp_loss":0,"event_name":"Upgrade Shrine","floor":2,"gold_loss":0,"cards_upgraded":["ScarletShoot"]},{"cards_removed":["FavorOfDestiny"],"damage_healed":5,"gold_gain":0,"player_choice":"Offered Common","damage_taken":0,"max_hp_gain":0,"max_hp_loss":0,"event_name":"Bonfire Elementals","floor":7,"gold_loss":0},{"cards_removed":["FavorOfDestiny"],"damage_healed":5,"gold_gain":0,"player_choice":"Offered Special","damage_taken":0,"max_hp_gain":0,"max_hp_loss":0,"event_name":"Bonfire Elementals","floor":7,"gold_loss":0},{"damage_healed":0,"gold_gain":0,"player_choice":"Simplicity","damage_taken":0,"max_hp_gain":0,"max_hp_loss":0,"event_name":"Back to Basics","floor":20,"gold_loss":0,"cards_upgraded":["Strike_RM","Strike_RM","Strike_RM","Defend_RM","Defend_RM","Defend_RM","Defend_RM"]},{"damage_healed":0,"gold_gain":0,"player_choice":"Ignored","damage_taken":0,"max_hp_gain":0,"max_hp_loss":0,"event_name":"Cursed Tome","floor":21,"gold_loss":0},{"damage_healed":0,"gold_gain":0,"player_choice":"Obtained Relic","damage_taken":0,"relics_obtained":["Ancient Tea Set"],"max_hp_gain":0,"max_hp_loss":0,"event_name":"Addict","floor":22,"gold_loss":85}],"is_beta":false,"boss_relics":[{"not_picked":["Velvet Choker","Busted Crown"],"picked":"Ring of Chaos"}],"items_purged_floors":[4],"is_endless":false,"potions_floor_spawned":[3,10,13,16,19],"killed_by":"3 Cultists","ascension_level":0}}