{"host":"069ovbzinfpenk8v","time":1612692516,"event":{"mods":["2.2 Compatiblity","AchievementEnabler","Act Like it!","BaseMod","Colored Map","Colored Powertips","DeckTracker","Downfall","Highlight Path","Minty Spire (QoL Compilation)","Quick Restart","Random Character Button","Rare Cards Sparkle","Relic Stats","Replay The Spire","StSLib","SuperFastMode","Transform Curses"],"gold_per_floor":[99,99,99,99,99,99,99,114,131,11,28,28,40,56,71,170,170,170,187,204,204,204,204],"floor_reached":21,"language":"ENG","playtime":2373,"items_purged":[],"score":296,"play_id":"c189a60c-e419-477e-a63d-3e7572b82726","local_time":"20210207040836","is_ascension_mode":false,"campfire_choices":[{"floor":1.0,"key":"RECALL"},{"data":"Slimebound:GoopSpray","floor":12.0,"key":"SMITH"},{"floor":18.0,"key":"REST"}],"circlet_count":0,"master_deck":["Slimebound:Strike_Slimebound+1","Slimebound:Strike_Slimebound","Slimebound:Strike_Slimebound+1","Slimebound:Tackle","Slimebound:Defend_Slimebound","Slimebound:Defend_Slimebound","Slimebound:Defend_Slimebound","Slimebound:Defend_Slimebound","Slimebound:Split","Slimebound:CorrosiveSpit","Slimebound:SlimeSpikes","Slimebound:ServeAndProtect","Slimebound:GoopSpray+1","CurseOfTheBell","CurseOfTheBell","Slimebound:Schlurp","Slimebound:LeechLife","Slimebound:AcidTongue","Slimebound:SplitAcid","Slimebound:RollThrough","Slimebound:LeechEnergy","Slimebound:PressTheAttack","Slimebound:LeechingTouch","Slimebound:RainOfGoop","Slimebound:SplitAcid","Slimebound:RejuvenatingLick","Slimebound:MassRepurpose","Sickly","Sickly","Writhe","Slimebound:SplitLeeching","Slimebound:GoopSpray"],"relics":["Slimebound:AbsorbEndCombat","downfall:HeartsMalice","downfall:ExtraCursedBell","Simple Rune","Darkstone Periapt","WingedGreaves","Replay:Ancient Bell","ReplayTheSpireMod:TigerMarble","Shuriken","Counterbalance"],"acts_visited":["Exordium","TheCity"],"potions_floor_usage":[19,20],"damage_taken":[{"damage":0.0,"enemies":"2 Louse","floor":2.0,"turns":1.0},{"damage":0.0,"enemies":"Jaw Worm","floor":3.0,"turns":1.0},{"damage":0.0,"enemies":"Cultist","floor":4.0,"turns":1.0},{"damage":0.0,"enemies":"3 Louse","floor":8.0,"turns":4.0},{"damage":7.0,"enemies":"2 Fungi Beasts","floor":9.0,"turns":4.0},{"damage":0.0,"enemies":"downfall:FleeingMerchant","floor":10.0,"turns":4.0},{"damage":1.0,"enemies":"Large Slime","floor":11.0,"turns":6.0},{"damage":22.0,"enemies":"Exordium Thugs","floor":13.0,"turns":4.0},{"damage":4.0,"enemies":"Gremlin Gang","floor":14.0,"turns":3.0},{"damage":8.0,"enemies":"3 Louse","floor":15.0,"turns":4.0},{"damage":7.0,"enemies":"SI_SHIV_ARCHETYPE","floor":16.0,"turns":11.0},{"damage":31,"enemies":"Shell Parasite","floor":19,"turns":8},{"damage":23,"enemies":"Chosen and Byrds","floor":20,"turns":8},{"damage":0,"enemies":"3 Cultists","floor":21,"turns":1}],"seed_played":"-6303853372715123090","potions_obtained":[{"floor":8.0,"key":"Flashbang"},{"floor":11.0,"key":"SpeedPotion"},{"floor":14.0,"key":"Block Potion"},{"floor":19,"key":"DistilledChaos"}],"is_trial":false,"path_per_floor":["R","M","M","M","?","?","T","M","M","$","M","R","M","M","M","B",null,"R","M","M","M"],"character_chosen":"SLIMEBOUND","items_purchased":["Slimebound:LeechEnergy","Slimebound:PressTheAttack"],"campfire_rested":1,"item_purchase_floors":[10,10],"current_hp_per_floor":[65,65,65,65,65,65,65,65,62,65,65,65,45,45,51,60,83,83,77,64,64,64,64],"gold":204,"neow_bonus":"THREE_ENEMY_KILL","is_daily":false,"chose_seed":false,"campfire_upgraded":1,"win_rate":0.0,"timestamp":1612692516,"path_taken":["R","M","M","M","?","?","T","M","M","$","M","R","M","M","M","BOSS","R","M","M","?"],"items_purchased_type":["Card","Card"],"build_version":"2020-12-22","purchased_purges":0,"victory":false,"max_hp_per_floor":[65,65,65,65,65,65,65,65,65,65,65,65,65,65,65,65,83,83,83,83,83,83,83],"relic_stats":{"Darkstone Periapt":18,"counters":[14,57],"Shuriken":[1],"obtain_stats":[{"Darkstone Periapt":5,"Shuriken":17,"Counterbalance":17,"downfall:HeartsMalice":0,"Simple Rune":5,"WingedGreaves":5,"Slimebound:AbsorbEndCombat":0,"Replay:Ancient Bell":17,"ReplayTheSpireMod:TigerMarble":17,"downfall:ExtraCursedBell":5},{"Darkstone Periapt":3,"Shuriken":11,"Counterbalance":11,"downfall:HeartsMalice":0,"Simple Rune":3,"WingedGreaves":3,"Slimebound:AbsorbEndCombat":0,"Replay:Ancient Bell":11,"ReplayTheSpireMod:TigerMarble":11,"downfall:ExtraCursedBell":3},{"Darkstone Periapt":0,"Shuriken":40,"Counterbalance":40,"downfall:HeartsMalice":0,"Simple Rune":0,"WingedGreaves":0,"Slimebound:AbsorbEndCombat":0,"Replay:Ancient Bell":40,"ReplayTheSpireMod:TigerMarble":40,"downfall:ExtraCursedBell":0}]},"card_choices":[{"not_picked":["Slimebound:GoopTackle","Slimebound:LeechEnergy"],"picked":"Slimebound:SlimeSpikes","floor":2.0},{"not_picked":["Slimebound:FlameTackle","Slimebound:GoopTackle"],"picked":"Slimebound:ServeAndProtect","floor":3.0},{"not_picked":["Slimebound:GrowthPunch","Slimebound:ItLooksTasty"],"picked":"Slimebound:GoopSpray","floor":4.0},{"not_picked":["Slimebound:PressTheAttack","Slimebound:HauntingLick"],"picked":"Slimebound:AcidTongue","floor":8.0},{"not_picked":["Slimebound:HauntingLick","Slimebound:SplitLeeching"],"picked":"Slimebound:SplitAcid","floor":9.0},{"not_picked":["Slimebound:SplitBruiser","Slimebound:SplitMire"],"picked":"Slimebound:RollThrough","floor":10.0},{"not_picked":["Slimebound:SplitMire","Slimebound:ProtectTheBoss"],"picked":"Slimebound:LeechingTouch","floor":11.0},{"not_picked":["Slimebound:LeechLife","Slimebound:LeechingTouch"],"picked":"Slimebound:RainOfGoop","floor":13.0},{"not_picked":["Slimebound:SplitLeeching","Slimebound:Schlurp"],"picked":"Slimebound:SplitAcid","floor":14.0},{"not_picked":["Slimebound:FormOfPuddle","Slimebound:WasteNot"],"picked":"Slimebound:RejuvenatingLick","floor":15.0},{"not_picked":["Slimebound:SlimeSlap","Slimebound:MinionMaster"],"picked":"Slimebound:MassRepurpose","floor":16.0},{"not_picked":["Delirium","downfall:Aged"],"picked":"Sickly","floor":17.0},{"not_picked":["Delirium","AbeCurse"],"picked":"Sickly","floor":17.0},{"not_picked":["Languid","downfall:Bewildered"],"picked":"Writhe","floor":17.0},{"not_picked":["Slimebound:PressTheAttack","Slimebound:LivingWall"],"picked":"Slimebound:SplitLeeching","floor":19},{"not_picked":["Slimebound:Repurpose","Slimebound:Schlurp"],"picked":"Slimebound:GoopSpray","floor":20}],"player_experience":569722,"relics_obtained":[{"floor":5.0,"key":"Simple Rune"},{"floor":5.0,"key":"Darkstone Periapt"},{"floor":5.0,"key":"WingedGreaves"}],"event_choices":[],"is_beta":false,"boss_relics":[{"not_picked":["Runic Pyramid","Replay:Wanted Poster"],"picked":"Replay:Ancient Bell"},{"not_picked":["Regal Pillow","Happy Flower"],"picked":"ReplayTheSpireMod:TigerMarble"},{"not_picked":["ReplayTheSpireMod:Shallot","Replay:Accelerometer"],"picked":"Shuriken"},{"not_picked":["Shovel","Pocketwatch"],"picked":"Counterbalance"}],"items_purged_floors":[],"is_endless":false,"potions_floor_spawned":[8,11,14,15,19],"killed_by":"3 Cultists","ascension_level":0}}