{"host":"zyn2zcp8fez1ptuq","time":1612664016,"event":{"mods":["BaseMod","BetterRewards","Bossed Relics","Downfall","Hermit","Hubris","Infinite Spire","Minty Spire (QoL Compilation)","Replay The Spire","Robot Space Explorer","Shade Mod","Shop Mod","StSLib","The Animator","The Cursed","The Jungle","The Marked","The Necromancer"],"gold_per_floor":[99,118,118,133,148,183,237,256,256,288,288,22,22,41,53,151,151,51,71,85,149,161,161,161,177,177,177,188,188,205,82,102,197,197,197,209,219,219,238,251,251,251,251,301,301,316,316,349,360,460,460,460,477,495,505,523,523,523,539,539,557,4,4,4,4,4],"floor_reached":64,"language":"ENG","playtime":4297,"items_purged":["Guardian:Strike_Guardian","Guardian:Strike_Guardian"],"score":970,"play_id":"d632c21b-7da2-47ab-b053-21928d7b669e","local_time":"20210206211336","is_ascension_mode":false,"campfire_choices":[{"data":"Guardian:CurlUp","floor":1,"key":"SMITH"},{"floor":9,"key":"REST"},{"floor":13,"key":"REST"},{"data":"Guardian:MultiBeam","floor":18,"key":"SMITH"},{"floor":23,"key":"REST"},{"data":"hubris:InfiniteBlow+42","floor":27,"key":"SMITH"},{"data":"Guardian:Orbwalk","floor":29,"key":"SMITH"},{"data":"Guardian:RefractedBeam+1","floor":35,"key":"SMITH"},{"floor":47,"key":"REST"},{"data":"infinitespire:Collect","floor":52,"key":"SMITH"},{"data":"Guardian:HyperBeam_Guardian","floor":57,"key":"SMITH"},{"data":"Guardian:FloatingOrbs","floor":60,"key":"SMITH"},{"data":"Guardian:RefractedBeam+3","floor":63,"key":"SMITH"}],"circlet_count":0,"master_deck":["Guardian:Strike_Guardian","Guardian:Defend_Guardian","Guardian:Defend_Guardian","Guardian:Defend_Guardian","Guardian:Defend_Guardian","Guardian:TwinSlam+1","Guardian:MultiBeam+1","Guardian:FloatingOrbs+1","Guardian:Orbwalk+1","Guardian:PiercingHide","Guardian:Orbwalk","Guardian:ArmoredProtocol","expansioncontent:HyperBeam","Guardian:Orbwalk","Guardian:TimeSifter","Guardian:HyperBeam_Guardian+1","Guardian:GuardianWhirl+1","Pot Of Greed","Pot Of Greed","Pot Of Greed","Guardian:BodySlam+1","Guardian:CrystalBeam+1","Guardian:TemporalShield","hubris:InfiniteBlow+43","infinitespire:Collect+1","Guardian:WalkerClaw+1","Guardian:Incinerate","Guardian:FloatingOrbs","Panache","Guardian:RefractedBeam+4","Pot Of Greed","Guardian:Gem_Synthetic","Guardian:ChargeCore+1","Guardian:Incinerate+1","Guardian:RefractedBeam+1","Guardian:Gem_Cyan","Replay:SS_forest_2","Replay:SS_forest_2","Guardian:Gem_Blue","Guardian:TemporalShield","Guardian:ArmoredProtocol+1","Guardian:Clone","Pot Of Greed","Guardian:ConstructionForm","Guardian:Orbwalk","Guardian:Incinerate","Guardian:Gem_Yellow","hubris:DuctTapeCard","Guardian:SentryBeam","Guardian:SpikerProtocol","Guardian:SpikerProtocol","Guardian:WalkerClaw","Guardian:Gem_Blue"],"relics":["Guardian:ModeShifter","Lantern","Oddly Smooth Stone","Omamori","hubris:Towel","Guardian:StasisSlotReductionRelic","downfall:HeartBlessingGreen","Grinning Jar","Eternal Feather","Replay:Wax Seal","Art of War","Sozu","Iron Hammer","Bird Faced Urn","Bottled Lightning","Black Star","hubris:DuctTape","Anchor","MerchantsRug"],"acts_visited":["Exordium","TheCity","TheBeyond","Exordium"],"potions_floor_usage":[6,6,16,20,22,28,30,44],"damage_taken":[{"damage":5,"enemies":"2 Louse","floor":2,"turns":2},{"damage":11,"enemies":"Jaw Worm","floor":4,"turns":3},{"damage":0,"enemies":"Small Slimes","floor":5,"turns":4},{"damage":21,"enemies":"3 Sentries","floor":6,"turns":7},{"damage":14,"enemies":"3 Louse","floor":8,"turns":3},{"damage":14,"enemies":"Gremlin Nob","floor":10,"turns":4},{"damage":0,"enemies":"downfall:FleeingMerchant","floor":12,"turns":4},{"damage":8,"enemies":"Exordium Wildlife","floor":14,"turns":4},{"damage":0,"enemies":"2 Fungi Beasts","floor":15,"turns":1},{"damage":4,"enemies":"SI_SHIV_ARCHETYPE","floor":16,"turns":8},{"damage":9,"enemies":"Spheric Guardian","floor":19,"turns":5},{"damage":21,"enemies":"Snake Plant","floor":20,"turns":5},{"damage":3,"enemies":"3 Cultists","floor":22,"turns":3},{"damage":19,"enemies":"Centurion and Healer","floor":25,"turns":5},{"damage":0,"enemies":"Snake Plant","floor":28,"turns":1},{"damage":10,"enemies":"Sentry and Sphere","floor":30,"turns":4},{"damage":0,"enemies":"downfall:FleeingMerchant","floor":31,"turns":2},{"damage":5,"enemies":"Chosen and Byrds","floor":32,"turns":3},{"damage":0,"enemies":"WA_ARCHETYPE_CALM","floor":33,"turns":4},{"damage":21,"enemies":"3 Darklings","floor":36,"turns":3},{"damage":0,"enemies":"3 Shapes","floor":37,"turns":1},{"damage":32,"enemies":"Spire Growth","floor":39,"turns":3},{"damage":1,"enemies":"Jaw Worm Horde","floor":40,"turns":4},{"damage":25,"enemies":"2 Orb Walkers","floor":44,"turns":2},{"damage":16,"enemies":"Transient","floor":46,"turns":5},{"damage":0,"enemies":"Nightmare","floor":48,"turns":2},{"damage":6,"enemies":"Writhing Mass","floor":49,"turns":4},{"damage":32,"enemies":"DF_ARCHETYPE_ORBS","floor":50,"turns":5},{"damage":11,"enemies":"Jaw Worm","floor":53,"turns":3},{"damage":0,"enemies":"Cultist","floor":54,"turns":2},{"damage":0,"enemies":"2 Louse","floor":55,"turns":2},{"damage":15,"enemies":"Gremlin Gang","floor":56,"turns":2},{"damage":13,"enemies":"Exordium Thugs","floor":59,"turns":3},{"damage":11,"enemies":"Large Slime","floor":61,"turns":4},{"damage":157,"enemies":"Nightmare_Alpha","floor":64,"turns":6}],"seed_played":"381548006510833554","potions_obtained":[{"floor":5,"key":"champ:CounterPotion"},{"floor":6,"key":"Fruit Juice"},{"floor":14,"key":"Elixir"},{"floor":15,"key":"LifebloodPotion"},{"floor":19,"key":"Regen Potion"},{"floor":20,"key":"Guardian:DefensiveModePotion"},{"floor":21,"key":"Swift Potion"},{"floor":25,"key":"champ:CounterPotion"},{"floor":32,"key":"sneckomod:MuddlingPotion"},{"floor":33,"key":"sneckomod:MuddlingPotion"}],"is_trial":false,"path_per_floor":["R","M","?","M","M","E","T","M","R","E","?","$","R","M","M","B",null,"R","M","M","?","M","R","T","M","AVR","R","M","R","M","$","M","B",null,"R","M","M","?","M","M","T","?","?","?","?","M","R","NM","M","B",null,"R","M","M","M","M","R","T","M","R","M","$","R","NM"],"character_chosen":"GUARDIAN","items_purchased":["expansioncontent:HyperBeam","Guardian:Orbwalk","Guardian:Gem_Blue","Guardian:Incinerate","Art of War","Guardian:FloatingOrbs","Panache","Guardian:SpikerProtocol","Anchor","Guardian:WalkerClaw","MerchantsRug","Guardian:Gem_Blue"],"campfire_rested":4,"item_purchase_floors":[12,12,12,31,31,31,31,62,62,62,62,62],"current_hp_per_floor":[88,83,83,72,72,56,56,42,69,55,55,55,82,74,74,70,93,93,84,78,41,38,65,65,46,46,64,64,82,72,72,67,67,93,93,72,72,72,40,39,39,34,34,9,22,14,69,69,75,57,106,106,99,99,101,92,106,106,93,106,106,106,106,0,0,0],"gold":4,"neow_bonus":"TEN_PERCENT_HP_BONUS","is_daily":false,"chose_seed":false,"campfire_upgraded":9,"win_rate":0.0,"timestamp":1612664016,"path_taken":["R","M","?","M","M","E","T","M","R","E","?","$","R","M","M","BOSS","R","M","M","?","M","R","T","M","AVR","R","M","R","M","$","M","BOSS","R","M","M","?","M","M","T","?","?","?","?","?","R","NM","M","BOSS","R","M","M","M","M","R","T","M","R","M","$","R","NM"],"items_purchased_type":["Card","Card","Card","Card","Relic","Card","Card","Card","Relic","Card","Relic","Card"],"build_version":"2020-12-22","purchased_purges":2,"victory":false,"max_hp_per_floor":[88,88,88,88,88,93,93,93,93,93,93,93,93,93,93,93,93,93,93,93,93,93,93,93,93,93,93,93,93,93,93,93,93,93,93,93,93,93,93,93,93,93,93,93,106,106,106,106,106,106,106,106,106,106,106,106,106,106,106,106,106,106,106,106,106,106],"card_choices":[{"not_picked":["Guardian:PrimingBeam","Guardian:Gem_Red"],"picked":"Guardian:MultiBeam","floor":2},{"not_picked":["Guardian:Planning","Guardian:Gem_Cyan"],"picked":"Guardian:FloatingOrbs","floor":4},{"not_picked":["Guardian:PolyBeam","Guardian:Recover"],"picked":"Guardian:Orbwalk","floor":5},{"not_picked":["Guardian:Gem_Red","Guardian:ShieldCharger"],"picked":"Guardian:Gem_Lightblue","floor":6},{"not_picked":["Guardian:Recover","Guardian:Gem_Cyan"],"picked":"Guardian:PiercingHide","floor":8},{"not_picked":["Guardian:PrimingBeam","Guardian:Recover"],"picked":"Guardian:Orbwalk","floor":10},{"not_picked":["Guardian:Harden","Guardian:TimeBomb"],"picked":"Guardian:ArmoredProtocol","floor":12},{"not_picked":["Guardian:Repulse","Guardian:ChargeCore"],"picked":"Guardian:TimeSifter","floor":14},{"not_picked":["Guardian:Gem_Red","Guardian:PrimingBeam"],"picked":"Guardian:Harden","floor":15},{"not_picked":["Guardian:StasisStrike","Guardian:SphericShield"],"picked":"Guardian:HyperBeam_Guardian","floor":16},{"not_picked":["Guardian:Suspension","Guardian:EvasiveProtocol"],"picked":"Guardian:Gem_Red","floor":19},{"not_picked":["Guardian:BronzeArmor","Guardian:Reroute"],"picked":"Guardian:GuardianWhirl+1","floor":20},{"not_picked":["Guardian:Reroute","Guardian:Preprogram"],"picked":"Guardian:Gem_Red","floor":21},{"not_picked":["Guardian:SpikerProtocol","Guardian:WalkerClaw"],"picked":"Guardian:BodySlam+1","floor":21},{"not_picked":["Guardian:Reroute","Guardian:PiercingHide+1"],"picked":"Guardian:CrystalBeam+1","floor":22},{"not_picked":["Guardian:Planning","Guardian:TimeBomb"],"picked":"Guardian:TemporalShield","floor":25},{"not_picked":["Guardian:TemporalStrike","Guardian:PolyBeam"],"picked":"Guardian:Gem_Green","floor":28},{"not_picked":["Guardian:MultiBeam+1","Guardian:Planning+1"],"picked":"Guardian:WalkerClaw+1","floor":30},{"not_picked":["Guardian:ConstructionForm","Guardian:TemporalStrike"],"picked":"Guardian:Gem_Crimson","floor":31},{"not_picked":["Guardian:Planning","Guardian:FierceBash"],"picked":"Guardian:RefractedBeam+1","floor":32},{"not_picked":["Guardian:BaubleBeam","Guardian:SphericShield"],"picked":"Guardian:Gem_Synthetic","floor":33},{"not_picked":["Guardian:Gem_Crimson","Guardian:Gem_Red"],"picked":"Guardian:ChargeCore+1","floor":36},{"not_picked":["Guardian:Planning+1","Guardian:ShieldCharger"],"picked":"Guardian:Incinerate+1","floor":37},{"not_picked":["Guardian:Planning","Guardian:Suspension+1"],"picked":"Guardian:RefractedBeam+1","floor":39},{"not_picked":["Guardian:Incinerate+1","Guardian:TemporalStrike+1"],"picked":"Guardian:Gem_Cyan","floor":40},{"not_picked":["Replay:SS_fish_1","expansioncontent:HyperBeam"],"picked":"Replay:SS_forest_2","floor":42},{"not_picked":["expansioncontent:PolyBeam","expansioncontent:Hexaburn"],"picked":"Replay:SS_forest_2","floor":42},{"not_picked":["Guardian:ShieldCharger","Guardian:Incinerate"],"picked":"Guardian:TemporalShield","floor":44},{"not_picked":["Guardian:Reroute","Guardian:PrimingBeam"],"picked":"Guardian:ArmoredProtocol+1","floor":46},{"not_picked":["Guardian:BronzeOrb+1","Guardian:Reroute+1"],"picked":"Guardian:Gem_Red","floor":48},{"not_picked":["Guardian:Gem_Green","Guardian:Suspension+1"],"picked":"Guardian:Clone","floor":49},{"not_picked":["Guardian:Gem_Synthetic","Guardian:FierceBash"],"picked":"Guardian:ConstructionForm","floor":50},{"not_picked":["Guardian:Suspension","Guardian:GuardianWhirl","Guardian:ChargeCore"],"picked":"SKIP","floor":53},{"not_picked":["Guardian:BronzeOrb","Guardian:StasisField"],"picked":"Guardian:Orbwalk","floor":54},{"not_picked":["Guardian:Gem_White","Guardian:Gem_Crimson"],"picked":"Guardian:Incinerate","floor":55},{"not_picked":["Guardian:TemporalShield","Guardian:PolyBeam"],"picked":"Guardian:Gem_Yellow","floor":56},{"not_picked":["Guardian:TemporalShield","Guardian:Harden"],"picked":"Guardian:SentryBeam","floor":59},{"not_picked":["Guardian:Incinerate","Guardian:ShieldSpikes"],"picked":"Guardian:Gem_Purple","floor":61}],"player_experience":493795,"relics_obtained":[{"floor":6,"key":"Lantern"},{"floor":7,"key":"Oddly Smooth Stone"},{"floor":10,"key":"Omamori"},{"floor":21,"key":"Grinning Jar"},{"floor":24,"key":"Eternal Feather"},{"floor":41,"key":"Iron Hammer"},{"floor":44,"key":"Bird Faced Urn"},{"floor":48,"key":"Bottled Lightning"},{"floor":58,"key":"hubris:DuctTape"}],"event_choices":[{"damage_healed":0,"gold_gain":0,"player_choice":"Fight","damage_taken":0,"max_hp_gain":0,"max_hp_loss":0,"event_name":"Mysterious Sphere","floor":44,"gold_loss":0}],"is_beta":false,"boss_relics":[{"not_picked":["hubris:CrackedHourglass","Coffee Dripper"],"picked":"Guardian:StasisSlotReductionRelic"},{"not_picked":["Kintsugi","Busted Crown"],"picked":"Sozu"},{"not_picked":["Runic Pyramid","Cursed Key"],"picked":"Black Star"}],"items_purged_floors":[26,62],"is_endless":true,"potions_floor_spawned":[5,6,14,15,19,20,25,32,33,36,39,46,49,54,59],"killed_by":"Nightmare_Alpha","ascension_level":0}}