{"host":"j9610sde00vfp93k","time":1612696115,"event":{"mods":["AchievementEnabler","BaseMod","Minty Spire (QoL Compilation)","StSLib","SuperFastMode"],"gold_per_floor":[363,218,238,34,44,44,59,69,69,69,69],"floor_reached":10,"language":"ENG","playtime":2481,"items_purged":[],"score":60,"play_id":"e95e43cf-b9e8-42eb-9cfa-cfad17fc0180","local_time":"20210207190835","is_ascension_mode":false,"campfire_choices":[],"circlet_count":0,"master_deck":["Strike_P","Strike_P","Strike_P","Strike_P","Defend_P","Defend_P","Defend_P","Defend_P","Eruption","Vigilance","Perseverance","Protect","Protect","Bandage Up","Prostrate","Consecrate"],"relics":["PureWater","Pen Nib","Membership Card","Calipers"],"acts_visited":["Exordium"],"potions_floor_usage":[],"damage_taken":[{"damage":0,"enemies":"Small Slimes","floor":1,"turns":2},{"damage":0,"enemies":"Cultist","floor":3,"turns":2},{"damage":1,"enemies":"Jaw Worm","floor":5,"turns":4},{"damage":2,"enemies":"Blue Slaver","floor":7,"turns":5},{"damage":3,"enemies":"Red Slaver","floor":8,"turns":4},{"damage":77,"enemies":"Lagavulin","floor":10,"turns":8}],"seed_played":"-4918318926002010872","potions_obtained":[{"floor":1,"key":"FearPotion"},{"floor":5,"key":"SpeedPotion"}],"is_trial":false,"path_per_floor":["M","$","M","$","M","$","M","M","T","E"],"character_chosen":"WATCHER","items_purchased":["Pen Nib","Membership Card","Protect","Bandage Up"],"campfire_rested":0,"item_purchase_floors":[2,4,4,4],"current_hp_per_floor":[51,51,51,51,54,54,56,57,57,0,0],"gold":69,"neow_bonus":"TWO_FIFTY_GOLD","is_daily":false,"chose_seed":false,"campfire_upgraded":0,"win_rate":0.0,"timestamp":1612696115,"path_taken":["M","$","M","$","M","$","M","M","T","E"],"items_purchased_type":["Relic","Relic","Card","Card"],"build_version":"2020-12-22","purchased_purges":0,"victory":false,"max_hp_per_floor":[72,72,72,72,72,72,72,72,72,72,72],"card_choices":[{"not_picked":["Wallop","PathToVictory"],"picked":"Perseverance","floor":1},{"not_picked":["SashWhip","EmptyFist"],"picked":"Protect","floor":3},{"not_picked":["InnerPeace","CrushJoints","FlurryOfBlows"],"picked":"SKIP","floor":5},{"not_picked":["BowlingBash","Consecrate"],"picked":"Prostrate","floor":7},{"not_picked":["Conclude","SignatureMove"],"picked":"Consecrate","floor":8}],"player_experience":208885,"relics_obtained":[{"floor":9,"key":"Calipers"}],"event_choices":[],"is_beta":false,"boss_relics":[],"items_purged_floors":[],"is_endless":false,"potions_floor_spawned":[1,5],"killed_by":"Lagavulin","ascension_level":0}}