{"host":"1v3mnj67s3trvm6y","time":1612688138,"event":{"mods":["BaseMod","Challenge The Spire","Downfall","Minty Spire (QoL Compilation)","StSLib"],"gold_per_floor":[99,114,130,147,247,347,347,364,381,405,417,317,317,351,361,361,361,361],"floor_reached":16,"language":"ENG","playtime":1141,"items_purged":[],"score":104,"play_id":"3c2a15c3-f67d-4ea4-9924-a6b8b0dabc95","local_time":"20210207175538","is_ascension_mode":false,"campfire_choices":[{"floor":1,"key":"REST"},{"data":"champ:StanceDance","floor":12,"key":"SMITH"}],"circlet_count":0,"master_deck":["champ:Strike","champ:Defend","champ:Defend","champ:Defend","champ:Defend","champ:Execute","champ:Taunt","champ:EndlessRage","champ:ViciousMockery","champ:StanceDance","champ:BerserkersShout","champ:FanOfKnives","champ:StanceDance+1","champ:CalledShot","champ:GutPunch","champ:Devastate","champ:Backstep","champ:Backstep"],"relics":["champ:ChampionCrown","downfall:GremlinWheel","MealTicket","downfall:HeartBlessingBlue","HornCleat"],"acts_visited":["Exordium"],"potions_floor_usage":[6,6,6,6,14,16],"damage_taken":[{"damage":16,"enemies":"2 Louse","floor":2,"turns":5},{"damage":21,"enemies":"Jaw Worm","floor":3,"turns":4},{"damage":15,"enemies":"Cultist","floor":4,"turns":3},{"damage":40,"enemies":"Cultist","floor":6,"turns":5},{"damage":35,"enemies":"Exordium Thugs","floor":8,"turns":5},{"damage":32,"enemies":"Blue Slaver","floor":9,"turns":3},{"damage":0,"enemies":"2 Fungi Beasts","floor":11,"turns":2},{"damage":48,"enemies":"Gremlin Nob","floor":14,"turns":4},{"damage":0,"enemies":"3 Louse","floor":15,"turns":3},{"damage":68,"enemies":"IC_STATUS_ARCHETYPE","floor":16,"turns":10}],"seed_played":"3991676099250674530","potions_obtained":[{"floor":4,"key":"EntropicBrew"},{"floor":11,"key":"Regen Potion"},{"floor":15,"key":"Regen Potion"}],"is_trial":false,"path_per_floor":["R","M","M","M","?","?","T","M","M","T","M","R","?","E","M","B"],"character_chosen":"THE_CHAMP","items_purchased":[],"campfire_rested":1,"item_purchase_floors":[],"current_hp_per_floor":[90,84,83,83,83,58,58,53,46,46,46,56,56,35,35,0,0,0],"gold":361,"neow_bonus":"TRANSFORM_TWO_CARDS","is_daily":false,"chose_seed":false,"campfire_upgraded":1,"win_rate":0.0,"timestamp":1612688138,"path_taken":["R","M","M","M","?","?","T","?","M","?","M","R","?","E","M","BOSS"],"items_purchased_type":[],"build_version":"2020-12-22","purchased_purges":0,"victory":false,"max_hp_per_floor":[90,90,90,90,90,90,90,90,90,90,90,100,100,100,100,100,100,100],"card_choices":[{"not_picked":["champ:FlashCut","champ:RageSigil"],"picked":"champ:StanceDance","floor":2},{"not_picked":["champ:CrownThrow","champ:Endure"],"picked":"champ:BerserkersShout","floor":3},{"not_picked":["champ:PerfectedStrike","champ:RisingSlash"],"picked":"champ:FanOfKnives","floor":4},{"not_picked":["champ:FocusedDefense","champ:IronFortress"],"picked":"champ:StanceDance","floor":8},{"not_picked":["champ:BerserkerStyle","champ:Lariat"],"picked":"champ:CalledShot","floor":9},{"not_picked":["champ:Shatter","champ:DefensiveShout"],"picked":"champ:GutPunch","floor":11},{"not_picked":["champ:Parry","champ:FaceSlap"],"picked":"champ:Backstep","floor":14},{"not_picked":["champ:Circumvent","champ:PerfectedStrike"],"picked":"champ:Backstep","floor":15}],"player_experience":1704678,"relics_obtained":[{"floor":6,"key":"downfall:GremlinWheel"},{"floor":10,"key":"MealTicket"},{"floor":14,"key":"HornCleat"}],"event_choices":[],"is_beta":false,"boss_relics":[],"items_purged_floors":[],"is_endless":false,"potions_floor_spawned":[4,11,15],"killed_by":"IC_STATUS_ARCHETYPE","ascension_level":0}}