{"host":"v4tuy5ykrbdcm9o9","time":1612740835,"event":{"mods":["BaseMod","Duelist Mod","Minty Spire (QoL Compilation)","Replay The Spire","StSLib"],"gold_per_floor":[118,118,129,19,38,38,14,48,120,146,169,194,207,225,225,324,324,343,362,362,277,30,57,57,73,147,178,43,43,78,97,97,200,200,212,212,267,267,287,316,316,341,367,381,401,413,413,424,424,424,424,424,80,114,114],"floor_reached":56,"language":"ENG","playtime":5320,"items_purged":[],"score":1994,"play_id":"92431ed0-aee0-4fea-8a3a-dfd41784e987","local_time":"20210207183355","is_ascension_mode":true,"campfire_choices":[{"floor":6,"key":"RECALL"},{"floor":15,"key":"REST"},{"data":"1","floor":24,"key":"LIFT"},{"data":"2","floor":29,"key":"LIFT"},{"floor":32,"key":"REST"},{"data":"3","floor":41,"key":"LIFT"},{"data":"ReplayTheSpireMod:Scrap Shanks","floor":49,"key":"SMITH"},{"data":"Calculated Gamble","floor":52,"key":"SMITH"}],"circlet_count":0,"master_deck":["Strike_G","Strike_G","Strike_G","Strike_G","Strike_G","Defend_G","Defend_G","Defend_G","Defend_G","Survivor","Neutralize","Endless Agony","Calculated Gamble+1","ReplayTheSpireMod:The Works","Choke","Dagger Throw","Underhanded Strike","Backflip","Reflex+1","Cloak And Dagger+1","Calculated Gamble+1","Hidden Blade+1","Cloak And Dagger+1","Envenom","Flying Knee+1","ReplayTheSpireMod:Scrap Shanks+1","Quick Slash","ReplayTheSpireMod:Speed Training+1","Acrobatics+1","Dagger Throw","Dagger Throw","Tactician+1","Prepared+1","Venomology+1","Masterful Stab+1","Concentrate+1","Slice","Hidden Blade+1","After Image","Concentrate+1","Terror+1","Acrobatics+1","Distraction+1","Panacea+1","Caltrops+1","Backflip+1","Outmaneuver+1"],"relics":["Ring of the Snake","Art of War","Toxic Egg 2","Blue Candle","Odd Mushroom","Toy Ornithopter","WristBlade","Letter Opener","Kunai","Girya","Tingsha","Snake Skull","HoveringKite","Torii","ReplayTheSpireMod:Shallot","Replay:Ringing Soul","Replay:Baseball","ReplayFunnel","The Specimen"],"acts_visited":["Exordium","TheCity","TheBeyond","TheEnding"],"potions_floor_usage":[10,10,12,14,23,27,37,37,39,40,42,46,48,50,54,55,55,55],"damage_taken":[{"damage":0,"enemies":"2 Louse","floor":1,"turns":4},{"damage":0,"enemies":"Cultist","floor":3,"turns":3},{"damage":0,"enemies":"Small Slimes","floor":5,"turns":2},{"damage":31,"enemies":"Gremlin Nob","floor":8,"turns":5},{"damage":12,"enemies":"Lagavulin","floor":10,"turns":5},{"damage":0,"enemies":"The Mushroom Lair","floor":11,"turns":2},{"damage":0,"enemies":"Gremlin Nob","floor":12,"turns":3},{"damage":1,"enemies":"Blue Slaver","floor":13,"turns":3},{"damage":0,"enemies":"Large Slime","floor":14,"turns":2},{"damage":18,"enemies":"Hexaghost","floor":16,"turns":8},{"damage":0,"enemies":"2 Thieves","floor":18,"turns":2},{"damage":3,"enemies":"Chosen","floor":19,"turns":3},{"damage":0,"enemies":"theDuelist:KaibaA2","floor":23,"turns":3},{"damage":18,"enemies":"Snake Plant","floor":25,"turns":3},{"damage":1,"enemies":"Gremlin Leader","floor":27,"turns":3},{"damage":0,"enemies":"theDuelist:KaibaA2","floor":30,"turns":1},{"damage":0,"enemies":"3 Cultists","floor":31,"turns":2},{"damage":0,"enemies":"Automaton","floor":33,"turns":1},{"damage":0,"enemies":"Orb Walker","floor":35,"turns":1},{"damage":0,"enemies":"2 Orb Walkers","floor":37,"turns":3},{"damage":1,"enemies":"3 Darklings","floor":39,"turns":2},{"damage":7,"enemies":"Giant Head","floor":40,"turns":3},{"damage":0,"enemies":"Nemesis","floor":42,"turns":5},{"damage":0,"enemies":"Transient","floor":44,"turns":5},{"damage":0,"enemies":"Maw","floor":45,"turns":1},{"damage":1,"enemies":"3 Darklings","floor":46,"turns":3},{"damage":0,"enemies":"Sphere and 2 Shapes","floor":48,"turns":3},{"damage":0,"enemies":"Donu and Deca","floor":50,"turns":3},{"damage":0,"enemies":"Shield and Spear","floor":54,"turns":3},{"damage":42,"enemies":"The Heart","floor":55,"turns":6}],"seed_played":"4605507154674331703","potions_obtained":[{"floor":1,"key":"Strength Potion"},{"floor":8,"key":"AttackPotion"},{"floor":10,"key":"Block Potion"},{"floor":12,"key":"Fire Potion"},{"floor":19,"key":"LiquidMemories"},{"floor":23,"key":"Poison Potion"},{"floor":25,"key":"ColorlessPotion"},{"floor":40,"key":"Block Potion"},{"floor":48,"key":"Block Potion"}],"is_trial":false,"path_per_floor":["M","?","M","$","M","R","$","E","T","E","?","E","M","M","R","B",null,"M","M","?","?","$","E","R","M","T","E","$","R","E","M","R","B",null,"M","?","?","?","M","E","R","E","T","M","M","M","?","M","R","B",null,"R","$","E","B",null],"character_chosen":"THE_SILENT","items_purchased":["ReplayTheSpireMod:The Works","Choke","Underhanded Strike","Kunai","Dagger Throw","Adrenaline Potion","Block Potion","ReplayFunnel","Panacea+1","Caltrops+1","Backflip+1"],"campfire_rested":2,"item_purchase_floors":[4,4,7,22,28,28,28,53,53,53,53],"current_hp_per_floor":[70,70,70,70,70,70,70,39,39,27,27,27,26,31,54,36,67,67,64,50,50,50,55,55,37,37,41,41,41,41,41,65,65,78,78,78,78,71,75,73,73,81,81,84,87,89,89,93,93,93,93,93,96,99,59],"gold":114,"neow_bonus":"TEN_PERCENT_HP_BONUS","is_daily":false,"chose_seed":false,"campfire_upgraded":2,"win_rate":0.0,"timestamp":1612740835,"path_taken":["M","?","M","?","M","R","$","E","T","E","?","E","M","M","R","BOSS","M","M","?","?","$","E","R","M","T","E","$","R","E","M","R","BOSS","M","?","?","?","M","E","R","E","T","M","?","M","?","M","R","BOSS","R","$","E","BOSS"],"items_purchased_type":["Card","Card","Card","Relic","Card","Potion","Potion","Relic","Card","Card","Card"],"build_version":"2020-12-22","purchased_purges":0,"victory":true,"max_hp_per_floor":[77,77,77,77,77,77,77,77,77,77,77,77,77,77,77,77,77,77,77,82,82,82,82,82,82,82,82,82,82,82,82,82,82,82,82,78,78,78,78,78,78,81,81,84,87,90,90,93,93,93,93,93,96,99,99],"card_choices":[{"not_picked":["Deflect","Cloak And Dagger"],"picked":"Endless Agony","floor":1},{"not_picked":["Quick Slash","Deflect"],"picked":"Calculated Gamble","floor":3},{"not_picked":["Flechettes","Outmaneuver"],"picked":"Dagger Throw","floor":5},{"not_picked":["Doppelganger","All Out Attack"],"picked":"Backflip","floor":8},{"not_picked":["Bane","Deflect+1"],"picked":"Reflex+1","floor":10},{"not_picked":["ReplayTheSpireMod:Tripwire+1","Dagger Spray"],"picked":"Cloak And Dagger+1","floor":11},{"not_picked":["Acrobatics+1","Deflect+1"],"picked":"Calculated Gamble+1","floor":12},{"not_picked":["Poisoned Stab","Catalyst+1"],"picked":"Hidden Blade+1","floor":13},{"not_picked":["Predator","Catalyst+1"],"picked":"Cloak And Dagger+1","floor":14},{"not_picked":["Grand Finale","Night Terror+1"],"picked":"Envenom","floor":16},{"not_picked":["Deadly Poison+1","Underhanded Strike"],"picked":"Flying Knee+1","floor":18},{"not_picked":["ReplayTheSpireMod:The Works+1","Choke"],"picked":"ReplayTheSpireMod:Scrap Shanks","floor":19},{"not_picked":["Dagger Spray","Choke"],"picked":"Quick Slash","floor":23},{"not_picked":["Poisoned Stab","Cloak And Dagger+1"],"picked":"ReplayTheSpireMod:Speed Training+1","floor":25},{"not_picked":["Crippling Poison+1","Flying Knee+1"],"picked":"Acrobatics+1","floor":27},{"not_picked":["Eviscerate+1","Choke+1"],"picked":"Tactician+1","floor":30},{"not_picked":["Blade Dance+1","Outmaneuver+1"],"picked":"Prepared+1","floor":31},{"not_picked":["Wraith Form v2","Malaise+1"],"picked":"Venomology+1","floor":33},{"not_picked":["Dagger Spray","Quick Slash"],"picked":"Masterful Stab+1","floor":35},{"not_picked":["Dagger Throw+1","Quick Slash+1"],"picked":"Concentrate+1","floor":37},{"not_picked":["Poisoned Stab+1","All Out Attack+1"],"picked":"Slice","floor":39},{"not_picked":["Venomology+1","Cloak And Dagger+1"],"picked":"Hidden Blade+1","floor":40},{"not_picked":["ReplayTheSpireMod:Tripwire+1","Masterful Stab"],"picked":"After Image","floor":42},{"not_picked":["Outmaneuver+1","Deadly Poison+1"],"picked":"Concentrate+1","floor":44},{"not_picked":["Setup+1","Footwork+1"],"picked":"Terror+1","floor":45},{"not_picked":["Choke+1","Heel Hook+1"],"picked":"Acrobatics+1","floor":46},{"not_picked":["Quick Slash","Bouncing Flask+1"],"picked":"Distraction+1","floor":48},{"not_picked":["Bouncing Flask+1","Dagger Throw"],"picked":"Outmaneuver+1","floor":54}],"player_experience":799502,"relics_obtained":[{"floor":8,"key":"Art of War"},{"floor":9,"key":"Toxic Egg 2"},{"floor":10,"key":"Blue Candle"},{"floor":11,"key":"Odd Mushroom"},{"floor":12,"key":"Toy Ornithopter"},{"floor":23,"key":"Girya"},{"floor":27,"key":"Tingsha"},{"floor":30,"key":"Snake Skull"},{"floor":37,"key":"Torii"},{"floor":40,"key":"ReplayTheSpireMod:Shallot"},{"floor":42,"key":"Replay:Ringing Soul"},{"floor":43,"key":"Replay:Baseball"},{"floor":54,"key":"The Specimen"}],"event_choices":[{"cards_removed":["Defend_G"],"damage_healed":0,"gold_gain":0,"player_choice":"Offered Basic","damage_taken":0,"max_hp_gain":0,"max_hp_loss":0,"event_name":"Bonfire Elementals","floor":2,"gold_loss":0},{"damage_healed":0,"gold_gain":0,"player_choice":"Fought Mushrooms","damage_taken":0,"max_hp_gain":0,"max_hp_loss":0,"event_name":"Mushrooms","floor":11,"gold_loss":0},{"damage_healed":0,"gold_gain":0,"player_choice":"Shed Blood","damage_taken":19,"max_hp_gain":5,"max_hp_loss":0,"event_name":"Forgotten Altar","floor":20,"gold_loss":0},{"damage_healed":0,"gold_gain":0,"player_choice":"Obtained Relic","damage_taken":0,"relics_obtained":["Letter Opener"],"max_hp_gain":0,"max_hp_loss":0,"event_name":"Addict","floor":21,"gold_loss":85},{"damage_healed":0,"gold_gain":0,"player_choice":"Max HP","damage_taken":0,"max_hp_gain":0,"max_hp_loss":4,"event_name":"Winding Halls","floor":36,"gold_loss":0},{"damage_healed":0,"gold_gain":0,"player_choice":"Fight","damage_taken":0,"max_hp_gain":0,"max_hp_loss":0,"event_name":"Mysterious Sphere","floor":37,"gold_loss":0},{"damage_healed":0,"gold_gain":0,"player_choice":"Damaged","damage_taken":7,"max_hp_gain":0,"max_hp_loss":0,"event_name":"Wheel of Change","floor":38,"gold_loss":0}],"is_beta":false,"boss_relics":[{"not_picked":["Replay:Ancient Bell","ReplayTheSpireMod:DimensionalGlitch"],"picked":"WristBlade"},{"not_picked":["Empty Cage","Honey Jar"],"picked":"HoveringKite"}],"items_purged_floors":[],"is_endless":false,"potions_floor_spawned":[1,8,10,12,19,23,25,35,40,48],"ascension_level":8}}