{"host":"eemx8njkng76fu5x","time":1612692291,"event":{"mods":["2.2 Compatiblity","BaseMod","Colored Map","Downfall","Minty Spire (QoL Compilation)","Permanent Neow","StSLib","Unceasing Turn Reminder","Unknown Chances"],"gold_per_floor":[99,113,213,227,327,358,385,385,418,429,490,504,504,523,540,540,540,540],"floor_reached":16,"language":"ENG","playtime":642,"items_purged":[],"score":154,"play_id":"3b0b5e11-b4e4-4518-b713-baf481fd1fbc","local_time":"20210207180451","is_ascension_mode":true,"campfire_choices":[{"data":"sneckomod:TailWhip","floor":1.0,"key":"SMITH"},{"data":"sneckomod:WideSting","floor":8,"key":"SMITH"},{"floor":13,"key":"REST"}],"circlet_count":0,"master_deck":["sneckomod:Strike","sneckomod:Strike","sneckomod:Strike","sneckomod:Defend","sneckomod:Defend","sneckomod:Defend","sneckomod:TailWhip+1","sneckomod:SnekBite","sneckomod:Unknown","sneckomod:Unknown","sneckomod:UnknownUncommonAttack","sneckomod:WideSting+1","sneckomod:UnknownExhaust","sneckomod:UnknownClassGREEN","sneckomod:WideSting","sneckomod:UnendingSupply","sneckomod:UnknownUncommonPower","sneckomod:UnknownClassGREEN","sneckomod:UnknownDraw","sneckomod:UnknownClassGUARDIAN"],"relics":["sneckomod:SneckoSoul","downfall:CloakOfManyFaces","CultistMask","FaceOfCleric","NlothsMask","GremlinMask","SsserpentHead","Shuriken","Darkstone Periapt"],"acts_visited":["Exordium"],"potions_floor_usage":[5,10,12,16,16,16],"damage_taken":[{"damage":0.0,"enemies":"Small Slimes","floor":2.0,"turns":3.0},{"damage":6.0,"enemies":"2 Louse","floor":4.0,"turns":3.0},{"damage":3,"enemies":"downfall:FaceTrader","floor":5,"turns":5},{"damage":16,"enemies":"Gremlin Nob","floor":6,"turns":3},{"damage":27,"enemies":"3 Sentries","floor":9,"turns":6},{"damage":2,"enemies":"Cultist","floor":10,"turns":4},{"damage":16,"enemies":"2 Fungi Beasts","floor":11,"turns":3},{"damage":18,"enemies":"Large Slime","floor":12,"turns":5},{"damage":21,"enemies":"Gremlin Gang","floor":14,"turns":4},{"damage":18,"enemies":"3 Louse","floor":15,"turns":3},{"damage":8,"enemies":"DF_ARCHETYPE_STREAMLINE","floor":16,"turns":3}],"seed_played":"-6195640442646878353","potions_obtained":[{"floor":0.0,"key":"SpeedPotion"},{"floor":0.0,"key":"Dexterity Potion"},{"floor":0.0,"key":"DistilledChaos"},{"floor":2.0,"key":"Dexterity Potion"},{"floor":9,"key":"SteroidPotion"},{"floor":10,"key":"Fruit Juice"},{"floor":11,"key":"Swift Potion"},{"floor":15,"key":"BlessingOfTheForge"}],"is_trial":false,"path_per_floor":["R","M","?","M","?","E","T","R","E","M","M","M","R","M","M","B"],"character_chosen":"THE_SNECKO","items_purchased":[],"campfire_rested":1,"item_purchase_floors":[],"current_hp_per_floor":[81,81,81,75,72,57,57,57,31,35,30,13,43,23,6,0,0,0],"gold":540,"neow_bonus":"THREE_SMALL_POTIONS","is_daily":false,"chose_seed":false,"campfire_upgraded":2,"win_rate":0.0,"timestamp":1612692291,"path_taken":["R","M","?","M","?","E","T","R","E","M","?","M","R","M","M","BOSS"],"items_purchased_type":[],"build_version":"2020-12-22","purchased_purges":0,"victory":false,"max_hp_per_floor":[90,90,90,90,90,91,91,91,92,98,99,100,100,101,102,102,102,102],"card_choices":[{"not_picked":["sneckomod:Unknown2Cost","sneckomod:UnknownCommonSkill"],"picked":"sneckomod:UnknownUncommonAttack","floor":2.0},{"not_picked":["sneckomod:Nope","sneckomod:RainOfDice"],"picked":"sneckomod:WideSting","floor":4.0},{"not_picked":["sneckomod:Unknown1Cost","sneckomod:WideSting"],"picked":"sneckomod:UnknownExhaust","floor":5},{"not_picked":["sneckomod:SoulExchange","sneckomod:UnknownCommonSkill"],"picked":"sneckomod:UnknownClassGREEN","floor":6},{"not_picked":["sneckomod:Nope","sneckomod:UnknownClassGUARDIAN"],"picked":"sneckomod:WideSting","floor":9},{"not_picked":["sneckomod:QuickBite","sneckomod:SerpentMind"],"picked":"sneckomod:UnendingSupply","floor":10},{"not_picked":["sneckomod:IronFang","sneckomod:UnknownX"],"picked":"sneckomod:UnknownUncommonPower","floor":11},{"not_picked":["sneckomod:IronFang","sneckomod:UnknownX"],"picked":"sneckomod:UnknownClassGREEN","floor":12},{"not_picked":["sneckomod:Nope","sneckomod:QuickBite"],"picked":"sneckomod:UnknownDraw","floor":14},{"not_picked":["sneckomod:SoulDraw","sneckomod:CheapStock"],"picked":"sneckomod:UnknownClassGUARDIAN","floor":15}],"player_experience":570142,"relics_obtained":[{"floor":5,"key":"downfall:CloakOfManyFaces"},{"floor":6,"key":"Shuriken"},{"floor":9,"key":"Darkstone Periapt"}],"event_choices":[],"is_beta":false,"boss_relics":[],"items_purged_floors":[],"is_endless":false,"potions_floor_spawned":[2,9,10,11,15],"killed_by":"DF_ARCHETYPE_STREAMLINE","ascension_level":7}}