{"host":"szp1d6dso4pv7ddl","time":1612673322,"event":{"mods":["AchievementEnabler","Alarm Clock","BaseMod","Bestiary","Block Reminder","Colored Map","Colored Powertips","Curses Come First","Dark Map","Displayed Cursed Tome","Highlight Path","Minty Spire (QoL Compilation)","Permanent Neow","Quick Restart","Relic Sorter","Relic Stats","StSLib","Synergy Search"],"gold_per_floor":[114,56,56,56,56,56,56,82,137,164,164,181,196,206,206,277,277,287,287,202,214,139,139,139],"floor_reached":23,"language":"ENG","playtime":1127,"items_purged":[],"score":374,"play_id":"2f9fb4c0-31d3-424c-8fcb-0e165d6303e9","local_time":"20210206204842","is_ascension_mode":true,"campfire_choices":[{"data":"True Grit","floor":6,"key":"SMITH"},{"data":"Juggernaut","floor":15,"key":"SMITH"}],"circlet_count":0,"master_deck":["AscendersBane","Defend_R","Defend_R","Defend_R","Defend_R","Bash","Evolve","Juggernaut+1","Pommel Strike","True Grit+1","Fiend Fire","Sentinel","Body Slam","Iron Wave","Feed","Impervious","Limit Break+1","Fiend Fire+1","Dropkick+1","Fire Breathing","Pommel Strike+1"],"relics":["Burning Blood","Meat on the Bone","Bottled Tornado","Blood Vial","Red Skull","Astrolabe","Anchor","Toy Ornithopter"],"acts_visited":["Exordium","TheCity"],"potions_floor_usage":[10,13,16,16,23],"damage_taken":[{"damage":12,"enemies":"Cultist","floor":1,"turns":5},{"damage":16,"enemies":"3 Sentries","floor":8,"turns":10},{"damage":32,"enemies":"Gremlin Nob","floor":10,"turns":4},{"damage":7,"enemies":"Jaw Worm","floor":12,"turns":3},{"damage":14,"enemies":"Small Slimes","floor":13,"turns":3},{"damage":2,"enemies":"2 Fungi Beasts","floor":14,"turns":4},{"damage":52,"enemies":"Slime Boss","floor":16,"turns":10},{"damage":38,"enemies":"3 Byrds","floor":18,"turns":6},{"damage":12,"enemies":"Spheric Guardian","floor":21,"turns":5},{"damage":74,"enemies":"Slavers","floor":23,"turns":4}],"seed_played":"-4842128974719725083","potions_obtained":[{"floor":8,"key":"LiquidMemories"},{"floor":13,"key":"EntropicBrew"},{"floor":16,"key":"BlessingOfTheForge"}],"is_trial":false,"path_per_floor":["M","$","?","?","?","R","?","E","T","E","?","M","M","M","R","B",null,"M","?","?","M","?","E"],"character_chosen":"IRONCLAD","items_purchased":["True Grit"],"campfire_rested":0,"item_purchase_floors":[2],"current_hp_per_floor":[62,62,36,61,54,54,54,44,44,32,32,45,51,57,57,28,66,48,48,48,56,56,0,0],"gold":139,"neow_bonus":"TRANSFORM_TWO_CARDS","is_daily":false,"chose_seed":false,"campfire_upgraded":2,"win_rate":0.0,"timestamp":1612673322,"path_taken":["M","$","?","?","?","R","?","E","T","E","?","M","M","?","R","BOSS","M","?","?","M","?","E"],"items_purchased_type":["Card"],"build_version":"2020-12-22","purchased_purges":0,"victory":false,"max_hp_per_floor":[75,75,75,75,75,75,75,75,75,75,75,75,75,75,75,78,78,78,78,78,78,78,78,78],"relic_stats":{"Blood Vial":16,"counters":[10,54],"Astrolabe":["Limit Break","Fiend Fire","Dropkick"],"obtain_stats":[{"Blood Vial":9,"Anchor":19,"Astrolabe":17,"Bottled Tornado":8,"Burning Blood":0,"Red Skull":10,"Toy Ornithopter":20,"Meat on the Bone":3},{"Blood Vial":2,"Anchor":8,"Astrolabe":7,"Bottled Tornado":2,"Burning Blood":0,"Red Skull":3,"Toy Ornithopter":8,"Meat on the Bone":1},{"Blood Vial":15,"Anchor":45,"Astrolabe":39,"Bottled Tornado":15,"Burning Blood":0,"Red Skull":19,"Toy Ornithopter":45,"Meat on the Bone":5}],"Burning Blood":54,"Toy Ornithopter":5,"Meat on the Bone":72},"card_choices":[{"not_picked":["Bloodletting","Perfected Strike"],"picked":"Pommel Strike","floor":1},{"not_picked":["Clothesline","Carnage"],"picked":"Fiend Fire","floor":8},{"not_picked":["Dark Embrace","Twin Strike"],"picked":"Sentinel","floor":10},{"not_picked":["Dropkick","Twin Strike"],"picked":"Body Slam","floor":12},{"not_picked":["Wild Strike","Anger"],"picked":"Iron Wave","floor":13},{"not_picked":["Twin Strike","Heavy Blade"],"picked":"Feed","floor":14},{"not_picked":["Exhume","Offering"],"picked":"Impervious","floor":16},{"not_picked":["Body Slam","Pommel Strike"],"picked":"Fire Breathing","floor":18},{"not_picked":["Anger","Spot Weakness"],"picked":"Pommel Strike+1","floor":21}],"player_experience":1388339,"relics_obtained":[{"floor":8,"key":"Bottled Tornado"},{"floor":9,"key":"Blood Vial"},{"floor":10,"key":"Red Skull"}],"event_choices":[{"damage_healed":0,"gold_gain":0,"player_choice":"Success","damage_taken":26,"relics_obtained":["Meat on the Bone"],"max_hp_gain":0,"max_hp_loss":0,"event_name":"Scrap Ooze","floor":3,"gold_loss":0},{"damage_healed":25,"gold_gain":0,"player_choice":"Banana","damage_taken":0,"max_hp_gain":0,"max_hp_loss":0,"event_name":"Big Fish","floor":4,"gold_loss":0},{"cards_removed":["Clumsy"],"damage_healed":0,"gold_gain":0,"player_choice":"Card Removal","damage_taken":7,"max_hp_gain":0,"max_hp_loss":0,"event_name":"Golden Wing","floor":5,"gold_loss":0},{"damage_healed":0,"gold_gain":0,"player_choice":"Ignored","damage_taken":0,"max_hp_gain":0,"max_hp_loss":0,"event_name":"Liars Game","floor":7,"gold_loss":0},{"damage_healed":0,"gold_gain":0,"player_choice":"Searched \u00270\u0027 times","damage_taken":0,"max_hp_gain":0,"max_hp_loss":0,"event_name":"Dead Adventurer","floor":11,"gold_loss":0},{"damage_healed":0,"gold_gain":0,"player_choice":"Opened","damage_taken":0,"relics_obtained":["Anchor"],"max_hp_gain":0,"max_hp_loss":0,"event_name":"The Mausoleum","floor":19,"gold_loss":0,"cards_obtained":["Writhe"]},{"damage_healed":0,"gold_gain":0,"player_choice":"Obtained Relic","damage_taken":0,"relics_obtained":["Toy Ornithopter"],"max_hp_gain":0,"max_hp_loss":0,"event_name":"Addict","floor":20,"gold_loss":85},{"cards_removed":["Writhe"],"damage_healed":0,"gold_gain":0,"player_choice":"Gave Gold","damage_taken":0,"max_hp_gain":0,"max_hp_loss":0,"event_name":"Beggar","floor":22,"gold_loss":75}],"is_beta":false,"boss_relics":[{"not_picked":["Fusion Hammer","SacredBark"],"picked":"Astrolabe"}],"items_purged_floors":[],"is_endless":false,"potions_floor_spawned":[8,13,14,16],"killed_by":"Slavers","ascension_level":18}}