{"host":"tdq5vwehmzjlkkx3","time":1612741322,"event":{"mods":["2.2 Compatiblity","Act Like it!","Aspiration","Astrologer","BaseMod","Beaked The Cultist","Better Altar","Better Match","Better Note","Better Third Choice","BetterRewards","Clockwork Mod","Colored Map","Colorless Booster Pack","Conjunction","Conspire","Defuse TimeMaze Blight","Energized Spire","FetchMod","Friendly Minions","FruityMod","GifTheSpireLib","Glutton Mod","Gremlin Mod","Halation","Hallownest","Highlight Path","Hubris","Infinite Spire","Key Reminder","Lotus Mark","Mimic Mod","Minty Spire (QoL Compilation)","Pale of the Ancients","Random Character Button","Reworked Bosses","SCP261 Mod","Small Relic Pack","StSLib","Stuff the Spire","The Bladedancer","The Clintock","The Construct","The Disciple","The Jungle","The Marked","The Mystic","The Servant","TheFirefly","Trackpad","Unceasing Turn Reminder"],"gold_per_floor":[366,63,76,76,88,88,123,123,173,200,200,200,200,218,218,320,320,260,260],"floor_reached":18,"language":"ENG","playtime":1063,"items_purged":[],"score":168,"play_id":"e915dc35-1048-4a8f-832f-75c4674f8af4","local_time":"20210207154202","is_ascension_mode":false,"campfire_choices":[{"data":"beaked:BloodRitual","floor":6,"key":"SMITH"},{"data":"beaked:RitualOfBody","floor":8,"key":"SMITH"},{"data":"beaked:VigorBurst","floor":15,"key":"SMITH"}],"circlet_count":0,"master_deck":["beaked:Strike_Y","beaked:Strike_Y","beaked:Strike_Y","beaked:Defend_Y","beaked:Defend_Y","beaked:Defend_Y","beaked:Ceremony","beaked:BloodRitual+1","beaked:RitualOfBody+1","beaked:VigorBurst+1","Deflect","Pray","thefirefly:LaserBarrage","relicPack:TruthCard","Gremlin:ShowStopper","Wish","Dilation","infinitespire:Punishment","Chronoelasticity"],"relics":["beaked:MendingPlumage","PrismaticShard","Hallownest:DreamNailRelic","Blood Vial","hubris:SlimyHat","aspiration:Lifesprig","keyreminder:keyreminder","relicPack:EdsArm","halation:Prosthetics"],"acts_visited":["Hallownest:Greenpath","TheCity"],"potions_floor_usage":[10,10],"damage_taken":[{"damage":8,"enemies":"Hallownest:2_MossCreeps","floor":1,"turns":7},{"damage":28,"enemies":"Hallownest:2_Baldur","floor":3,"turns":5},{"damage":17,"enemies":"Hallownest:monsterHuskGuard","floor":5,"turns":7},{"damage":20,"enemies":"Hallownest:eliteVengeflyKing","floor":7,"turns":7},{"damage":31,"enemies":"Hallownest:eliteCrystalGuardian","floor":10,"turns":8},{"damage":36,"enemies":"Hallownest:2_Tiktiks_1_Baldur_1_Crawlid","floor":14,"turns":6},{"damage":37,"enemies":"Hallownest:BossFalseKnight","floor":16,"turns":11},{"damage":19,"enemies":"2 Thieves","floor":18,"turns":3}],"seed_played":"6803622531344269450","potions_obtained":[{"floor":3,"key":"SCP261:BlastolaColaPotion"},{"floor":7,"key":"SCP261:GirlTearsPotion"},{"floor":16,"key":"Strength Potion"}],"is_trial":false,"path_per_floor":["M","$","M","?","M","R","E","R","T","E","?","?","?","M","R","B",null,"M"],"character_chosen":"BEAKED_THE_CULTIST","items_purchased":["beaked:RitualOfBody","beaked:VigorBurst","PrismaticShard"],"campfire_rested":0,"item_purchase_floors":[2,2,2],"current_hp_per_floor":[46,51,37,37,45,45,51,51,51,46,46,34,34,24,24,45,15,0,0],"gold":260,"neow_bonus":"TWO_FIFTY_GOLD","is_daily":false,"chose_seed":false,"campfire_upgraded":3,"win_rate":0.0,"timestamp":1612741322,"path_taken":["M","$","M","?","?","R","E","R","T","E","?","?","?","M","R","BOSS","M"],"items_purchased_type":["Card","Card","Relic"],"build_version":"2020-12-22","purchased_purges":0,"victory":false,"max_hp_per_floor":[50,55,55,55,55,55,55,55,55,55,50,50,50,50,50,50,15,15,15],"card_choices":[{"not_picked":["beaked:WarriorEssence","beaked:BloodForTheGods"],"picked":"beaked:BloodRitual","floor":1},{"not_picked":["theMarked:WardOff","clintock:Immunodeficiency"],"picked":"Deflect","floor":3},{"not_picked":["mysticmod:BulkUp","astrologer:Retelling"],"picked":"Pray","floor":5},{"not_picked":["PrismaticSphere","thefirefly:AccountUncertainty"],"picked":"thefirefly:LaserBarrage","floor":7},{"not_picked":["thefirefly:PotentAmmunition","clintock:Immunodeficiency","Phantasmal Killer"],"picked":"SKIP","floor":10},{"not_picked":["hubris:InfiniteBlow","infinitespire:Gouge"],"picked":"infinitespire:Punishment","floor":12},{"not_picked":["Clockwork:CraftVarja","blademaster:Sunder","astrologer:Temperance"],"picked":"SKIP","floor":14},{"not_picked":["DeusExMachina","blademaster:CloudOfSteel"],"picked":"Chronoelasticity","floor":16}],"player_experience":358485,"relics_obtained":[{"floor":7,"key":"Blood Vial"},{"floor":9,"key":"hubris:SlimyHat"},{"floor":10,"key":"aspiration:Lifesprig"}],"event_choices":[],"is_beta":false,"boss_relics":[{"not_picked":["Tiny House","Sozu"],"picked":"halation:Prosthetics"}],"items_purged_floors":[],"is_endless":false,"potions_floor_spawned":[3,7,16],"killed_by":"2 Thieves","ascension_level":0}}