{"host":"gaqyve1328ta0etl","time":1612700110,"event":{"mods":["BaseMod","Colored Map","Colored Powertips","Duelist Mod","Googly Eyes","Hero for Fun","Minty Spire (QoL Compilation)","Shop Mod","StSLib","SuperFastMode","The Hierophant","The Runesmith"],"gold_per_floor":[111,111,123,137,35,35,68,68,141,141,141,157,190,43,43,138,138,154,171,46,46,46],"floor_reached":21,"language":"ENG","playtime":553,"items_purged":["Strike_B","Dualcast","Strike_B"],"score":281,"play_id":"1c886eca-e655-4fbf-9b4b-5b325ad98911","local_time":"20210207041510","is_ascension_mode":true,"campfire_choices":[{"floor":6,"key":"REST"},{"floor":8,"key":"REST"},{"floor":11,"key":"REST"},{"floor":15,"key":"REST"}],"circlet_count":0,"master_deck":["AscendersBane","Strike_B","Defend_B","Defend_B","Defend_B","Defend_B","Zap","Gash","Compile Driver","Sweeping Beam","Chill","Reprogram","Gash","Machine Learning","Barrage+1","Self Repair"],"relics":["Cracked Core","Vajra","Sundial","Ornamental Fan","Black Star"],"acts_visited":["Exordium","TheCity"],"potions_floor_usage":[13,16,18],"damage_taken":[{"damage":12,"enemies":"Small Slimes","floor":1,"turns":4},{"damage":1,"enemies":"2 Louse","floor":3,"turns":2},{"damage":12,"enemies":"Jaw Worm","floor":4,"turns":3},{"damage":50,"enemies":"3 Sentries","floor":7,"turns":7},{"damage":4,"enemies":"Looter","floor":12,"turns":3},{"damage":14,"enemies":"Lagavulin","floor":13,"turns":10},{"damage":64,"enemies":"Slime Boss","floor":16,"turns":11},{"damage":40,"enemies":"3 Byrds","floor":18,"turns":5},{"damage":19,"enemies":"Shell Parasite","floor":19,"turns":7},{"damage":9,"enemies":"Snake Plant","floor":21,"turns":1}],"seed_played":"-3762640452469907933","potions_obtained":[{"floor":12,"key":"Weak Potion"},{"floor":13,"key":"FocusPotion"},{"floor":16,"key":"Strength Potion"},{"floor":18,"key":"GamblersBrew"}],"is_trial":false,"path_per_floor":["M","?","M","M","$","R","E","R","T","?","R","M","E","$","R","B",null,"M","M","$","M"],"character_chosen":"DEFECT","items_purchased":["Sweeping Beam","Gash"],"campfire_rested":4,"item_purchase_floors":[5,14],"current_hp_per_floor":[63,63,62,50,50,74,24,48,48,48,72,68,54,54,78,14,65,25,6,6,0,0],"gold":46,"neow_bonus":"TEN_PERCENT_HP_BONUS","is_daily":false,"chose_seed":false,"campfire_upgraded":0,"win_rate":0.0,"timestamp":1612700110,"path_taken":["M","?","M","M","$","R","E","R","T","?","R","M","E","$","R","BOSS","M","M","$","M"],"items_purchased_type":["Card","Card"],"build_version":"2020-12-22","purchased_purges":3,"victory":false,"max_hp_per_floor":[82,82,82,82,82,82,82,82,82,82,82,82,82,82,82,82,82,82,82,82,82,82],"card_choices":[{"not_picked":["Compile Driver","Streamline"],"picked":"Gash","floor":1},{"not_picked":["Auto Shields","Redo"],"picked":"Compile Driver","floor":3},{"not_picked":["Force Field","Storm","Stack"],"picked":"SKIP","floor":4},{"not_picked":["Undo","Rebound"],"picked":"Chill","floor":7},{"not_picked":["Capacitor","Beam Cell"],"picked":"Reprogram","floor":12},{"not_picked":["Rebound","Turbo","Amplify"],"picked":"SKIP","floor":13},{"not_picked":["Multi-Cast","Thunder Strike"],"picked":"Machine Learning","floor":16},{"not_picked":["Genetic Algorithm","Turbo+1"],"picked":"Barrage+1","floor":18},{"not_picked":["Compile Driver+1","Sweeping Beam+1"],"picked":"Self Repair","floor":19}],"player_experience":2101683,"relics_obtained":[{"floor":7,"key":"Vajra"},{"floor":9,"key":"Sundial"},{"floor":13,"key":"Ornamental Fan"}],"event_choices":[{"damage_healed":0,"gold_gain":0,"player_choice":"Ignored","damage_taken":0,"max_hp_gain":0,"max_hp_loss":0,"event_name":"Liars Game","floor":2,"gold_loss":0},{"cards_removed":["Strike_B"],"damage_healed":0,"gold_gain":0,"player_choice":"Forget","damage_taken":0,"max_hp_gain":0,"max_hp_loss":0,"event_name":"Living Wall","floor":10,"gold_loss":0}],"is_beta":false,"boss_relics":[{"not_picked":["Runic Pyramid","Snecko Eye"],"picked":"Black Star"}],"items_purged_floors":[5,14,20],"is_endless":false,"potions_floor_spawned":[12,13,16,18],"killed_by":"Snake Plant","ascension_level":10}}