{"host":"w8xisjf5mgmfjvmt","time":1612678551,"event":{"mods":["BaseMod","BetterRewards","Challenge The Spire","Conspire","Energized Spire","Filter the Spire","Minty Spire (QoL Compilation)","Quarter Circle Forward PUNCH!","Quick Restart","Relic Filter Mod","Relic Stats","Reliquary","Replay The Spire","Shop Mod","Spicy Shops","StSLib","Thieving Mod","¡¾ÒÅÎï¿¨ÅÆ¡¿REMEMod","óô»ðÖ¸ÄÏ"],"gold_per_floor":[14,26,101,72,87,87,87],"floor_reached":6,"language":"ZHS","playtime":146,"items_purged":[],"score":72,"play_id":"58ae550f-479a-4445-a4db-2da70e9ca8a3","local_time":"20210207141551","is_ascension_mode":true,"campfire_choices":[],"circlet_count":0,"master_deck":["AscendersBane","Strike_B","Strike_B","Strike_B","Strike_B","Defend_B","Defend_B","Defend_B","Defend_B","Zap","Dualcast","Electrodynamics","Chrysalis","Turbo","Chaos","Coolheaded","BasicCrystalCard"],"relics":["Cracked Core","REME_ComplimentaryCards"],"acts_visited":["Exordium"],"potions_floor_usage":[6],"damage_taken":[{"damage":5.0,"enemies":"Small Slimes","floor":1.0,"turns":3.0},{"damage":9.0,"enemies":"Jaw Worm","floor":2.0,"turns":4.0},{"damage":0,"enemies":"Cultist","floor":5,"turns":3},{"damage":0,"enemies":"Gremlin Nob","floor":6,"turns":2}],"seed_played":"3339862430606980107","potions_obtained":[{"floor":1.0,"key":"AttackPotion"}],"is_trial":false,"path_per_floor":["M","M","?","$","M","E"],"character_chosen":"DEFECT","items_purchased":["Coolheaded"],"campfire_rested":0,"item_purchase_floors":[4],"current_hp_per_floor":[59,50,39,39,39,39,39],"gold":87,"neow_bonus":"THREE_RARE_CARDS","is_daily":false,"chose_seed":false,"campfire_upgraded":0,"win_rate":0.0,"timestamp":1612678551,"path_taken":["M","M","?","$","M","E"],"items_purchased_type":["Card"],"build_version":"2020-12-22","purchased_purges":0,"victory":false,"max_hp_per_floor":[71,71,71,71,71,71,71],"relic_stats":{"counters":[4,12],"obtain_stats":[{"Cracked Core":0,"REME_ComplimentaryCards":0},{"Cracked Core":0,"REME_ComplimentaryCards":0},{"Cracked Core":0,"REME_ComplimentaryCards":0}]},"card_choices":[{"not_picked":["Seek","Creative AI"],"picked":"Electrodynamics","floor":0.0},{"not_picked":["Darkness","ReplaySolidLightProjector"],"picked":"Turbo","floor":1.0},{"not_picked":["Beam Cell","Go for the Eyes"],"picked":"Chaos","floor":2.0},{"not_picked":["Reprogram","Scrape"],"picked":"BasicCrystalCard","floor":5}],"player_experience":1300319,"relics_obtained":[],"event_choices":[{"damage_healed":0.0,"max_hp_gain":0.0,"max_hp_loss":0.0,"gold_gain":75.0,"event_name":"World of Goop","player_choice":"Gather Gold","floor":3.0,"gold_loss":0.0,"damage_taken":11.0}],"is_beta":false,"boss_relics":[],"items_purged_floors":[],"is_endless":false,"potions_floor_spawned":[1],"killed_by":"Gremlin Nob","ascension_level":20}}