{"host":"syozzdlzcqop4jia","time":1612660294,"event":{"mods":["BaseMod","Colored Map","Colored Powertips","Minty Spire (QoL Compilation)","Quick Restart"],"gold_per_floor":[116,116,116,116,133,133,159,159,159,173,173,192,267,287,287,387,387,407,111,111,111],"floor_reached":20,"language":"ENG","playtime":761,"items_purged":["Strike_B"],"score":181,"play_id":"b80a96e2-00b9-44be-b4f9-8c067b8b35e5","local_time":"20210207021134","is_ascension_mode":true,"campfire_choices":[{"data":"Dark Shackles","floor":6,"key":"SMITH"},{"floor":8,"key":"REST"},{"floor":11,"key":"REST"},{"floor":15,"key":"REST"}],"circlet_count":0,"master_deck":["Strike_B","Strike_B","Strike_B","Defend_B","Defend_B","Defend_B","Defend_B","Zap","Dualcast","Dark Shackles+1","Redo","Rebound","Lockon","Ball Lightning","Beam Cell","Hyperbeam"],"relics":["Cracked Core","Shovel","Mercury Hourglass","Philosopher\u0027s Stone","Boot"],"acts_visited":["Exordium","TheCity"],"potions_floor_usage":[7,7,7,20],"damage_taken":[{"damage":3,"enemies":"Jaw Worm","floor":1,"turns":4},{"damage":2,"enemies":"2 Louse","floor":5,"turns":2},{"damage":72,"enemies":"Gremlin Nob","floor":7,"turns":5},{"damage":0,"enemies":"Small Slimes","floor":10,"turns":3},{"damage":19,"enemies":"Exordium Thugs","floor":12,"turns":3},{"damage":7,"enemies":"Large Slime","floor":14,"turns":4},{"damage":9,"enemies":"Slime Boss","floor":16,"turns":7},{"damage":29,"enemies":"2 Thieves","floor":18,"turns":4},{"damage":11,"enemies":"Spheric Guardian","floor":20,"turns":3}],"seed_played":"-7810884406393379906","potions_obtained":[{"floor":1,"key":"EssenceOfSteel"},{"floor":5,"key":"EntropicBrew"},{"floor":14,"key":"Dexterity Potion"},{"floor":18,"key":"Ancient Potion"}],"is_trial":false,"path_per_floor":["M","?","?","?","M","R","E","R","T","M","R","M","?","M","R","B",null,"M","$","M"],"character_chosen":"DEFECT","items_purchased":["Boot","Regen Potion"],"campfire_rested":3,"item_purchase_floors":[19,19],"current_hp_per_floor":[72,72,72,77,75,75,3,27,27,27,51,32,21,14,38,29,80,51,51,49,49],"gold":111,"neow_bonus":"RANDOM_COLORLESS","is_daily":false,"chose_seed":false,"campfire_upgraded":1,"win_rate":0.0,"timestamp":1612660294,"path_taken":["M","?","?","?","M","R","E","R","T","M","R","?","?","M","R","BOSS","M","$","M"],"items_purchased_type":["Relic","Potion"],"build_version":"2020-12-22","purchased_purges":1,"victory":false,"max_hp_per_floor":[75,75,75,80,80,80,80,80,80,80,80,80,80,80,80,80,80,80,80,80,80],"card_choices":[{"not_picked":["Blind","Discovery"],"picked":"Dark Shackles","floor":0},{"not_picked":["Consume","Cold Snap"],"picked":"Redo","floor":1},{"not_picked":["Turbo","Aggregate"],"picked":"Rebound","floor":5},{"not_picked":["Rebound","Loop"],"picked":"Lockon","floor":7},{"not_picked":["Scrape","Compile Driver"],"picked":"Ball Lightning","floor":10},{"not_picked":["Cold Snap","Gash"],"picked":"Beam Cell","floor":12},{"not_picked":["Streamline","Stack","Hologram"],"picked":"SKIP","floor":14},{"not_picked":["Multi-Cast","Echo Form"],"picked":"Hyperbeam","floor":16},{"not_picked":["Sweeping Beam","Rip and Tear","Force Field"],"picked":"SKIP","floor":18}],"player_experience":580665,"relics_obtained":[{"floor":7,"key":"Shovel"},{"floor":9,"key":"Mercury Hourglass"}],"event_choices":[{"damage_healed":0,"gold_gain":0,"player_choice":"Ignored","damage_taken":0,"max_hp_gain":0,"max_hp_loss":0,"event_name":"Liars Game","floor":2,"gold_loss":0},{"damage_healed":0,"gold_gain":0,"player_choice":"Ignored","damage_taken":0,"max_hp_gain":0,"max_hp_loss":0,"event_name":"Golden Idol","floor":3,"gold_loss":0},{"damage_healed":0,"gold_gain":0,"player_choice":"Donut","damage_taken":0,"max_hp_gain":5,"max_hp_loss":0,"event_name":"Big Fish","floor":4,"gold_loss":0},{"damage_healed":0,"gold_gain":75,"player_choice":"Gather Gold","damage_taken":11,"max_hp_gain":0,"max_hp_loss":0,"event_name":"World of Goop","floor":13,"gold_loss":0}],"is_beta":false,"boss_relics":[{"not_picked":["Coffee Dripper","Black Star"],"picked":"Philosopher\u0027s Stone"}],"items_purged_floors":[19],"is_endless":false,"potions_floor_spawned":[1,5,14,16,18],"killed_by":"Spheric Guardian","ascension_level":1}}