{"host":"nnxvcju6x1qybncj","time":1612718826,"event":{"mods":["BaseMod","Block Reminder","Curses Come First","Custom Start","Dark Map","Displayed Cursed Tome","Downfall","Evolution","Jorbs\u0027s Wanderer Trilogy","Minty Spire (QoL Compilation)","Quick Restart","Relic Stats","StSLib"],"gold_per_floor":[112,10,10,10,10,38,38,69,69,69,69,94,94,125,137,243,255,281,52,0,0],"floor_reached":20,"language":"ENG","playtime":757,"items_purged":[],"score":372,"play_id":"d8e8c44b-18c0-425d-abd3-7e3684c87df9","local_time":"20210207182706","is_ascension_mode":true,"campfire_choices":[{"floor":7.0,"key":"REST"},{"floor":10.0,"key":"REST"},{"data":"Defragment","floor":13.0,"key":"SMITH"},{"data":"Defragment","floor":15.0,"key":"SMITH"}],"circlet_count":0,"master_deck":["AscendersBane","Barrage","Rebound","Barrage","Defend_B","Defend_B","Defend_B","Defend_B","Zap","Dualcast","Defragment+1","Cold Snap","Darkness","Sweeping Beam","Leap","Compile Driver","Defragment+1","Meteor Strike","Turbo","Meteor Strike","Turbo","Conserve Battery+1","Fusion","Ball Lightning","Tempest+1"],"relics":["Cracked Core","EVO:Axolotl","Mango","Turnip","Strawberry","Gremlin Horn","Golden Idol","MawBank","Black Star","Orrery"],"acts_visited":["Exordium","TheCity"],"potions_floor_usage":[18],"damage_taken":[{"damage":7.0,"enemies":"Small Slimes","floor":1.0,"turns":3.0},{"damage":33.0,"enemies":"3 Sentries","floor":6.0,"turns":8.0},{"damage":29.0,"enemies":"Gremlin Nob","floor":8.0,"turns":4.0},{"damage":6.0,"enemies":"2 Louse","floor":12.0,"turns":3.0},{"damage":23.0,"enemies":"3 Sentries","floor":14.0,"turns":6.0},{"damage":21,"enemies":"Hexaghost","floor":16,"turns":8},{"damage":40,"enemies":"3 Byrds","floor":18,"turns":4},{"damage":25,"enemies":"2 Thieves","floor":20,"turns":2}],"seed_played":"-2396991364191252236","potions_obtained":[{"floor":6.0,"key":"FocusPotion"},{"floor":8.0,"key":"Energy Potion"},{"floor":12.0,"key":"Fire Potion"}],"is_trial":false,"path_per_floor":["M","$","?","?","?","E","R","E","T","R","?","M","R","E","R","B",null,"M","$","M"],"character_chosen":"DEFECT","items_purchased":["Cold Snap","Darkness","Meteor Strike","Orrery"],"campfire_rested":2,"item_purchase_floors":[2,2,19,19],"current_hp_per_floor":[71,71,71,76,69,36,60,38,38,65,65,59,59,36,36,15,65,25,25,0,0],"gold":0,"neow_bonus":"ONE_RARE_RELIC","is_daily":false,"chose_seed":false,"campfire_upgraded":2,"win_rate":0.0,"timestamp":1612718826,"path_taken":["M","$","?","?","?","E","R","E","T","R","?","M","R","E","R","BOSS","M","$","M"],"items_purchased_type":["Card","Card","Card","Relic"],"build_version":"2020-12-22","purchased_purges":0,"victory":false,"max_hp_per_floor":[78,78,78,83,83,83,83,90,90,90,81,81,81,81,81,81,81,81,81,81,81],"relic_stats":{"Gremlin Horn":[5,5],"counters":[8,38],"Golden Idol":33,"Turnip":[0],"Black Star":0,"MawBank":60,"obtain_stats":[{"Gremlin Horn":9,"Golden Idol":11,"Strawberry":8,"Orrery":19,"Mango":0,"Turnip":6,"Black Star":17,"EVO:Axolotl":0,"Cracked Core":0,"MawBank":14},{"Gremlin Horn":3,"Golden Idol":3,"Strawberry":3,"Orrery":7,"Mango":0,"Turnip":2,"Black Star":6,"EVO:Axolotl":0,"Cracked Core":0,"MawBank":5},{"Gremlin Horn":15,"Golden Idol":15,"Strawberry":15,"Orrery":36,"Mango":0,"Turnip":11,"Black Star":32,"EVO:Axolotl":0,"Cracked Core":0,"MawBank":24}]},"card_choices":[{"not_picked":["Redo","Streamline"],"picked":"Defragment","floor":1.0},{"not_picked":["Stack","Melter"],"picked":"Sweeping Beam","floor":6.0},{"not_picked":["Hologram","Sweeping Beam"],"picked":"Leap","floor":8.0},{"not_picked":["Gash","Meteor Strike"],"picked":"Compile Driver","floor":12.0},{"not_picked":["Conserve Battery","Compile Driver"],"picked":"Defragment","floor":14.0},{"not_picked":["Reboot","Thunder Strike"],"picked":"Meteor Strike","floor":16},{"not_picked":["Genetic Algorithm","Beam Cell"],"picked":"Turbo","floor":18},{"not_picked":["Coolheaded","Leap"],"picked":"Turbo","floor":19},{"not_picked":["Core Surge","Rebound"],"picked":"Conserve Battery+1","floor":19},{"not_picked":["Streamline","Cold Snap+1"],"picked":"Fusion","floor":19},{"not_picked":["Doom and Gloom","Storm"],"picked":"Ball Lightning","floor":19},{"not_picked":["Steam Power+1","BootSequence+1"],"picked":"Tempest+1","floor":19}],"player_experience":718965,"relics_obtained":[{"floor":6.0,"key":"Turnip"},{"floor":8.0,"key":"Strawberry"},{"floor":9.0,"key":"Gremlin Horn"},{"floor":14.0,"key":"MawBank"}],"event_choices":[{"damage_healed":0.0,"max_hp_gain":0.0,"max_hp_loss":0.0,"gold_gain":0.0,"event_name":"Liars Game","player_choice":"Ignored","floor":3.0,"gold_loss":0.0,"damage_taken":0.0},{"damage_healed":0.0,"max_hp_gain":5.0,"max_hp_loss":0.0,"gold_gain":0.0,"event_name":"Big Fish","player_choice":"Donut","floor":4.0,"gold_loss":0.0,"damage_taken":0.0},{"cards_removed":["Strike_B"],"damage_healed":0.0,"max_hp_gain":0.0,"max_hp_loss":0.0,"gold_gain":0.0,"event_name":"Golden Wing","player_choice":"Card Removal","floor":5.0,"gold_loss":0.0,"damage_taken":7.0},{"damage_healed":0.0,"max_hp_gain":0.0,"max_hp_loss":9.0,"gold_gain":0.0,"event_name":"Golden Idol","player_choice":"Lose Max HP","floor":11.0,"gold_loss":0.0,"damage_taken":0.0,"relics_obtained":["Golden Idol"]}],"is_beta":false,"boss_relics":[{"not_picked":["Astrolabe","SacredBark"],"picked":"Black Star"}],"items_purged_floors":[],"is_endless":false,"potions_floor_spawned":[6,8,12],"killed_by":"2 Thieves","ascension_level":20}}