{"host":"soyfmymeou4emntr","time":1612660632,"event":{"mods":["BaseMod","BetterRewards","Minty Spire (QoL Compilation)","Relic Sorter","Relic Stats","StSLib"],"gold_per_floor":[214,228,40,55,73,73,105,105,105,136,136,169,184,6,6,80,80,95,10,10,10,27,27,27,27,27],"floor_reached":25,"language":"ENG","playtime":1663,"items_purged":["Strike_G"],"score":438,"play_id":"aa1b7ace-ab16-424d-b475-1c495c38bb4b","local_time":"20210206181712","is_ascension_mode":true,"campfire_choices":[{"data":"Poisoned Stab","floor":6.0,"key":"SMITH"},{"floor":11.0,"key":"REST"},{"floor":15.0,"key":"REST"},{"data":"Terror","floor":23,"key":"SMITH"}],"circlet_count":0,"master_deck":["AscendersBane","Survivor","Neutralize","Well Laid Plans","Cloak And Dagger","Noxious Fumes","Slice","Malaise","Poisoned Stab+1","Cloak And Dagger","Sucker Punch","Dagger Spray","Blade Dance","Noxious Fumes","Terror+1","Noxious Fumes","Corpse Explosion","Tools of the Trade","Prepared","Footwork","Dodge and Roll","Adrenaline","Tools of the Trade","Footwork","Blur","Footwork","RitualDagger"],"relics":["Ring of the Snake","StrikeDummy","Ginger","Turnip","Mercury Hourglass","Pandora\u0027s Box","MutagenicStrength"],"acts_visited":["Exordium","TheCity"],"potions_floor_usage":[22],"damage_taken":[{"damage":4.0,"enemies":"2 Louse","floor":1.0,"turns":3.0},{"damage":6.0,"enemies":"Cultist","floor":2.0,"turns":5.0},{"damage":0.0,"enemies":"Small Slimes","floor":4.0,"turns":5.0},{"damage":1.0,"enemies":"3 Louse","floor":5.0,"turns":4.0},{"damage":17.0,"enemies":"3 Sentries","floor":7.0,"turns":9.0},{"damage":16.0,"enemies":"Gremlin Nob","floor":10.0,"turns":4.0},{"damage":13.0,"enemies":"Lagavulin","floor":12.0,"turns":8.0},{"damage":0.0,"enemies":"2 Fungi Beasts","floor":13.0,"turns":2.0},{"damage":22.0,"enemies":"Slime Boss","floor":16.0,"turns":8.0},{"damage":4.0,"enemies":"3 Byrds","floor":18.0,"turns":3.0},{"damage":3,"enemies":"Shell Parasite","floor":22,"turns":6},{"damage":42,"enemies":"Book of Stabbing","floor":25,"turns":4}],"seed_played":"-1372572198988438914","potions_obtained":[{"floor":1.0,"key":"Energy Potion"},{"floor":7.0,"key":"Poison Potion"},{"floor":10.0,"key":"Weak Potion"},{"floor":18.0,"key":"Energy Potion"}],"is_trial":false,"path_per_floor":["M","M","$","M","M","R","E","?","T","E","R","E","M","$","R","B",null,"M","$","$","?","M","R","?","E"],"character_chosen":"THE_SILENT","items_purchased":["Noxious Fumes","Slice","Terror","Noxious Fumes","Footwork"],"campfire_rested":2,"item_purchase_floors":[3,3,14,14,19],"current_hp_per_floor":[55,49,49,49,48,48,31,31,31,15,34,21,21,21,40,18,54,50,50,50,44,41,41,41,0,0],"gold":27,"neow_bonus":"HUNDRED_GOLD","is_daily":false,"chose_seed":false,"campfire_upgraded":2,"win_rate":0.0,"timestamp":1612660632,"path_taken":["M","M","$","M","M","R","E","?","T","E","R","E","M","$","R","BOSS","M","?","$","?","M","R","?","E"],"items_purchased_type":["Card","Card","Card","Card","Card"],"build_version":"2020-12-22","purchased_purges":1,"victory":false,"max_hp_per_floor":[66,66,66,66,66,66,66,66,66,66,66,66,66,66,66,66,66,66,66,66,66,66,66,66,66,66],"relic_stats":{"counters":[12,61],"Pandora\u0027s Box":["Tools of the Trade","Prepared","Footwork","Dodge and Roll","Adrenaline","Tools of the Trade","Footwork","Blur"],"Turnip":[5],"Ginger":[0],"obtain_stats":[{"MutagenicStrength":24,"Pandora\u0027s Box":17,"Turnip":10,"Ginger":9,"StrikeDummy":7,"Ring of the Snake":0,"Mercury Hourglass":12},{"MutagenicStrength":11,"Pandora\u0027s Box":9,"Turnip":6,"Ginger":5,"StrikeDummy":5,"Ring of the Snake":0,"Mercury Hourglass":7},{"MutagenicStrength":57,"Pandora\u0027s Box":48,"Turnip":30,"Ginger":26,"StrikeDummy":26,"Ring of the Snake":0,"Mercury Hourglass":38}],"Ring of the Snake":[24],"Mercury Hourglass":[81]},"card_choices":[{"not_picked":["Prepared","Deflect"],"picked":"Well Laid Plans","floor":1.0},{"not_picked":["Outmaneuver","Backflip"],"picked":"Cloak And Dagger","floor":2.0},{"not_picked":["Backflip","Blade Dance"],"picked":"Malaise","floor":4.0},{"not_picked":["Flechettes","Choke"],"picked":"Poisoned Stab","floor":5.0},{"not_picked":["Bane","Crippling Poison"],"picked":"Cloak And Dagger","floor":7.0},{"not_picked":["Riddle With Holes","Slice"],"picked":"Dagger Spray","floor":10.0},{"not_picked":["Outmaneuver","Sucker Punch"],"picked":"Blade Dance","floor":12.0},{"not_picked":["Blur","Prepared"],"picked":"Noxious Fumes","floor":13.0},{"not_picked":["Night Terror","Doppelganger"],"picked":"Corpse Explosion","floor":16.0},{"not_picked":["Flechettes","Dagger Throw","Flying Knee"],"picked":"SKIP","floor":18.0},{"not_picked":["Concentrate","Outmaneuver","Flying Knee"],"picked":"SKIP","floor":22}],"player_experience":3084271,"relics_obtained":[{"floor":7.0,"key":"StrikeDummy"},{"floor":9.0,"key":"Ginger"},{"floor":10.0,"key":"Turnip"},{"floor":12.0,"key":"Mercury Hourglass"}],"event_choices":[{"damage_healed":0.0,"max_hp_gain":0.0,"max_hp_loss":0.0,"gold_gain":0.0,"cards_transformed":["Strike_G"],"event_name":"Transmorgrifier","player_choice":"Transformed","floor":8.0,"gold_loss":0.0,"damage_taken":0.0,"cards_obtained":["Sucker Punch"]},{"damage_healed":0.0,"max_hp_gain":0.0,"max_hp_loss":0.0,"gold_gain":0.0,"event_name":"Nest","player_choice":"Joined the Cult","floor":21.0,"gold_loss":0.0,"damage_taken":6.0,"cards_obtained":["RitualDagger"]},{"damage_healed":0,"gold_gain":0,"player_choice":"Inject Mutagens","damage_taken":0,"relics_obtained":["MutagenicStrength"],"max_hp_gain":0,"max_hp_loss":0,"event_name":"Drug Dealer","floor":24,"gold_loss":0}],"is_beta":false,"boss_relics":[{"not_picked":["SacredBark","Sozu"],"picked":"Pandora\u0027s Box"}],"items_purged_floors":[3],"is_endless":false,"potions_floor_spawned":[1,7,10,18],"killed_by":"Book of Stabbing","ascension_level":20}}