{"host":"yfkezq0m1a8tfmul","time":1612674913,"event":{"mods":["100% Spire Juice","2.2 Compatiblity","AchievementEnabler","Act Like it!","AlwaysNeverKeys","Arknights","Aspiration","Astrologer","BaseMod","Bestiary","Better Altar","Better Match","Better Note","Better Sensory Stone","Better Skull","Better Third Choice","BetterRewards","Block Reminder","Challenge The Spire","Colored Map","Colored Powertips","Conspire","Curses Come First","DeckTracker","Downfall","Duelist Mod","Elementarium","Energized Spire","Fox Events","Gensokyo","GifTheSpireLib","GungeonMod","Halation","Hallownest","Hermit","HololiveMod","Hubris","Infinite Spire","Jedi Mod","Marisa????????","Menagerie","Minty Spire (QoL Compilation)","Pale of the Ancients","Permanent Neow","Random Character Button","Relic Stats","Reliquary","Replay The Spire","Robot Space Explorer","Shade Mod","Shop Mod","Spicy Shops","StSLib","Stuff the Spire","The Animator","The Blackbeard","The Blue Laboratory","The Bug Knight","The Construct","The Cursed","The Disciple","The Dragon Tamer","The Exalted","The Forsaken","The Gatherer","The Hierophant","The Marked","The Necromancer","The Poker Player","The Runesmith","The Servant 0.9.4","TheFirefly","Treasure Hunter","UnlockEverythingMod","Wandering Minibosses","Weighted Paths"],"gold_per_floor":[155,155,170,54,74,109,126,126,173,206,65,76,76,95,95,193,193,213,213,213,228,24,24,41,41,41,41,85,121,194,204,204,301,301,314,325,325,325,344,344,364,364,364,400,400,400,400],"floor_reached":46,"language":"ENG","playtime":5034,"items_purged":["Spreading Infection","theForsaken:TheForsaken_Strike","theForsaken:TheForsaken_Defend"],"score":630,"play_id":"1f1ebe1e-e01d-4a3c-a91f-7cbf9dde36a9","local_time":"20210207001513","is_ascension_mode":false,"campfire_choices":[{"data":"theForsaken:HymnOfPatience","floor":8,"key":"SMITH"},{"data":"hubris:Fate","floor":13,"key":"SMITH"},{"data":"theForsaken:NobleSacrifice","floor":15,"key":"SMITH"},{"data":"theForsaken:Devotion","floor":23,"key":"SMITH"},{"data":"theForsaken:DarkBarrier","floor":25,"key":"SMITH"},{"data":"theForsaken:Retribution","floor":27,"key":"SMITH"},{"data":"theForsaken:DarkBarrier","floor":40,"key":"SMITH"},{"data":"hubris:Rewind","floor":45,"key":"SMITH"},{"data":"theForsaken:HymnOfRest","floor":45,"key":"SMITH"}],"circlet_count":0,"master_deck":["theForsaken:TheForsaken_Strike","theForsaken:TheForsaken_Strike","theForsaken:TheForsaken_Strike","theForsaken:TheForsaken_Defend+1","theForsaken:TheForsaken_Defend","theForsaken:TheForsaken_Defend+1","theForsaken:Smite+1","theForsaken:Penitence","theForsaken:DarkBargain","hubris:Fate+1","theForsaken:HymnOfPatience+1","theForsaken:QuickAttack+1","TH:BikiniMail","theForsaken:NobleSacrifice+1","theForsaken:DefensiveStance","theForsaken:Devotion+1","theForsaken:QuickAttack","theForsaken:QuickAttack","theForsaken:DarkBarrier+1","theForsaken:FatRoll","TH:EnergyPotion","theForsaken:Retribution+1","theForsaken:HymnOfPatience+1","theForsaken:QuickAttack","theForsaken:DarkBarrier+1","theForsaken:HymnOfRest+1","theForsaken:DivineGuidance","theForsaken:BattleHymn+1","theForsaken:ShieldCharge","hubris:Rewind+1","TH:CopperCoins"],"relics":["theForsaken:JudgementScales","DemoMod:GreenGuonStone","hubris:Spice","jedi:cryingmask","Bromod:ArcaneVictory","theForsaken:PaleLantern","ReplayTheSpireMod:Ring of Exchange","Ring of Fangs","Centennial Puzzle","War Paint","FossilizedHelix","DemoMod:GlassGuonStoneRelic","hubris:FruitBowl","hubris:KleinBottle","hubris:EvacipatedBox","halation:PenCase","Akabeko","hubris:BottledRain"],"acts_visited":["Exordium","Hallownest:CityofTears","Gensokyo:Gensokyoest"],"potions_floor_usage":[],"damage_taken":[{"damage":3,"enemies":"2 Louse","floor":1,"turns":3},{"damage":5,"enemies":"Jaw Worm","floor":3,"turns":4},{"damage":0,"enemies":"Cultist","floor":5,"turns":3},{"damage":11,"enemies":"Gremlin Nob","floor":6,"turns":5},{"damage":11,"enemies":"Red Slaver","floor":7,"turns":2},{"damage":1,"enemies":"3 Sentries","floor":10,"turns":10},{"damage":0,"enemies":"Gremlin Gang","floor":12,"turns":2},{"damage":0,"enemies":"2 Fungi Beasts","floor":14,"turns":3},{"damage":0,"enemies":"Fading Forest","floor":16,"turns":11},{"damage":0,"enemies":"Hallownest:2_Mistakes","floor":18,"turns":6},{"damage":0,"enemies":"Hallownest:Guard_and_Sentry","floor":21,"turns":5},{"damage":5,"enemies":"Hallownest:Master_and_Novice","floor":24,"turns":4},{"damage":11,"enemies":"Hallownest:eliteWatcherKnight","floor":28,"turns":11},{"damage":0,"enemies":"Hallownest:Glutton_and_Coward","floor":29,"turns":5},{"damage":0,"enemies":"Hallownest:2_Husk_Sentries","floor":31,"turns":6},{"damage":3,"enemies":"Hallownest:BossGrimm","floor":33,"turns":11},{"damage":0,"enemies":"Gensokyo:AncientGuardian","floor":35,"turns":7},{"damage":0,"enemies":"Gensokyo:3_Boulders","floor":36,"turns":8},{"damage":0,"enemies":"Gensokyo:Rafflesia","floor":39,"turns":7},{"damage":0,"enemies":"Gensokyo:4_Bats","floor":41,"turns":7},{"damage":0,"enemies":"Gensokyo:Doremy","floor":44,"turns":6},{"damage":8,"enemies":"Gensokyo:3_Boulders","floor":46,"turns":2}],"seed_played":"-7447324495734886879","potions_obtained":[{"floor":1,"key":"blueLaboratory:FrostheartPotion"},{"floor":5,"key":"champ:CounterPotion"},{"floor":7,"key":"blueLaboratory:Moonshine"}],"is_trial":false,"path_per_floor":["M","?","M","$","M","E","M","R","T","E","$","M","R","M","R","B",null,"M","AVR","?","M","$","R","M","R","T","R","E","M","T","M","R_BF","B",null,"M","M","?","AVR","M","R","M","$","T","E","R","M"],"character_chosen":"THE_FORSAKEN","items_purchased":["DemoMod:GreenGuonStone","theForsaken:QuickAttack","theForsaken:QuickAttack","theForsaken:DarkBarrier","theForsaken:QuickAttack","Centennial Puzzle","hubris:FruitBowl","hubris:KleinBottle","hubris:EvacipatedBox","halation:PenCase"],"campfire_rested":0,"item_purchase_floors":[4,4,11,11,22,22,42,42,42,42],"current_hp_per_floor":[65,49,50,50,65,66,55,55,55,73,73,73,73,73,73,73,73,73,73,73,73,73,73,69,69,69,69,73,73,73,73,73,71,81,83,83,83,83,86,86,92,3,3,4,4,0,0],"gold":400,"neow_bonus":"UPGRADE_CARD","is_daily":false,"chose_seed":false,"campfire_upgraded":9,"win_rate":0.0,"timestamp":1612674913,"path_taken":["M","?","M","?","M","E","M","R","T","E","$","M","R","M","R","BOSS","M","AVR","?","M","$","R","M","R","T","R","E","M","?","M","R_BF","BOSS","M","M","?","AVR","M","R","?","?","T","E","R","M"],"items_purchased_type":["Relic","Card","Card","Card","Card","Relic","Relic","Relic","Relic","Relic"],"build_version":"2020-12-22","purchased_purges":3,"victory":false,"max_hp_per_floor":[65,65,65,65,65,73,73,73,73,73,73,73,73,73,73,73,73,73,73,73,73,73,73,73,73,73,73,73,73,73,73,73,73,81,83,83,83,83,86,86,92,92,92,92,92,92,92],"relic_stats":{"Centennial Puzzle":[6],"counters":[22,127],"War Paint":["theForsaken:TheForsaken_Defend","theForsaken:TheForsaken_Defend"],"obtain_stats":[{"DemoMod:GreenGuonStone":4,"hubris:KleinBottle":42,"ReplayTheSpireMod:Ring of Exchange":20,"Bromod:ArcaneVictory":10,"hubris:FruitBowl":42,"DemoMod:GlassGuonStoneRelic":1,"theForsaken:PaleLantern":17,"War Paint":26,"hubris:EvacipatedBox":42,"Akabeko":43,"Centennial Puzzle":22,"Ring of Fangs":20,"hubris:Spice":6,"halation:PenCase":42,"jedi:cryingmask":9,"theForsaken:JudgementScales":0,"FossilizedHelix":28,"hubris:BottledRain":44},{"DemoMod:GreenGuonStone":2,"hubris:KleinBottle":20,"ReplayTheSpireMod:Ring of Exchange":10,"Bromod:ArcaneVictory":6,"hubris:FruitBowl":20,"DemoMod:GlassGuonStoneRelic":1,"theForsaken:PaleLantern":9,"War Paint":12,"hubris:EvacipatedBox":20,"Akabeko":20,"Centennial Puzzle":11,"Ring of Fangs":10,"hubris:Spice":4,"halation:PenCase":20,"jedi:cryingmask":5,"theForsaken:JudgementScales":0,"FossilizedHelix":13,"hubris:BottledRain":21},{"DemoMod:GreenGuonStone":6,"hubris:KleinBottle":119,"ReplayTheSpireMod:Ring of Exchange":48,"Bromod:ArcaneVictory":26,"hubris:FruitBowl":119,"DemoMod:GlassGuonStoneRelic":3,"theForsaken:PaleLantern":42,"War Paint":57,"hubris:EvacipatedBox":119,"Akabeko":119,"Centennial Puzzle":53,"Ring of Fangs":48,"hubris:Spice":14,"halation:PenCase":119,"jedi:cryingmask":16,"theForsaken:JudgementScales":0,"FossilizedHelix":68,"hubris:BottledRain":125}]},"card_choices":[{"not_picked":["theForsaken:NobleSacrifice","theForsaken:Thunderbolt"],"picked":"theForsaken:DarkBargain","floor":1},{"not_picked":["infinitespire:Oblivion","infinitespire:Punishment"],"picked":"hubris:Fate","floor":2},{"not_picked":["theForsaken:FuryStrikes","theForsaken:ShieldBash"],"picked":"theForsaken:HymnOfPatience","floor":3},{"not_picked":["theForsaken:HorrifyingStrike","theForsaken:PanicDive","theForsaken:BlessedWeapon"],"picked":"SKIP","floor":5},{"not_picked":["TH:PixieDust"],"picked":"TH:BikiniMail","floor":6},{"not_picked":["theForsaken:WordsOfMight","theForsaken:CreepingInfection"],"picked":"theForsaken:NobleSacrifice","floor":6},{"not_picked":["theForsaken:HorrifyingStrike","theForsaken:Enfeeble"],"picked":"theForsaken:DefensiveStance","floor":7},{"not_picked":["TH:CursedSword","TH:TreasureMap"],"picked":"SKIP","floor":9},{"not_picked":["theForsaken:NobleSacrifice","theForsaken:Purification"],"picked":"theForsaken:Devotion","floor":10},{"not_picked":["TH:PixieDust","TH:ElvenBoots"],"picked":"SKIP","floor":10},{"not_picked":["theForsaken:PanicDive","theForsaken:Riposte"],"picked":"theForsaken:FatRoll","floor":12},{"not_picked":["theForsaken:HorrifyingStrike","theForsaken:PowerUp","theForsaken:StoreUp"],"picked":"SKIP","floor":14},{"not_picked":["TH:ArmorSpikes"],"picked":"TH:EnergyPotion","floor":16},{"not_picked":["theForsaken:DarkRift","theForsaken:SpreadingPlague"],"picked":"theForsaken:Retribution","floor":16},{"not_picked":["theForsaken:Thunderbolt","theForsaken:PanicDive","theForsaken:Bolster"],"picked":"SKIP","floor":18},{"not_picked":["theForsaken:Backlash","theForsaken:FuryStrikes"],"picked":"theForsaken:HymnOfPatience+1","floor":21},{"not_picked":["theForsaken:RainingSunlight","theForsaken:BottledPlague","theForsaken:Eulogy"],"picked":"SKIP","floor":24},{"not_picked":["TH:EnergyPotion","TH:PixieDust"],"picked":"SKIP","floor":26},{"not_picked":["theForsaken:ShieldBash","theForsaken:FuryStrikes"],"picked":"theForsaken:DarkBarrier","floor":28},{"not_picked":["TH:ElvenBoots","TH:DeckOfManyThings"],"picked":"SKIP","floor":28},{"not_picked":["theForsaken:SolarFlare","theForsaken:PanicDive"],"picked":"theForsaken:HymnOfRest","floor":29},{"not_picked":["TH:CursedSword","TH:PixieDust"],"picked":"SKIP","floor":30},{"not_picked":["theForsaken:Eulogy","theForsaken:ChargeAttack","theForsaken:PanicDive"],"picked":"SKIP","floor":31},{"not_picked":["theForsaken:CorruptedForm","theForsaken:Horror"],"picked":"theForsaken:DivineGuidance","floor":33},{"not_picked":["hubris:SpiceAddiction","theForsaken:InspiringBlow","theForsaken:PowerUp"],"picked":"SKIP","floor":35},{"not_picked":["theForsaken:SpinAttack+1","hubris:SpiceAddiction"],"picked":"theForsaken:QuickAttack+1","floor":36},{"not_picked":["theForsaken:ShieldBash+1","hubris:SpiceAddiction"],"picked":"theForsaken:BattleHymn+1","floor":39},{"not_picked":["theForsaken:CowardsBrand","theForsaken:PowerUp"],"picked":"theForsaken:ShieldCharge","floor":41},{"not_picked":["infinitespire:Gouge","infinitespire:TheBestDefense"],"picked":"hubris:Rewind","floor":42},{"not_picked":["TH:DeckOfManyThings"],"picked":"TH:CopperCoins","floor":43},{"not_picked":["TH:PixieDust","TH:ElvenBoots"],"picked":"SKIP","floor":44},{"not_picked":["theForsaken:Backlash+1","hubris:SpiceAddiction","theForsaken:Eulogy+1"],"picked":"SKIP","floor":44}],"player_experience":51775,"relics_obtained":[{"floor":6,"key":"hubris:Spice"},{"floor":9,"key":"jedi:cryingmask"},{"floor":10,"key":"Bromod:ArcaneVictory"},{"floor":20,"key":"ReplayTheSpireMod:Ring of Exchange"},{"floor":20,"key":"Ring of Fangs"},{"floor":26,"key":"War Paint"},{"floor":28,"key":"FossilizedHelix"},{"floor":43,"key":"Akabeko"},{"floor":44,"key":"hubris:BottledRain"}],"event_choices":[],"is_beta":false,"boss_relics":[{"not_picked":["halation:ForbiddenBikini","hubris:TerracottaHorce"],"picked":"theForsaken:PaleLantern"},{"not_picked":["TheAbacus","halation:Convergence"],"picked":"hubris:Spice"}],"items_purged_floors":[22,42,42],"is_endless":false,"potions_floor_spawned":[1,5,7,14,24,28,31,35,36,41],"killed_by":"Gensokyo:3_Boulders","ascension_level":0}}