{"host":"unahupgi85cj6bxp","time":1612724458,"event":{"mods":["Act Like it!","Aspiration","BaseMod","Card Forge","Conspire","Downfall","Energized Spire","Hubris","Infinite Spire","Minty Spire (QoL Compilation)","Replay The Spire","StSLib"],"gold_per_floor":[99,112,127,127,141,169,169,269,285,304,332,32,66,84,103,203,203,259,279,305,16,16,51,51,80,108,150,171,212,212,243,268,376,376,376,402,431,431,431,13,39,39,90,134,63,63,116,176,206,228,228,300,34,34,48,70],"floor_reached":57,"language":"ENG","playtime":7376,"items_purged":[],"score":1768,"play_id":"7f529135-b7fb-498e-9dae-f2e1247b49ee","local_time":"20210207110058","is_ascension_mode":true,"campfire_choices":[{"floor":1,"key":"RECALL"},{"floor":12,"key":"REST"},{"data":"Slimebound:Repurpose","floor":30,"key":"SMITH"},{"data":"Slimebound:Overexert","floor":35,"key":"SMITH"},{"data":"Slimebound:DivideAndConquer","floor":42,"key":"SMITH"},{"floor":46,"key":"REST"},{"data":"Slimebound:SpikyOuterGoop","floor":54,"key":"SMITH"}],"circlet_count":0,"master_deck":["Slimebound:Strike_Slimebound+1","Slimebound:Strike_Slimebound+1","Slimebound:Strike_Slimebound+1","Slimebound:Tackle+1","Slimebound:Defend_Slimebound+1","Slimebound:Defend_Slimebound+1","Slimebound:Defend_Slimebound+1","Slimebound:Defend_Slimebound+1","Slimebound:Split+1","Slimebound:CorrosiveSpit+1","Slimebound:Recycling+1","Slimebound:SplitBruiser+1","Slimebound:SamplingLick+1","Slimebound:SamplingLick+1","Slimebound:SlimeTap+1","Slimebound:Repurpose+1","Slimebound:Nibble+1","Slimebound:SplitBruiser+1","Slimebound:LeechEnergy+1","Slimebound:PressTheAttack+1","Slimebound:LeechEnergy+1","Slimebound:LeechEnergy+1","Slimebound:Recycling+1","Slimebound:LeechEnergy+1","Slimebound:OneTwoCombo+1","Slimebound:SamplingLick+1","Slimebound:LeadByExample+1","Slimebound:GoopSpray+1","Slimebound:Gluttony+1","Slimebound:FinishingTackle+1","Slimebound:SplitBruiser+1","Slimebound:Repurpose+1","Slimebound:DivideAndConquer+1","Slimebound:Schlurp+1","Slimebound:SplitLeeching+1","Slimebound:LeechEnergy+1","Slimebound:Overexert+1","Slimebound:ItLooksTasty+1","Slimebound:GoopTackle+1","Slimebound:DivideAndConquer+1","Slimebound:Overexert+1","expansioncontent:QuickStudy+1","ReplayTheSpireMod:Private Reserves+1","Slimebound:Schlurp+1","Slimebound:SplitMire+1","Slimebound:SplitBruiser+1","Slimebound:LevelUp+1","Slimebound:Nibble+1","Parasite","Slimebound:BestDefense+1","Slimebound:ItLooksTasty+1","Slimebound:SamplingLick+1","Slimebound:HauntingLick+1","Slimebound:SamplingLick+1","Slimebound:SpikyOuterGoop+1","Slimebound:ComboTackle+1","Slimebound:ComboTackle+1","Slimebound:GoopTackle+1"],"relics":["Slimebound:AbsorbEndCombat","Hammer of Thor","Seething Fire","Anvil of the Gods","Tiny Chest","aspiration:ChemicalBlood","downfall:HeartBlessingRed","downfall:HeartBlessingGreen","downfall:HeartBlessingBlue","Orichalcum","hubris:HollowSoul","Replay:Bandana","aspiration:Nostalgia","Burning Blood","infinitespire:Satchel","infinitespire:Broken Mirror","Toxic Egg 2","Philosopher\u0027s Stone","Replay:Ringing Soul","hubris:BottledRain","CeramicFish","DollysMirror","Blue Doll","Bag of Marbles","infinitespire:BottledMercury","Replay:Rubber Ducky","infinitespire:CursedDice","infinitespire:PuzzleCube"],"acts_visited":["Exordium","TheCity","TheBeyond","TheEnding"],"potions_floor_usage":[9,16,16,21,26,26,27,27,29,32,32,33,33,37,40,43,47,47,48,50,52,56,56,56,56,56],"damage_taken":[{"damage":0,"enemies":"Jaw Worm","floor":2,"turns":3},{"damage":0,"enemies":"Cultist","floor":3,"turns":3},{"damage":0,"enemies":"Small Slimes","floor":5,"turns":2},{"damage":0,"enemies":"Lagavulin","floor":6,"turns":3},{"damage":9,"enemies":"Exordium Thugs","floor":9,"turns":3},{"damage":14,"enemies":"Gremlin Gang","floor":10,"turns":3},{"damage":0,"enemies":"Replay:BlueRogue","floor":11,"turns":3},{"damage":0,"enemies":"Gremlin Nob","floor":13,"turns":2},{"damage":5,"enemies":"3 Louse","floor":14,"turns":2},{"damage":5,"enemies":"Red Slaver","floor":15,"turns":3},{"damage":0,"enemies":"WA_ARCHETYPE_RETAIN","floor":16,"turns":2},{"damage":3,"enemies":"Chosen","floor":19,"turns":2},{"damage":0,"enemies":"downfall:FleeingMerchant","floor":21,"turns":4},{"damage":0,"enemies":"3 Cultists","floor":23,"turns":3},{"damage":18,"enemies":"Snecko","floor":25,"turns":5},{"damage":17,"enemies":"Centurion and Healer","floor":26,"turns":2},{"damage":10,"enemies":"Replay:Snechameleon","floor":27,"turns":2},{"damage":9,"enemies":"Cultist and Chosen","floor":28,"turns":4},{"damage":9,"enemies":"Gremlin Leader","floor":29,"turns":4},{"damage":18,"enemies":"Snake Plant","floor":31,"turns":3},{"damage":0,"enemies":"conspire:HollyBat","floor":32,"turns":4},{"damage":20,"enemies":"IC_MUSHROOM_ARCHETYPE","floor":33,"turns":4},{"damage":0,"enemies":"Orb Walker","floor":36,"turns":2},{"damage":10,"enemies":"3 Shapes","floor":37,"turns":2},{"damage":0,"enemies":"downfall:FleeingMerchant","floor":40,"turns":2},{"damage":0,"enemies":"Transient","floor":43,"turns":5},{"damage":15,"enemies":"R_Hoarder","floor":44,"turns":6},{"damage":28,"enemies":"Reptomancer","floor":47,"turns":4},{"damage":2,"enemies":"Writhing Mass","floor":48,"turns":3},{"damage":0,"enemies":"Sphere and 2 Shapes","floor":49,"turns":3},{"damage":57,"enemies":"SI_POISON_ARCHETYPE","floor":50,"turns":5},{"damage":2,"enemies":"downfall:CharBossMerchant","floor":52,"turns":5},{"damage":4,"enemies":"downfall:NeowBoss","floor":55,"turns":8},{"damage":20,"enemies":"downfall:NeowBossFinal","floor":56,"turns":10}],"seed_played":"8042293508621718438","potions_obtained":[{"floor":2,"key":"LifebloodPotion"},{"floor":5,"key":"ColorlessPotion"},{"floor":10,"key":"GamblersBrew"},{"floor":13,"key":"DistilledChaos"},{"floor":16,"key":"Adrenaline Potion"},{"floor":19,"key":"Explosive Potion"},{"floor":25,"key":"Energy Potion"},{"floor":28,"key":"champ:CounterPotion"},{"floor":29,"key":"bronze:BurnAndBuffPotion"},{"floor":31,"key":"Strength Potion"},{"floor":33,"key":"Explosive Potion"},{"floor":37,"key":"SkillPotion"},{"floor":43,"key":"Swift Potion"},{"floor":44,"key":"Explosive Potion"}],"is_trial":false,"path_per_floor":["R","M","M","?","M","E","T","?","M","M","E","R","E","M","M","B",null,"R","M","T","$","?","M","T","M","M","E","M","E","R","M","M","B",null,"R","M","M","T","T","$","T","R","M","E","$","R","E","M","M","B",null,"E","$","R","B","B",null],"character_chosen":"SLIMEBOUND","items_purchased":["aspiration:Nostalgia","Slimebound:SamplingLick","Slimebound:LeadByExample","Slimebound:GoopSpray","CeramicFish","DollysMirror","Blue Doll","expansioncontent:QuickStudy","ReplayTheSpireMod:Private Reserves+1","Slimebound:Schlurp+1","Slimebound:LevelUp","infinitespire:PuzzleCube","Slimebound:HauntingLick+1","Slimebound:SamplingLick+1","Slimebound:SpikyOuterGoop","Slimebound:ComboTackle","Slimebound:GoopTackle"],"campfire_rested":2,"item_purchase_floors":[21,21,21,21,40,40,40,40,40,40,45,53,53,53,53,53,53],"current_hp_per_floor":[65,65,65,65,65,65,65,65,58,50,56,75,75,74,71,75,75,75,74,74,75,64,75,75,69,66,70,73,75,75,67,75,69,75,75,75,75,75,75,78,78,78,81,83,86,87,76,91,96,53,96,99,102,102,102,92],"gold":70,"neow_bonus":"ONE_RANDOM_RARE_CARD","is_daily":false,"chose_seed":false,"campfire_upgraded":4,"win_rate":0.0,"timestamp":1612724458,"path_taken":["R","M","M","?","?","E","T","?","M","M","E","R","E","?","M","BOSS","R","?","?","$","?","?","T","M","M","E","M","E","R","M","M","BOSS","R","M","M","?","?","?","T","R","M","E","$","R","E","M","M","BOSS","E","$","R","BOSS","BOSS"],"items_purchased_type":["Relic","Card","Card","Card","Relic","Relic","Relic","Card","Card","Card","Card","Relic","Card","Card","Card","Card","Card"],"build_version":"2020-12-22","purchased_purges":0,"victory":true,"max_hp_per_floor":[65,65,65,65,65,65,65,65,65,65,65,75,75,75,75,75,75,75,75,75,75,75,75,75,75,75,75,75,75,75,75,75,75,75,75,75,75,75,75,78,78,78,81,84,87,87,90,93,96,96,96,99,102,102,102,102],"card_choices":[{"not_picked":["Slimebound:SplitLeeching","Slimebound:PressTheAttack"],"picked":"Slimebound:SplitBruiser","floor":2},{"not_picked":["Slimebound:DisruptingSlam","Slimebound:AcidTongue"],"picked":"Slimebound:SamplingLick","floor":3},{"not_picked":["Slimebound:GoopSpray","Slimebound:GoopTackle"],"picked":"Slimebound:SlimeTap","floor":5},{"not_picked":["Slimebound:SplitAcid","Slimebound:AcidTongue"],"picked":"Slimebound:Repurpose","floor":6},{"not_picked":["Slimebound:GoopSpray","Slimebound:HauntingLick"],"picked":"Slimebound:Nibble","floor":9},{"not_picked":["Slimebound:GoopSpray","Slimebound:GoopTackle"],"picked":"Slimebound:SplitBruiser","floor":10},{"not_picked":["Slimebound:LivingWall","Slimebound:AcidTongue"],"picked":"Slimebound:LeechEnergy","floor":11},{"not_picked":["Slimebound:ForwardTackle","Slimebound:Repurpose"],"picked":"Slimebound:PressTheAttack","floor":13},{"not_picked":["Slimebound:SlimeBrawl","Slimebound:GoopSpray"],"picked":"Slimebound:LeechEnergy","floor":14},{"not_picked":["Slimebound:Grow","Slimebound:RollThrough"],"picked":"Slimebound:LeechEnergy","floor":15},{"not_picked":["Slimebound:Teamwork","Slimebound:LeechLife"],"picked":"Slimebound:Recycling","floor":16},{"not_picked":["Slimebound:SpikyOuterGoop","Slimebound:RollThrough"],"picked":"Slimebound:LeechEnergy","floor":19},{"not_picked":["Slimebound:RainOfGoop","Slimebound:Gluttony+1"],"picked":"Slimebound:OneTwoCombo","floor":21},{"not_picked":["Slimebound:BestDefense","Slimebound:SplitMire+1"],"picked":"Slimebound:Gluttony+1","floor":23},{"not_picked":["Slimebound:GoopTackle","Slimebound:DisruptingSlam"],"picked":"Slimebound:FinishingTackle+1","floor":25},{"not_picked":["Slimebound:SplitSpecialist+1","Slimebound:ForwardTackle"],"picked":"Slimebound:SplitBruiser","floor":26},{"not_picked":["Slimebound:Dissolve","Slimebound:GoopSpray"],"picked":"Slimebound:Repurpose","floor":27},{"not_picked":["Slimebound:SlimeSpikes","Slimebound:Grow"],"picked":"Slimebound:DivideAndConquer+1","floor":28},{"not_picked":["Slimebound:Prepare+1","Slimebound:SpikyOuterGoop"],"picked":"Slimebound:Schlurp+1","floor":29},{"not_picked":["Slimebound:Chomp","Slimebound:SlimeSpikes+1"],"picked":"Slimebound:SplitLeeching+1","floor":31},{"not_picked":["Slimebound:RallyTheTroops","Slimebound:LivingWall+1"],"picked":"Slimebound:LeechEnergy","floor":32},{"not_picked":["Slimebound:PrepareCrush+1","Slimebound:MassFeed"],"picked":"Slimebound:Overexert","floor":33},{"not_picked":["Slimebound:SpikyOuterGoop","Slimebound:LeechEnergy"],"picked":"Slimebound:ItLooksTasty","floor":36},{"not_picked":["Slimebound:LivingWall+1","Slimebound:DouseInSlime+1"],"picked":"Slimebound:GoopTackle","floor":37},{"not_picked":["Slimebound:GrowthPunch+1","Slimebound:Recycling"],"picked":"Slimebound:DivideAndConquer","floor":40},{"not_picked":["Slimebound:Prepare+1","Slimebound:SplitAcid+1"],"picked":"Slimebound:SplitMire+1","floor":43},{"not_picked":["Slimebound:Recollect+1","Slimebound:RollThrough+1"],"picked":"Slimebound:SplitBruiser+1","floor":44},{"not_picked":["Slimebound:SplitMire+1","Slimebound:ItLooksTasty+1"],"picked":"Slimebound:Nibble","floor":47},{"not_picked":["Slimebound:SpikyOuterGoop","Slimebound:Teamwork+1"],"picked":"Slimebound:BestDefense+1","floor":48},{"not_picked":["Slimebound:FormOfPuddle+1","Slimebound:GoopTackle+1"],"picked":"Slimebound:ItLooksTasty","floor":49},{"not_picked":["Slimebound:ItLooksTasty+1","Slimebound:ComboTackle+1"],"picked":"Slimebound:SamplingLick+1","floor":52}],"player_experience":890852,"relics_obtained":[{"floor":6,"key":"Tiny Chest"},{"floor":11,"key":"aspiration:ChemicalBlood"},{"floor":13,"key":"Orichalcum"},{"floor":20,"key":"Replay:Bandana"},{"floor":24,"key":"infinitespire:Satchel"},{"floor":27,"key":"infinitespire:Broken Mirror"},{"floor":29,"key":"Toxic Egg 2"},{"floor":38,"key":"Replay:Ringing Soul"},{"floor":39,"key":"hubris:BottledRain"},{"floor":41,"key":"Bag of Marbles"},{"floor":44,"key":"infinitespire:BottledMercury"},{"floor":47,"key":"Replay:Rubber Ducky"},{"floor":52,"key":"infinitespire:CursedDice"}],"event_choices":[{"damage_healed":0,"gold_gain":100,"player_choice":"Gold","damage_taken":0,"max_hp_gain":0,"max_hp_loss":0,"event_name":"Wheel of Change","floor":8,"gold_loss":0}],"is_beta":false,"boss_relics":[{"not_picked":["Replay:Bronze Core","Snecko Eye"],"picked":"hubris:HollowSoul"},{"not_picked":["Cursed Key","Snecko Heart"],"picked":"Philosopher\u0027s Stone"}],"items_purged_floors":[],"is_endless":false,"potions_floor_spawned":[2,5,10,13,16,19,25,28,29,31,33,37,43,44],"ascension_level":2}}