{"host":"uhnh33uh34qot0et","time":1612734311,"event":{"mods":["BaseMod","Colored Map","Downfall","Hermit","Marisa????????","Minty Spire (QoL Compilation)","StSLib","The Bug Knight","The Cursed","The Servant 0.9.4"],"gold_per_floor":[112,112,112,112,124,159,173,198,223,223,255,281,29,49,49,145,145,156,71,0,10,23,23,37,37,63,82,82,111,111,122,122,225,225,244,72,82,96,107,107,135,146,193,193,193,211,228,228,228,228],"floor_reached":51,"language":"ENG","playtime":1719,"items_purged":["downfall:Bewildered"],"score":769,"play_id":"37afbdcc-9f13-456c-8dfa-f89aa2d20a96","local_time":"20210207224511","is_ascension_mode":false,"campfire_choices":[{"floor":10,"key":"REST"},{"floor":15,"key":"REST"},{"data":"Infinite Blades","floor":23,"key":"SMITH"},{"floor":28,"key":"REST"},{"floor":30,"key":"REST"},{"floor":32,"key":"REST"},{"floor":40,"key":"REST"},{"floor":44,"key":"REST"},{"data":"Outmaneuver","floor":49,"key":"SMITH"}],"circlet_count":0,"master_deck":["Strike_G+1","Strike_G","Strike_G+1","Strike_G","Defend_G","Defend_G+1","Defend_G","Defend_G+1","Defend_G","Survivor","Neutralize","Blade Dance+1","Infinite Blades+1","Tactician","Dagger Throw","Envenom+1","Outmaneuver+1","Dodge and Roll+1","Phantasmal Killer+1","Terror+1","Bane","Catalyst+1","Deflect+1","Reflex+1","Dodge and Roll+1","Night Terror+1","Distraction+1","Noxious Fumes+1","Slice","Deadly Poison+1","Infinite Blades+1","Crippling Poison+1","Blade Dance+1","Prepared+1","Footwork+1","Bouncing Flask+1"],"relics":["Black Star","Pen Nib","Whetstone","Bag of Preparation","Anchor","Potion Belt","War Paint","Frozen Egg 2","Odd Mushroom","Toxic Egg 2","WristBlade","Nunchaku","sneckomod:BabySnecko","Smiling Mask","Meat on the Bone","Blood Vial","HoveringKite","Centennial Puzzle","Snake Skull","sneckomod:BlankCard"],"acts_visited":["Exordium","TheCity","TheBeyond"],"potions_floor_usage":[6,6,11,11,18,29,33,33,35,37,38,50,50,50],"damage_taken":[{"damage":1,"enemies":"Cultist","floor":1,"turns":4},{"damage":5,"enemies":"2 Louse","floor":5,"turns":3},{"damage":19,"enemies":"Lagavulin","floor":6,"turns":7},{"damage":0,"enemies":"Small Slimes","floor":7,"turns":3},{"damage":22,"enemies":"3 Sentries","floor":8,"turns":8},{"damage":0,"enemies":"Gremlin Nob","floor":11,"turns":2},{"damage":14,"enemies":"The Mushroom Lair","floor":12,"turns":4},{"damage":0,"enemies":"2 Fungi Beasts","floor":14,"turns":2},{"damage":29,"enemies":"Hexaghost","floor":16,"turns":10},{"damage":10,"enemies":"3 Byrds","floor":18,"turns":3},{"damage":15,"enemies":"Shell Parasite","floor":21,"turns":4},{"damage":0,"enemies":"Snake Plant","floor":22,"turns":3},{"damage":0,"enemies":"Chosen and Byrds","floor":24,"turns":3},{"damage":13,"enemies":"3 Cultists","floor":27,"turns":4},{"damage":13,"enemies":"Book of Stabbing","floor":29,"turns":3},{"damage":12,"enemies":"Shelled Parasite and Fungi","floor":31,"turns":5},{"damage":46,"enemies":"Collector","floor":33,"turns":8},{"damage":0,"enemies":"Orb Walker","floor":35,"turns":3},{"damage":4,"enemies":"3 Shapes","floor":37,"turns":4},{"damage":0,"enemies":"Spire Growth","floor":38,"turns":4},{"damage":22,"enemies":"3 Darklings","floor":39,"turns":4},{"damage":35,"enemies":"Giant Head","floor":41,"turns":6},{"damage":0,"enemies":"Transient","floor":42,"turns":5},{"damage":0,"enemies":"Maw","floor":46,"turns":4},{"damage":5,"enemies":"Sphere and 2 Shapes","floor":47,"turns":3},{"damage":22,"enemies":"Donu and Deca","floor":50,"turns":6}],"seed_played":"5237347605115433712","potions_obtained":[{"floor":4,"key":"Slimebound:ThreeZeroPotion"},{"floor":4,"key":"AttackPotion"},{"floor":4,"key":"sneckomod:MuddlingPotion"},{"floor":6,"key":"BlessingOfTheForge"},{"floor":7,"key":"FearPotion"},{"floor":11,"key":"champ:CounterPotion"},{"floor":14,"key":"Explosive Potion"},{"floor":16,"key":"Swift Potion"},{"floor":21,"key":"Swift Potion"},{"floor":29,"key":"Ancient Potion"},{"floor":33,"key":"DuplicationPotion"},{"floor":35,"key":"Dexterity Potion"},{"floor":37,"key":"Swift Potion"},{"floor":42,"key":"GhostInAJar"},{"floor":47,"key":"Weak Potion"}],"is_trial":false,"path_per_floor":["M","?","?","?","M","E","M","E","T","R","E","?","$","M","R","B",null,"M","?","?","M","M","R","M","?","T","M","R","E","R","M","R","B",null,"M","$","M","M","M","R","E","M","T","R","?","M","M","?","R","B",null],"character_chosen":"THE_SILENT","items_purchased":["Toxic Egg 2","Noxious Fumes+1","Slice"],"campfire_rested":7,"item_purchase_floors":[13,36,36],"current_hp_per_floor":[69,74,74,74,69,50,50,28,28,50,50,36,36,36,58,29,75,65,65,65,50,50,50,50,50,50,37,59,46,68,58,75,41,75,75,75,71,73,53,75,40,42,42,64,64,66,63,63,63,43],"gold":228,"neow_bonus":"BOSS_RELIC","is_daily":false,"chose_seed":false,"campfire_upgraded":2,"win_rate":0.0,"timestamp":1612734311,"path_taken":["M","?","?","?","?","E","M","E","T","R","E","?","$","M","R","BOSS","M","?","?","M","M","R","M","?","T","M","R","E","R","M","R","BOSS","M","$","M","M","M","R","E","M","T","R","?","M","M","?","R","BOSS"],"items_purchased_type":["Relic","Card","Card"],"build_version":"2020-12-22","purchased_purges":1,"victory":true,"max_hp_per_floor":[70,75,75,75,75,75,75,75,75,75,75,75,75,75,75,75,75,75,75,75,75,75,75,75,75,75,75,75,75,75,75,75,75,75,75,75,75,75,75,75,75,75,75,75,75,75,75,75,75,75],"card_choices":[{"not_picked":["Dagger Throw","Flying Knee"],"picked":"Blade Dance","floor":1},{"not_picked":["Calculated Gamble","Bouncing Flask","Tactician"],"picked":"SKIP","floor":5},{"not_picked":["Dagger Spray","Outmaneuver"],"picked":"Infinite Blades","floor":6},{"not_picked":["Skewer","Backflip"],"picked":"Tactician","floor":7},{"not_picked":["Flying Knee","Acrobatics"],"picked":"Dagger Throw","floor":8},{"not_picked":["Backflip","Unload"],"picked":"Envenom+1","floor":11},{"not_picked":["Blur","Crippling Poison"],"picked":"Outmaneuver","floor":12},{"not_picked":["Dash","Poisoned Stab"],"picked":"Dodge and Roll+1","floor":14},{"not_picked":["Venomology+1","Glass Knife"],"picked":"Phantasmal Killer+1","floor":16},{"not_picked":["Flying Knee","Choke"],"picked":"Terror+1","floor":18},{"not_picked":["Poisoned Stab","All Out Attack+1"],"picked":"Bane","floor":21},{"not_picked":["Bouncing Flask+1","Bane"],"picked":"Catalyst+1","floor":22},{"not_picked":["All Out Attack+1","Backflip+1"],"picked":"Deflect+1","floor":24},{"not_picked":["Acrobatics+1","Flying Knee"],"picked":"Reflex+1","floor":27},{"not_picked":["Dagger Throw","Flying Knee"],"picked":"Dodge and Roll+1","floor":29},{"not_picked":["Bane","Tactician+1"],"picked":"Underhanded Strike+1","floor":31},{"not_picked":["Corpse Explosion+1","Die Die Die"],"picked":"Night Terror+1","floor":33},{"not_picked":["Choke","Leg Sweep+1"],"picked":"Distraction+1","floor":35},{"not_picked":["Poisoned Stab+1","Expertise+1"],"picked":"Deadly Poison+1","floor":37},{"not_picked":["Sucker Punch+1","Outmaneuver+1"],"picked":"Infinite Blades+1","floor":38},{"not_picked":["Leg Sweep+1","Quick Slash","Underhanded Strike"],"picked":"SKIP","floor":39},{"not_picked":["Reflex+1","Wraith Form v2+1"],"picked":"Crippling Poison+1","floor":41},{"not_picked":["Dodge and Roll+1","Poisoned Stab+1"],"picked":"Blade Dance+1","floor":42},{"not_picked":["Well Laid Plans+1","Sucker Punch"],"picked":"Prepared+1","floor":46},{"not_picked":["Flying Knee","Choke"],"picked":"Footwork+1","floor":47}],"player_experience":20635,"relics_obtained":[{"floor":6,"key":"Pen Nib"},{"floor":6,"key":"Whetstone"},{"floor":8,"key":"Bag of Preparation"},{"floor":8,"key":"Anchor"},{"floor":9,"key":"Potion Belt"},{"floor":11,"key":"War Paint"},{"floor":11,"key":"Frozen Egg 2"},{"floor":12,"key":"Odd Mushroom"},{"floor":26,"key":"Smiling Mask"},{"floor":29,"key":"Meat on the Bone"},{"floor":29,"key":"Blood Vial"},{"floor":41,"key":"Centennial Puzzle"},{"floor":41,"key":"Snake Skull"},{"floor":43,"key":"sneckomod:BlankCard"}],"event_choices":[{"damage_healed":0,"gold_gain":0,"player_choice":"Donut","damage_taken":0,"max_hp_gain":5,"max_hp_loss":0,"event_name":"Big Fish","floor":2,"gold_loss":0},{"damage_healed":0,"gold_gain":0,"player_choice":"Grow","damage_taken":0,"max_hp_gain":0,"max_hp_loss":0,"event_name":"Living Wall","floor":3,"gold_loss":0,"cards_upgraded":["Blade Dance"]},{"damage_healed":0,"gold_gain":0,"player_choice":"Got Potions","damage_taken":0,"max_hp_gain":0,"max_hp_loss":0,"event_name":"Lab","floor":4,"gold_loss":0},{"damage_healed":0,"gold_gain":0,"player_choice":"Fought Mushrooms","damage_taken":0,"max_hp_gain":0,"max_hp_loss":0,"event_name":"Mushrooms","floor":12,"gold_loss":0},{"damage_healed":0,"gold_gain":0,"player_choice":"Obtained Relic","damage_taken":0,"relics_obtained":["Nunchaku"],"max_hp_gain":0,"max_hp_loss":0,"event_name":"Addict","floor":19,"gold_loss":85},{"damage_healed":0,"gold_gain":0,"player_choice":"Paid Fearfully","damage_taken":0,"max_hp_gain":0,"max_hp_loss":0,"event_name":"Masked Bandits","floor":20,"gold_loss":71},{"cards_removed":["Strike_G"],"damage_healed":0,"gold_gain":0,"player_choice":"Removed Attack","damage_taken":0,"max_hp_gain":0,"max_hp_loss":0,"event_name":"Falling","floor":45,"gold_loss":0},{"damage_healed":0,"gold_gain":0,"cards_transformed":["Underhanded Strike"],"player_choice":"Transformed","damage_taken":0,"max_hp_gain":0,"max_hp_loss":0,"event_name":"Transmorgrifier","floor":48,"gold_loss":0,"cards_obtained":["Bouncing Flask"]}],"is_beta":false,"boss_relics":[{"not_picked":["Snecko Eye","Runic Pyramid"],"picked":"WristBlade"},{"not_picked":["expansioncontent:StudyCardRelic","Coffee Dripper"],"picked":"HoveringKite"}],"items_purged_floors":[36],"is_endless":false,"potions_floor_spawned":[6,7,11,14,16,21,29,33,35,37,42,47],"ascension_level":0}}