{"host":"djoj10dqzzvtkauc","time":1612697992,"event":{"mods":["2.2 Compatiblity","BaseMod","Colored Map","DeckTracker","Highlight Path","Keyboard Shortcuts","Marisa£¨Ùöéë¡¡Øª×âÞÞ£©","Minty Spire (QoL Compilation)","Permanent Neow","Quick Restart","Random Character Button","StSLib","SuperFastMode","everything is the same but u backflip on backflip"],"gold_per_floor":[113,188,208,208,208,241,254,254,254,277,31,52,66,33,33,33,33],"floor_reached":16,"language":"KOR","playtime":416,"items_purged":["Defend_G"],"score":165,"play_id":"0268137d-56ae-4c27-94b8-f1e4793c173c","local_time":"20210207203952","is_ascension_mode":true,"campfire_choices":[{"data":"Dagger Spray","floor":8,"key":"SMITH"},{"data":"Flechettes","floor":15,"key":"SMITH"}],"circlet_count":0,"master_deck":["Strike_G","Strike_G","Strike_G","Strike_G","Strike_G","Defend_G","Defend_G","Defend_G","Defend_G","Survivor","Neutralize","Backflip","PiercingWail","Dagger Spray+1","Backflip","Acrobatics","Well Laid Plans","Flechettes+1","Underhanded Strike","Reflex"],"relics":["Ring of the Snake","NeowsBlessing","Golden Idol","Ice Cream","Eternal Feather"],"acts_visited":["Exordium"],"potions_floor_usage":[16],"damage_taken":[{"damage":0,"enemies":"Jaw Worm","floor":1,"turns":1},{"damage":0,"enemies":"2 Louse","floor":3,"turns":1},{"damage":0,"enemies":"Gremlin Nob","floor":6,"turns":1},{"damage":1,"enemies":"Cultist","floor":7,"turns":4},{"damage":1,"enemies":"Blue Slaver","floor":10,"turns":4},{"damage":11,"enemies":"Exordium Thugs","floor":12,"turns":6},{"damage":3,"enemies":"Exordium Wildlife","floor":13,"turns":3},{"damage":74,"enemies":"Hexaghost","floor":16,"turns":11}],"seed_played":"4202166204289890059","potions_obtained":[{"floor":3,"key":"FairyPotion"},{"floor":7,"key":"SmokeBomb"},{"floor":13,"key":"Block Potion"}],"is_trial":false,"path_per_floor":["M","?","M","?","?","E","M","R","T","M","$","M","M","$","R","B"],"character_chosen":"THE_SILENT","items_purchased":["Acrobatics","Well Laid Plans","Flechettes","Reflex"],"campfire_rested":0,"item_purchase_floors":[11,11,11,14],"current_hp_per_floor":[63,52,52,52,52,52,51,51,51,50,50,39,36,36,48,0,0],"gold":33,"neow_bonus":"THREE_ENEMY_KILL","is_daily":false,"chose_seed":false,"campfire_upgraded":2,"win_rate":0.0,"timestamp":1612697992,"path_taken":["M","?","M","?","?","E","M","R","T","M","?","M","?","$","R","BOSS"],"items_purchased_type":["Card","Card","Card","Card"],"build_version":"2020-12-22","purchased_purges":1,"victory":false,"max_hp_per_floor":[70,70,70,70,70,70,70,70,70,70,70,70,70,70,70,70,70],"card_choices":[{"not_picked":["Sucker Punch","Finisher"],"picked":"Backflip","floor":1},{"not_picked":["Deadly Poison","Quick Slash"],"picked":"PiercingWail","floor":3},{"not_picked":["Concentrate","Skewer"],"picked":"Dagger Spray","floor":6},{"not_picked":["Cloak And Dagger","Predator"],"picked":"Backflip","floor":7},{"not_picked":["Infinite Blades","Caltrops","Blade Dance"],"picked":"SKIP","floor":10},{"not_picked":["Crippling Poison","Prepared"],"picked":"Underhanded Strike","floor":12},{"not_picked":["Dagger Spray","Flying Knee","Caltrops"],"picked":"SKIP","floor":13}],"player_experience":182879,"relics_obtained":[{"floor":6,"key":"Ice Cream"},{"floor":9,"key":"Eternal Feather"}],"event_choices":[{"damage_healed":0,"gold_gain":75,"player_choice":"Gather Gold","damage_taken":11,"max_hp_gain":0,"max_hp_loss":0,"event_name":"World of Goop","floor":2,"gold_loss":0},{"damage_healed":0,"gold_gain":0,"player_choice":"Take Wound","damage_taken":0,"relics_obtained":["Golden Idol"],"max_hp_gain":0,"max_hp_loss":0,"event_name":"Golden Idol","floor":4,"gold_loss":0,"cards_obtained":["Injury"]},{"cards_removed":["Injury"],"damage_healed":0,"gold_gain":0,"player_choice":"Forget","damage_taken":0,"max_hp_gain":0,"max_hp_loss":0,"event_name":"Living Wall","floor":5,"gold_loss":0}],"is_beta":false,"boss_relics":[],"items_purged_floors":[11],"is_endless":false,"potions_floor_spawned":[3,7,13],"killed_by":"Hexaghost","ascension_level":6}}