{"host":"KYO","time":1612695369,"event":{"mods":["ATMod(阿瑾Mod)","BaseMod","Better Vampires","Minty Spire (QoL Compilation)","Permanent Neow","Replay The Spire","Shop Mod","StSLib","SuperFastMode","TestMod","[IsaacMod]以撒尖塔","【遗物卡牌】REMEMod"],"gold_per_floor":[114,39,107,107,107,140,140,96,175,175,220,272,309,418,418,418,418],"floor_reached":16,"language":"ZHS","playtime":370,"items_purged":["Looming Evil"],"score":282,"play_id":"25017eb3-7794-4934-80dc-894595009d4b","local_time":"20210207185609","is_ascension_mode":true,"campfire_choices":[{"data":"ReplayTheSpireMod:Muscle Training","floor":7.0,"key":"SMITH"},{"data":"Fire Breathing","floor":10.0,"key":"SMITH"},{"data":"Immolate","floor":15,"key":"SMITH"}],"circlet_count":0,"master_deck":["AscendersBane","Strike_R","Strike_R","Strike_R","Strike_R","Strike_R","Defend_R","Defend_R","Defend_R+1","Defend_R+1","Bash","SuicideKing","Pain","Regret","Purity","ReplayTheSpireMod:Muscle Training+1","Fire Breathing+1","Immolate+1"],"relics":["Burning Blood","HushsDoor","AT_ATBox","REME_ComplimentaryCards","testmod-TestBox","GuppysTail","testmod-Laevatain","NeowsBlessing","AT_MibuBalloonWealth","PreservedInsect","Eternal Feather"],"acts_visited":["Exordium"],"potions_floor_usage":[],"damage_taken":[{"damage":0.0,"enemies":"Small Slimes","floor":1.0,"turns":1.0},{"damage":1.0,"enemies":"3 Sentries","floor":6.0,"turns":2.0},{"damage":0,"enemies":"Cultist","floor":11,"turns":1},{"damage":42,"enemies":"Gremlin Nob","floor":12,"turns":4},{"damage":2,"enemies":"Jaw Worm","floor":13,"turns":3},{"damage":21,"enemies":"3 Sentries","floor":14,"turns":3},{"damage":32,"enemies":"Hexaghost","floor":16,"turns":7}],"seed_played":"2285546382676311479","potions_obtained":[{"floor":1.0,"key":"Explosive Potion"},{"floor":14,"key":"Ancient Potion"}],"is_trial":false,"path_per_floor":["M","$","?","?","?","E","R","$","T","R","M","E","M","E","R","B"],"character_chosen":"IRONCLAD","items_purchased":["Fire Breathing"],"campfire_rested":0,"item_purchase_floors":[8],"current_hp_per_floor":[74,74,59,59,59,64,64,64,64,64,70,34,38,23,32,0,0],"gold":418,"neow_bonus":"THREE_ENEMY_KILL","is_daily":false,"chose_seed":false,"campfire_upgraded":3,"win_rate":0.0,"timestamp":1612695369,"path_taken":["M","$","?","?","?","E","R","?","T","R","M","E","M","E","R","BOSS"],"items_purchased_type":["Card"],"build_version":"2020-12-18","purchased_purges":1,"victory":false,"max_hp_per_floor":[75,75,75,75,75,75,75,75,75,75,75,75,75,75,75,75,75],"card_choices":[{"not_picked":[],"picked":"SuicideKing","floor":0.0},{"not_picked":["Iron Wave","REME_FearOfPain","Metallicize"],"picked":"SKIP","floor":1.0},{"not_picked":["AT_BodySlamDance","Sentinel"],"picked":"ReplayTheSpireMod:Muscle Training","floor":6.0},{"not_picked":["ReplayTheSpireMod:Limb From Limb","Body Slam","Headbutt"],"picked":"SKIP","floor":11},{"not_picked":["Clothesline","AT_DiedThrough"],"picked":"Immolate","floor":12},{"not_picked":["Thunderclap","Anger","Rampage"],"picked":"SKIP","floor":13},{"not_picked":["True Grit","Cleave","Body Slam"],"picked":"SKIP","floor":14}],"player_experience":752472,"relics_obtained":[{"floor":6.0,"key":"AT_MibuBalloonWealth"},{"floor":12,"key":"PreservedInsect"},{"floor":14,"key":"Eternal Feather"}],"event_choices":[{"damage_healed":0.0,"max_hp_gain":0.0,"max_hp_loss":0.0,"gold_gain":0.0,"event_name":"给自己的盒子","player_choice":"Swap Relic","floor":4.0,"relics_lost":["War Paint"],"gold_loss":0.0,"damage_taken":0.0,"relics_obtained":["War Paint"]},{"damage_healed":0.0,"max_hp_gain":0.0,"max_hp_loss":0.0,"gold_gain":0.0,"event_name":"Liars Game","player_choice":"Ignored","floor":5.0,"gold_loss":0.0,"damage_taken":0.0}],"is_beta":true,"boss_relics":[],"items_purged_floors":[2],"is_endless":false,"potions_floor_spawned":[1,14],"killed_by":"Hexaghost","ascension_level":20}}