{"host":"hf83sijwe64ts2lm","time":1612706896,"event":{"mods":["2.2 Compatiblity","BaseMod","Better Altar","Better Match","Better Note","Better Sensory Stone","Better Skull","Better Third Choice","Colored Map","Colored Powertips","Highlight Path","Hubris","Infinite Spire","Minty Spire (QoL Compilation)","Quick Restart","Rare Cards Sparkle","Relic Stats","Reliquary","Replay The Spire","Shop Mod","Spicy Shops","Spire Arcade","StSLib","Thieving Mod"],"gold_per_floor":[118,138,138,138,158,158,3,29,29,29,46,80,92,108,108,209,259,270,286,286,298,298,298,298,298,298,76,76,94,64,79,79,186,186,213,245,275,309,359,359,399,58,85,85,110,110,0,32,32,32,32],"floor_reached":50,"language":"ENG","playtime":1141,"items_purged":[],"score":882,"play_id":"69c6b95f-d9c0-4c17-bbb3-44f2d7606cba","local_time":"20210207090816","is_ascension_mode":true,"campfire_choices":[{"floor":6,"key":"RECALL"},{"floor":15,"key":"REST"},{"floor":23,"key":"REST"},{"data":"infinitespire:Oblivion","floor":25,"key":"SMITH"},{"floor":28,"key":"REST"},{"floor":40,"key":"REST"},{"floor":44,"key":"REST"},{"floor":49,"key":"REST"}],"circlet_count":0,"master_deck":["Strike_B","Strike_B","Strike_B","Strike_B","Defend_B","Defend_B","Defend_B","Defend_B","Zap+1","Dualcast","Conserve Battery","Doom and Gloom","Compile Driver","Genetic Algorithm","Barrage","Barrage","hubris:PowerSurge","Ball Lightning+1","Electrodynamics","Rebound","Streamline+1","Melter","infinitespire:Oblivion+1","hubris:Fate","Storm+1","Electrodynamics","Consume","Redo","Fusion","Rainbow","Amplify","Capacitor","Defragment","Lockon","Ball Lightning+1","ReplayGash","Auto Shields","Capacitor","Go for the Eyes","Echo Form","Barrage+1"],"relics":["FrozenCore","NeowsBlessing","hubris:Towel","reliquary:WeakTea","betterAltar:BloodRelic","FossilizedHelix","Anchor","Tiny House","reliquary:RosewoodLute","infinitespire:EvilPickle","Replay:Multitool","hubris:BallOfYels","reliquary:PorcupineQuills","Red Mask","Shuriken"],"acts_visited":["Exordium","TheCity","TheBeyond"],"potions_floor_usage":[13,14,16,19,19,31,33,33,33,37,38,45,45,50],"damage_taken":[{"damage":0,"enemies":"2 Louse","floor":1,"turns":1},{"damage":0,"enemies":"Small Slimes","floor":2,"turns":1},{"damage":0,"enemies":"Jaw Worm","floor":5,"turns":1},{"damage":32,"enemies":"Replay:BlueRogue","floor":8,"turns":6},{"damage":10,"enemies":"Red Slaver","floor":11,"turns":4},{"damage":12,"enemies":"Gremlin Nob","floor":12,"turns":4},{"damage":0,"enemies":"Blue Slaver","floor":13,"turns":2},{"damage":7,"enemies":"3 Louse","floor":14,"turns":3},{"damage":29,"enemies":"Hexaghost","floor":16,"turns":9},{"damage":11,"enemies":"2 Thieves","floor":18,"turns":2},{"damage":0,"enemies":"3 Byrds","floor":19,"turns":3},{"damage":17,"enemies":"Snake Plant","floor":21,"turns":4},{"damage":0,"enemies":"3 Cultists","floor":29,"turns":4},{"damage":0,"enemies":"Snecko","floor":31,"turns":3},{"damage":38,"enemies":"Pondfish","floor":33,"turns":9},{"damage":0,"enemies":"3 Darklings","floor":35,"turns":3},{"damage":0,"enemies":"Orb Walker","floor":36,"turns":4},{"damage":28,"enemies":"Transient","floor":37,"turns":5},{"damage":27,"enemies":"Jaw Worm Horde","floor":38,"turns":4},{"damage":9,"enemies":"Mind Bloom Boss Battle","floor":39,"turns":5},{"damage":11,"enemies":"Maw","floor":41,"turns":6},{"damage":1,"enemies":"Sphere and 2 Shapes","floor":45,"turns":3},{"damage":0,"enemies":"Giant Head","floor":48,"turns":7},{"damage":93,"enemies":"Awakened One","floor":50,"turns":9}],"seed_played":"-3925712382693206834","potions_obtained":[{"floor":5,"key":"Explosive Potion"},{"floor":12,"key":"Venom Potion"},{"floor":13,"key":"SpeedPotion"},{"floor":17,"key":"Weak Potion"},{"floor":18,"key":"Adrenaline Potion"},{"floor":29,"key":"Weak Potion"},{"floor":30,"key":"FearPotion"},{"floor":30,"key":"Fire Potion"},{"floor":31,"key":"AttackPotion"},{"floor":36,"key":"LiquidBronze"},{"floor":37,"key":"BlessingOfTheForge"},{"floor":39,"key":"Explosive Potion"},{"floor":41,"key":"Death Potion"},{"floor":48,"key":"FocusPotion"}],"is_trial":false,"path_per_floor":["M","M","?","?","M","R","$","E","T","$","M","E","M","M","R","B",null,"M","M","AVR","M","?","R","?","R","T","$","R","M","?","M","R_BF","B",null,"M","M","M","M","?","R","M","$","T","R","M","?","?","E","R","B"],"character_chosen":"DEFECT","items_purchased":["reliquary:WeakTea","Electrodynamics","Consume","hubris:BallOfYels","Auto Shields","Capacitor"],"campfire_rested":6,"item_purchase_floors":[7,27,27,42,42,42],"current_hp_per_floor":[68,68,68,68,68,68,68,36,36,36,28,18,20,15,37,10,64,55,57,57,42,38,62,62,62,62,62,80,80,80,80,80,42,71,77,80,52,31,28,52,47,47,47,71,76,60,60,66,80,0,0],"gold":32,"neow_bonus":"THREE_ENEMY_KILL","is_daily":false,"chose_seed":false,"campfire_upgraded":1,"win_rate":0.0,"timestamp":1612706896,"path_taken":["M","M","?","?","M","R","?","E","T","$","M","E","M","M","R","BOSS","M","M","AVR","M","?","R","?","R","T","$","R","M","?","M","R_BF","BOSS","M","M","M","?","?","R","M","$","T","R","M","?","?","E","R","BOSS"],"items_purchased_type":["Relic","Card","Card","Relic","Card","Card"],"build_version":"2020-12-22","purchased_purges":0,"victory":false,"max_hp_per_floor":[75,75,75,75,75,75,75,75,75,75,75,75,75,75,75,75,80,80,80,80,80,80,80,80,80,80,80,80,80,80,80,80,80,80,80,80,80,80,80,80,80,80,80,80,80,80,80,80,80,80,80],"relic_stats":{"counters":[24,102],"Shuriken":[2],"obtain_stats":[{"hubris:BallOfYels":42,"Tiny House":17,"NeowsBlessing":0,"betterAltar:BloodRelic":22,"Replay:Multitool":39,"reliquary:WeakTea":7,"hubris:Towel":3,"reliquary:RosewoodLute":20,"FrozenCore":34,"Blood Vial":8,"infinitespire:EvilPickle":33,"Anchor":12,"reliquary:PorcupineQuills":43,"Shuriken":48,"Red Mask":47,"Cracked Core":0,"FossilizedHelix":9},{"hubris:BallOfYels":21,"Tiny House":9,"NeowsBlessing":0,"betterAltar:BloodRelic":12,"Replay:Multitool":20,"reliquary:WeakTea":3,"hubris:Towel":2,"reliquary:RosewoodLute":11,"FrozenCore":15,"Blood Vial":4,"infinitespire:EvilPickle":15,"Anchor":6,"reliquary:PorcupineQuills":21,"Shuriken":23,"Red Mask":22,"Cracked Core":0,"FossilizedHelix":4},{"hubris:BallOfYels":83,"Tiny House":31,"NeowsBlessing":0,"betterAltar:BloodRelic":40,"Replay:Multitool":77,"reliquary:WeakTea":3,"hubris:Towel":2,"reliquary:RosewoodLute":36,"FrozenCore":56,"Blood Vial":9,"infinitespire:EvilPickle":56,"Anchor":17,"reliquary:PorcupineQuills":83,"Shuriken":93,"Red Mask":86,"Cracked Core":0,"FossilizedHelix":9}],"FrozenCore":[21]},"card_choices":[{"not_picked":["Rebound","Turbo"],"picked":"Conserve Battery","floor":1},{"not_picked":["Hologram","Compile Driver"],"picked":"Doom and Gloom","floor":2},{"not_picked":["Reprogram","Double Energy"],"picked":"Compile Driver","floor":5},{"not_picked":["Cold Snap","Leap"],"picked":"Genetic Algorithm","floor":8},{"not_picked":["Steam","Meteor Strike"],"picked":"Barrage","floor":11},{"not_picked":["Aggregate","Reboot"],"picked":"Barrage","floor":12},{"not_picked":["Go for the Eyes","Cold Snap"],"picked":"hubris:PowerSurge","floor":13},{"not_picked":["Rebound","ReplayGash"],"picked":"Ball Lightning","floor":14},{"not_picked":["Fission","hubris:Prefetch"],"picked":"Electrodynamics","floor":16},{"not_picked":["Turbo","ReplayTheSpireMod:Reroute Power"],"picked":"Rebound","floor":17},{"not_picked":["Redo","BasicCrystalCard"],"picked":"Streamline","floor":18},{"not_picked":["Fusion","Leap"],"picked":"Melter","floor":19},{"not_picked":["Crystallizer","White Noise"],"picked":"Storm+1","floor":21},{"not_picked":["Leap","Cold Snap"],"picked":"Redo","floor":29},{"not_picked":["Rebound","BasicCrystalCard+1"],"picked":"Fusion","floor":31},{"not_picked":["Core Surge","Electrodynamics"],"picked":"Rainbow","floor":33},{"not_picked":["Steam","Genetic Algorithm+1"],"picked":"Amplify","floor":35},{"not_picked":["Streamline","Fusion+1"],"picked":"Capacitor","floor":36},{"not_picked":["Barrage+1","ReplayTheSpireMod:Repulse+1"],"picked":"Defragment","floor":37},{"not_picked":["ReplayTheSpireMod:Repulse+1","Compile Driver"],"picked":"Lockon","floor":38},{"not_picked":["Hologram+1","Turbo+1"],"picked":"Ball Lightning+1","floor":39},{"not_picked":["Coolheaded+1","Undo+1"],"picked":"ReplayGash","floor":41},{"not_picked":["hubris:DoWhile","Turbo"],"picked":"Go for the Eyes","floor":45},{"not_picked":["Rebound+1","ReplaySort"],"picked":"Barrage+1","floor":48}],"player_experience":154529,"relics_obtained":[{"floor":8,"key":"Blood Vial"},{"floor":9,"key":"FossilizedHelix"},{"floor":12,"key":"Anchor"},{"floor":39,"key":"Replay:Multitool"},{"floor":43,"key":"reliquary:PorcupineQuills"},{"floor":48,"key":"Shuriken"}],"event_choices":[{"damage_healed":0,"gold_gain":0,"player_choice":"Grow","damage_taken":0,"max_hp_gain":0,"max_hp_loss":0,"event_name":"Living Wall","floor":4,"gold_loss":0,"cards_upgraded":["Zap"]},{"damage_healed":0,"gold_gain":0,"player_choice":" RottenVial ","damage_taken":4,"relics_obtained":["betterAltar:BloodRelic"],"max_hp_gain":42,"max_hp_loss":38,"event_name":"betterAltar:BetterAltar","floor":22,"potions_obtained":[],"relics_lost":["Blood Vial"],"gold_loss":0},{"damage_healed":0,"gold_gain":0,"player_choice":"Adaptability","damage_taken":0,"max_hp_gain":0,"max_hp_loss":0,"event_name":"betterThird:BetterWriting","floor":24,"gold_loss":0},{"damage_healed":0,"gold_gain":0,"player_choice":"Bought 2 Potions","damage_taken":0,"max_hp_gain":0,"max_hp_loss":0,"event_name":"The Woman in Blue","floor":30,"gold_loss":0},{"damage_healed":0,"gold_gain":0,"player_choice":"Fight","damage_taken":0,"max_hp_gain":0,"max_hp_loss":0,"event_name":"MindBloom","floor":39,"gold_loss":0},{"damage_healed":0,"gold_gain":3,"player_choice":"2","damage_taken":0,"max_hp_gain":0,"max_hp_loss":16,"event_name":"betterStone:BetterStone","floor":46,"gold_loss":0},{"damage_healed":0,"gold_gain":0,"player_choice":"Paid","damage_taken":0,"relics_obtained":["Red Mask"],"max_hp_gain":0,"max_hp_loss":0,"event_name":"Tomb of Lord Red Mask","floor":47,"gold_loss":110}],"is_beta":false,"boss_relics":[{"not_picked":["hubris:VirtuousBlindfold","Cursed Key"],"picked":"Tiny House"},{"not_picked":["Replay:Drink Me","Black Star"],"picked":"FrozenCore"}],"items_purged_floors":[],"is_endless":false,"potions_floor_spawned":[5,12,13,18,29,31,36,37,39,41,48],"killed_by":"Awakened One","ascension_level":6}}