{"host":"w5o3iglp98qr199u","time":1612733660,"event":{"mods":["AchievementEnabler","BaseMod","Bestiary","Colored Map","Colored Powertips","Highlight Path","Minty Spire (QoL Compilation)","Relic Stats","StSLib","SuperFastMode"],"gold_per_floor":[115,115,133,146,157,157,186,186,186,197,197,209,269,48,48,146,146,164,184,99,111,111,111,176,151,174,174,224,224,99,118,118,223,223,235,252,302,352,502,528,528,578,578,578,76,93,93,104,104,104,104],"floor_reached":50,"language":"ENG","playtime":2459,"items_purged":["Strike_G","Study"],"score":616,"play_id":"992e3c08-ab9d-4314-8c9c-21541ecb368a","local_time":"20210207223420","is_ascension_mode":true,"campfire_choices":[{"data":"Terror","floor":6.0,"key":"SMITH"},{"data":"Noxious Fumes","floor":8.0,"key":"SMITH"},{"data":"Outmaneuver","floor":11.0,"key":"SMITH"},{"floor":15.0,"key":"REST"},{"floor":23.0,"key":"REST"},{"floor":27.0,"key":"REST"},{"floor":32.0,"key":"REST"},{"data":"Adrenaline","floor":41.0,"key":"SMITH"},{"data":"ThirdEye","floor":44.0,"key":"SMITH"},{"data":"Apotheosis","floor":47.0,"key":"SMITH"},{"data":"Fiend Fire","floor":49.0,"key":"SMITH"}],"circlet_count":0,"master_deck":["Strike_G","Strike_G","Defend_G","Defend_G","Defend_G","Survivor","Neutralize","Finisher","Accuracy","Noxious Fumes+1","Terror+1","Outmaneuver+1","All Out Attack","Flex","Adrenaline+1","Dagger Throw+1","Grand Finale+1","Choke+1","Hologram","ThirdEye+1","Armaments+1","Self Repair+1","Fiend Fire+1","Thunderclap+1","Streamline+1","Metamorphosis","Chrysalis","Apotheosis+1","Blade Dance+1"],"relics":["Runic Pyramid","Oddly Smooth Stone","Dream Catcher","Mummified Hand","PrismaticShard","Astrolabe","Strawberry","SsserpentHead","Juzu Bracelet","Enchiridion","Coffee Dripper","Frozen Egg 2","Gambling Chip","Pear","Lantern","Kunai"],"acts_visited":["Exordium","TheCity","TheBeyond"],"potions_floor_usage":[],"damage_taken":[{"damage":0.0,"enemies":"2 Louse","floor":1.0,"turns":3.0},{"damage":1.0,"enemies":"Jaw Worm","floor":3.0,"turns":5.0},{"damage":1.0,"enemies":"Cultist","floor":4.0,"turns":3.0},{"damage":1.0,"enemies":"Looter","floor":5.0,"turns":3.0},{"damage":32.0,"enemies":"3 Sentries","floor":7.0,"turns":7.0},{"damage":11.0,"enemies":"Exordium Wildlife","floor":10.0,"turns":5.0},{"damage":9.0,"enemies":"Lots of Slimes","floor":12.0,"turns":4.0},{"damage":2.0,"enemies":"Lagavulin Event","floor":13.0,"turns":4.0},{"damage":8.0,"enemies":"Slime Boss","floor":16.0,"turns":11.0},{"damage":19.0,"enemies":"3 Byrds","floor":18.0,"turns":3.0},{"damage":14.0,"enemies":"Shell Parasite","floor":19.0,"turns":3.0},{"damage":40.0,"enemies":"Shelled Parasite and Fungi","floor":21.0,"turns":8.0},{"damage":15.0,"enemies":"Snake Plant","floor":24.0,"turns":4.0},{"damage":0.0,"enemies":"3 Cultists","floor":29.0,"turns":3.0},{"damage":5.0,"enemies":"Cultist and Chosen","floor":31.0,"turns":5.0},{"damage":6.0,"enemies":"Champ","floor":33.0,"turns":7.0},{"damage":4.0,"enemies":"Orb Walker","floor":35.0,"turns":3.0},{"damage":13.0,"enemies":"3 Shapes","floor":36.0,"turns":5.0},{"damage":32.0,"enemies":"Giant Head","floor":40.0,"turns":6.0},{"damage":36.0,"enemies":"Transient","floor":46.0,"turns":5.0},{"damage":37.0,"enemies":"4 Shapes","floor":48.0,"turns":4.0},{"damage":31,"enemies":"Donu and Deca","floor":50,"turns":2}],"seed_played":"-3697270254162679062","potions_obtained":[{"floor":3.0,"key":"AttackPotion"},{"floor":4.0,"key":"SpeedPotion"},{"floor":5.0,"key":"SkillPotion"},{"floor":13.0,"key":"GhostInAJar"},{"floor":18.0,"key":"GamblersBrew"},{"floor":24.0,"key":"SmokeBomb"},{"floor":31.0,"key":"Fruit Juice"},{"floor":33.0,"key":"Weak Potion"},{"floor":35.0,"key":"Regen Potion"},{"floor":40.0,"key":"Fire Potion"},{"floor":46.0,"key":"Energy Potion"}],"is_trial":false,"path_per_floor":["M","?","M","M","M","R","E","R","T","M","R","M","?","$","R","B",null,"M","M","?","M","?","R","M","?","T","R","?","M","$","M","R","B",null,"M","M","?","?","?","E","R","?","T","R","$","M","R","M","R","B"],"character_chosen":"THE_SILENT","items_purchased":["PrismaticShard","DuplicationPotion","Lantern","Kunai","Apotheosis"],"campfire_rested":4,"item_purchase_floors":[14,30,45,45,45],"current_hp_per_floor":[70,70,69,68,67,67,35,35,35,24,24,15,13,13,34,26,70,51,37,44,4,4,27,12,12,12,35,19,19,19,14,37,46,82,82,79,69,69,69,47,47,47,57,57,57,46,46,19,19,0,0],"gold":104,"neow_bonus":"BOSS_RELIC","is_daily":false,"chose_seed":false,"campfire_upgraded":7,"win_rate":0.0,"timestamp":1612733660,"path_taken":["M","?","M","M","M","R","E","R","T","M","R","M","?","$","R","BOSS","M","M","?","M","?","R","?","?","T","R","?","M","?","M","R","BOSS","M","M","?","?","?","E","R","?","T","R","?","M","R","M","R","BOSS"],"items_purchased_type":["Relic","Potion","Relic","Relic","Card"],"build_version":"2020-12-22","purchased_purges":2,"victory":false,"max_hp_per_floor":[70,70,70,70,70,70,70,70,70,70,70,70,70,70,70,70,70,70,70,77,77,77,77,77,77,77,77,77,77,77,77,77,82,82,82,82,82,82,82,82,82,82,92,92,92,92,92,92,92,92,92],"relic_stats":{"SsserpentHead":450,"Dream Catcher":4,"counters":[22,103],"Mummified Hand":[28],"Astrolabe":["Dagger Throw","Grand Finale","Choke"],"Gambling Chip":[14],"Juzu Bracelet":3,"Kunai":[4],"obtain_stats":[{"Lantern":45,"Pear":43,"Astrolabe":17,"Oddly Smooth Stone":7,"Enchiridion":28,"Juzu Bracelet":26,"Frozen Egg 2":40,"PrismaticShard":14,"SsserpentHead":22,"Dream Catcher":9,"Mummified Hand":13,"Strawberry":20,"Gambling Chip":42,"Coffee Dripper":34,"Kunai":45,"Ring of the Snake":0,"Runic Pyramid":0},{"Lantern":19,"Pear":19,"Astrolabe":9,"Oddly Smooth Stone":5,"Enchiridion":13,"Juzu Bracelet":13,"Frozen Egg 2":19,"PrismaticShard":8,"SsserpentHead":12,"Dream Catcher":5,"Mummified Hand":8,"Strawberry":11,"Gambling Chip":19,"Coffee Dripper":16,"Kunai":19,"Ring of the Snake":0,"Runic Pyramid":0},{"Lantern":92,"Pear":92,"Astrolabe":45,"Oddly Smooth Stone":21,"Enchiridion":63,"Juzu Bracelet":63,"Frozen Egg 2":92,"PrismaticShard":34,"SsserpentHead":59,"Dream Catcher":21,"Mummified Hand":34,"Strawberry":51,"Gambling Chip":92,"Coffee Dripper":78,"Kunai":92,"Ring of the Snake":0,"Runic Pyramid":0}]},"card_choices":[{"not_picked":["Dagger Throw","Deflect"],"picked":"Finisher","floor":1.0},{"not_picked":["Dodge and Roll","All Out Attack"],"picked":"Quick Slash","floor":3.0},{"not_picked":["Skewer","PiercingWail"],"picked":"Noxious Fumes","floor":4.0},{"not_picked":["Outmaneuver","Quick Slash"],"picked":"Terror","floor":5.0},{"not_picked":["Acrobatics","Deadly Poison","Envenom"],"picked":"SKIP","floor":7.0},{"not_picked":["Sucker Punch","PiercingWail"],"picked":"Outmaneuver","floor":10.0},{"not_picked":["Underhanded Strike","Acrobatics"],"picked":"All Out Attack","floor":12.0},{"not_picked":["EmptyBody","Redo"],"picked":"Flex","floor":15.0},{"not_picked":["Buffer","Secret Weapon"],"picked":"Adrenaline","floor":16.0},{"not_picked":["PanicButton","FlyingSleeves"],"picked":"Hologram","floor":18.0},{"not_picked":["Rip and Tear","Streamline"],"picked":"Study","floor":19.0},{"not_picked":["Barrage","Bloodletting"],"picked":"Beam Cell+1","floor":21.0},{"not_picked":["Coolheaded","Choke"],"picked":"ThirdEye","floor":23.0},{"not_picked":["Hologram","Protect","Bouncing Flask"],"picked":"SKIP","floor":24.0},{"not_picked":["DeceiveReality","Cold Snap"],"picked":"Armaments+1","floor":27.0},{"not_picked":["Warcry+1","Force Field","JustLucky"],"picked":"SKIP","floor":31.0},{"not_picked":["Flash of Steel","Armaments"],"picked":"Self Repair+1","floor":32.0},{"not_picked":["Doppelganger","LessonLearned"],"picked":"Fiend Fire","floor":33.0},{"not_picked":["Dagger Spray","Burning Pact+1"],"picked":"Thunderclap+1","floor":35.0},{"not_picked":["Slice","JustLucky"],"picked":"Streamline+1","floor":36.0},{"not_picked":["Trip","Swift Strike"],"picked":"Metamorphosis","floor":37.0},{"not_picked":["Mayhem","Dramatic Entrance"],"picked":"Chrysalis","floor":37.0},{"not_picked":["Whirlwind","Prepared+1","Indignation"],"picked":"SKIP","floor":40.0},{"not_picked":["ThirdEye+1","Discovery+1"],"picked":"Blade Dance+1","floor":46.0},{"not_picked":["Slice+1","Skewer","Outmaneuver"],"picked":"SKIP","floor":48.0}],"player_experience":89962,"relics_obtained":[{"floor":7.0,"key":"Oddly Smooth Stone"},{"floor":9.0,"key":"Dream Catcher"},{"floor":13.0,"key":"Mummified Hand"},{"floor":26.0,"key":"Juzu Bracelet"},{"floor":28.0,"key":"Enchiridion"},{"floor":40.0,"key":"Frozen Egg 2"},{"floor":43.0,"key":"Pear"}],"event_choices":[{"damage_healed":0.0,"max_hp_gain":0.0,"max_hp_loss":0.0,"gold_gain":0.0,"cards_transformed":["Strike_G"],"event_name":"Living Wall","player_choice":"Change","floor":2.0,"gold_loss":0.0,"damage_taken":0.0,"cards_obtained":["Accuracy"]},{"damage_healed":0.0,"max_hp_gain":0.0,"max_hp_loss":0.0,"gold_gain":0.0,"event_name":"Dead Adventurer","player_choice":"Searched \u00271\u0027 times","floor":13.0,"gold_loss":0.0,"damage_taken":0.0},{"damage_healed":0.0,"max_hp_gain":0.0,"max_hp_loss":0.0,"gold_gain":0.0,"event_name":"Addict","player_choice":"Obtained Relic","floor":20.0,"gold_loss":85.0,"damage_taken":0.0,"relics_obtained":["Strawberry"]},{"damage_healed":0.0,"max_hp_gain":0.0,"max_hp_loss":0.0,"gold_gain":0.0,"event_name":"FaceTrader","player_choice":"Trade","floor":22.0,"gold_loss":0.0,"damage_taken":0.0,"relics_obtained":["SsserpentHead"]},{"cards_removed":["Beam Cell"],"damage_healed":0.0,"max_hp_gain":0.0,"max_hp_loss":0.0,"gold_gain":0.0,"event_name":"Beggar","player_choice":"Gave Gold","floor":25.0,"gold_loss":75.0,"damage_taken":0.0},{"damage_healed":0.0,"max_hp_gain":0.0,"max_hp_loss":0.0,"gold_gain":0.0,"event_name":"Cursed Tome","player_choice":"Obtained Book","floor":28.0,"gold_loss":0.0,"damage_taken":16.0},{"damage_healed":0.0,"max_hp_gain":0.0,"max_hp_loss":0.0,"gold_gain":0.0,"event_name":"SensoryStone","player_choice":"Memory 3","floor":37.0,"gold_loss":0.0,"damage_taken":10.0},{"damage_healed":0.0,"max_hp_gain":0.0,"max_hp_loss":0.0,"gold_gain":0.0,"event_name":"SecretPortal","player_choice":"Ignored","floor":38.0,"gold_loss":0.0,"damage_taken":0.0},{"damage_healed":0.0,"max_hp_gain":0.0,"max_hp_loss":0.0,"gold_gain":100.0,"event_name":"Golden Shrine","player_choice":"Pray","floor":39.0,"gold_loss":0.0,"damage_taken":0.0},{"cards_removed":["Quick Slash"],"damage_healed":0.0,"max_hp_gain":0.0,"max_hp_loss":0.0,"gold_gain":0.0,"event_name":"WeMeetAgain","player_choice":"Gave Card","floor":42.0,"gold_loss":0.0,"damage_taken":0.0,"relics_obtained":["Gambling Chip"]}],"is_beta":false,"boss_relics":[{"not_picked":["WristBlade","Tiny House"],"picked":"Astrolabe"},{"not_picked":["Calling Bell","Empty Cage"],"picked":"Coffee Dripper"}],"items_purged_floors":[14,30],"is_endless":false,"potions_floor_spawned":[3,4,5,10,13,18,24,31,33,35,40,46],"killed_by":"Donu and Deca","ascension_level":4}}