{"host":"9sljmwdfk42tzqyu","time":1612680259,"event":{"mods":["BaseMod","Downfall","Hubris","Minty Spire (QoL Compilation)","Replay The Spire","Shop Mod","StSLib"],"gold_per_floor":[99,119,52,83,76,105,131,31,67,91,266,266,266,266,287,287,287,287],"floor_reached":16,"language":"ENG","playtime":2018,"items_purged":[],"score":94,"play_id":"9e175793-1223-4cd6-a249-4bb3bf81cdde","local_time":"20210207014419","is_ascension_mode":false,"campfire_choices":[{"floor":1.0,"key":"RECALL"},{"floor":8.0,"key":"REST"}],"circlet_count":0,"master_deck":["hexamod:Strike","hexamod:Strike","hexamod:Strike+1","hexamod:Strike","hexamod:Defend","hexamod:Defend+1","hexamod:Defend","hexamod:Defend","hexamod:Sear","hexamod:Float+1","hexamod:PhantomFireball","hexamod:FourthSeal","hexamod:SecondSeal","hexamod:SecondSeal","hexamod:SkipABeat+1","hexamod:SixthSeal","hexamod:RadiantFlame","hexamod:RetreatToShadows","Doubt"],"relics":["hubris:Backtick","hubris:64BitClover","Replay:Wax Seal","downfall:HeartBlessingRed","hubris:Icosahedron","Bag of Marbles","Lizard Tail"],"acts_visited":["Exordium"],"potions_floor_usage":[16],"damage_taken":[{"damage":1.0,"enemies":"Cultist","floor":2.0,"turns":4.0},{"damage":5.0,"enemies":"downfall:FleeingMerchant","floor":3.0,"turns":4.0},{"damage":6.0,"enemies":"Jaw Worm","floor":4.0,"turns":3.0},{"damage":5.0,"enemies":"downfall:FleeingMerchant","floor":5.0,"turns":4.0},{"damage":12.0,"enemies":"2 Louse","floor":6.0,"turns":3.0},{"damage":0.0,"enemies":"Large Slime","floor":9.0,"turns":5.0},{"damage":10.0,"enemies":"Exordium Wildlife","floor":10.0,"turns":4.0},{"damage":4.0,"enemies":"Exordium Thugs","floor":12.0,"turns":2.0},{"damage":20.0,"enemies":"2 Fungi Beasts","floor":15.0,"turns":4.0},{"damage":67,"enemies":"IC_STATUS_ARCHETYPE","floor":16,"turns":10}],"seed_played":"4878159080554435360","potions_obtained":[{"floor":5.0,"key":"Adrenaline Potion"},{"floor":6.0,"key":"Ancient Potion"},{"floor":6.0,"key":"Toxic Potion"},{"floor":9.0,"key":"Weak Potion"},{"floor":10.0,"key":"SmokeBomb"},{"floor":10.0,"key":"Venom Potion"}],"is_trial":false,"path_per_floor":["R","M","$","M","$","M","T","R","M","M","?","M","?","?","M","B"],"character_chosen":"THE_SPIRIT","items_purchased":["hexamod:SecondSeal"],"campfire_rested":1,"item_purchase_floors":[3],"current_hp_per_floor":[70,69,64,58,53,41,41,62,62,52,52,48,48,30,10,0,0,0],"gold":287,"neow_bonus":"BOSS_RELIC","is_daily":false,"chose_seed":false,"campfire_upgraded":0,"win_rate":0.0,"timestamp":1612680259,"path_taken":["R","M","$","M","$","M","T","R","M","?","?","M","?","?","M","BOSS"],"items_purchased_type":["Card"],"build_version":"2020-12-22","purchased_purges":0,"victory":false,"max_hp_per_floor":[70,70,70,70,70,70,70,70,70,70,70,70,70,70,70,70,70,70],"card_choices":[{"not_picked":["hexamod:Firestarter","hexamod:ShieldOfDarkness"],"picked":"hexamod:PhantomFireball","floor":2.0},{"not_picked":["hexamod:BacktrackSmack","hexamod:SpectersWail"],"picked":"hexamod:FourthSeal","floor":3.0},{"not_picked":["hexamod:InspiringFlames","hexamod:ChargedBarrage"],"picked":"hexamod:SkipABeat","floor":4.0},{"not_picked":["hexamod:Hexaguard","hexamod:PhantomFireball"],"picked":"hexamod:SixthSeal","floor":5.0},{"not_picked":["hexamod:AdvancingGuard","hexamod:GhostShield","hexamod:Firestarter"],"picked":"SKIP","floor":6.0},{"not_picked":["hexamod:Firestarter","hexamod:GhostShield"],"picked":"hexamod:RadiantFlame","floor":9.0},{"not_picked":["hexamod:ShieldOfDarkness","hexamod:SwordOfDarkness"],"picked":"hexamod:RetreatToShadows","floor":10.0},{"not_picked":["hexamod:NightmareStrike","hexamod:HauntingEcho","hexamod:GhostLash"],"picked":"SKIP","floor":15.0}],"player_experience":346250,"relics_obtained":[{"floor":7.0,"key":"Replay:Wax Seal"},{"floor":15.0,"key":"Lizard Tail"}],"event_choices":[{"damage_healed":0.0,"max_hp_gain":0.0,"max_hp_loss":0.0,"gold_gain":0.0,"event_name":"Scrap Ooze","player_choice":"Success","floor":14.0,"gold_loss":0.0,"damage_taken":18.0,"relics_obtained":["Bag of Marbles"]}],"is_beta":false,"boss_relics":[],"items_purged_floors":[],"is_endless":false,"potions_floor_spawned":[6,9,10],"killed_by":"IC_STATUS_ARCHETYPE","ascension_level":0}}