{"host":"Doisman","time":1612723897,"event":{"mods":["AchievementEnabler","BaseMod","Better Note","Curses Come First","Minty Spire (QoL Compilation)","Permanent Neow","Relic Stats","Replay The Spire","StSLib"],"gold_per_floor":[110,110,124,23,34,34,62,62,62,16,36,211,69,129,129,228,228,245,205,43,143,158,188,199,227,227,258,258,258,258,278,278,374,374,389,37,37,37,54,54,79,79,103,103,122,72,82,98,98,98],"floor_reached":51,"language":"ENG","playtime":2610,"items_purged":["Doubt","Strike_G","Strike_G","Strike_G"],"score":790,"play_id":"2e28d711-39e8-4e7c-b563-45196ceef1cb","local_time":"20210207125137","is_ascension_mode":true,"campfire_choices":[{"data":"Riddle With Holes","floor":6,"key":"SMITH"},{"floor":8,"key":"REST"},{"data":"Overencumbered","floor":15,"key":"PURGE"},{"data":"Draining Mist","floor":28,"key":"SMITH"},{"data":"Footwork","floor":32,"key":"SMITH"},{"data":"Noxious Fumes","floor":40,"key":"SMITH"},{"data":"Leg Sweep","floor":44,"key":"SMITH"},{"data":"Strike_G","floor":49,"key":"PURGE"}],"circlet_count":0,"master_deck":["Strike_G","Defend_G","Defend_G","Defend_G","Defend_G","Survivor","Neutralize","Blur","Infinite Blades","Dagger Spray","Riddle With Holes+1","Draining Mist+1","Apotheosis","Fluid Movement","Noxious Fumes+1","Tools of the Trade","Envenom","Footwork+1","Backflip+1","Draining Mist+1","Backflip+1","Bouncing Flask+1","Corpse Explosion","Underhanded Strike","After Image","Leg Sweep+1","After Image","After Image"],"relics":["Snecko Eye","Bird Faced Urn","Peace Pipe","ReplayTheSpireMod:CursedCoin","Smiling Mask","Sozu","Gambling Chip","ReplayFunnel","Ornamental Fan","Nunchaku","Ring of Chaos","Snake Skull","MealTicket","Replay:Mystery Machine"],"acts_visited":["Exordium","TheCity","TheBeyond"],"potions_floor_usage":[7,7,23],"damage_taken":[{"damage":10,"enemies":"Jaw Worm","floor":1,"turns":5},{"damage":24,"enemies":"Cultist","floor":3,"turns":8},{"damage":0,"enemies":"Small Slimes","floor":5,"turns":3},{"damage":10,"enemies":"Gremlin Nob","floor":7,"turns":3},{"damage":3,"enemies":"3 Louse","floor":11,"turns":4},{"damage":8,"enemies":"3 Sentries","floor":14,"turns":7},{"damage":0,"enemies":"Fading Forest","floor":16,"turns":11},{"damage":9,"enemies":"Shell Parasite","floor":18,"turns":6},{"damage":0,"enemies":"Spheric Guardian","floor":22,"turns":2},{"damage":11,"enemies":"Gremlin Leader","floor":23,"turns":6},{"damage":7,"enemies":"Snake Plant","floor":24,"turns":3},{"damage":1,"enemies":"Book of Stabbing","floor":25,"turns":7},{"damage":15,"enemies":"Slavers","floor":27,"turns":4},{"damage":0,"enemies":"Chosen and Byrds","floor":31,"turns":5},{"damage":0,"enemies":"Champ","floor":33,"turns":11},{"damage":1,"enemies":"3 Shapes","floor":35,"turns":4},{"damage":0,"enemies":"Orb Walker","floor":39,"turns":3},{"damage":0,"enemies":"Giant Head","floor":41,"turns":7},{"damage":6,"enemies":"3 Darklings","floor":45,"turns":4},{"damage":14,"enemies":"Sphere and 2 Shapes","floor":47,"turns":8},{"damage":0,"enemies":"Writhing Mass","floor":48,"turns":6},{"damage":0,"enemies":"Replay:Hell Engine","floor":50,"turns":11}],"seed_played":"-5362573955065201257","potions_obtained":[{"floor":1,"key":"Poison Potion"},{"floor":5,"key":"Poison Potion"},{"floor":14,"key":"Weak Potion"},{"floor":16,"key":"FairyPotion"}],"is_trial":false,"path_per_floor":["M","?","M","$","M","R","E","R","T","$","M","?","$","?","R","B",null,"M","?","$","?","M","E","M","E","T","E","R","?","?","M","R","B",null,"M","$","?","?","M","R","E","?","T","R","M","$","M","M","R","B",null],"character_chosen":"THE_SILENT","items_purchased":["Infinite Blades","Dagger Spray","ReplayTheSpireMod:CursedCoin","Apotheosis","Noxious Fumes","Backflip+1","Draining Mist","Snake Skull","After Image"],"campfire_rested":1,"item_purchase_floors":[4,4,10,10,13,20,20,36,36],"current_hp_per_floor":[60,60,36,36,36,36,26,47,47,47,44,44,44,42,42,52,70,63,63,63,63,67,68,67,70,70,63,63,63,63,70,70,70,70,70,70,70,66,66,66,66,66,66,66,66,66,60,66,66,66],"gold":98,"neow_bonus":"BOSS_RELIC","is_daily":false,"chose_seed":false,"campfire_upgraded":5,"win_rate":0.0,"timestamp":1612723897,"path_taken":["M","?","M","$","?","R","E","R","T","?","M","?","$","?","R","BOSS","M","?","$","?","M","E","?","E","T","E","R","?","?","M","R","BOSS","M","$","?","?","M","R","E","?","T","R","M","$","M","M","R","BOSS"],"items_purchased_type":["Card","Card","Relic","Card","Card","Card","Card","Relic","Card"],"build_version":"2020-12-18","purchased_purges":4,"victory":true,"max_hp_per_floor":[70,70,70,70,70,70,70,70,70,70,70,70,70,70,70,70,70,70,70,70,70,70,70,70,70,70,70,70,70,70,70,70,70,70,70,70,70,66,66,66,66,66,66,66,66,66,66,66,66,66],"relic_stats":{"Peace Pipe":2,"Sozu":9,"Nunchaku":[9],"counters":[22,128],"Ornamental Fan":[48],"Bird Faced Urn":[80],"Gambling Chip":[33],"Snecko Eye":[251,244,245,267],"MealTicket":0,"Snake Skull":[124],"Smiling Mask":225,"obtain_stats":[{"ReplayFunnel":25,"ReplayTheSpireMod:CursedCoin":10,"Ring of Chaos":34,"Snake Skull":36,"Replay:Mystery Machine":43,"Smiling Mask":14,"Peace Pipe":9,"Sozu":17,"Nunchaku":27,"Ornamental Fan":26,"Bird Faced Urn":7,"Gambling Chip":23,"Snecko Eye":0,"MealTicket":41,"Ring of the Snake":0},{"ReplayFunnel":12,"ReplayTheSpireMod:CursedCoin":4,"Ring of Chaos":15,"Snake Skull":16,"Replay:Mystery Machine":18,"Smiling Mask":6,"Peace Pipe":4,"Sozu":7,"Nunchaku":13,"Ornamental Fan":12,"Bird Faced Urn":4,"Gambling Chip":10,"Snecko Eye":0,"MealTicket":18,"Ring of the Snake":0},{"ReplayFunnel":65,"ReplayTheSpireMod:CursedCoin":19,"Ring of Chaos":85,"Snake Skull":89,"Replay:Mystery Machine":99,"Smiling Mask":30,"Peace Pipe":19,"Sozu":41,"Nunchaku":69,"Ornamental Fan":65,"Bird Faced Urn":19,"Gambling Chip":55,"Snecko Eye":0,"MealTicket":99,"Ring of the Snake":0}]},"card_choices":[{"not_picked":["ReplayTheSpireMod:Scrap Shanks","Hidden Blade","Bane"],"picked":"SKIP","floor":1},{"not_picked":["Bane","PiercingWail","Endless Agony"],"picked":"SKIP","floor":3},{"not_picked":["ReplayTheSpireMod:The Works","Cloak And Dagger"],"picked":"Riddle With Holes","floor":5},{"not_picked":["Well Laid Plans","Poisoned Stab"],"picked":"Draining Mist","floor":7},{"not_picked":["Cloak And Dagger","Dodge and Roll"],"picked":"Fluid Movement","floor":11},{"not_picked":["Reflex","Setup"],"picked":"Tools of the Trade","floor":14},{"not_picked":["Phantasmal Killer","Storm of Steel"],"picked":"Envenom","floor":16},{"not_picked":["Blade Dance","Flying Knee"],"picked":"Footwork","floor":18},{"not_picked":["Deflect+1","Grand Finale"],"picked":"Backflip+1","floor":22},{"not_picked":["Outmaneuver","Unload"],"picked":"Bouncing Flask+1","floor":23},{"not_picked":["Catalyst+1","PiercingWail","Backflip"],"picked":"SKIP","floor":24},{"not_picked":["Slice","Backstab"],"picked":"Corpse Explosion","floor":25},{"not_picked":["Backflip","Sucker Punch","Bane"],"picked":"SKIP","floor":27},{"not_picked":["Flying Knee","PiercingWail"],"picked":"Underhanded Strike","floor":31},{"not_picked":["Replay:Bag of Tricks","Unload"],"picked":"After Image","floor":33},{"not_picked":["Slice","Setup+1"],"picked":"Leg Sweep","floor":35},{"not_picked":["Quick Slash+1","Outmaneuver+1","Acrobatics"],"picked":"SKIP","floor":39},{"not_picked":["Accuracy","Storm of Steel","Blade Dance"],"picked":"SKIP","floor":41},{"not_picked":["ReplayTheSpireMod:Speed Training+1","Dagger Throw","All Out Attack"],"picked":"SKIP","floor":45},{"not_picked":["Catalyst+1","Hidden Blade+1","Dagger Spray+1"],"picked":"SKIP","floor":47},{"not_picked":["Sucker Punch+1","Dagger Spray+1"],"picked":"After Image","floor":48}],"player_experience":1085337,"relics_obtained":[{"floor":7,"key":"Bird Faced Urn"},{"floor":9,"key":"Peace Pipe"},{"floor":14,"key":"Smiling Mask"},{"floor":23,"key":"Gambling Chip"},{"floor":25,"key":"ReplayFunnel"},{"floor":26,"key":"Ornamental Fan"},{"floor":27,"key":"Nunchaku"},{"floor":41,"key":"MealTicket"},{"floor":43,"key":"Replay:Mystery Machine"}],"event_choices":[{"damage_healed":0,"gold_gain":0,"player_choice":"1 cards matched","damage_taken":0,"max_hp_gain":0,"max_hp_loss":0,"event_name":"Match and Keep!","floor":2,"gold_loss":0,"cards_obtained":["Blur"]},{"damage_healed":0,"gold_gain":175,"player_choice":"AGREE","damage_taken":0,"max_hp_gain":0,"max_hp_loss":0,"event_name":"Liars Game","floor":12,"gold_loss":0,"cards_obtained":["Doubt"]},{"damage_healed":0,"gold_gain":0,"player_choice":"Searched \u00272\u0027 times","damage_taken":0,"max_hp_gain":0,"max_hp_loss":0,"event_name":"Dead Adventurer","floor":14,"gold_loss":0},{"damage_healed":0,"gold_gain":0,"player_choice":"Upgrade","damage_taken":0,"max_hp_gain":0,"max_hp_loss":0,"event_name":"Designer","floor":19,"gold_loss":40,"cards_upgraded":["Draining Mist"]},{"damage_healed":0,"gold_gain":100,"player_choice":"Pray","damage_taken":0,"max_hp_gain":0,"max_hp_loss":0,"event_name":"Golden Shrine","floor":21,"gold_loss":0},{"damage_healed":0,"gold_gain":0,"player_choice":"Bought 0 Potions","damage_taken":0,"max_hp_gain":0,"max_hp_loss":0,"event_name":"The Woman in Blue","floor":29,"gold_loss":0},{"damage_healed":0,"gold_gain":0,"player_choice":"Ignored","damage_taken":0,"max_hp_gain":0,"max_hp_loss":0,"event_name":"Ghosts","floor":30,"gold_loss":0},{"cards_removed":["Defend_G"],"damage_healed":0,"gold_gain":0,"player_choice":"Removed Skill","damage_taken":0,"max_hp_gain":0,"max_hp_loss":0,"event_name":"Falling","floor":37,"gold_loss":0},{"damage_healed":0,"gold_gain":0,"player_choice":"Max HP","damage_taken":0,"max_hp_gain":0,"max_hp_loss":4,"event_name":"Winding Halls","floor":38,"gold_loss":0},{"damage_healed":0,"gold_gain":0,"player_choice":"Got Potions","damage_taken":0,"max_hp_gain":0,"max_hp_loss":0,"event_name":"Lab","floor":42,"gold_loss":0}],"is_beta":true,"boss_relics":[{"not_picked":["Painkiller Herb","Busted Crown"],"picked":"Sozu"},{"not_picked":["SacredBark","Fusion Hammer"],"picked":"Ring of Chaos"}],"items_purged_floors":[13,20,36,46],"is_endless":false,"potions_floor_spawned":[1,5,14,16,23,24,33,35,39,47],"ascension_level":1}}