{"host":"9qgbal69wq5palas","time":1612703393,"event":{"mods":["2.2 Compatiblity","Abigail Mod","AchievementEnabler","Act Like it!","Aspiration","Astrologer","Bartender","BaseMod","Better Altar","Better Note","Better Skull","Better Third Choice","Colored Powertips","Hallownest","Hermit","Highlight Path","Hubris","Infinite Spire","Jorbs\u0027s Wanderer Trilogy","Koishi","Lobotomy","Minty Spire (QoL Compilation)","Potionbrewer","Quick Restart","Random Character Button","Replay The Spire","Shade Mod","Shop Mod","Spicy Shops","StSLib","The Animator","The Bug Knight","The Cursed","The Disciple","The Exalted","The Hierophant","The Necromancer","The Servant 0.9.4","Wandering Minibosses"],"gold_per_floor":[110,128,13,28,42,74,100,100,100,126,142,155,188,188,188,188,188],"floor_reached":16,"language":"ENG","playtime":693,"items_purged":["SpecialBullet"],"score":149,"play_id":"3d758446-ed9d-4685-b899-3326d8448b79","local_time":"20210207140953","is_ascension_mode":true,"campfire_choices":[{"data":"Christmas","floor":8,"key":"SMITH"},{"data":"Regret_ego","floor":15,"key":"SMITH"}],"circlet_count":0,"master_deck":["SpecialBullet","SpecialBullet","SpecialBullet","SpecialBullet","SpecialBullet","SpecialBullet","RecordCode","InformationCode","SecurityCode","Diffraction","Scorched","Noise","Christmas+1","Lantern","CUTE","Bloodbath","CherryBlossom","UniverseFragment","CherryBlossom","Noise","GreedKing","Spore","Regret_ego+1"],"relics":["CogitoBucket","RabbitCall","NeowsBlessing","MealTicket","Mercury Hourglass","Potion Belt","Theresia","Replay:Wax Seal"],"acts_visited":["Exordium"],"potions_floor_usage":[13,16,16,16],"damage_taken":[{"damage":0,"enemies":"Jaw Worm","floor":1,"turns":1},{"damage":0,"enemies":"2 Louse","floor":2,"turns":1},{"damage":0,"enemies":"Small Slimes","floor":4,"turns":1},{"damage":6,"enemies":"Exordium Thugs","floor":5,"turns":3},{"damage":25,"enemies":"Large Slime","floor":6,"turns":4},{"damage":27,"enemies":"3 Sentries","floor":7,"turns":5},{"damage":21,"enemies":"Replay:BlueRogue","floor":10,"turns":4},{"damage":16,"enemies":"2 Fungi Beasts","floor":11,"turns":2},{"damage":11,"enemies":"Exordium Thugs","floor":12,"turns":1},{"damage":23,"enemies":"3 Sentries","floor":13,"turns":4},{"damage":39,"enemies":"Hexaghost","floor":16,"turns":5}],"seed_played":"4966254290491705379","potions_obtained":[{"floor":4,"key":"potionbrewer:BoundlessPotion"},{"floor":7,"key":"Weak Potion"},{"floor":11,"key":"potionbrewer:MidasPotion"},{"floor":12,"key":"DuplicationPotion"},{"floor":13,"key":"potionbrewer:HastePotion"}],"is_trial":false,"path_per_floor":["M","M","$","M","M","M","E","R","T","E","M","M","E","?","R","B"],"character_chosen":"Angela","items_purchased":["Christmas"],"campfire_rested":0,"item_purchase_floors":[3],"current_hp_per_floor":[70,70,70,70,70,56,43,43,43,36,34,39,30,23,23,0,0],"gold":188,"neow_bonus":"THREE_ENEMY_KILL","is_daily":false,"chose_seed":false,"campfire_upgraded":2,"win_rate":0.0,"timestamp":1612703393,"path_taken":["M","M","$","M","M","M","E","R","T","E","M","M","E","?","R","BOSS"],"items_purchased_type":["Card"],"build_version":"2020-12-22","purchased_purges":1,"victory":false,"max_hp_per_floor":[70,70,70,70,70,70,70,70,70,70,70,70,70,70,70,70,70],"card_choices":[{"not_picked":["Horn"],"picked":"Diffraction","floor":1},{"not_picked":["LongBird","FairyFestival"],"picked":"Scorched","floor":2},{"not_picked":["BearPaw"],"picked":"Noise","floor":2},{"not_picked":["Wingbeat"],"picked":"Lantern","floor":4},{"not_picked":["Tough"],"picked":"CUTE","floor":5},{"not_picked":["Pinks","Wingbeat"],"picked":"SKIP","floor":6},{"not_picked":["PunishingBird","HappyTeddy"],"picked":"Bloodbath","floor":7},{"not_picked":["RedEyes"],"picked":"CherryBlossom","floor":7},{"not_picked":["SpiderBud","WhitesApple"],"picked":"UniverseFragment","floor":10},{"not_picked":["Justitia"],"picked":"CherryBlossom","floor":10},{"not_picked":["WristCuter"],"picked":"Noise","floor":11},{"not_picked":["BeautyBeast","QueenOfHatred"],"picked":"GreedKing","floor":12},{"not_picked":["Penitence"],"picked":"Spore","floor":12},{"not_picked":["SwordSharpenedByTears"],"picked":"Regret_ego","floor":13}],"player_experience":2733689,"relics_obtained":[{"floor":7,"key":"MealTicket"},{"floor":9,"key":"Mercury Hourglass"},{"floor":10,"key":"Potion Belt"},{"floor":13,"key":"Replay:Wax Seal"}],"event_choices":[{"cards_removed":["SpecialBullet"],"damage_healed":0,"gold_gain":0,"player_choice":"Card Removal","damage_taken":7,"max_hp_gain":0,"max_hp_loss":0,"event_name":"Golden Wing","floor":14,"gold_loss":0}],"is_beta":false,"boss_relics":[],"items_purged_floors":[3],"is_endless":false,"potions_floor_spawned":[4,7,11,12,13],"killed_by":"Hexaghost","ascension_level":4}}