{"host":"u0hb5we0hmj7y3yv","time":1612706633,"event":{"mods":["BaseMod","Colored Powertips","Conspire","KinomotoSakuraMod(Ä¾Ö®±¾Ó£)","Minty Spire (QoL Compilation)"],"gold_per_floor":[115,6,81,98,111,140,140,159,159,178,211,136,169,183,183,256,256,268,268,288,338,350,385,403,438,438,473,473,506,506,537,537,611,611,630,650,256,270,288,318,318,351,428,454,464,70,70,80,80,80,80,80,7,41,41],"floor_reached":56,"language":"ZHS","playtime":3731,"items_purged":["Normality","Writhe","ClowCardTheShield"],"score":2487,"play_id":"b2d79ebb-3778-4c16-b55a-c9521d41efe0","local_time":"20210207220353","is_ascension_mode":true,"campfire_choices":[{"data":"ClowCardTheWatery","floor":7.0,"key":"SMITH"},{"data":"ClowCardTheWave","floor":15.0,"key":"SMITH"},{"data":"ClowCardTheSnow","floor":28.0,"key":"SMITH"},{"floor":30.0,"key":"REST"},{"data":"ClowCardTheLight","floor":32.0,"key":"SMITH"},{"data":"ClowCardTheLoop","floor":41.0,"key":"SMITH"},{"floor":49.0,"key":"RECALL"},{"data":"ClowCardTheFight","floor":52.0,"key":"SMITH"}],"circlet_count":0,"master_deck":["SakuraCardTheBig+","SakuraCardTheShield+","SakuraCardTheSword+","AscendersBane","ClowCardTheSword","ClowCardTheShield","SpellCardSeal","SpellCardRelease","ClowCardTheTwin","ClowCardTheDark","ClowCardTheSweet","ClowCardTheWave+1","ClowCardTheWatery+1","ClowCardTheWindy+1","ClowCardTheMove","ClowCardTheDash","ClowCardTheLoop+1","ClowCardTheFly","ClowCardTheLight+1","ClowCardTheDream","ClowCardTheFloat","ClowCardTheSleep","ClowCardTheFight+1","ClowCardTheSnow+1","ClowCardTheFly","ClowCardTheFlower","ClowCardTheDash","ClowCardTheRain+1","ClowCardTheFlower+1","ClowCardTheMirror+1","ClowCardTheBig+1","ClowCardTheGlow+1","ClowCardTheDash+1","ClowCardTheWave+1","ClowCardTheCloud+1","ClowCardTheBig+1"],"relics":["KSMOD_SealedBook","KSMOD_SealedWand","Art of War","Letter Opener","conspire:InfiniteJournal","War Paint","Black Star","Singing Bowl","Lizard Tail","Torii","Tiny Chest","Pear","conspire:Flyswatter","Lantern","Frozen Egg 2","Oddly Smooth Stone","Kunai","Ginger","Eternal Feather","Philosopher\u0027s Stone","Toxic Egg 2","PreservedInsect","Ornamental Fan","Sundial","Nunchaku","conspire:DecoderRing","conspire:DeflatedDodgeball","Medical Kit","Mummified Hand","Orichalcum","Bag of Marbles"],"acts_visited":["Exordium","TheCity","TheBeyond","TheEnding"],"potions_floor_usage":[55],"damage_taken":[{"damage":8.0,"enemies":"Small Slimes","floor":1.0,"turns":4.0},{"damage":5.0,"enemies":"2 Louse","floor":4.0,"turns":3.0},{"damage":4.0,"enemies":"Jaw Worm","floor":5.0,"turns":4.0},{"damage":16.0,"enemies":"3 Sentries","floor":6.0,"turns":9.0},{"damage":18.0,"enemies":"Blue Slaver","floor":8.0,"turns":5.0},{"damage":0.0,"enemies":"Lots of Slimes","floor":10.0,"turns":1.0},{"damage":0.0,"enemies":"Lagavulin","floor":11.0,"turns":3.0},{"damage":6.0,"enemies":"3 Sentries","floor":13.0,"turns":3.0},{"damage":8.0,"enemies":"Red Slaver","floor":14.0,"turns":2.0},{"damage":4.0,"enemies":"Hexaghost","floor":16.0,"turns":5.0},{"damage":3.0,"enemies":"3 Byrds","floor":18.0,"turns":4.0},{"damage":3.0,"enemies":"Chosen","floor":20.0,"turns":2.0},{"damage":17.0,"enemies":"Centurion and Healer","floor":22.0,"turns":5.0},{"damage":14.0,"enemies":"Slavers","floor":23.0,"turns":4.0},{"damage":1.0,"enemies":"Snecko","floor":24.0,"turns":3.0},{"damage":0.0,"enemies":"Book of Stabbing","floor":25.0,"turns":5.0},{"damage":29.0,"enemies":"Slavers","floor":27.0,"turns":5.0},{"damage":26.0,"enemies":"Gremlin Leader","floor":29.0,"turns":6.0},{"damage":20.0,"enemies":"Slavers","floor":31.0,"turns":6.0},{"damage":11.0,"enemies":"conspire:MysteriousRune","floor":33.0,"turns":6.0},{"damage":23.0,"enemies":"3 Darklings","floor":35.0,"turns":7.0},{"damage":12.0,"enemies":"3 Shapes","floor":36.0,"turns":13.0},{"damage":0.0,"enemies":"Maw","floor":38.0,"turns":5.0},{"damage":0.0,"enemies":"Writhing Mass","floor":39.0,"turns":2.0},{"damage":0.0,"enemies":"Giant Head","floor":40.0,"turns":5.0},{"damage":19.0,"enemies":"Reptomancer","floor":42.0,"turns":4.0},{"damage":14.0,"enemies":"Giant Head","floor":44.0,"turns":3.0},{"damage":0.0,"enemies":"Sphere and 2 Shapes","floor":45.0,"turns":3.0},{"damage":0.0,"enemies":"3 Darklings","floor":48.0,"turns":1.0},{"damage":0.0,"enemies":"Donu and Deca","floor":50.0,"turns":3.0},{"damage":8,"enemies":"Shield and Spear","floor":54,"turns":3},{"damage":31,"enemies":"The Heart","floor":55,"turns":5}],"seed_played":"-5696972723167410010","potions_obtained":[{"floor":1.0,"key":"Energy Potion"},{"floor":6.0,"key":"Swift Potion"},{"floor":11.0,"key":"SteroidPotion"},{"floor":14.0,"key":"PowerPotion"},{"floor":18.0,"key":"Explosive Potion"},{"floor":22.0,"key":"SpeedPotion"},{"floor":25.0,"key":"SteroidPotion"},{"floor":29.0,"key":"LiquidMemories"},{"floor":31.0,"key":"Regen Potion"},{"floor":38.0,"key":"SkillPotion"},{"floor":44.0,"key":"GamblersBrew"},{"floor":45.0,"key":"FearPotion"}],"is_trial":false,"path_per_floor":["M","$","?","M","M","E","R","M","T","M","E","?","E","M","R","B",null,"M","?","M","?","M","E","M","E","T","E","R","E","R","E","R","B",null,"M","M","$","M","M","E","R","E","T","E","M","$","T","M","R","B",null,"R","$","E","B",null],"character_chosen":"KINOMOTOSAKURA","items_purchased":["ClowCardTheWave","Toxic Egg 2","ClowCardTheFlower+1","ClowCardTheWave+1","Medical Kit","ClowCardTheCloud+1","GamblersBrew"],"campfire_rested":1,"item_purchase_floors":[2,37,37,46,46,46,53],"current_hp_per_floor":[51,51,40,42,43,32,32,19,19,24,29,29,23,15,15,21,54,56,56,55,55,48,39,38,48,48,31,31,15,38,23,38,47,71,48,81,81,81,81,83,83,83,83,71,81,81,81,83,87,87,87,87,87,84,58],"gold":41,"neow_bonus":"TRANSFORM_TWO_CARDS","is_daily":false,"chose_seed":false,"campfire_upgraded":6,"win_rate":0.0,"timestamp":1612706633,"path_taken":["M","$","?","M","M","E","R","M","T","M","E","?","E","M","R","BOSS","M","?","M","?","M","E","M","E","T","E","R","E","R","E","R","BOSS","M","M","$","M","M","E","R","E","T","E","M","$","?","?","R","BOSS","R","$","E","BOSS"],"items_purchased_type":["Card","Relic","Card","Card","Relic","Card","Potion"],"build_version":"2020-12-22","purchased_purges":3,"victory":true,"max_hp_per_floor":[65,65,65,65,65,65,65,65,65,65,65,65,65,65,65,65,65,65,65,67,67,67,67,67,77,77,79,79,79,79,79,79,79,79,79,81,81,81,81,83,83,83,83,85,85,85,85,87,87,87,87,87,87,87,87],"card_choices":[{"not_picked":["ClowCardThePower","ClowCardTheShot"],"picked":"ClowCardTheSweet","floor":1.0},{"not_picked":["ClowCardTheSweet","ClowCardTheMirror"],"picked":"ClowCardTheWatery","floor":4.0},{"not_picked":["ClowCardTheShot","ClowCardTheShadow"],"picked":"ClowCardTheWindy","floor":5.0},{"not_picked":["ClowCardTheSnow","ClowCardTheVoice"],"picked":"ClowCardTheBig","floor":6.0},{"not_picked":["ClowCardTheMist","ClowCardTheShadow"],"picked":"ClowCardTheMove","floor":8.0},{"not_picked":["ClowCardTheIllusion","ClowCardThePower","ClowCardTheLock"],"picked":"SKIP","floor":10.0},{"not_picked":["ClowCardTheBig","ClowCardTheChange"],"picked":"ClowCardTheDash","floor":11.0},{"not_picked":["ClowCardTheReturn","ClowCardTheWood"],"picked":"ClowCardTheLoop","floor":13.0},{"not_picked":["ClowCardTheLibra","ClowCardTheBig"],"picked":"ClowCardTheFly","floor":14.0},{"not_picked":["ClowCardTheThrough","ClowCardTheTime"],"picked":"ClowCardTheLight","floor":16.0},{"not_picked":["ClowCardTheSand","ClowCardTheIllusion"],"picked":"ClowCardTheDream","floor":18.0},{"not_picked":["ClowCardTheVoice","ClowCardTheLibra","ClowCardTheShadow"],"picked":"Singing Bowl","floor":20.0},{"not_picked":["ClowCardTheErase","ClowCardTheMirror"],"picked":"ClowCardTheFloat","floor":22.0},{"not_picked":["ClowCardTheFly","ClowCardTheSong"],"picked":"ClowCardTheSleep","floor":23.0},{"not_picked":["ClowCardTheFly","ClowCardTheRain"],"picked":"ClowCardTheFight","floor":24.0},{"not_picked":["ClowCardTheWindy","ClowCardTheSong"],"picked":"ClowCardTheSnow","floor":25.0},{"not_picked":["ClowCardTheChange","ClowCardTheMist","ClowCardTheVoice"],"picked":"Singing Bowl","floor":27.0},{"not_picked":["ClowCardThePower","ClowCardTheMaze"],"picked":"ClowCardTheFly","floor":29.0},{"not_picked":["ClowCardTheFirey","ClowCardTheSleep"],"picked":"ClowCardTheFlower","floor":31.0},{"not_picked":["ClowCardTheFight","ClowCardTheThunder"],"picked":"ClowCardTheDash","floor":33.0},{"not_picked":["ClowCardTheErase+1","ClowCardTheWood"],"picked":"ClowCardTheRain+1","floor":35.0},{"not_picked":["ClowCardTheMaze","ClowCardTheLittle+1","ClowCardTheFirey"],"picked":"Singing Bowl","floor":36.0},{"not_picked":["ClowCardTheSweet+1","ClowCardTheEarthy+1"],"picked":"ClowCardTheMirror+1","floor":38.0},{"not_picked":["ClowCardTheChange+1","ClowCardTheCloud+1"],"picked":"ClowCardTheBig+1","floor":39.0},{"not_picked":["ClowCardTheLock+1","ClowCardThePower+1","ClowCardTheLibra+1"],"picked":"Singing Bowl","floor":40.0},{"not_picked":["ClowCardTheSnow","ClowCardTheJump+1"],"picked":"ClowCardTheGlow+1","floor":42.0},{"not_picked":["ClowCardTheFlower+1","ClowCardTheShot","ClowCardTheLock+1"],"picked":"Singing Bowl","floor":44.0},{"not_picked":["ClowCardTheVoice+1","ClowCardTheShadow+1"],"picked":"ClowCardTheDash+1","floor":45.0},{"not_picked":["ClowCardTheLock+1","ClowCardTheStorm","ClowCardTheArrow"],"picked":"Singing Bowl","floor":48.0},{"not_picked":["ClowCardTheArrow","ClowCardTheIllusion+1"],"picked":"ClowCardTheBig+1","floor":54}],"player_experience":112375,"relics_obtained":[{"floor":6.0,"key":"Art of War"},{"floor":9.0,"key":"Letter Opener"},{"floor":11.0,"key":"conspire:InfiniteJournal"},{"floor":13.0,"key":"War Paint"},{"floor":23.0,"key":"Lizard Tail"},{"floor":23.0,"key":"Torii"},{"floor":25.0,"key":"Tiny Chest"},{"floor":25.0,"key":"Pear"},{"floor":26.0,"key":"conspire:Flyswatter"},{"floor":27.0,"key":"Lantern"},{"floor":27.0,"key":"Frozen Egg 2"},{"floor":29.0,"key":"Oddly Smooth Stone"},{"floor":29.0,"key":"Kunai"},{"floor":31.0,"key":"Ginger"},{"floor":31.0,"key":"Eternal Feather"},{"floor":40.0,"key":"PreservedInsect"},{"floor":40.0,"key":"Ornamental Fan"},{"floor":42.0,"key":"Sundial"},{"floor":42.0,"key":"Nunchaku"},{"floor":44.0,"key":"conspire:DecoderRing"},{"floor":44.0,"key":"conspire:DeflatedDodgeball"},{"floor":47.0,"key":"Mummified Hand"},{"floor":54,"key":"Orichalcum"},{"floor":54,"key":"Bag of Marbles"}],"event_choices":[{"damage_healed":0.0,"max_hp_gain":0.0,"max_hp_loss":0.0,"gold_gain":75.0,"event_name":"World of Goop","player_choice":"Gather Gold","floor":3.0,"gold_loss":0.0,"damage_taken":11.0},{"cards_removed":["ClowCardTheSword"],"damage_healed":0.0,"max_hp_gain":0.0,"max_hp_loss":0.0,"gold_gain":0.0,"event_name":"The Cleric","player_choice":"Card Removal","floor":12.0,"gold_loss":75.0,"damage_taken":0.0},{"damage_healed":0.0,"max_hp_gain":0.0,"max_hp_loss":0.0,"gold_gain":0.0,"event_name":"The Mausoleum","player_choice":"Opened","floor":19.0,"gold_loss":0.0,"damage_taken":0.0,"relics_obtained":["Singing Bowl"],"cards_obtained":["Writhe"]},{"damage_healed":0.0,"max_hp_gain":0.0,"max_hp_loss":0.0,"gold_gain":100.0,"event_name":"The Joust","player_choice":"Bet on Murderer","floor":21.0,"gold_loss":50.0,"damage_taken":0.0}],"is_beta":false,"boss_relics":[{"not_picked":["Calling Bell","conspire:SpecialSausage"],"picked":"Black Star"},{"not_picked":["SacredBark","Astrolabe"],"picked":"Philosopher\u0027s Stone"}],"items_purged_floors":[2,37,46],"is_endless":false,"potions_floor_spawned":[1,6,11,14,18,22,25,29,31,38,44,45,48],"ascension_level":15}}