{"host":"jwbw4f4imxd0v0b0","time":1612740567,"event":{"mods":["BaseMod","Colored Map","Highlight Path","Minty Spire (QoL Compilation)","Relic Stats","StSLib"],"gold_per_floor":[359,379,57,72,147,176,176,188,188,188,218,238,238,271,271,370,370,387,404,404,2,2,2,36,36,89,107,107,134,59,76,76,175,175,190,190,203,213,224,259,269,303,303,303,319,353,370,401,401,401],"floor_reached":51,"language":"ENG","playtime":2647,"items_purged":["Strike_P"],"score":1485,"play_id":"40c3a4ef-d78e-410f-8bad-4d4d6cb42e4d","local_time":"20210207172927","is_ascension_mode":true,"campfire_choices":[{"floor":10.0,"key":"REST"},{"data":"Tantrum","floor":13.0,"key":"SMITH"},{"floor":15.0,"key":"REST"},{"data":"MentalFortress","floor":23.0,"key":"SMITH"},{"data":"Adaptation","floor":25.0,"key":"SMITH"},{"data":"Vigilance","floor":32.0,"key":"SMITH"},{"data":"Adaptation","floor":49,"key":"SMITH"}],"circlet_count":0,"master_deck":["Strike_P+1","Defend_P","Defend_P","Defend_P","Defend_P","Vigilance+1","JustLucky+1","EmptyFist","Tantrum+1","ThirdEye","CrushJoints+1","Weave+1","FlurryOfBlows+1","FlurryOfBlows+1","FlurryOfBlows+1","JustLucky+1","DevaForm","CutThroughFate+1","MentalFortress+1","Adaptation+1","Tantrum+1","ThirdEye+1","Nirvana+1","BowlingBash+1","SpiritShield+1","ClearTheMind+1","Nirvana+1","FearNoEvil+1","Tantrum+1","Adaptation+1","FlyingSleeves+1","Tantrum+1","Vengeance+1"],"relics":["PureWater","Centennial Puzzle","Molten Egg 2","InkBottle","Gremlin Horn","Dream Catcher","Black Star","Toxic Egg 2","Nunchaku","Art of War","Incense Burner","Akabeko","Whetstone","Smiling Mask","Philosopher\u0027s Stone","Blood Vial","Matryoshka","Gambling Chip","TeardropLocket","Orichalcum","Shuriken","Pen Nib","Bottled Lightning","Toy Ornithopter","Mango"],"acts_visited":["Exordium","TheCity","TheBeyond"],"potions_floor_usage":[41,42,50,50],"damage_taken":[{"damage":0.0,"enemies":"2 Louse","floor":1.0,"turns":1.0},{"damage":7.0,"enemies":"Cultist","floor":2.0,"turns":5.0},{"damage":0.0,"enemies":"Small Slimes","floor":4.0,"turns":5.0},{"damage":16.0,"enemies":"Gremlin Nob","floor":6.0,"turns":3.0},{"damage":0.0,"enemies":"Blue Slaver","floor":8.0,"turns":2.0},{"damage":10.0,"enemies":"Lagavulin","floor":11.0,"turns":6.0},{"damage":0.0,"enemies":"Large Slime","floor":12.0,"turns":2.0},{"damage":3.0,"enemies":"3 Sentries","floor":14.0,"turns":2.0},{"damage":11.0,"enemies":"Hexaghost","floor":16.0,"turns":5.0},{"damage":0.0,"enemies":"3 Byrds","floor":18.0,"turns":3.0},{"damage":0.0,"enemies":"Shell Parasite","floor":19.0,"turns":2.0},{"damage":0.0,"enemies":"Book of Stabbing","floor":24.0,"turns":3.0},{"damage":7.0,"enemies":"Snake Plant","floor":27.0,"turns":2.0},{"damage":0.0,"enemies":"Slavers","floor":29.0,"turns":2.0},{"damage":1.0,"enemies":"Shelled Parasite and Fungi","floor":31.0,"turns":2.0},{"damage":0.0,"enemies":"Automaton","floor":33.0,"turns":7.0},{"damage":0.0,"enemies":"Orb Walker","floor":35.0,"turns":3.0},{"damage":1.0,"enemies":"3 Darklings","floor":37.0,"turns":3.0},{"damage":1.0,"enemies":"Jaw Worm Horde","floor":38.0,"turns":2.0},{"damage":0.0,"enemies":"Sphere and 2 Shapes","floor":39.0,"turns":3.0},{"damage":0.0,"enemies":"Giant Head","floor":40.0,"turns":4.0},{"damage":3,"enemies":"Writhing Mass","floor":41,"turns":3},{"damage":0,"enemies":"Reptomancer","floor":42,"turns":3},{"damage":0,"enemies":"Maw","floor":45,"turns":3},{"damage":0,"enemies":"Giant Head","floor":46,"turns":2},{"damage":0,"enemies":"Sphere and 2 Shapes","floor":47,"turns":2},{"damage":0,"enemies":"Nemesis","floor":48,"turns":1},{"damage":0,"enemies":"Donu and Deca","floor":50,"turns":2}],"seed_played":"-6567903576468191302","potions_obtained":[{"floor":4.0,"key":"BlessingOfTheForge"},{"floor":7.0,"key":"Swift Potion"},{"floor":7.0,"key":"DistilledChaos"},{"floor":14.0,"key":"StancePotion"},{"floor":16.0,"key":"LiquidMemories"},{"floor":27.0,"key":"Energy Potion"},{"floor":31.0,"key":"StancePotion"},{"floor":42,"key":"SteroidPotion"},{"floor":45,"key":"Dexterity Potion"}],"is_trial":false,"path_per_floor":["M","M","$","M","?","E","?","M","T","R","E","M","R","E","R","B",null,"M","M","?","$","T","R","E","R","T","M","?","E","?","M","R","B",null,"M","?","M","M","M","E","M","E","T","?","M","E","M","E","R","B",null],"character_chosen":"WATCHER","items_purchased":["Tantrum","SteroidPotion","Centennial Puzzle","Protect","Toxic Egg 2","Adaptation","ColorlessPotion"],"campfire_rested":2,"item_purchase_floors":[3,3,3,3,21,21,21],"current_hp_per_floor":[47,40,40,40,29,13,13,13,13,34,24,24,24,21,42,31,62,62,62,62,62,62,62,62,62,62,55,55,55,55,54,54,54,68,68,68,67,66,66,66,65,67,67,67,69,71,72,86,86,86],"gold":401,"neow_bonus":"TWO_FIFTY_GOLD","is_daily":false,"chose_seed":false,"campfire_upgraded":5,"win_rate":0.0,"timestamp":1612740567,"path_taken":["M","M","$","M","?","E","?","M","T","R","E","M","R","E","R","BOSS","M","?","?","$","?","R","E","R","T","M","?","E","?","?","R","BOSS","M","?","?","M","M","E","M","E","T","?","M","E","M","E","R","BOSS"],"items_purchased_type":["Card","Potion","Relic","Card","Relic","Card","Potion"],"build_version":"2020-12-22","purchased_purges":1,"victory":true,"max_hp_per_floor":[72,72,72,72,72,72,72,72,72,72,72,72,72,72,72,72,72,72,72,72,72,72,72,72,72,72,72,72,72,72,72,72,72,72,72,72,72,72,72,72,72,72,72,72,72,72,72,86,86,86],"relic_stats":{"Gremlin Horn":[22,22],"counters":[28,83],"Pen Nib":[3],"Whetstone":["Strike_P","JustLucky"],"Orichalcum":[0],"Smiling Mask":0,"Blood Vial":9,"Centennial Puzzle":[27],"Dream Catcher":1,"Nunchaku":[25],"Shuriken":[19],"Gambling Chip":[14],"Black Star":6,"Art of War":[3],"obtain_stats":[{"Gremlin Horn":11,"Mango":48,"Incense Burner":24,"Whetstone":29,"TeardropLocket":42,"Smiling Mask":29,"Blood Vial":40,"Centennial Puzzle":3,"Dream Catcher":14,"Nunchaku":22,"Matryoshka":40,"Gambling Chip":42,"Philosopher\u0027s Stone":34,"Toxic Egg 2":21,"InkBottle":9,"Pen Nib":46,"Orichalcum":43,"Akabeko":26,"Shuriken":43,"Molten Egg 2":6,"Black Star":17,"Art of War":24,"Bottled Lightning":46,"PureWater":0,"Toy Ornithopter":48},{"Gremlin Horn":6,"Mango":27,"Incense Burner":12,"Whetstone":14,"TeardropLocket":23,"Smiling Mask":14,"Blood Vial":21,"Centennial Puzzle":2,"Dream Catcher":8,"Nunchaku":11,"Matryoshka":21,"Gambling Chip":23,"Philosopher\u0027s Stone":16,"Toxic Egg 2":11,"InkBottle":5,"Pen Nib":25,"Orichalcum":23,"Akabeko":12,"Shuriken":23,"Molten Egg 2":4,"Black Star":9,"Art of War":12,"Bottled Lightning":25,"PureWater":0,"Toy Ornithopter":27},{"Gremlin Horn":22,"Mango":81,"Incense Burner":39,"Whetstone":43,"TeardropLocket":73,"Smiling Mask":43,"Blood Vial":67,"Centennial Puzzle":6,"Dream Catcher":26,"Nunchaku":36,"Matryoshka":67,"Gambling Chip":73,"Philosopher\u0027s Stone":52,"Toxic Egg 2":36,"InkBottle":16,"Pen Nib":78,"Orichalcum":73,"Akabeko":39,"Shuriken":73,"Molten Egg 2":14,"Black Star":31,"Art of War":39,"Bottled Lightning":78,"PureWater":0,"Toy Ornithopter":81}],"InkBottle":[42],"Toy Ornithopter":0},"card_choices":[{"not_picked":["Perseverance","SashWhip"],"picked":"JustLucky","floor":1.0},{"not_picked":["FlyingSleeves","CarveReality"],"picked":"EmptyFist","floor":2.0},{"not_picked":["CrushJoints","Worship"],"picked":"ThirdEye","floor":4.0},{"not_picked":["Sanctity","Prostrate"],"picked":"CrushJoints+1","floor":6.0},{"not_picked":["ForeignInfluence","Protect"],"picked":"Weave+1","floor":8.0},{"not_picked":["Worship","Conclude+1"],"picked":"FlurryOfBlows+1","floor":11.0},{"not_picked":["ForeignInfluence","ReachHeaven+1"],"picked":"FlurryOfBlows+1","floor":12.0},{"not_picked":["BowlingBash+1","ThirdEye"],"picked":"FlurryOfBlows+1","floor":14.0},{"not_picked":["CrushJoints+1","EmptyBody"],"picked":"JustLucky+1","floor":15.0},{"not_picked":["Judgement","ConjureBlade"],"picked":"DevaForm","floor":16.0},{"not_picked":["SandsOfTime+1","BowlingBash+1"],"picked":"CutThroughFate+1","floor":18.0},{"not_picked":["Evaluate","Swivel"],"picked":"MentalFortress","floor":19.0},{"not_picked":["Indignation+1","Prostrate+1"],"picked":"Tantrum+1","floor":24.0},{"not_picked":["Study","Perseverance+1"],"picked":"ThirdEye+1","floor":27.0},{"not_picked":["BowlingBash+1","Indignation+1"],"picked":"Nirvana+1","floor":29.0},{"not_picked":["WreathOfFlame+1","DeceiveReality+1"],"picked":"BowlingBash+1","floor":31.0},{"not_picked":["ConjureBlade+1","Establishment"],"picked":"SpiritShield+1","floor":33.0},{"not_picked":["Worship+1","Sanctity+1"],"picked":"ClearTheMind+1","floor":35.0},{"not_picked":["Swivel+1","EmptyFist+1"],"picked":"Nirvana+1","floor":37.0},{"not_picked":["Worship+1","SashWhip+1"],"picked":"FearNoEvil+1","floor":38.0},{"not_picked":["FollowUp+1","CrushJoints+1","EmptyFist+1"],"picked":"SKIP","floor":39.0},{"not_picked":["FollowUp+1","EmptyFist+1"],"picked":"Tantrum+1","floor":40.0},{"not_picked":["WindmillStrike+1","ThirdEye+1"],"picked":"Adaptation","floor":41},{"not_picked":["Study","Crescendo+1","FollowUp+1"],"picked":"SKIP","floor":42},{"not_picked":["EmptyBody+1","ClearTheMind+1","Perseverance+1"],"picked":"SKIP","floor":45},{"not_picked":["Worship+1","ThirdEye+1"],"picked":"FlyingSleeves+1","floor":46},{"not_picked":["DeceiveReality+1","EmptyFist+1"],"picked":"Tantrum+1","floor":47},{"not_picked":["Worship+1","Sanctity+1"],"picked":"Vengeance+1","floor":48}],"player_experience":1242684,"relics_obtained":[{"floor":6.0,"key":"Molten Egg 2"},{"floor":9.0,"key":"InkBottle"},{"floor":11.0,"key":"Gremlin Horn"},{"floor":14.0,"key":"Dream Catcher"},{"floor":22.0,"key":"Nunchaku"},{"floor":24.0,"key":"Art of War"},{"floor":24.0,"key":"Incense Burner"},{"floor":26.0,"key":"Akabeko"},{"floor":29.0,"key":"Whetstone"},{"floor":29.0,"key":"Smiling Mask"},{"floor":40.0,"key":"Blood Vial"},{"floor":40.0,"key":"Matryoshka"},{"floor":42,"key":"Gambling Chip"},{"floor":42,"key":"TeardropLocket"},{"floor":43,"key":"Orichalcum"},{"floor":43,"key":"Shuriken"},{"floor":46,"key":"Pen Nib"},{"floor":46,"key":"Bottled Lightning"},{"floor":48,"key":"Toy Ornithopter"},{"floor":48,"key":"Mango"}],"event_choices":[{"damage_healed":0.0,"max_hp_gain":0.0,"max_hp_loss":0.0,"gold_gain":75.0,"event_name":"World of Goop","player_choice":"Gather Gold","floor":5.0,"gold_loss":0.0,"damage_taken":11.0},{"damage_healed":0.0,"max_hp_gain":0.0,"max_hp_loss":0.0,"gold_gain":0.0,"event_name":"Lab","player_choice":"Got Potions","floor":7.0,"gold_loss":0.0,"damage_taken":0.0},{"cards_removed":["Strike_P"],"damage_healed":0.0,"max_hp_gain":0.0,"max_hp_loss":0.0,"gold_gain":0.0,"event_name":"Purifier","player_choice":"Purged","floor":20.0,"gold_loss":0.0,"damage_taken":0.0},{"damage_healed":0.0,"max_hp_gain":0.0,"max_hp_loss":0.0,"gold_gain":0.0,"event_name":"Vampires","player_choice":"Ignored","floor":28.0,"gold_loss":0.0,"damage_taken":0.0},{"cards_removed":["Strike_P"],"damage_healed":0.0,"max_hp_gain":0.0,"max_hp_loss":0.0,"gold_gain":0.0,"event_name":"Beggar","player_choice":"Gave Gold","floor":30.0,"gold_loss":75.0,"damage_taken":0.0},{"cards_removed":["Eruption"],"damage_healed":0.0,"max_hp_gain":0.0,"max_hp_loss":0.0,"gold_gain":0.0,"event_name":"Bonfire Elementals","player_choice":"Offered Basic","floor":36.0,"gold_loss":0.0,"damage_taken":0.0},{"cards_removed":["Protect"],"damage_healed":0,"gold_gain":0,"player_choice":"Removed Skill","damage_taken":0,"max_hp_gain":0,"max_hp_loss":0,"event_name":"Falling","floor":44,"gold_loss":0}],"is_beta":false,"boss_relics":[{"not_picked":["Calling Bell","Tiny House"],"picked":"Black Star"},{"not_picked":["HolyWater","Runic Pyramid"],"picked":"Philosopher\u0027s Stone"}],"items_purged_floors":[21],"is_endless":false,"potions_floor_spawned":[4,11,14,16,27,31,35,40,42,45,47],"ascension_level":6}}