{"host":"nsc6ozq3atyrdr3m","time":1612730867,"event":{"mods":["BaseMod","Colored Map","Minty Spire (QoL Compilation)"],"gold_per_floor":[114,126,144,144,85,85,99,117,140,163,182,182,210,210,210,210,210],"floor_reached":16,"language":"FRA","playtime":478,"items_purged":[],"score":204,"play_id":"b8a50394-378a-442d-bc88-d8ee31e19007","local_time":"20210207214747","is_ascension_mode":true,"campfire_choices":[{"data":"Armaments","floor":6,"key":"SMITH"},{"floor":12,"key":"REST"},{"data":"Flame Barrier","floor":15,"key":"SMITH"}],"circlet_count":0,"master_deck":["AscendersBane","Strike_R","Strike_R","Strike_R","Strike_R","Defend_R","Defend_R","Defend_R","Defend_R","Bash","Pommel Strike","Body Slam","Armaments+1","Bloodletting","Rupture","Heavy Blade","Flame Barrier+1"],"relics":["Burning Blood","NeowsBlessing","Vajra","Odd Mushroom","Pen Nib","Oddly Smooth Stone"],"acts_visited":["Exordium"],"potions_floor_usage":[11,13,13,16],"damage_taken":[{"damage":0,"enemies":"Jaw Worm","floor":1,"turns":1},{"damage":0,"enemies":"Cultist","floor":2,"turns":1},{"damage":0,"enemies":"Small Slimes","floor":3,"turns":1},{"damage":10,"enemies":"Looter","floor":7,"turns":4},{"damage":12,"enemies":"Red Slaver","floor":8,"turns":3},{"damage":42,"enemies":"The Mushroom Lair","floor":10,"turns":5},{"damage":19,"enemies":"Lots of Slimes","floor":11,"turns":5},{"damage":29,"enemies":"Lagavulin","floor":13,"turns":4},{"damage":38,"enemies":"Slime Boss","floor":16,"turns":5}],"seed_played":"5655682049579705294","potions_obtained":[{"floor":3,"key":"BloodPotion"},{"floor":8,"key":"SteroidPotion"},{"floor":11,"key":"EssenceOfSteel"},{"floor":13,"key":"BloodPotion"}],"is_trial":false,"path_per_floor":["M","M","M","?","$","R","M","M","T","?","M","R","E","?","R","B"],"character_chosen":"IRONCLAD","items_purchased":["Armaments"],"campfire_rested":1,"item_purchase_floors":[5],"current_hp_per_floor":[74,75,75,75,75,75,71,65,65,29,31,53,30,30,30,7,7],"gold":210,"neow_bonus":"THREE_ENEMY_KILL","is_daily":false,"chose_seed":false,"campfire_upgraded":2,"win_rate":0.0,"timestamp":1612730867,"path_taken":["M","M","M","?","$","R","M","?","T","?","M","R","E","?","R","BOSS"],"items_purchased_type":["Card"],"build_version":"2020-12-22","purchased_purges":0,"victory":false,"max_hp_per_floor":[75,75,75,75,75,75,75,75,75,75,75,75,75,75,75,75,75],"card_choices":[{"not_picked":["Twin Strike","Combust"],"picked":"Shrug It Off","floor":1},{"not_picked":["Iron Wave","Disarm"],"picked":"Pommel Strike","floor":2},{"not_picked":["Thunderclap","Clash"],"picked":"Body Slam","floor":3},{"not_picked":["Iron Wave","Cleave"],"picked":"Bloodletting","floor":7},{"not_picked":["Havoc","Iron Wave","Armaments"],"picked":"SKIP","floor":8},{"not_picked":["Disarm","Armaments"],"picked":"Rupture","floor":10},{"not_picked":["Anger","Sever Soul"],"picked":"Heavy Blade","floor":11},{"not_picked":["Clash","Combust"],"picked":"Flame Barrier","floor":13}],"player_experience":379919,"relics_obtained":[{"floor":9,"key":"Vajra"},{"floor":10,"key":"Odd Mushroom"},{"floor":13,"key":"Pen Nib"}],"event_choices":[{"cards_removed":["Strike_R"],"damage_healed":0,"gold_gain":0,"player_choice":"Card Removal","damage_taken":0,"max_hp_gain":0,"max_hp_loss":0,"event_name":"Wheel of Change","floor":4,"gold_loss":0},{"damage_healed":0,"gold_gain":0,"player_choice":"Fought Mushrooms","damage_taken":0,"max_hp_gain":0,"max_hp_loss":0,"event_name":"Mushrooms","floor":10,"gold_loss":0},{"cards_removed":["Shrug It Off"],"damage_healed":0,"gold_gain":0,"player_choice":"Gave Card","damage_taken":0,"relics_obtained":["Oddly Smooth Stone"],"max_hp_gain":0,"max_hp_loss":0,"event_name":"WeMeetAgain","floor":14,"gold_loss":0}],"is_beta":false,"boss_relics":[],"items_purged_floors":[],"is_endless":false,"potions_floor_spawned":[3,8,11,13],"killed_by":"Slime Boss","ascension_level":20}}