{"host":"uiabnm26t0ss3jkq","time":1612709493,"event":{"mods":["BaseMod","Better Note","Better Skull","Better Third Choice","BetterRewards","Colored Powertips","Curses Come First","Minty Spire (QoL Compilation)","Rare Cards Sparkle","Relic Stats","Robot Space Explorer","Slay-I","StSLib","SuperFastMode","Waifu the Spire"],"gold_per_floor":[109,109,124,134,134,168,168,184,211,231,247,281,281,300,300,300,300],"floor_reached":16,"language":"ENG","playtime":547,"items_purged":[],"score":148,"play_id":"95774e67-c771-4e43-aab0-1a999b54729a","local_time":"20210207175133","is_ascension_mode":true,"campfire_choices":[{"floor":7,"key":"REST"},{"floor":15,"key":"REST"}],"circlet_count":0,"master_deck":["Strike_R","Strike_R","Strike_R","Strike_R","Strike_R","Defend_R","Defend_R","Defend_R","Defend_R","Bash","Finesse","Reckless Charge","Bash","Cleave","Sword Boomerang","Fiend Fire","Armaments","Sword Boomerang","Clash","Sever Soul"],"relics":["Burning Blood","Golden Idol","Dream Catcher","MealTicket","Oddly Smooth Stone"],"acts_visited":["Exordium"],"potions_floor_usage":[12,12,16,16],"damage_taken":[{"damage":10,"enemies":"2 Louse","floor":1,"turns":3},{"damage":6,"enemies":"Cultist","floor":3,"turns":3},{"damage":0,"enemies":"Small Slimes","floor":4,"turns":3},{"damage":44,"enemies":"Gremlin Nob","floor":6,"turns":5},{"damage":16,"enemies":"3 Louse","floor":8,"turns":4},{"damage":0,"enemies":"Exordium Wildlife","floor":10,"turns":2},{"damage":11,"enemies":"Blue Slaver","floor":11,"turns":3},{"damage":27,"enemies":"Lagavulin","floor":12,"turns":6},{"damage":5,"enemies":"Looter","floor":14,"turns":3},{"damage":47,"enemies":"Slime Boss","floor":16,"turns":7}],"seed_played":"9155883949390058481","potions_obtained":[{"floor":1,"key":"DuplicationPotion"},{"floor":3,"key":"Strength Potion"},{"floor":8,"key":"Strength Potion"},{"floor":12,"key":"EssenceOfSteel"}],"is_trial":false,"path_per_floor":["M","?","M","M","?","E","R","M","T","M","M","E","?","M","R","B"],"character_chosen":"IRONCLAD","items_purchased":[],"campfire_rested":2,"item_purchase_floors":[],"current_hp_per_floor":[68,68,68,74,54,16,40,30,30,36,31,10,10,11,35,0,0],"gold":300,"neow_bonus":"RANDOM_COLORLESS","is_daily":false,"chose_seed":false,"campfire_upgraded":0,"win_rate":0.0,"timestamp":1612709493,"path_taken":["M","?","M","?","?","E","R","M","T","M","M","E","?","M","R","BOSS"],"items_purchased_type":[],"build_version":"2020-12-22","purchased_purges":0,"victory":false,"max_hp_per_floor":[80,80,80,80,80,80,80,80,80,80,80,80,80,80,80,80,80],"relic_stats":{"Dream Catcher":2,"counters":[10,39],"Golden Idol":28,"MealTicket":0,"obtain_stats":[{"Dream Catcher":6,"Golden Idol":5,"Oddly Smooth Stone":12,"MealTicket":9,"Burning Blood":0},{"Dream Catcher":4,"Golden Idol":3,"Oddly Smooth Stone":8,"MealTicket":5,"Burning Blood":0},{"Dream Catcher":14,"Golden Idol":9,"Oddly Smooth Stone":29,"MealTicket":18,"Burning Blood":0}],"Burning Blood":54},"card_choices":[{"not_picked":["Purity","Madness"],"picked":"Finesse","floor":0},{"not_picked":["Headbutt","Ghostly Armor"],"picked":"Reckless Charge","floor":1},{"not_picked":["Thunderclap","Flex"],"picked":"Cleave","floor":3},{"not_picked":["Thunderclap","True Grit"],"picked":"Sword Boomerang","floor":4},{"not_picked":["Burning Pact","Thunderclap"],"picked":"Fiend Fire","floor":6},{"not_picked":["Pummel","Pommel Strike"],"picked":"Armaments","floor":7},{"not_picked":["Fire Breathing","Clothesline","Pommel Strike"],"picked":"SKIP","floor":8},{"not_picked":["Power Through","Warcry"],"picked":"Sword Boomerang","floor":10},{"not_picked":["Rupture","Havoc","Double Tap"],"picked":"SKIP","floor":11},{"not_picked":["Intimidate","Iron Wave"],"picked":"Clash","floor":12},{"not_picked":["Heavy Blade","Rampage"],"picked":"Sever Soul","floor":14}],"player_experience":405910,"relics_obtained":[{"floor":6,"key":"Dream Catcher"},{"floor":9,"key":"MealTicket"},{"floor":12,"key":"Oddly Smooth Stone"}],"event_choices":[{"damage_healed":0,"gold_gain":0,"player_choice":"2 cards matched","damage_taken":0,"max_hp_gain":0,"max_hp_loss":0,"event_name":"Match and Keep!","floor":2,"gold_loss":0,"cards_obtained":["Decay","Bash"]},{"damage_healed":0,"gold_gain":0,"player_choice":"Take Damage","damage_taken":20,"relics_obtained":["Golden Idol"],"max_hp_gain":0,"max_hp_loss":0,"event_name":"Golden Idol","floor":5,"gold_loss":0},{"cards_removed":["Decay"],"damage_healed":0,"gold_gain":0,"player_choice":"Purged","damage_taken":0,"max_hp_gain":0,"max_hp_loss":0,"event_name":"Purifier","floor":13,"gold_loss":0}],"is_beta":false,"boss_relics":[],"items_purged_floors":[],"is_endless":false,"potions_floor_spawned":[1,3,8,10,12],"killed_by":"Slime Boss","ascension_level":6}}