{"host":"hf83sijwe64ts2lm","time":1612666044,"event":{"mods":["2.2 Compatiblity","BaseMod","Better Altar","Better Match","Better Note","Better Sensory Stone","Better Skull","Better Third Choice","Colored Map","Colored Powertips","Highlight Path","Hubris","Infinite Spire","Minty Spire (QoL Compilation)","Quick Restart","Rare Cards Sparkle","Relic Stats","Reliquary","Replay The Spire","Shop Mod","Spicy Shops","Spire Arcade","StSLib","Thieving Mod"],"gold_per_floor":[118,118,69,25,25,37,59,71,83,106,136,61,75,85,85,181,181,201,18,18,18,31,31,51,51,51],"floor_reached":25,"language":"ENG","playtime":451,"items_purged":[],"score":241,"play_id":"f2e5c505-238a-4456-8d7a-10563605f79e","local_time":"20210206214724","is_ascension_mode":true,"campfire_choices":[{"floor":6,"key":"REST"},{"floor":8,"key":"RECALL"},{"data":"Spot Weakness","floor":15,"key":"SMITH"},{"data":"Spot Weakness","floor":15,"key":"SMITH"},{"data":"Chrysalis","floor":23,"key":"SMITH"},{"data":"Chrysalis","floor":23,"key":"SMITH"}],"circlet_count":0,"master_deck":["Strike_R","Strike_R","Strike_R","Strike_R","Strike_R","Defend_R","Defend_R","Defend_R","Defend_R","Bash","ReplayTheSpireMod:LeadingStrike+1","Sword Boomerang","Flex","Darkness","Replay:Undeath\u0027s Touch","Rage","Perfected Strike","Thunderclap","Evolve","Spot Weakness+1","Spot Weakness+1","Feed","Cleave","Chrysalis+1","Chrysalis+1","Inflame","Thunderclap"],"relics":["Burning Blood","betterThird:SlimedRelic","MawBank","Replay:Arrowhead","Black Star"],"acts_visited":["Exordium","TheCity"],"potions_floor_usage":[11,16,22,24],"damage_taken":[{"damage":0,"enemies":"2 Louse","floor":1,"turns":2},{"damage":4,"enemies":"Small Slimes","floor":7,"turns":3},{"damage":1,"enemies":"Cultist","floor":10,"turns":3},{"damage":0,"enemies":"3 Louse","floor":11,"turns":1},{"damage":6,"enemies":"2 Fungi Beasts","floor":13,"turns":2},{"damage":18,"enemies":"Red Slaver","floor":14,"turns":3},{"damage":34,"enemies":"Hexaghost","floor":16,"turns":8},{"damage":0,"enemies":"Chosen","floor":18,"turns":3},{"damage":34,"enemies":"Spheric Guardian","floor":22,"turns":6},{"damage":29,"enemies":"Snake Plant","floor":24,"turns":6},{"damage":52,"enemies":"Snecko","floor":25,"turns":5}],"seed_played":"-4373861903566715037","potions_obtained":[{"floor":1,"key":"Toxic Potion"},{"floor":7,"key":"Ancient Potion"},{"floor":18,"key":"BloodPotion"},{"floor":22,"key":"ThievingMod:ThievingPotion"}],"is_trial":false,"path_per_floor":["M","?","$","?","?","R","M","R","T","M","M","$","M","M","R_BF","B",null,"M","$","?","$","M","R","M","M"],"character_chosen":"IRONCLAD","items_purchased":["Flex","Thunderclap","Evolve","Chrysalis"],"campfire_rested":1,"item_purchase_floors":[3,12,12,19],"current_hp_per_floor":[80,80,80,69,61,80,80,80,80,80,80,80,80,68,68,40,70,79,79,79,79,67,67,44,0,0],"gold":51,"neow_bonus":"THREE_CARDS","is_daily":false,"chose_seed":false,"campfire_upgraded":4,"win_rate":0.0,"timestamp":1612666044,"path_taken":["M","?","$","?","?","R","M","R","T","M","M","$","M","M","R_BF","BOSS","M","$","?","?","M","R","M","M"],"items_purchased_type":["Card","Card","Card","Card"],"build_version":"2020-12-22","purchased_purges":0,"victory":false,"max_hp_per_floor":[80,80,80,80,80,80,80,80,80,80,80,80,80,80,80,80,80,83,83,83,83,83,83,83,83,83],"relic_stats":{"counters":[11,42],"Black Star":0,"MawBank":84,"obtain_stats":[{"betterThird:SlimedRelic":4,"Black Star":17,"MawBank":5,"Burning Blood":0,"Replay:Arrowhead":9},{"betterThird:SlimedRelic":1,"Black Star":7,"MawBank":1,"Burning Blood":0,"Replay:Arrowhead":2},{"betterThird:SlimedRelic":2,"Black Star":22,"MawBank":2,"Burning Blood":0,"Replay:Arrowhead":5}],"Burning Blood":41},"card_choices":[{"not_picked":["Wild Strike","ReplayTheSpireMod:Strike From Hell"],"picked":"ReplayTheSpireMod:LeadingStrike","floor":0},{"not_picked":["ReplayTheSpireMod:Strike From Hell","Pommel Strike"],"picked":"Sword Boomerang","floor":1},{"not_picked":["Headbutt","Perfected Strike"],"picked":"Replay:Undeath\u0027s Touch","floor":7},{"not_picked":["ReplayTheSpireMod:Corrosion Curse","Burning Pact"],"picked":"Rage","floor":10},{"not_picked":["Intimidate","Warcry"],"picked":"Perfected Strike","floor":11},{"not_picked":["Warcry","Heavy Blade"],"picked":"Spot Weakness","floor":13},{"not_picked":["Clash","Shockwave"],"picked":"Spot Weakness","floor":14},{"not_picked":["Impervious","Fiend Fire"],"picked":"Feed","floor":16},{"not_picked":["Headbutt","Twin Strike"],"picked":"Cleave","floor":18},{"not_picked":["Havoc","Shrug It Off"],"picked":"Inflame","floor":22},{"not_picked":["Anger","Headbutt"],"picked":"Thunderclap","floor":24}],"player_experience":153060,"relics_obtained":[{"floor":9,"key":"Replay:Arrowhead"}],"event_choices":[{"damage_healed":0,"gold_gain":0,"player_choice":"Slimed","damage_taken":11,"max_hp_gain":0,"max_hp_loss":0,"event_name":"betterThird:BetterGoop","floor":4,"gold_loss":44},{"damage_healed":0,"gold_gain":0,"player_choice":"Copied","damage_taken":0,"max_hp_gain":0,"max_hp_loss":0,"event_name":"Duplicator","floor":20,"gold_loss":0,"cards_obtained":["Chrysalis"]}],"is_beta":false,"boss_relics":[{"not_picked":["Runic Pyramid","Electric Blood"],"picked":"Black Star"}],"items_purged_floors":[],"is_endless":false,"potions_floor_spawned":[1,7,18,22],"killed_by":"Snecko","ascension_level":5}}