{"host":"liwj66r6jjqhm4vi","time":1612734814,"event":{"mods":["BaseMod","Colored Map","Downfall","Minty Spire (QoL Compilation)","Replay The Spire","StSLib"],"gold_per_floor":[199,210,210,224,235,0,27,40,53,128,156,168,78,63,77,181,181,181,201,218,238,238,238,238,249,262,262,278,306,306,306,320,415,415,215,234,248,259,277,177,177,177,208,283,318,318,318,328,340,340,340,340,340,340],"floor_reached":52,"language":"ENG","playtime":4512,"items_purged":["Slimebound:Split"],"score":740,"play_id":"6d728408-327d-46d3-b53f-544cf851e089","local_time":"20210207165334","is_ascension_mode":false,"campfire_choices":[{"data":"Slimebound:Gluttony","floor":18,"key":"SMITH"},{"data":"Slimebound:Schlurp","floor":23,"key":"SMITH"},{"floor":35,"key":"RECALL"},{"data":"Slimebound:Schlurp","floor":40,"key":"SMITH"},{"data":"Slimebound:HauntingLick","floor":47,"key":"SMITH"}],"circlet_count":0,"master_deck":["Slimebound:Strike_Slimebound+1","Slimebound:Strike_Slimebound+1","Slimebound:Strike_Slimebound+1","Slimebound:Defend_Slimebound+1","Slimebound:Defend_Slimebound+1","Slimebound:Defend_Slimebound+1","Slimebound:Defend_Slimebound+1","Slimebound:CorrosiveSpit","Slimebound:Schlurp+1","Slimebound:Schlurp+1","Slimebound:LeechEnergy","Slimebound:DuplicatedForm+1","Slimebound:MegaLick+1","Slimebound:SpikyOuterGoop","Slimebound:Prepare","Slimebound:Gluttony+1","Slimebound:GoopSpray","Slimebound:FinishingTackle","Slimebound:TongueLash","Slimebound:Grow","Slimebound:TongueLash","Slimebound:LeechLife","Slimebound:SamplingLick+1","Pot Of Greed","Pot Of Greed","Pot Of Greed","Slimebound:Recollect+1","Slimebound:HauntingLick+1","Slimebound:DouseInSlime"],"relics":["Slimebound:AbsorbEndCombat","ReplayTheSpireMod:Lightbulb","Strawberry","Bag of Preparation","Painkiller Herb","Grinning Jar","Nloth\u0027s Gift","Runic Dome","downfall:HeartBlessingGreen","downfall:HeartBlessingBlue","downfall:HeartBlessingRed","Boot","Replay:Baseball","Pet Ghost","Regal Pillow","Replay:Bottled Snecko"],"acts_visited":["Exordium","TheCity","TheBeyond","TheEnding"],"potions_floor_usage":[16,19],"damage_taken":[{"damage":1,"enemies":"Cultist","floor":2,"turns":4},{"damage":0,"enemies":"2 Louse","floor":4,"turns":2},{"damage":1,"enemies":"Jaw Worm","floor":5,"turns":3},{"damage":2,"enemies":"downfall:FleeingMerchant","floor":6,"turns":4},{"damage":15,"enemies":"2 Fungi Beasts","floor":8,"turns":3},{"damage":26,"enemies":"Exordium Thugs","floor":9,"turns":4},{"damage":20,"enemies":"Lagavulin","floor":11,"turns":6},{"damage":4,"enemies":"Lots of Slimes","floor":12,"turns":4},{"damage":15,"enemies":"downfall:FleeingMerchant","floor":13,"turns":4},{"damage":0,"enemies":"downfall:FleeingMerchant","floor":14,"turns":4},{"damage":0,"enemies":"3 Louse","floor":15,"turns":3},{"damage":19,"enemies":"SI_SHIV_ARCHETYPE","floor":16,"turns":5},{"damage":28,"enemies":"3 Byrds","floor":19,"turns":6},{"damage":35,"enemies":"Snake Plant","floor":20,"turns":4},{"damage":16,"enemies":"Snecko","floor":21,"turns":4},{"damage":4,"enemies":"Sentry and Sphere","floor":25,"turns":6},{"damage":30,"enemies":"Chosen and Byrds","floor":26,"turns":4},{"damage":27,"enemies":"Cultist and Chosen","floor":28,"turns":6},{"damage":32,"enemies":"Book of Stabbing","floor":29,"turns":7},{"damage":24,"enemies":"Snake Plant","floor":32,"turns":4},{"damage":28,"enemies":"WA_ARCHETYPE_CALM","floor":33,"turns":7},{"damage":24,"enemies":"3 Darklings","floor":36,"turns":5},{"damage":16,"enemies":"Orb Walker","floor":37,"turns":4},{"damage":49,"enemies":"Jaw Worm Horde","floor":38,"turns":4},{"damage":15,"enemies":"3 Darklings","floor":39,"turns":5},{"damage":31,"enemies":"Nemesis","floor":43,"turns":5},{"damage":17,"enemies":"downfall:FleeingMerchant","floor":44,"turns":4},{"damage":56,"enemies":"Reptomancer","floor":45,"turns":5},{"damage":34,"enemies":"Transient","floor":48,"turns":5},{"damage":15,"enemies":"4 Shapes","floor":49,"turns":5},{"damage":49,"enemies":"IC_BLOCK_ARCHETYPE","floor":50,"turns":6},{"damage":106,"enemies":"downfall:CharBossMerchant","floor":52,"turns":7}],"seed_played":"-4132196626914411329","potions_obtained":[{"floor":4,"key":"EntropicBrew"},{"floor":12,"key":"Ancient Potion"},{"floor":15,"key":"Flashbang"},{"floor":16,"key":"AttackPotion"},{"floor":20,"key":"Slimebound:SlimedPotion"},{"floor":28,"key":"Ancient Potion"}],"is_trial":false,"path_per_floor":["R_BF","M","?","M","M","$","T","M","M","?","E","M","$","$","M","B",null,"T","?","?","?","?","T","T","?","?","?","?","E","?","?","?","B",null,"T","?","?","?","?","T","T","?","E","T","E","T","T","?","?","B",null,"E"],"character_chosen":"SLIMEBOUND","items_purchased":["Slimebound:SpikyOuterGoop","Guide Book","Slimebound:TongueLash","Slimebound:HauntingLick","Pet Ghost"],"campfire_rested":0,"item_purchase_floors":[6,6,13,44,44],"current_hp_per_floor":[65,65,65,65,65,65,72,72,69,69,67,71,72,72,72,72,72,72,72,72,72,72,72,72,72,72,72,70,71,71,71,66,72,72,82,73,82,76,82,82,82,82,72,82,43,43,43,58,76,82,82,0,0,0],"gold":340,"neow_bonus":"RANDOM_COMMON_RELIC","is_daily":false,"chose_seed":false,"campfire_upgraded":4,"win_rate":0.0,"timestamp":1612734814,"path_taken":["R_BF","M","?","M","?","?","T","M","M","?","E","M","?","$","M","BOSS","T","?","?","?","?","T","T","?","?","?","?","E","?","?","?","BOSS","T","?","?","?","?","T","T","?","E","T","E","?","T","?","?","BOSS","E"],"items_purchased_type":["Card","Relic","Card","Card","Relic"],"build_version":"2020-12-22","purchased_purges":1,"victory":false,"max_hp_per_floor":[65,65,65,65,65,65,72,72,72,72,72,72,72,72,72,72,72,72,72,72,72,72,72,72,72,72,72,72,72,72,72,72,72,72,82,82,82,82,82,82,82,82,82,82,82,82,82,82,82,82,82,82,82,82],"card_choices":[{"not_picked":["Slimebound:RollThrough","Slimebound:SlimeSpikes"],"picked":"Slimebound:Schlurp","floor":2},{"not_picked":["Slimebound:SamplingLick","Slimebound:SlimeBrawl"],"picked":"Slimebound:LeechEnergy","floor":4},{"not_picked":["Slimebound:FinishingTackle","Slimebound:ItLooksTasty"],"picked":"Slimebound:DuplicatedForm","floor":5},{"not_picked":["Slimebound:RollThrough","Slimebound:SlimeBarrage"],"picked":"Slimebound:MegaLick","floor":6},{"not_picked":["Slimebound:GoopTackle","Slimebound:BestDefense"],"picked":"Slimebound:Prepare","floor":8},{"not_picked":["Slimebound:Schlurp","Slimebound:SplitMire"],"picked":"Slimebound:Gluttony","floor":9},{"not_picked":["Slimebound:Schlurp","Slimebound:DuplicatedForm","Slimebound:LeadByExample"],"picked":"SKIP","floor":11},{"not_picked":["Slimebound:ProtectTheBoss","Slimebound:SlimeTap"],"picked":"Slimebound:GoopSpray","floor":12},{"not_picked":["Slimebound:ProtectTheBoss","Slimebound:GoopSpray"],"picked":"Slimebound:FinishingTackle","floor":13},{"not_picked":["Slimebound:Repurpose","Slimebound:ViciousTackle"],"picked":"Slimebound:Grow","floor":14},{"not_picked":["Slimebound:HauntingLick","Slimebound:RollThrough"],"picked":"Slimebound:TongueLash","floor":15},{"not_picked":["Slimebound:DouseInSlime","Slimebound:MassRepurpose"],"picked":"Slimebound:LeechLife","floor":16},{"not_picked":["Slimebound:ItLooksTasty","Slimebound:LeechEnergy+1","Slimebound:PressTheAttack"],"picked":"SKIP","floor":19},{"not_picked":["Slimebound:TongueLash+1","Slimebound:SlimeSpikes","Slimebound:ServeAndProtect"],"picked":"SKIP","floor":20},{"not_picked":["Slimebound:Chomp","Slimebound:LeechEnergy"],"picked":"Slimebound:SamplingLick+1","floor":21},{"not_picked":["Slimebound:DivideAndConquer+1","Slimebound:FormOfPuddle","Slimebound:ItLooksTasty"],"picked":"SKIP","floor":25},{"not_picked":["Slimebound:GrowthPunch","Slimebound:SplitAcid","Slimebound:LivingWall"],"picked":"SKIP","floor":26},{"not_picked":["Slimebound:ViciousTackle+1","Slimebound:Chomp","Slimebound:HungryTackle"],"picked":"SKIP","floor":28},{"not_picked":["Slimebound:PressTheAttack","Slimebound:FormOfPuddle","Slimebound:BestDefense"],"picked":"SKIP","floor":29},{"not_picked":["Slimebound:LeadByExample","Slimebound:MassRepurpose","Slimebound:PressTheAttack"],"picked":"SKIP","floor":32},{"not_picked":["Slimebound:ComboTackle+1","Slimebound:DisruptingSlam","Slimebound:SlimeSpikes"],"picked":"SKIP","floor":36},{"not_picked":["Slimebound:MassFeed","Slimebound:ForwardTackle","Slimebound:ComboTackle+1"],"picked":"SKIP","floor":37},{"not_picked":["Slimebound:ComboTackle","Slimebound:GoopTackle","Slimebound:LeechEnergy+1"],"picked":"SKIP","floor":38},{"not_picked":["Slimebound:SplitAcid+1","Slimebound:BestDefense+1","Slimebound:PressTheAttack+1"],"picked":"SKIP","floor":39},{"not_picked":["Slimebound:GoopTackle","Slimebound:TongueLash+1","Slimebound:SplitLeeching"],"picked":"SKIP","floor":43},{"not_picked":["Slimebound:GoopTackle+1","Slimebound:RallyTheTroops"],"picked":"Slimebound:Recollect+1","floor":44},{"not_picked":["Slimebound:Overexert","Slimebound:FinishingTackle"],"picked":"Slimebound:DouseInSlime","floor":45},{"not_picked":["Slimebound:SplitAcid+1","Slimebound:Gluttony+1","Slimebound:SplitSpecialist"],"picked":"SKIP","floor":48},{"not_picked":["Slimebound:BestDefense","Slimebound:Repurpose+1","Slimebound:SlimeBarrage"],"picked":"SKIP","floor":49}],"player_experience":183594,"relics_obtained":[{"floor":7,"key":"Strawberry"},{"floor":11,"key":"Bag of Preparation"},{"floor":29,"key":"Grinning Jar"},{"floor":41,"key":"Boot"},{"floor":43,"key":"Replay:Baseball"},{"floor":45,"key":"Regal Pillow"},{"floor":46,"key":"Replay:Bottled Snecko"}],"event_choices":[{"damage_healed":0,"gold_gain":0,"player_choice":"Ignored","damage_taken":0,"max_hp_gain":0,"max_hp_loss":0,"event_name":"Ghosts","floor":27,"gold_loss":0}],"is_beta":false,"boss_relics":[{"not_picked":["Ring of Chaos","Velvet Choker"],"picked":"Painkiller Herb"},{"not_picked":["ReplayTheSpireMod:DimensionalGlitch","Pandora\u0027s Box"],"picked":"Runic Dome"}],"items_purged_floors":[44],"is_endless":false,"potions_floor_spawned":[4,12,15,16,20,28,29,32,38,43,45,48],"killed_by":"downfall:CharBossMerchant","ascension_level":0}}