{"host":"ktoxvvst1mwxww91","time":1612699846,"event":{"mods":["BaseMod","Downfall","Hermit","Minty Spire (QoL Compilation)","StSLib","The Hierophant"],"gold_per_floor":[144,148,135,210,86,80,80,80,134,177,209,253,316,359,371,315,315],"floor_reached":16,"language":"ENG","playtime":540,"items_purged":["hierophant:Strike_Hierophant"],"score":202,"play_id":"55795332-5f49-4dff-819c-a876997f38c2","local_time":"20210207131046","is_ascension_mode":true,"campfire_choices":[{"floor":7,"key":"REST"},{"data":"hierophant:Charity","floor":15,"key":"SMITH"}],"circlet_count":0,"master_deck":["AscendersBane","hierophant:Strike_Hierophant","hierophant:Strike_Hierophant","hierophant:Strike_Hierophant","hierophant:Punish","hierophant:Defend_Hierophant","hierophant:Defend_Hierophant","hierophant:Defend_Hierophant","hierophant:Defend_Hierophant","hierophant:ChurchCoffers+1","hierophant:Doubloon","hierophant:Charity+1","hierophant:Doubloon","hierophant:Refuge","hierophant:Zeal","hierophant:Determination","hierophant:Remorse","hierophant:Doubloon","hierophant:OrnateJavelin","hierophant:Smite","hierophant:Doubloon","hierophant:CursedGold","hierophant:Blessing","hierophant:Doubloon","hierophant:Doubloon","hierophant:Remorse"],"relics":["Tiny House","Happy Flower","Gremlin Horn","MawBank","Slimebound:PreparedRelic"],"acts_visited":["Exordium"],"potions_floor_usage":[6,10,16],"damage_taken":[{"damage":3,"enemies":"Jaw Worm","floor":1,"turns":4},{"damage":3,"enemies":"2 Louse","floor":2,"turns":2},{"damage":6,"enemies":"Cultist","floor":3,"turns":3},{"damage":35,"enemies":"3 Sentries","floor":6,"turns":10},{"damage":18,"enemies":"Gremlin Nob","floor":10,"turns":3},{"damage":8,"enemies":"Red Slaver","floor":11,"turns":3},{"damage":7,"enemies":"Exordium Thugs","floor":12,"turns":4},{"damage":0,"enemies":"Exordium Wildlife","floor":13,"turns":1},{"damage":5,"enemies":"2 Fungi Beasts","floor":14,"turns":4},{"damage":40,"enemies":"Hexaghost","floor":16,"turns":9}],"seed_played":"638141452503310312","potions_obtained":[{"floor":0,"key":"FearPotion"},{"floor":3,"key":"Regen Potion"},{"floor":12,"key":"bronze:BurnAndBuffPotion"}],"is_trial":false,"path_per_floor":["M","M","M","?","$","E","R","?","T","E","M","M","M","M","R","B"],"character_chosen":"HIEROPHANT","items_purchased":["hierophant:Remorse"],"campfire_rested":1,"item_purchase_floors":[5],"current_hp_per_floor":[70,67,61,50,50,35,59,59,59,41,33,26,26,32,32,0,0],"gold":315,"neow_bonus":"BOSS_RELIC","is_daily":false,"chose_seed":false,"campfire_upgraded":1,"win_rate":0.0,"timestamp":1612699846,"path_taken":["M","M","M","?","$","E","R","?","T","E","M","M","M","M","R","BOSS"],"items_purchased_type":["Card"],"build_version":"2020-12-22","purchased_purges":1,"victory":false,"max_hp_per_floor":[80,80,80,80,80,80,80,80,80,80,80,80,80,80,80,80,80],"card_choices":[{"not_picked":["hierophant:Doubloon","hierophant:FlamingChariot"],"picked":"hierophant:Charity","floor":0},{"not_picked":["hierophant:RustyCrate","hierophant:Doubloon"],"picked":"hierophant:Refuge","floor":1},{"not_picked":["hierophant:MorningPrayer","hierophant:ThreeLashes"],"picked":"hierophant:Zeal","floor":2},{"not_picked":["hierophant:PassingBell","hierophant:Doubloon"],"picked":"hierophant:Determination","floor":3},{"not_picked":["hierophant:Anathema","hierophant:Patience"],"picked":"hierophant:OrnateJavelin","floor":6},{"not_picked":["hierophant:Encroach","hierophant:OrnateBuckler"],"picked":"hierophant:Smite","floor":10},{"not_picked":["hierophant:Remorse","hierophant:Martyrdom"],"picked":"hierophant:CursedGold","floor":11},{"not_picked":["hierophant:Mercenaries","hierophant:Empathy"],"picked":"hierophant:Blessing","floor":12},{"not_picked":["hierophant:DisplayOfPower","hierophant:AuricBeam"],"picked":"hierophant:Doubloon","floor":13},{"not_picked":["hierophant:Encroach","hierophant:HammerAndAnvil"],"picked":"hierophant:Remorse","floor":14}],"player_experience":1099422,"relics_obtained":[{"floor":6,"key":"Happy Flower"},{"floor":8,"key":"Gremlin Horn"},{"floor":9,"key":"MawBank"},{"floor":10,"key":"Slimebound:PreparedRelic"}],"event_choices":[{"damage_healed":0,"gold_gain":75,"player_choice":"Gather Gold","damage_taken":11,"max_hp_gain":0,"max_hp_loss":0,"event_name":"World of Goop","floor":4,"gold_loss":0},{"damage_healed":0,"gold_gain":0,"player_choice":"Relic","damage_taken":0,"max_hp_gain":0,"max_hp_loss":0,"event_name":"Wheel of Change","floor":8,"gold_loss":0}],"is_beta":false,"boss_relics":[],"items_purged_floors":[5],"is_endless":false,"potions_floor_spawned":[3,12],"killed_by":"Hexaghost","ascension_level":11}}