{"host":"kw4o7b3ro2ktmmbe","time":1612661372,"event":{"mods":["BaseMod","Bossed Relics","Evolution","Minty Spire (QoL Compilation)","StSLib","The Druid"],"gold_per_floor":[115,115,127,127,127,127,127,148,221,221,239,239,253,428,428,558,558,578,578,622,635,103,103,136,136,183,183,183,183],"floor_reached":28,"language":"ENG","playtime":1559,"items_purged":[],"score":280,"play_id":"142eced4-cd8b-435c-b7d7-6d8f22d4457c","local_time":"20210207142932","is_ascension_mode":true,"campfire_choices":[{"data":"theDruid:BriarArmor","floor":6.0,"key":"SMITH"},{"data":"theDruid:InsectSwarm","floor":10.0,"key":"SMITH"},{"data":"theDruid:InsectSwarm","floor":12.0,"key":"SMITH"},{"data":"theDruid:WildSlash","floor":15.0,"key":"SMITH"},{"floor":23.0,"key":"REST"},{"floor":25.0,"key":"REST"}],"circlet_count":0,"master_deck":["theDruid:ExposingSlash","theDruid:Strike_O","theDruid:Strike_O","theDruid:Strike_O","theDruid:Defend_O","theDruid:Defend_O","theDruid:Defend_O","theDruid:BriarArmor+1","theDruid:WildSlash+1","CurseOfTheBell","theDruid:WallofRoots","theDruid:FeralPlants","Injury","theDruid:InsectSwarm+1","theDruid:InsectSwarm+1","Doubt","theDruid:ApexPredator","theDruid:Scavenge","theDruid:Thornburst+1","theDruid:Adaptation+1","theDruid:SpiritCall","Shame","theDruid:TearOpen","theDruid:PrimalStrength"],"relics":["EVO:Axolotl","Calling Bell","Potion Belt","Pantograph","Du-Vu Doll","Golden Idol","theDruid:ArmillarySphere","Cursed Key","Red Mask","theDruid:TigersClaw","Gambling Chip","Centennial Puzzle","Strawberry"],"acts_visited":["Exordium","TheCity"],"potions_floor_usage":[],"damage_taken":[{"damage":0.0,"enemies":"Small Slimes","floor":1.0,"turns":3.0},{"damage":0.0,"enemies":"Jaw Worm","floor":3.0,"turns":3.0},{"damage":2.0,"enemies":"2 Louse","floor":8.0,"turns":2.0},{"damage":0.0,"enemies":"Looter","floor":11.0,"turns":3.0},{"damage":6.0,"enemies":"Gremlin Gang","floor":13.0,"turns":3.0},{"damage":48.0,"enemies":"Hexaghost","floor":16.0,"turns":12.0},{"damage":19.0,"enemies":"2 Thieves","floor":18.0,"turns":4.0},{"damage":22.0,"enemies":"Masked Bandits","floor":20.0,"turns":4.0},{"damage":14.0,"enemies":"Spheric Guardian","floor":21.0,"turns":4.0},{"damage":44.0,"enemies":"Slavers","floor":24.0,"turns":6.0},{"damage":31,"enemies":"Book of Stabbing","floor":28,"turns":4}],"seed_played":"4731692437013142123","potions_obtained":[{"floor":8.0,"key":"Dexterity Potion"},{"floor":16.0,"key":"SkillPotion"},{"floor":21.0,"key":"Regen Potion"}],"is_trial":false,"path_per_floor":["M","?","M","$","?","R","?","M","T","R","M","R","M","?","R","B",null,"M","?","?","M","$","R","E","R","T","?","E"],"character_chosen":"DRUID","items_purchased":["theDruid:TigersClaw","Gambling Chip"],"campfire_rested":2,"item_purchase_floors":[22,22],"current_hp_per_floor":[75,75,75,75,68,68,68,66,66,66,66,66,60,60,60,27,63,44,44,22,8,8,30,1,23,30,30,0,0],"gold":183,"neow_bonus":"BOSS_RELIC","is_daily":false,"chose_seed":false,"campfire_upgraded":4,"win_rate":0.0,"timestamp":1612661372,"path_taken":["M","?","M","$","?","R","?","?","T","R","M","R","M","?","R","BOSS","M","?","?","M","$","R","E","R","T","?","E"],"items_purchased_type":["Relic","Relic"],"build_version":"2020-12-22","purchased_purges":0,"victory":false,"max_hp_per_floor":[75,75,75,75,75,75,75,75,75,75,75,75,75,75,75,75,75,75,75,75,75,75,75,75,75,82,82,82,82],"card_choices":[{"not_picked":["theDruid:FuriousSlash","theDruid:BloodiedFur"],"picked":"theDruid:WallofRoots","floor":1.0},{"not_picked":["theDruid:Adaptation","theDruid:PlagueClaw"],"picked":"theDruid:FeralPlants","floor":3.0},{"not_picked":["theDruid:Untamed","theDruid:ExposingSlash"],"picked":"theDruid:InsectSwarm","floor":8.0},{"not_picked":["theDruid:Slingshot","theDruid:Scavenge"],"picked":"theDruid:InsectSwarm","floor":11.0},{"not_picked":["theDruid:FuriousSlash","theDruid:BloodiedFur","theDruid:Slingshot"],"picked":"SKIP","floor":13.0},{"not_picked":["theDruid:Mutilate","theDruid:HailofThorns"],"picked":"theDruid:ApexPredator","floor":16.0},{"not_picked":["theDruid:RockSlide+1","theDruid:BackupSupplies"],"picked":"theDruid:Scavenge","floor":18.0},{"not_picked":["theDruid:ExposingSlash","theDruid:IronClaw"],"picked":"theDruid:Thornburst+1","floor":20.0},{"not_picked":["theDruid:FullMoon+1","theDruid:AstralShield+1"],"picked":"theDruid:Adaptation+1","floor":21.0},{"not_picked":["theDruid:FelineGrace+1","theDruid:PlagueClaw"],"picked":"theDruid:SpiritCall","floor":24.0}],"player_experience":1908873,"relics_obtained":[{"floor":0.0,"key":"Potion Belt"},{"floor":0.0,"key":"Pantograph"},{"floor":0.0,"key":"Du-Vu Doll"},{"floor":9.0,"key":"theDruid:ArmillarySphere"},{"floor":20.0,"key":"Red Mask"},{"floor":24.0,"key":"Centennial Puzzle"},{"floor":26.0,"key":"Strawberry"}],"event_choices":[{"damage_healed":0.0,"max_hp_gain":0.0,"max_hp_loss":0.0,"gold_gain":0.0,"event_name":"The Cleric","player_choice":"Leave","floor":2.0,"gold_loss":0.0,"damage_taken":0.0},{"cards_removed":["theDruid:Defend_O"],"damage_healed":0.0,"max_hp_gain":0.0,"max_hp_loss":0.0,"gold_gain":0.0,"event_name":"Golden Wing","player_choice":"Card Removal","floor":5.0,"gold_loss":0.0,"damage_taken":7.0},{"damage_healed":0.0,"max_hp_gain":0.0,"max_hp_loss":0.0,"gold_gain":0.0,"event_name":"Golden Idol","player_choice":"Take Wound","floor":7.0,"gold_loss":0.0,"damage_taken":0.0,"relics_obtained":["Golden Idol"],"cards_obtained":["Injury"]},{"damage_healed":0.0,"max_hp_gain":0.0,"max_hp_loss":0.0,"gold_gain":175.0,"event_name":"Liars Game","player_choice":"AGREE","floor":14.0,"gold_loss":0.0,"damage_taken":0.0,"cards_obtained":["Doubt"]},{"damage_healed":0.0,"max_hp_gain":0.0,"max_hp_loss":0.0,"gold_gain":0.0,"event_name":"Beggar","player_choice":"Ignored","floor":19.0,"gold_loss":0.0,"damage_taken":0.0},{"damage_healed":0.0,"max_hp_gain":0.0,"max_hp_loss":0.0,"gold_gain":0.0,"event_name":"Masked Bandits","player_choice":"Fought Bandits","floor":20.0,"gold_loss":0.0,"damage_taken":0.0},{"damage_healed":0,"gold_gain":0,"player_choice":"2 cards matched","damage_taken":0,"max_hp_gain":0,"max_hp_loss":0,"event_name":"Match and Keep!","floor":27,"gold_loss":0,"cards_obtained":["theDruid:TearOpen","theDruid:PrimalStrength"]}],"is_beta":false,"boss_relics":[{"not_picked":["Black Star","Runic Dome"],"picked":"Cursed Key"}],"items_purged_floors":[],"is_endless":false,"potions_floor_spawned":[8,16,21],"killed_by":"Book of Stabbing","ascension_level":5}}