{"host":"u7bb6mvzuirwfcqo","time":1612715452,"event":{"mods":["2.2 Compatiblity","AchievementEnabler","BaseMod","Card Forge","Downfall","Hermit","Minty Spire (QoL Compilation)","Relic Stats","Replay The Spire","StSLib"],"gold_per_floor":[115,131,141,156,3,3,3,28,100,120,120,120,135,151,151,151,151],"floor_reached":16,"language":"ENG","playtime":494,"items_purged":[],"score":102,"play_id":"486fc7e4-af7d-4e57-a7d5-3c6eeb6804c9","local_time":"20210207113052","is_ascension_mode":false,"campfire_choices":[{"data":"sneckomod:DiceBoulder","floor":6.0,"key":"SMITH"},{"floor":11.0,"key":"REST"},{"floor":15.0,"key":"REST"}],"circlet_count":0,"master_deck":["sneckomod:Strike","sneckomod:Strike","sneckomod:Strike","sneckomod:Defend","sneckomod:Defend","sneckomod:Defend","sneckomod:TailWhip","sneckomod:SnekBite","sneckomod:Unknown","sneckomod:Unknown","sneckomod:UnknownUncommonPower","sneckomod:DiceBoulder+1","sneckomod:UnknownRareSkill","sneckomod:SnakeSap","sneckomod:WideSting","sneckomod:QuickBite","sneckomod:DiceCrush","sneckomod:UnknownX","sneckomod:Restock","sneckomod:UnendingSupply+1","sneckomod:SlitherStrike","sneckomod:DiceCrush","sneckomod:UnknownCommonAttack"],"relics":["sneckomod:SneckoSoul","Hammer of Thor","Seething Fire","Anvil of the Gods","Orrery","Unceasing Top","Replay:Bottled Flurry","Odd Mushroom"],"acts_visited":["Exordium"],"potions_floor_usage":[],"damage_taken":[{"damage":6.0,"enemies":"2 Louse","floor":1.0,"turns":3.0},{"damage":16.0,"enemies":"Cultist","floor":2.0,"turns":5.0},{"damage":6.0,"enemies":"Jaw Worm","floor":3.0,"turns":4.0},{"damage":28.0,"enemies":"2 Fungi Beasts","floor":4.0,"turns":4.0},{"damage":31.0,"enemies":"Lagavulin","floor":8.0,"turns":5.0},{"damage":15.0,"enemies":"The Mushroom Lair","floor":10.0,"turns":2.0},{"damage":6.0,"enemies":"Exordium Wildlife","floor":13.0,"turns":2.0},{"damage":3.0,"enemies":"Lots of Slimes","floor":14.0,"turns":2.0},{"damage":0,"enemies":"The Guardian","floor":16,"turns":1}],"seed_played":"-6821460094185992962","potions_obtained":[{"floor":2.0,"key":"AttackPotion"},{"floor":3.0,"key":"Milkshake"},{"floor":4.0,"key":"sneckomod:CheatPotion"},{"floor":13.0,"key":"Strength Potion"}],"is_trial":false,"path_per_floor":["M","M","M","M","$","R","?","E","T","?","R","?","M","M","R","B"],"character_chosen":"THE_SNECKO","items_purchased":["Orrery"],"campfire_rested":2,"item_purchase_floors":[5],"current_hp_per_floor":[93,77,71,43,43,43,48,17,17,2,33,33,27,24,55,55,55,55],"gold":151,"neow_bonus":"TEN_PERCENT_HP_BONUS","is_daily":false,"chose_seed":false,"campfire_upgraded":1,"win_rate":0.0,"timestamp":1612715452,"path_taken":["M","M","M","M","$","R","?","E","T","?","R","?","?","M","R","BOSS"],"items_purchased_type":["Relic"],"build_version":"2020-12-22","purchased_purges":0,"victory":false,"max_hp_per_floor":[99,99,99,99,99,99,104,104,104,104,104,104,104,104,104,104,104,104],"relic_stats":{"counters":[9,28],"obtain_stats":[{"Anvil of the Gods":0,"Orrery":5,"Hammer of Thor":0,"Replay:Bottled Flurry":9,"Seething Fire":0,"Odd Mushroom":10,"sneckomod:SneckoSoul":0,"Unceasing Top":8},{"Anvil of the Gods":0,"Orrery":4,"Hammer of Thor":0,"Replay:Bottled Flurry":5,"Seething Fire":0,"Odd Mushroom":6,"sneckomod:SneckoSoul":0,"Unceasing Top":5},{"Anvil of the Gods":0,"Orrery":16,"Hammer of Thor":0,"Replay:Bottled Flurry":21,"Seething Fire":0,"Odd Mushroom":23,"sneckomod:SneckoSoul":0,"Unceasing Top":21}],"Unceasing Top":[3]},"card_choices":[{"not_picked":["sneckomod:CheapStock","sneckomod:DiceBoulder"],"picked":"sneckomod:UnknownUncommonPower","floor":1.0},{"not_picked":["sneckomod:QuickMove","sneckomod:SoulRoll"],"picked":"sneckomod:DiceBoulder","floor":2.0},{"not_picked":["sneckomod:UnknownCommonSkill","sneckomod:UnknownStrike"],"picked":"sneckomod:UnknownRareSkill","floor":3.0},{"not_picked":["sneckomod:UnknownExhaust","sneckomod:UnknownCommonAttack"],"picked":"sneckomod:SnakeSap","floor":4.0},{"not_picked":["sneckomod:UnknownDraw","sneckomod:IronFang"],"picked":"sneckomod:WideSting","floor":5.0},{"not_picked":["sneckomod:DiceBlock","sneckomod:WideSting"],"picked":"sneckomod:QuickBite","floor":5.0},{"not_picked":["sneckomod:RainOfDice","sneckomod:SoulRoll"],"picked":"sneckomod:DiceCrush","floor":5.0},{"not_picked":["sneckomod:ImprovisedAttack","sneckomod:SoulCleanse"],"picked":"sneckomod:UnknownX","floor":5.0},{"not_picked":["sneckomod:SoulCleanse","sneckomod:DiceBlock"],"picked":"sneckomod:Restock","floor":5.0},{"not_picked":["sneckomod:QuickBite","sneckomod:SnakeSap"],"picked":"sneckomod:UnendingSupply","floor":8.0},{"not_picked":["sneckomod:UnknownUncommonAttack","sneckomod:SoulCleanse"],"picked":"sneckomod:SlitherStrike","floor":10.0},{"not_picked":["sneckomod:SoulRoll","sneckomod:RainOfDice"],"picked":"sneckomod:DiceCrush","floor":13.0},{"not_picked":["sneckomod:SoulCleanse","sneckomod:WideSting"],"picked":"sneckomod:UnknownCommonAttack","floor":14.0}],"player_experience":26880,"relics_obtained":[{"floor":8.0,"key":"Unceasing Top"},{"floor":9.0,"key":"Replay:Bottled Flurry"},{"floor":10.0,"key":"Odd Mushroom"}],"event_choices":[{"damage_healed":0.0,"max_hp_gain":5.0,"max_hp_loss":0.0,"gold_gain":0.0,"event_name":"Big Fish","player_choice":"Donut","floor":7.0,"gold_loss":0.0,"damage_taken":0.0},{"damage_healed":0.0,"max_hp_gain":0.0,"max_hp_loss":0.0,"gold_gain":0.0,"event_name":"Mushrooms","player_choice":"Fought Mushrooms","floor":10.0,"gold_loss":0.0,"damage_taken":0.0},{"damage_healed":0.0,"max_hp_gain":0.0,"max_hp_loss":0.0,"gold_gain":0.0,"event_name":"Upgrade Shrine","player_choice":"Upgraded","floor":12.0,"gold_loss":0.0,"damage_taken":0.0,"cards_upgraded":["sneckomod:UnendingSupply"]}],"is_beta":false,"boss_relics":[],"items_purged_floors":[],"is_endless":false,"potions_floor_spawned":[2,3,4,13],"killed_by":"The Guardian","ascension_level":0}}