{"host":"q8mjpf3krl0t4p3x","time":1612737263,"event":{"mods":["BaseMod","Colored Map","Colored Powertips","Googly Eyes","Minty Spire (QoL Compilation)","Quick Restart","StSLib","everything is the same but u backflip on backflip","slay the spire mod where everything is the same but ironclad has a cowboy hat"],"gold_per_floor":[114,114,128,148,23,40,40,67,67,87,97,97,114,127,127,227,227,246,264,264,22,34,34,34],"floor_reached":23,"language":"ENG","playtime":905,"items_purged":["Strike_R"],"score":315,"play_id":"9f902f9c-20b8-4192-a1db-4d8869a7976d","local_time":"20210207143423","is_ascension_mode":true,"campfire_choices":[{"data":"Reckless Charge","floor":7.0,"key":"SMITH"},{"data":"Wild Strike","floor":12.0,"key":"SMITH"},{"floor":15.0,"key":"REST"}],"circlet_count":0,"master_deck":["AscendersBane","Strike_R","Strike_R","Strike_R","Strike_R","Defend_R","Defend_R","Defend_R","Defend_R","Bash","Wild Strike+1","Shrug It Off","Anger","Reckless Charge+1","Hemokinesis","Impervious","Demon Form","CurseOfTheBell","Rampage+1","Dropkick+1","Writhe"],"relics":["Burning Blood","Red Skull","Darkstone Periapt","Matryoshka","Calling Bell","Bronze Scales","Molten Egg 2","Dead Branch","Mercury Hourglass","Pantograph"],"acts_visited":["Exordium","TheCity"],"potions_floor_usage":[23,23],"damage_taken":[{"damage":11.0,"enemies":"Jaw Worm","floor":1.0,"turns":4.0},{"damage":6.0,"enemies":"Cultist","floor":3.0,"turns":4.0},{"damage":7.0,"enemies":"Small Slimes","floor":4.0,"turns":5.0},{"damage":3.0,"enemies":"Exordium Thugs","floor":6.0,"turns":4.0},{"damage":18.0,"enemies":"Lagavulin","floor":8.0,"turns":5.0},{"damage":11.0,"enemies":"Red Slaver","floor":10.0,"turns":3.0},{"damage":11.0,"enemies":"Looter","floor":11.0,"turns":2.0},{"damage":20.0,"enemies":"Exordium Thugs","floor":13.0,"turns":5.0},{"damage":5.0,"enemies":"Blue Slaver","floor":14.0,"turns":3.0},{"damage":57,"enemies":"Slime Boss","floor":16,"turns":10},{"damage":29,"enemies":"3 Byrds","floor":18,"turns":3},{"damage":4,"enemies":"Chosen","floor":19,"turns":5},{"damage":21,"enemies":"Shelled Parasite and Fungi","floor":22,"turns":5},{"damage":43,"enemies":"Slavers","floor":23,"turns":4}],"seed_played":"-4095656824828389793","potions_obtained":[{"floor":1.0,"key":"LiquidBronze"},{"floor":3.0,"key":"Block Potion"},{"floor":13.0,"key":"Regen Potion"},{"floor":16,"key":"BlessingOfTheForge"},{"floor":19,"key":"FearPotion"}],"is_trial":false,"path_per_floor":["M","?","M","M","$","M","R","E","T","M","M","R","M","M","R","B",null,"M","M","?","$","M","E"],"character_chosen":"IRONCLAD","items_purchased":["Fire Potion","Pantograph"],"campfire_rested":1,"item_purchase_floors":[5,21],"current_hp_per_floor":[67,67,67,66,66,69,69,57,57,52,47,47,33,43,67,16,70,47,49,55,55,40,0,0],"gold":34,"neow_bonus":"RANDOM_COMMON_RELIC","is_daily":false,"chose_seed":false,"campfire_upgraded":2,"win_rate":0.0,"timestamp":1612737263,"path_taken":["M","?","M","M","$","M","R","E","T","M","M","R","M","M","R","BOSS","M","?","?","?","?","E"],"items_purchased_type":["Potion","Relic"],"build_version":"2020-12-22","purchased_purges":1,"victory":false,"max_hp_per_floor":[80,80,80,80,80,80,80,80,80,80,80,80,80,80,80,80,86,86,86,92,92,92,92,92],"card_choices":[{"not_picked":["Hemokinesis","Flex"],"picked":"Wild Strike","floor":1.0},{"not_picked":["Headbutt","Pummel"],"picked":"Shrug It Off","floor":3.0},{"not_picked":["Warcry","Body Slam"],"picked":"Anger","floor":4.0},{"not_picked":["Thunderclap","Clothesline"],"picked":"Reckless Charge","floor":6.0},{"not_picked":["Iron Wave","Searing Blow"],"picked":"Hemokinesis","floor":8.0},{"not_picked":["Shrug It Off","Heavy Blade"],"picked":"Impervious","floor":10.0},{"not_picked":["Bloodletting","Havoc","Iron Wave"],"picked":"SKIP","floor":11.0},{"not_picked":["Sever Soul","Iron Wave","Shockwave"],"picked":"SKIP","floor":13.0},{"not_picked":["Rupture","Perfected Strike","Carnage"],"picked":"SKIP","floor":14.0},{"not_picked":["Reaper","Fiend Fire"],"picked":"Demon Form","floor":16},{"not_picked":["Flex","Wild Strike+1"],"picked":"Rampage+1","floor":18},{"not_picked":["Headbutt+1","Flex"],"picked":"Dropkick+1","floor":19},{"not_picked":["Perfected Strike+1","Iron Wave+1","Rage"],"picked":"SKIP","floor":22}],"player_experience":331630,"relics_obtained":[{"floor":8.0,"key":"Darkstone Periapt"},{"floor":9.0,"key":"Matryoshka"},{"floor":17,"key":"Bronze Scales"},{"floor":17,"key":"Molten Egg 2"},{"floor":17,"key":"Dead Branch"}],"event_choices":[{"damage_healed":0.0,"max_hp_gain":0.0,"max_hp_loss":0.0,"gold_gain":0.0,"event_name":"The Woman in Blue","player_choice":"Bought 0 Potions","floor":2.0,"gold_loss":0.0,"damage_taken":0.0},{"damage_healed":0,"gold_gain":0,"player_choice":"Opened","damage_taken":0,"relics_obtained":["Mercury Hourglass"],"max_hp_gain":0,"max_hp_loss":0,"event_name":"The Mausoleum","floor":20,"gold_loss":0,"cards_obtained":["Writhe"]}],"is_beta":false,"boss_relics":[{"not_picked":["Runic Dome","SlaversCollar"],"picked":"Calling Bell"}],"items_purged_floors":[5],"is_endless":false,"potions_floor_spawned":[1,3,13,16,19,22],"killed_by":"Slavers","ascension_level":12}}