{"host":"dn2xyj3kd3d9cfyb","time":1612684246,"event":{"mods":["BaseMod","Conspire","Hero for Fun","Hubris","Marisa£®ÏF”Í°°ƒß¿Ì…≥£©","Minty Spire (QoL Compilation)","Remilia£®¿Ÿ√◊¿Ú—«£©","Replay The Spire","Shop Mod","StSLib","The Animator","The Construct","The Cursed","The Mystic","Youmu£®ªÍ∆«—˝√Œ£©","Yuri Mod","Yuyuko"],"gold_per_floor":[259,281,131,153,153,188,220,246,273,273,273,305,315,350,350,460,460,475,475,574,640,640,640,715,640,663,409,482,509,562,628,628,747,747,815,765,855,805,874,874,953,953,953,1034,1124,1191,1252,1337,1337,1367,1367,1367,836,886,941,1015,1015,172,247,327,327,65,160,160,395,67,182,182,182],"floor_reached":70,"language":"ZHS","playtime":2100,"items_purged":["CommonCold","animator:Gillette","Replay:Sluggish","Shame"],"score":1835,"play_id":"c02f8c47-253c-40bc-972f-df3f8439d607","local_time":"20210207155046","is_ascension_mode":true,"campfire_choices":[{"floor":15.0,"key":"RECALL"},{"data":"animator:Yoichi","floor":23,"key":"SMITH"},{"data":"animator:HomuraAkemi","floor":32,"key":"SMITH"},{"data":"animator:AcuraShin","floor":40,"key":"SMITH"},{"data":"animator:Evileye","floor":42,"key":"SMITH"},{"data":"animator:Togame","floor":49,"key":"SMITH"},{"data":"animator:Saitama","floor":52,"key":"SMITH"},{"data":"animator:Ainz","floor":68,"key":"SMITH"}],"circlet_count":0,"master_deck":["Serious_Punch+1","animator:Tyuule+1","animator:Hans+1","animator:Evileye+1","animator:Yoichi+1","animator:ElricEdward+1","animator:HomuraAkemi+1","animator:AcuraShin+1","Serious_Punch+1","animator:Albedo+1","animator:IzunaHatsuse+1","animator:Saitama+1","animator:Curse_GriefSeed","animator:Entoma+17","animator:YunYun+1","animator:Togame+1","animator:YunYun+1","animator:HououinKyouma+1","animator:Zero+1","animator:HououinKyouma+1","animator:Pride+1","animator:Ainz+1"],"relics":["animator:TheEgnaroPiece","animator:AncientMedallion"],"acts_visited":["Exordium","TheCity","TheBeyond","TheEnding","EYB:TheUnnamedReign"],"potions_floor_usage":[20,20,20,20,20,20,28,28,30,30,37,50,69,69,69],"damage_taken":[{"damage":0.0,"enemies":"Cultist","floor":1.0,"turns":1.0},{"damage":5.0,"enemies":"2 Louse","floor":2.0,"turns":2.0},{"damage":0.0,"enemies":"Small Slimes","floor":4.0,"turns":3.0},{"damage":0.0,"enemies":"3 Sentries","floor":6.0,"turns":4.0},{"damage":23.0,"enemies":"The Mushroom Lair","floor":7.0,"turns":5.0},{"damage":0.0,"enemies":"Lagavulin","floor":8.0,"turns":1.0},{"damage":0.0,"enemies":"3 Louse","floor":12.0,"turns":4.0},{"damage":0.0,"enemies":"2 Fungi Beasts","floor":13.0,"turns":3.0},{"damage":0.0,"enemies":"Gremlin Nob","floor":14.0,"turns":2.0},{"damage":0.0,"enemies":"Slime Boss","floor":16.0,"turns":2.0},{"damage":0.0,"enemies":"Chosen","floor":18.0,"turns":1.0},{"damage":46,"enemies":"3 Byrds","floor":20,"turns":3},{"damage":0,"enemies":"Snecko","floor":21,"turns":1},{"damage":0,"enemies":"Gremlin Leader","floor":24,"turns":1},{"damage":0,"enemies":"animator:HornedBat","floor":28,"turns":4},{"damage":0,"enemies":"Centurion and Healer","floor":29,"turns":2},{"damage":0,"enemies":"Book of Stabbing","floor":30,"turns":2},{"damage":0,"enemies":"Snake Plant","floor":31,"turns":1},{"damage":0,"enemies":"conspire:MysteriousRune","floor":33,"turns":2},{"damage":0,"enemies":"Orb Walker","floor":35,"turns":1},{"damage":12,"enemies":"3 Darklings","floor":37,"turns":6},{"damage":0,"enemies":"Maw","floor":39,"turns":1},{"damage":0,"enemies":"R_Hoarder","floor":41,"turns":1},{"damage":0,"enemies":"Giant Head","floor":44,"turns":1},{"damage":4,"enemies":"Sphere and 2 Shapes","floor":45,"turns":2},{"damage":0,"enemies":"Spire Growth","floor":46,"turns":1},{"damage":0,"enemies":"Writhing Mass","floor":47,"turns":1},{"damage":0,"enemies":"R_Hoarder","floor":48,"turns":1},{"damage":0,"enemies":"Awakened One","floor":50,"turns":3},{"damage":0,"enemies":"animator:UNNAMED_HAT","floor":54,"turns":1},{"damage":4,"enemies":"animator:TRIPLE_SHAPES_WEAK","floor":55,"turns":3},{"damage":0,"enemies":"animator:TRIPLE_LAGAVULIN","floor":59,"turns":2},{"damage":16,"enemies":"animator:UNNAMED_CULTIST_2","floor":60,"turns":4},{"damage":0,"enemies":"animator:ULTIMATE_CUBE","floor":63,"turns":1},{"damage":35,"enemies":"animator:ULTIMATE_WISP","floor":67,"turns":2}],"seed_played":"899889275743008193","potions_obtained":[{"floor":1.0,"key":"LiquidMemories"},{"floor":8.0,"key":"SteroidPotion"},{"floor":12.0,"key":"SkillPotion"},{"floor":13.0,"key":"ColorlessPotion"},{"floor":14.0,"key":"EntropicBrew"},{"floor":16.0,"key":"DuplicationPotion"},{"floor":20,"key":"Weak Potion"},{"floor":21,"key":"Reflective Coating"},{"floor":24,"key":"PowerPotion"},{"floor":28,"key":"ColorlessPotion"},{"floor":29,"key":"Dexterity Potion"},{"floor":30,"key":"Weak Potion"},{"floor":31,"key":"Block Potion"},{"floor":33,"key":"AttackPotion"},{"floor":35,"key":"LiquidMemories"},{"floor":37,"key":"Flashbang"},{"floor":46,"key":"DistilledChaos"},{"floor":54,"key":"animator:FalseLifePotion"},{"floor":55,"key":"animator:FalseLifePotion"}],"is_trial":false,"path_per_floor":["M","M","$","M","?","E","?","E","T","?","?","M","M","E","R","B",null,"M","?","M","M","?","R","E","$","T","$","E","M","E","M","R","B",null,"M","$","M","$","M","R","E","R","T","E","M","M","M","E","R","B",null,"R","??","M","M","T","?","$","M","M","?","$","E","T","?","$","E","R","B",null],"character_chosen":"THE_ANIMATOR","items_purchased":["Medical Kit","DollysMirror","animator:AncientMedallion","animator:AncientMedallion","animator:AncientMedallion","animator:FalseLifePotion","animator:AncientMedallion","animator:Pride","animator:AncientMedallion"],"campfire_rested":0,"item_purchase_floors":[3,27,58,58,58,58,62,66,66],"current_hp_per_floor":[60,55,55,55,55,55,32,32,32,32,60,60,60,60,60,60,60,60,60,14,14,5,5,5,5,5,5,5,5,5,5,5,11,60,60,60,48,48,48,48,48,48,48,48,44,44,44,44,44,44,60,60,98,98,94,94,84,84,98,94,97,97,101,101,101,101,66,66,101],"gold":182,"neow_bonus":"REMOVE_TWO","is_daily":false,"chose_seed":false,"campfire_upgraded":7,"win_rate":0.0,"timestamp":1612684246,"path_taken":["M","M","$","?","?","E","?","E","T","?","?","M","?","E","R","BOSS","M","?","M","M","?","R","E","?","T","$","E","M","E","M","R","BOSS","M","$","M","$","M","R","E","R","T","E","M","M","M","E","R","BOSS","R","??","M","M","T","?","$","M","M","?","$","E","T","?","$","E","R","BOSS"],"items_purchased_type":["Relic","Relic","Relic","Relic","Relic","Potion","Relic","Card","Relic"],"build_version":"2020-12-22","purchased_purges":4,"victory":true,"max_hp_per_floor":[60,60,60,60,60,60,60,60,60,60,60,60,60,60,60,60,60,60,60,60,60,60,60,60,60,60,60,60,60,60,60,60,60,60,60,60,60,60,60,60,60,60,60,60,60,60,60,60,60,60,60,60,98,98,98,98,98,98,98,98,101,101,101,101,101,101,101,101,101],"card_choices":[{"not_picked":["animator:SayakaMiki","animator:Illya","animator:Arpeggio"],"picked":"SKIP","floor":1.0},{"not_picked":["animator:ElricEdward","animator:IrohaTamaki","animator:MamiTomoe"],"picked":"SKIP","floor":2.0},{"not_picked":["animator:Spearman","animator:Megumin","animator:Mitsurugi"],"picked":"SKIP","floor":4.0},{"not_picked":["animator:Azekura","animator:Hans","animator:Emonzaemon"],"picked":"SKIP","floor":8.0},{"not_picked":["animator:IrohaTamaki","animator:Wiz"],"picked":"animator:Tyuule","floor":12.0},{"not_picked":["animator:HighElfArcher","animator:Elsword","animator:YunYun"],"picked":"SKIP","floor":13.0},{"not_picked":["animator:Envy","animator:HigakiRinne"],"picked":"animator:Hans","floor":16.0},{"not_picked":["animator:GazelDwargon","animator:HiiragiShinya+1","animator:Shalltear"],"picked":"SKIP","floor":18.0},{"not_picked":["animator:Melzalgald+1","animator:UneriGinkaku","animator:WinryRockbell"],"picked":"SKIP","floor":20},{"not_picked":["animator:PandorasActor+1","animator:Sloth","animator:Shuna"],"picked":"SKIP","floor":21},{"not_picked":["animator:Biyorigo","animator:Berserker"],"picked":"animator:Albedo","floor":28},{"not_picked":["animator:KyokoSakura","animator:Yoichi","animator:CrowleyEusford"],"picked":"SKIP","floor":29},{"not_picked":["animator:YuiTsuruno","animator:Emonzaemon"],"picked":"animator:IzunaHatsuse+1","floor":30},{"not_picked":["animator:Guren","animator:Albedo"],"picked":"animator:Saitama","floor":33},{"not_picked":["Parasite","Voices"],"picked":"animator:Curse_GriefSeed","floor":34},{"not_picked":["hubris:Wrath","hubris:Envy"],"picked":"Replay:Sluggish","floor":34},{"not_picked":["Normality","Sickly"],"picked":"Shame","floor":34},{"not_picked":["animator:DwarfShaman","animator:Spearman","animator:PandorasActor+1"],"picked":"SKIP","floor":35},{"not_picked":["animator:ChaikaBohdan+1","animator:ZankiKiguchi","animator:Pride"],"picked":"SKIP","floor":35},{"not_picked":["animator:Boros","animator:SayakaMiki","animator:Rider"],"picked":"SKIP","floor":37},{"not_picked":["animator:Shalltear","animator:Emonzaemon","animator:KrulTepes"],"picked":"SKIP","floor":37},{"not_picked":["animator:Lancer","animator:Assassin"],"picked":"animator:Entoma+1","floor":39},{"not_picked":["animator:MetalKnight+1","animator:Assassin"],"picked":"animator:Entoma","floor":39},{"not_picked":["animator:Evileye+1","animator:Emonzaemon","animator:IzunaHatsuse","animator:ZankiKiguchi"],"picked":"SKIP","floor":44},{"not_picked":["animator:Spearman","animator:Gillette+1","animator:YuiTsuruno+1"],"picked":"animator:YunYun+1","floor":45},{"not_picked":["animator:KyokoSakura","animator:UneriGinkaku+1","animator:TukaLunaMarceau","animator:Darkness"],"picked":"SKIP","floor":45},{"not_picked":["animator:Laby+1","animator:RinTohsaka+1","animator:Viivi+1","animator:Benimaru"],"picked":"SKIP","floor":46},{"not_picked":["animator:Benimaru+1","animator:Alexander+1","animator:Evileye+1","animator:Demiurge+1"],"picked":"SKIP","floor":46},{"not_picked":["animator:Nanami","animator:Konayuki","animator:TsurugaMeisai"],"picked":"animator:Togame","floor":47},{"not_picked":["animator:Rider","animator:ElricEdward+1","animator:HighElfArcher+1","animator:WinryRockbell"],"picked":"SKIP","floor":47},{"not_picked":["animator:Sebas","animator:Mikaela","animator:Tyuule+1"],"picked":"animator:YunYun+1","floor":48},{"not_picked":["animator:Tet","animator:Konayuki+1","animator:PandorasActor"],"picked":"SKIP","floor":54},{"not_picked":["animator:DwarfShaman","animator:Rena","animator:Kaijin"],"picked":"SKIP","floor":55},{"not_picked":["animator:Patchouli","animator:TakanashiRikka"],"picked":"animator:HououinKyouma","floor":57},{"not_picked":["animator:Canti","animator:Kagari"],"picked":"animator:Zero","floor":57},{"not_picked":["animator:Kira","animator:Zero"],"picked":"animator:HououinKyouma","floor":57},{"not_picked":["animator:Sloth","animator:Demiurge+1","animator:SayakaMiki"],"picked":"SKIP","floor":59},{"not_picked":["animator:DolaStephanie+1","animator:SayakaMiki","animator:Sloth"],"picked":"SKIP","floor":60},{"not_picked":["animator:DolaCouronne+1","animator:Elsword","animator:Yoichi"],"picked":"SKIP","floor":63},{"not_picked":["animator:Gillette","animator:Tyuule+1"],"picked":"animator:Ainz","floor":67}],"player_experience":625878,"relics_obtained":[{"floor":6.0,"key":"Potion Belt"},{"floor":7.0,"key":"Odd Mushroom"},{"floor":8.0,"key":"White Beast Statue"},{"floor":9.0,"key":"Replay:Wax Seal"},{"floor":14.0,"key":"Replay:Bandana"},{"floor":19.0,"key":"ReplayTheSpireMod:Ring of Challenge"},{"floor":19.0,"key":"Ring of Peace"},{"floor":24,"key":"conspire:DecoderRing"},{"floor":30,"key":"Smiling Mask"},{"floor":31,"key":"Prayer Wheel"},{"floor":41,"key":"Darkstone Periapt"},{"floor":41,"key":"Question Card"},{"floor":43,"key":"ReplayTheSpireMod:Ninjato"},{"floor":44,"key":"Bag of Marbles"},{"floor":46,"key":"MealTicket"},{"floor":48,"key":"hubris:DisguiseKit"},{"floor":53,"key":"animator:TheEgnaroPiece"},{"floor":53,"key":"animator:AncientMedallion"},{"floor":56,"key":"animator:AncientMedallion"},{"floor":63,"key":"animator:AncientMedallion"},{"floor":64,"key":"animator:AncientMedallion"},{"floor":67,"key":"animator:AncientMedallion"}],"event_choices":[{"damage_healed":0.0,"max_hp_gain":0.0,"max_hp_loss":0.0,"gold_gain":0.0,"event_name":"Liars Game","player_choice":"Ignored","floor":5.0,"gold_loss":0.0,"damage_taken":0.0},{"damage_healed":0.0,"max_hp_gain":0.0,"max_hp_loss":0.0,"gold_gain":0.0,"event_name":"Mushrooms","player_choice":"Fought Mushrooms","floor":7.0,"gold_loss":0.0,"damage_taken":0.0},{"damage_healed":0.0,"max_hp_gain":0.0,"max_hp_loss":0.0,"gold_gain":0.0,"event_name":"conspire:LoneGhost","player_choice":"Agree","floor":10.0,"gold_loss":0.0,"damage_taken":0.0},{"cards_removed":["animator:Shimakaze"],"damage_healed":28.0,"max_hp_gain":0.0,"max_hp_loss":0.0,"gold_gain":0.0,"event_name":"Bonfire Elementals","player_choice":"Offered Uncommon","floor":11.0,"gold_loss":0.0,"damage_taken":0.0},{"damage_healed":0,"gold_gain":0,"player_choice":"Stopped","damage_taken":9,"max_hp_gain":0,"max_hp_loss":0,"event_name":"Cursed Tome","floor":22,"gold_loss":0},{"damage_healed":0,"gold_gain":0,"player_choice":"Memory 3","damage_taken":10,"max_hp_gain":0,"max_hp_loss":0,"event_name":"SensoryStone","floor":57,"gold_loss":0}],"is_beta":false,"boss_relics":[{"not_picked":["hubris:RunicObelisk","hubris:CrackedHourglass"],"picked":"Replay:Grab Bag"},{"not_picked":["Fusion Hammer","SlaversCollar"],"picked":"Coffee Dripper"},{"not_picked":["Cursed Key","ChewingGum"],"picked":"Philosopher\u0027s Stone"},{"not_picked":["Calling Bell","conspire:RunicOctahedron"],"picked":"SacredBark"},{"not_picked":["hubris:BlackHole","Kintsugi"],"picked":"Pandora\u0027s Box"},{"not_picked":["Replay:Drink Me","Replay:Wanted Poster"],"picked":"Replay:Ancient Bell"},{"not_picked":["Dream Catcher","MawBank"],"picked":"Bag of Preparation"},{"not_picked":["conspire:DeflatedDodgeball","Molten Egg 2"],"picked":"The Courier"},{"not_picked":["hubris:BundleOfHerbs","Replay:PocketPolymizer"],"picked":"Gambling Chip"}],"items_purged_floors":[25,27,36,38],"is_endless":false,"potions_floor_spawned":[1,8,12,13,14,16,18,20,21,24,28,29,30,31,33,35,37,39,41,44,45,46,47,48,55,59,67],"ascension_level":1}}