{"host":"djoj10dqzzvtkauc","time":1612730805,"event":{"mods":["2.2 Compatiblity","BaseMod","Colored Map","DeckTracker","Highlight Path","Keyboard Shortcuts","Marisa£¨Ùöéë¡¡Øª×âÞÞ£©","Minty Spire (QoL Compilation)","Permanent Neow","Quick Restart","Random Character Button","StSLib","SuperFastMode","everything is the same but u backflip on backflip"],"gold_per_floor":[10,10,26,45,61,61,93,93,93,93,93,106,106,118,118,215,215,235,235,235,235,83,117,127,138,138,138,151,177,190,205,205,205,205],"floor_reached":33,"language":"KOR","playtime":1374,"items_purged":["Strike_G"],"score":490,"play_id":"f28a80f6-bd7c-4a34-b9ab-d9809a07b21e","local_time":"20210208054645","is_ascension_mode":true,"campfire_choices":[{"data":"Adrenaline","floor":6,"key":"SMITH"},{"data":"Prepared","floor":8,"key":"SMITH"},{"data":"Noxious Fumes","floor":11,"key":"SMITH"},{"data":"Footwork","floor":15,"key":"SMITH"},{"floor":32,"key":"REST"}],"circlet_count":0,"master_deck":["Strike_G","Strike_G","Strike_G","Strike_G","Defend_G","Defend_G","Defend_G","Defend_G","Defend_G","Survivor","Neutralize","Poisoned Stab+1","Deadly Poison","Noxious Fumes+1","Poisoned Stab","Adrenaline+1","Cloak And Dagger","Dagger Spray","Prepared+1","Backflip","Dash","Crippling Poison","Footwork+1","Corpse Explosion","Well Laid Plans+1","Skewer+1","Ghostly","Ghostly","Ghostly","Ghostly","Ghostly","Bouncing Flask","Blur","Crippling Poison","Endless Agony","Backflip","A Thousand Cuts","Catalyst","PiercingWail"],"relics":["Ring of the Snake","Prayer Wheel","Unceasing Top","Gambling Chip","HoveringKite","Nilry\u0027s Codex","CaptainsWheel","Paper Crane","InkBottle","Bottled Tornado"],"acts_visited":["Exordium","TheCity"],"potions_floor_usage":[16,31,33,33],"damage_taken":[{"damage":0,"enemies":"2 Louse","floor":1,"turns":4},{"damage":0,"enemies":"Small Slimes","floor":3,"turns":3},{"damage":2,"enemies":"Jaw Worm","floor":4,"turns":3},{"damage":0,"enemies":"Red Slaver","floor":5,"turns":3},{"damage":26,"enemies":"Lagavulin","floor":7,"turns":6},{"damage":0,"enemies":"2 Fungi Beasts","floor":12,"turns":3},{"damage":15,"enemies":"Gremlin Gang","floor":14,"turns":3},{"damage":1,"enemies":"Slime Boss","floor":16,"turns":10},{"damage":0,"enemies":"3 Byrds","floor":18,"turns":2},{"damage":9,"enemies":"Gremlin Leader","floor":23,"turns":7},{"damage":4,"enemies":"Chosen","floor":24,"turns":5},{"damage":2,"enemies":"Centurion and Healer","floor":25,"turns":6},{"damage":0,"enemies":"3 Cultists","floor":28,"turns":3},{"damage":3,"enemies":"Book of Stabbing","floor":29,"turns":7},{"damage":1,"enemies":"Chosen and Byrds","floor":30,"turns":8},{"damage":3,"enemies":"Centurion and Healer","floor":31,"turns":6},{"damage":39,"enemies":"Champ","floor":33,"turns":8}],"seed_played":"4911852553824210103","potions_obtained":[{"floor":1,"key":"SpeedPotion"},{"floor":7,"key":"LiquidBronze"},{"floor":16,"key":"CultistPotion"},{"floor":23,"key":"AttackPotion"},{"floor":31,"key":"Explosive Potion"}],"is_trial":false,"path_per_floor":["M","?","M","M","M","R","E","R","T","?","R","M","?","M","R","B",null,"M","?","?","?","$","E","M","M","T","?","M","E","M","M","R","B"],"character_chosen":"THE_SILENT","items_purchased":["Bouncing Flask"],"campfire_rested":1,"item_purchase_floors":[22],"current_hp_per_floor":[63,63,63,61,61,61,35,35,35,35,35,35,58,43,43,42,63,63,47,35,35,35,26,22,20,20,20,20,17,16,13,23,0,0],"gold":205,"neow_bonus":"ONE_RARE_RELIC","is_daily":false,"chose_seed":false,"campfire_upgraded":4,"win_rate":0.0,"timestamp":1612730805,"path_taken":["M","?","M","M","M","R","E","R","T","?","R","M","?","M","R","BOSS","M","?","?","?","?","E","M","?","T","?","M","E","M","M","R","BOSS"],"items_purchased_type":["Card"],"build_version":"2020-12-22","purchased_purges":1,"victory":false,"max_hp_per_floor":[70,70,70,70,70,70,70,70,70,70,70,70,70,70,70,70,70,70,70,35,35,35,35,35,35,35,35,35,35,35,35,35,35,35],"card_choices":[{"not_picked":["Tactician","Blade Dance"],"picked":"Poisoned Stab","floor":1},{"not_picked":["Acrobatics","Poisoned Stab"],"picked":"Deadly Poison","floor":1},{"not_picked":["Slice","Acrobatics"],"picked":"Noxious Fumes","floor":3},{"not_picked":["Distraction","Acrobatics"],"picked":"Poisoned Stab","floor":3},{"not_picked":["Deadly Poison","Acrobatics"],"picked":"Adrenaline","floor":4},{"not_picked":["Dagger Throw","Acrobatics"],"picked":"Cloak And Dagger","floor":4},{"not_picked":["Escape Plan","Acrobatics"],"picked":"Dagger Spray","floor":5},{"not_picked":["Cloak And Dagger","Acrobatics","Setup"],"picked":"SKIP","floor":5},{"not_picked":["Finisher","Dagger Throw"],"picked":"Prepared","floor":7},{"not_picked":["Endless Agony","Sucker Punch"],"picked":"Backflip","floor":12},{"not_picked":["Deadly Poison","Quick Slash"],"picked":"Dash","floor":12},{"not_picked":["Prepared","Outmaneuver"],"picked":"Crippling Poison","floor":14},{"not_picked":["Eviscerate","Dash"],"picked":"Footwork","floor":14},{"not_picked":["Grand Finale","Adrenaline"],"picked":"Corpse Explosion","floor":16},{"not_picked":["Cloak And Dagger","Flying Knee"],"picked":"Well Laid Plans","floor":18},{"not_picked":["Acrobatics+1","Underhanded Strike+1"],"picked":"Skewer+1","floor":18},{"not_picked":["Backflip","Concentrate"],"picked":"Blur","floor":23},{"not_picked":["Dodge and Roll","All Out Attack+1"],"picked":"Crippling Poison","floor":24},{"not_picked":["Outmaneuver","Acrobatics","Deadly Poison"],"picked":"SKIP","floor":24},{"not_picked":["Prepared","Dagger Spray"],"picked":"Endless Agony","floor":25},{"not_picked":["Deflect","Deadly Poison","Caltrops+1"],"picked":"SKIP","floor":25},{"not_picked":["Caltrops","Heel Hook"],"picked":"Backflip","floor":28},{"not_picked":["Deadly Poison","Outmaneuver"],"picked":"A Thousand Cuts","floor":28},{"not_picked":["Concentrate","Deflect+1","Flechettes+1"],"picked":"SKIP","floor":29},{"not_picked":["Acrobatics","Caltrops"],"picked":"Catalyst","floor":30},{"not_picked":["Deadly Poison+1","Dagger Spray","A Thousand Cuts"],"picked":"SKIP","floor":30},{"not_picked":["Backflip","Deadly Poison"],"picked":"PiercingWail","floor":31},{"not_picked":["Underhanded Strike+1","Well Laid Plans","Skewer"],"picked":"SKIP","floor":31}],"player_experience":194809,"relics_obtained":[{"floor":7,"key":"Unceasing Top"},{"floor":9,"key":"Gambling Chip"},{"floor":19,"key":"Nilry\u0027s Codex"},{"floor":23,"key":"Paper Crane"},{"floor":26,"key":"InkBottle"},{"floor":29,"key":"Bottled Tornado"}],"event_choices":[{"damage_healed":0,"gold_gain":0,"player_choice":"Grow","damage_taken":0,"max_hp_gain":0,"max_hp_loss":0,"event_name":"Living Wall","floor":2,"gold_loss":0,"cards_upgraded":["Poisoned Stab"]},{"damage_healed":0,"gold_gain":0,"player_choice":"Ignored","damage_taken":0,"max_hp_gain":0,"max_hp_loss":0,"event_name":"Liars Game","floor":10,"gold_loss":0},{"damage_healed":23,"gold_gain":0,"player_choice":"Banana","damage_taken":0,"max_hp_gain":0,"max_hp_loss":0,"event_name":"Big Fish","floor":13,"gold_loss":0},{"damage_healed":0,"gold_gain":0,"player_choice":"Obtained Book","damage_taken":16,"max_hp_gain":0,"max_hp_loss":0,"event_name":"Cursed Tome","floor":19,"gold_loss":0},{"damage_healed":0,"gold_gain":0,"player_choice":"Became a Ghost","damage_taken":0,"max_hp_gain":0,"max_hp_loss":35,"event_name":"Ghosts","floor":20,"gold_loss":0,"cards_obtained":["Ghostly","Ghostly","Ghostly","Ghostly","Ghostly"]},{"damage_healed":0,"gold_gain":0,"player_choice":"Opened","damage_taken":0,"relics_obtained":["CaptainsWheel"],"max_hp_gain":0,"max_hp_loss":0,"event_name":"The Mausoleum","floor":21,"gold_loss":0},{"damage_healed":0,"gold_gain":0,"player_choice":"Forge","damage_taken":0,"max_hp_gain":0,"max_hp_loss":0,"event_name":"Accursed Blacksmith","floor":27,"gold_loss":0,"cards_upgraded":["Well Laid Plans"]}],"is_beta":false,"boss_relics":[{"not_picked":["Tiny House","Snecko Eye"],"picked":"HoveringKite"}],"items_purged_floors":[22],"is_endless":false,"potions_floor_spawned":[1,7,16,23,25,29,31],"killed_by":"Champ","ascension_level":8}}