{"host":"04x9isxu4s2lvye3","time":1612728802,"event":{"mods":["BaseMod","Colored Powertips","Highlight Path","Minty Spire (QoL Compilation)"],"gold_per_floor":[110,121,121,121,145,145,145,185,185,209,209,171,214,237,237,360,360,375,300,318,190,19,19,57,71,71,71,71],"floor_reached":27,"language":"ENG","playtime":1654,"items_purged":["Strike_G"],"score":301,"play_id":"c440ff58-3b36-4da5-9483-82950d61d204","local_time":"20210207151322","is_ascension_mode":true,"campfire_choices":[{"data":"Footwork","floor":6,"key":"SMITH"},{"data":"Neutralize","floor":11,"key":"SMITH"},{"floor":15,"key":"REST"},{"floor":23,"key":"REST"}],"circlet_count":0,"master_deck":["Strike_G","Defend_G","Defend_G","Defend_G","Defend_G","Survivor","Neutralize+1","Footwork+1","Poisoned Stab","Blur","Corpse Explosion","Prepared","Reflex","Acrobatics","Tools of the Trade","Glass Knife+1","Choke+1","Calculated Gamble+1","Leg Sweep+1","Bouncing Flask","PiercingWail","Dodge and Roll"],"relics":["Ring of the Snake","Strawberry","Golden Idol","Blue Candle","Question Card","PreservedInsect","Tough Bandages","Astrolabe","MealTicket","Eternal Feather","Molten Egg 2"],"acts_visited":["Exordium","TheCity"],"potions_floor_usage":[8,16,16,20,24,27],"damage_taken":[{"damage":0,"enemies":"2 Louse","floor":1,"turns":4},{"damage":1,"enemies":"Small Slimes","floor":2,"turns":5},{"damage":0,"enemies":"Cultist","floor":5,"turns":3},{"damage":22,"enemies":"Lagavulin","floor":8,"turns":8},{"damage":1,"enemies":"2 Fungi Beasts","floor":10,"turns":3},{"damage":22,"enemies":"3 Sentries","floor":13,"turns":3},{"damage":3,"enemies":"Looter","floor":14,"turns":4},{"damage":16,"enemies":"Hexaghost","floor":16,"turns":17},{"damage":11,"enemies":"Shell Parasite","floor":18,"turns":8},{"damage":23,"enemies":"2 Thieves","floor":20,"turns":4},{"damage":23,"enemies":"Gremlin Leader","floor":24,"turns":9},{"damage":15,"enemies":"Centurion and Healer","floor":25,"turns":6},{"damage":26,"enemies":"Cultist and Chosen","floor":27,"turns":5}],"seed_played":"5321442651885589783","potions_obtained":[{"floor":2,"key":"Poison Potion"},{"floor":13,"key":"LiquidMemories"},{"floor":14,"key":"EssenceOfSteel"},{"floor":16,"key":"DistilledChaos"},{"floor":25,"key":"Poison Potion"}],"is_trial":false,"path_per_floor":["M","M","?","?","M","R","?","E","T","M","R","?","E","M","R","B",null,"M","?","M","?","$","R","E","M","T","M"],"character_chosen":"THE_SILENT","items_purchased":["Block Potion","PiercingWail"],"campfire_rested":2,"item_purchase_floors":[22,22],"current_hp_per_floor":[77,76,71,71,71,71,59,37,37,36,36,36,14,11,32,16,57,46,46,23,23,38,59,36,21,21,0,0],"gold":71,"neow_bonus":"RANDOM_COMMON_RELIC","is_daily":false,"chose_seed":false,"campfire_upgraded":2,"win_rate":0.0,"timestamp":1612728802,"path_taken":["M","M","?","?","?","R","?","E","T","M","R","?","E","M","R","BOSS","M","?","M","?","$","R","E","M","T","M"],"items_purchased_type":["Potion","Card"],"build_version":"2020-12-22","purchased_purges":1,"victory":false,"max_hp_per_floor":[77,77,71,71,71,71,71,71,71,71,71,71,71,71,71,71,71,71,71,71,71,71,71,71,71,71,71,71],"card_choices":[{"not_picked":["PiercingWail","Catalyst"],"picked":"Footwork","floor":1},{"not_picked":["Dodge and Roll","Calculated Gamble"],"picked":"Poisoned Stab","floor":2},{"not_picked":["Poisoned Stab","Dagger Throw"],"picked":"Blur","floor":5},{"not_picked":["Tactician","PiercingWail"],"picked":"Corpse Explosion","floor":8},{"not_picked":["Dagger Spray","Tactician","Predator"],"picked":"Prepared","floor":10},{"not_picked":["Cloak And Dagger","Predator","Finisher"],"picked":"Reflex","floor":13},{"not_picked":["Distraction","Blade Dance","Crippling Poison"],"picked":"Acrobatics","floor":14},{"not_picked":["Glass Knife","Phantasmal Killer","After Image"],"picked":"Tools of the Trade","floor":16},{"not_picked":["Slice","Well Laid Plans","Calculated Gamble"],"picked":"Leg Sweep+1","floor":18},{"not_picked":["Slice+1","Blade Dance","Distraction+1"],"picked":"Bouncing Flask","floor":20},{"not_picked":["Night Terror","PiercingWail+1","Predator"],"picked":"Dodge and Roll","floor":24},{"not_picked":["Prepared","Quick Slash","Sucker Punch","Blade Dance"],"picked":"SKIP","floor":25}],"player_experience":243391,"relics_obtained":[{"floor":8,"key":"Question Card"},{"floor":9,"key":"PreservedInsect"},{"floor":13,"key":"Tough Bandages"},{"floor":24,"key":"Eternal Feather"},{"floor":26,"key":"Molten Egg 2"}],"event_choices":[{"damage_healed":0,"gold_gain":0,"player_choice":"Lose Max HP","damage_taken":0,"relics_obtained":["Golden Idol"],"max_hp_gain":0,"max_hp_loss":6,"event_name":"Golden Idol","floor":3,"gold_loss":0},{"damage_healed":0,"gold_gain":0,"player_choice":"Full Heal","damage_taken":0,"max_hp_gain":0,"max_hp_loss":0,"event_name":"Wheel of Change","floor":4,"gold_loss":0},{"damage_healed":0,"gold_gain":0,"player_choice":"Success","damage_taken":12,"relics_obtained":["Blue Candle"],"max_hp_gain":0,"max_hp_loss":0,"event_name":"Scrap Ooze","floor":7,"gold_loss":0},{"damage_healed":0,"gold_gain":0,"player_choice":"Left Gold","damage_taken":0,"max_hp_gain":0,"max_hp_loss":0,"event_name":"World of Goop","floor":12,"gold_loss":38},{"cards_removed":["Strike_G"],"damage_healed":0,"gold_gain":0,"player_choice":"Gave Gold","damage_taken":0,"max_hp_gain":0,"max_hp_loss":0,"event_name":"Beggar","floor":19,"gold_loss":75},{"damage_healed":0,"gold_gain":0,"player_choice":"Paid Gold","damage_taken":0,"relics_obtained":["MealTicket"],"max_hp_gain":0,"max_hp_loss":0,"event_name":"WeMeetAgain","floor":21,"gold_loss":128}],"is_beta":false,"boss_relics":[{"not_picked":["Velvet Choker","Runic Pyramid"],"picked":"Astrolabe"}],"items_purged_floors":[22],"is_endless":false,"potions_floor_spawned":[2,13,14,16,25],"killed_by":"Cultist and Chosen","ascension_level":5}}