{"host":"FirstDane","time":1612656877,"event":{"mods":["BaseMod","Bestiary","Highlight Path","Minty Spire (QoL Compilation)","Relic Stats","Slay the Relics Exporter","StSLib"],"gold_per_floor":[118,130,147,167,167,167,167,167],"floor_reached":7,"language":"ENG","playtime":990,"items_purged":[],"score":86,"play_id":"e5565826-1e49-406f-9eca-e07777a06581","local_time":"20210206181437","is_ascension_mode":true,"campfire_choices":[{"data":"Envenom","floor":6,"key":"SMITH"}],"circlet_count":0,"master_deck":["AscendersBane","Strike_G","Strike_G","Strike_G","Strike_G","Defend_G","Defend_G","Defend_G","Defend_G","Defend_G","Survivor","Neutralize","Flying Knee","Slice","Poisoned Stab","Envenom+1","Blur"],"relics":["Ring of the Snake","Juzu Bracelet"],"acts_visited":["Exordium"],"potions_floor_usage":[],"damage_taken":[{"damage":0,"enemies":"2 Louse","floor":1,"turns":4},{"damage":0,"enemies":"Cultist","floor":2,"turns":3},{"damage":7,"enemies":"Jaw Worm","floor":3,"turns":3},{"damage":15,"enemies":"Exordium Wildlife","floor":4,"turns":7},{"damage":37,"enemies":"3 Sentries","floor":7,"turns":7}],"seed_played":"-6204638640166734236","potions_obtained":[{"floor":2,"key":"CultistPotion"}],"is_trial":false,"path_per_floor":["M","M","M","M","?","R","E"],"character_chosen":"THE_SILENT","items_purchased":[],"campfire_rested":0,"item_purchase_floors":[],"current_hp_per_floor":[59,59,52,37,37,37,0,0],"gold":167,"neow_bonus":"RANDOM_COMMON_RELIC","is_daily":false,"chose_seed":false,"campfire_upgraded":1,"win_rate":0.0,"timestamp":1612656877,"path_taken":["M","M","M","M","?","R","E"],"items_purchased_type":[],"build_version":"2020-12-18","purchased_purges":0,"victory":false,"max_hp_per_floor":[66,66,66,66,66,66,66,66],"relic_stats":{"counters":[5,24],"Juzu Bracelet":0,"obtain_stats":[{"Juzu Bracelet":0,"Ring of the Snake":0},{"Juzu Bracelet":0,"Ring of the Snake":0},{"Juzu Bracelet":0,"Ring of the Snake":0}],"Ring of the Snake":[10]},"card_choices":[{"not_picked":["Bane","Cloak And Dagger"],"picked":"Flying Knee","floor":1},{"not_picked":["Sucker Punch","Finisher"],"picked":"Slice","floor":2},{"not_picked":["PiercingWail","Prepared"],"picked":"Poisoned Stab","floor":3},{"not_picked":["Catalyst","Blade Dance"],"picked":"Envenom","floor":4}],"player_experience":4048508,"relics_obtained":[],"event_choices":[{"damage_healed":0,"gold_gain":0,"cards_transformed":["Strike_G"],"player_choice":"Transformed","damage_taken":0,"max_hp_gain":0,"max_hp_loss":0,"event_name":"Transmorgrifier","floor":5,"gold_loss":0,"cards_obtained":["Blur"]}],"is_beta":true,"boss_relics":[],"items_purged_floors":[],"is_endless":false,"potions_floor_spawned":[2],"killed_by":"3 Sentries","ascension_level":20}}