{"host":"zs3tguvuxkh90jf4","time":1612677432,"event":{"mods":["AchievementEnabler","BaseMod","Better Silent Start","Better-Laid Plans","BetterRewards","Block Reminder","Colored Map","Colored Powertips","Gold Saver","Minty Spire (QoL Compilation)","Shop Mod","StSLib","Transform Curses"],"gold_per_floor":[3025,3025,3035,1962,1979,1979,1979],"floor_reached":6,"language":"ENG","playtime":322,"items_purged":["Strike_G"],"score":68,"play_id":"dea7050f-8319-44d2-a950-694a0de40bfe","local_time":"20210206215712","is_ascension_mode":true,"campfire_choices":[],"circlet_count":0,"master_deck":["AscendersBane","Strike_G","Strike_G","Strike_G","Defend_G","Defend_G","Defend_G","Defend_G","Survivor","Neutralize","Accuracy","Deadly Poison","Backflip","Deadly Poison","Deflect","Noxious Fumes+1","Accuracy+1"],"relics":["Ring of the Snake","Unceasing Top","Mango","FaceOfCleric","Frozen Egg 2","Mercury Hourglass","HandDrill","MerchantsRug"],"acts_visited":["Exordium"],"potions_floor_usage":[6],"damage_taken":[{"damage":3,"enemies":"Cultist","floor":1,"turns":6},{"damage":0,"enemies":"2 Louse","floor":3,"turns":3},{"damage":0,"enemies":"Small Slimes","floor":5,"turns":3},{"damage":69,"enemies":"Gremlin Nob","floor":6,"turns":4}],"seed_played":"1673197511429929823","potions_obtained":[],"is_trial":false,"path_per_floor":["M","?","M","$","M","E"],"character_chosen":"THE_SILENT","items_purchased":["Unceasing Top","Accuracy","Deadly Poison","Backflip","Mango","Frozen Egg 2","Mercury Hourglass","HandDrill","Noxious Fumes+1","MerchantsRug","Explosive Potion"],"campfire_rested":0,"item_purchase_floors":[0,0,0,0,0,4,4,4,4,4,4],"current_hp_per_floor":[56,56,57,57,58,0,0],"gold":1979,"neow_bonus":"","is_daily":false,"chose_seed":false,"campfire_upgraded":0,"win_rate":0.0,"timestamp":1612677432,"path_taken":["M","?","M","$","M","E"],"items_purchased_type":["Relic","Card","Card","Card","Relic","Relic","Relic","Relic","Card","Relic","Potion"],"build_version":"2020-12-22","purchased_purges":1,"victory":false,"max_hp_per_floor":[80,80,81,81,82,82,82],"card_choices":[{"not_picked":["Reflex","Dagger Throw"],"picked":"Deadly Poison","floor":1},{"not_picked":["Outmaneuver","Bane"],"picked":"Deflect","floor":3},{"not_picked":["Expertise","Setup"],"picked":"Accuracy+1","floor":5}],"player_experience":541393,"relics_obtained":[],"event_choices":[{"damage_healed":0,"gold_gain":0,"player_choice":"Trade","damage_taken":0,"relics_obtained":["FaceOfCleric"],"max_hp_gain":0,"max_hp_loss":0,"event_name":"FaceTrader","floor":2,"gold_loss":0}],"is_beta":false,"boss_relics":[],"items_purged_floors":[4],"is_endless":false,"potions_floor_spawned":[],"killed_by":"Gremlin Nob","ascension_level":18}}