{"host":"w4ub8crw9ou4a5am","time":1612728730,"event":{"mods":["2.2 Compatiblity","BaseMod","Hermit","Jorbs\u0027s Wanderer Trilogy","Marisa????????","Minty Spire (QoL Compilation)","Remilia??????","StSLib","The Animator","The Bug Knight","The Cursed","The Disciple","The Senshi","The Servant 0.9.4"],"gold_per_floor":[114,114,128,139,159,187,202,202,202,202,221,221,204,214,214,214,214],"floor_reached":16,"language":"ENG","playtime":1575,"items_purged":[],"score":106,"play_id":"43d7f13a-d2f4-4e12-8319-062d1f60975b","local_time":"20210207151210","is_ascension_mode":false,"campfire_choices":[{"floor":8,"key":"REST"},{"floor":15,"key":"REST"}],"circlet_count":0,"master_deck":["TheCursedMod:Strike_TheCursed","TheCursedMod:Strike_TheCursed+1","TheCursedMod:Strike_TheCursed","TheCursedMod:Strike_TheCursed","TheCursedMod:Defend_TheCursed","TheCursedMod:Defend_TheCursed","TheCursedMod:Defend_TheCursed","TheCursedMod:Defend_TheCursed+1","TheCursedMod:CursedWand","TheCursedMod:CleanUpWorkshop","TheCursedMod:Dregs","TheCursedMod:SurpriseAttack","TheCursedMod:CircleOfBlood","TheCursedMod:ManaBullet","TheCursedMod:SpitefulPlan","TheCursedMod:CircleOfBlood","TheCursedMod:HellsGateOpen","TheCursedMod:CollectTribute","Deep Breath","TheCursedMod:DoubleShield","TheCursedMod:BloodBarrier"],"relics":["TheCursedMod:BlackMagic101","Centennial Puzzle","Bronze Scales"],"acts_visited":["Exordium"],"potions_floor_usage":[11],"damage_taken":[{"damage":3,"enemies":"Small Slimes","floor":1,"turns":3},{"damage":0,"enemies":"Jaw Worm","floor":3,"turns":5},{"damage":1,"enemies":"Cultist","floor":4,"turns":4},{"damage":4,"enemies":"Exordium Thugs","floor":5,"turns":5},{"damage":42,"enemies":"3 Sentries","floor":6,"turns":11},{"damage":12,"enemies":"3 Louse","floor":7,"turns":4},{"damage":6,"enemies":"Large Slime","floor":11,"turns":6},{"damage":12,"enemies":"Exordium Thugs","floor":13,"turns":4},{"damage":9,"enemies":"Gremlin Gang","floor":14,"turns":6},{"damage":75,"enemies":"Slime Boss","floor":16,"turns":7}],"seed_played":"3522615861007955751","potions_obtained":[{"floor":5,"key":"Energy Potion"},{"floor":6,"key":"Ancient Potion"},{"floor":7,"key":"Dexterity Potion"},{"floor":13,"key":"GamblersBrew"}],"is_trial":false,"path_per_floor":["M","?","M","M","M","E","M","R","T","?","M","?","M","M","R","B"],"character_chosen":"THE_CURSED","items_purchased":[],"campfire_rested":2,"item_purchase_floors":[],"current_hp_per_floor":[79,63,63,66,68,30,22,46,46,46,52,52,48,41,65,0,0],"gold":214,"neow_bonus":"TEN_PERCENT_HP_BONUS","is_daily":false,"chose_seed":false,"campfire_upgraded":0,"win_rate":0.0,"timestamp":1612728730,"path_taken":["M","?","M","M","M","E","M","R","T","?","M","?","?","M","R","BOSS"],"items_purchased_type":[],"build_version":"2020-12-22","purchased_purges":0,"victory":false,"max_hp_per_floor":[82,82,82,82,82,82,82,82,82,82,82,82,82,82,82,82,82],"card_choices":[{"not_picked":["TheCursedMod:Wield","TheCursedMod:EmpowerCircles"],"picked":"TheCursedMod:SurpriseAttack","floor":1},{"not_picked":["TheCursedMod:VitalStrike","TheCursedMod:CursedAmulet"],"picked":"TheCursedMod:CircleOfBlood","floor":3},{"not_picked":["TheCursedMod:SmokeScreen","TheCursedMod:CursedAmulet"],"picked":"TheCursedMod:ManaBullet","floor":4},{"not_picked":["TheCursedMod:CircleOfWindfury","TheCursedMod:CircleOfAmplification"],"picked":"TheCursedMod:SpitefulPlan","floor":5},{"not_picked":["TheCursedMod:SpitefulPlan","TheCursedMod:SpreadPlague"],"picked":"TheCursedMod:CircleOfBlood","floor":6},{"not_picked":["TheCursedMod:Stigma","TheCursedMod:VitalStrike"],"picked":"TheCursedMod:HellsGateOpen","floor":7},{"not_picked":["TheCursedMod:PrepareRite","TheCursedMod:Obscuration"],"picked":"TheCursedMod:CollectTribute","floor":11},{"not_picked":["TheCursedMod:CircleOfWindfury","TheCursedMod:BlessingInDisguise"],"picked":"TheCursedMod:DoubleShield","floor":13},{"not_picked":["TheCursedMod:SaltUponWound","TheCursedMod:Evocation"],"picked":"TheCursedMod:BloodBarrier","floor":14}],"player_experience":1657567,"relics_obtained":[{"floor":6,"key":"Centennial Puzzle"}],"event_choices":[{"damage_healed":0,"gold_gain":0,"player_choice":"Entered Light","damage_taken":16,"max_hp_gain":0,"max_hp_loss":0,"event_name":"Shining Light","floor":2,"gold_loss":0,"cards_upgraded":["TheCursedMod:Strike_TheCursed","TheCursedMod:Defend_TheCursed"]},{"damage_healed":0,"gold_gain":0,"player_choice":"Searched \u00271\u0027 times","damage_taken":0,"relics_obtained":["Bronze Scales"],"max_hp_gain":0,"max_hp_loss":0,"event_name":"Dead Adventurer","floor":10,"gold_loss":0},{"damage_healed":0,"gold_gain":0,"player_choice":"1 cards matched","damage_taken":0,"max_hp_gain":0,"max_hp_loss":0,"event_name":"Match and Keep!","floor":12,"gold_loss":0,"cards_obtained":["Deep Breath"]}],"is_beta":false,"boss_relics":[],"items_purged_floors":[],"is_endless":false,"potions_floor_spawned":[5,6,7,13],"killed_by":"Slime Boss","ascension_level":0}}