{"host":"8d3fefv2347kqkpz","time":1612698166,"event":{"mods":["AchievementEnabler","Act Like it!","Aspiration","BaseMod","Better Vampires","Colored Map","Colored Powertips","Conspire","Downfall","GifTheSpireLib","Highlight Path","Hubris","Mimic Mod","Minty Spire (QoL Compilation)","Quick Restart","Rare Cards Sparkle","Relic Stats","Replay The Spire","Spicy Shops","StSLib","The Jungle","Waifu the Spire"],"gold_per_floor":[115,132,149,149,167,197,212,55,128,143,143,155,155,26,26,121,121,137,155,173,73,90,90,103,103,103],"floor_reached":25,"language":"ZHS","playtime":959,"items_purged":["Strike_R","Amnesia"],"score":230,"play_id":"8b6c85da-01ee-4dcd-9d87-92bbdda6fa07","local_time":"20210207194246","is_ascension_mode":true,"campfire_choices":[{"data":"Berserk","floor":11,"key":"SMITH"},{"data":"Inflame","floor":13,"key":"SMITH"},{"data":"hubris:EnhanceAbility","floor":15,"key":"SMITH"},{"floor":23,"key":"REST"}],"circlet_count":0,"master_deck":["Strike_R","Defend_R","Defend_R","Bash","Sword Boomerang","Berserk+1","Offering","Rampage","Inflame+1","hubris:EnhanceAbility+1","Finesse","hubris:Despair","hubris:ReadiedAction","Reaper"],"relics":["Burning Blood","Mango","Paper Frog","ReplayTheSpireMod:ShopPack","Kintsugi"],"acts_visited":["Exordium","TheCity"],"potions_floor_usage":[20,24,25],"damage_taken":[{"damage":0,"enemies":"Small Slimes","floor":1,"turns":3},{"damage":1,"enemies":"Cultist","floor":2,"turns":3},{"damage":8,"enemies":"conspire:RoseBush","floor":3,"turns":4},{"damage":15,"enemies":"3 Louse","floor":5,"turns":3},{"damage":27,"enemies":"Lagavulin","floor":6,"turns":8},{"damage":1,"enemies":"2 Fungi Beasts","floor":7,"turns":2},{"damage":17,"enemies":"conspire:2 RoseBushes","floor":10,"turns":5},{"damage":7,"enemies":"Looter","floor":12,"turns":3},{"damage":23,"enemies":"The Guardian","floor":16,"turns":7},{"damage":28,"enemies":"conspire:FuzzyDice","floor":18,"turns":9},{"damage":6,"enemies":"Chosen","floor":19,"turns":4},{"damage":50,"enemies":"Snecko","floor":20,"turns":5},{"damage":60,"enemies":"Sentry and Sphere","floor":22,"turns":7},{"damage":24,"enemies":"Cultist and Chosen","floor":24,"turns":5},{"damage":46,"enemies":"Slavers","floor":25,"turns":3}],"seed_played":"-830612880776304358","potions_obtained":[{"floor":7,"key":"FairyPotion"},{"floor":10,"key":"FearPotion"},{"floor":12,"key":"SpeedPotion"},{"floor":16,"key":"SteroidPotion"},{"floor":19,"key":"BloodPotion"},{"floor":20,"key":"ColorlessPotion"}],"is_trial":false,"path_per_floor":["M","M","M","?","M","E","M","$","T","M","R","M","R","$","R","B",null,"M","M","M","$","M","R","M","E"],"character_chosen":"IRONCLAD","items_purchased":["Inflame","ReplayTheSpireMod:ShopPack"],"campfire_rested":1,"item_purchase_floors":[8,14],"current_hp_per_floor":[80,80,78,78,69,62,67,67,67,56,56,55,55,55,55,38,94,72,72,46,46,27,55,37,21,21],"gold":103,"neow_bonus":"TRANSFORM_CARD","is_daily":false,"chose_seed":false,"campfire_upgraded":3,"win_rate":0.0,"timestamp":1612698166,"path_taken":["M","M","M","?","?","E","M","$","T","M","R","M","R","$","R","BOSS","M","M","M","$","M","R","M","E"],"items_purchased_type":["Card","Relic"],"build_version":"2020-12-22","purchased_purges":2,"victory":false,"max_hp_per_floor":[80,80,80,80,80,94,94,94,94,94,94,94,94,94,94,94,94,94,94,94,94,94,94,94,94,94],"relic_stats":{"counters":[15,71],"obtain_stats":[{"Mango":6,"Kintsugi":17,"Burning Blood":0,"Paper Frog":9,"ReplayTheSpireMod:ShopPack":14},{"Mango":5,"Kintsugi":9,"Burning Blood":0,"Paper Frog":6,"ReplayTheSpireMod:ShopPack":8},{"Mango":21,"Kintsugi":38,"Burning Blood":0,"Paper Frog":23,"ReplayTheSpireMod:ShopPack":31}],"Burning Blood":73},"card_choices":[{"not_picked":["hubris:ReadiedAction","Clothesline"],"picked":"Sword Boomerang","floor":1},{"not_picked":["Iron Wave","Sword Boomerang","Uppercut"],"picked":"SKIP","floor":2},{"not_picked":["Replay:Undeath\u0027s Touch","Thunderclap","Pommel Strike"],"picked":"SKIP","floor":3},{"not_picked":["Clash","Shrug It Off","Feel No Pain"],"picked":"SKIP","floor":5},{"not_picked":["Sword Boomerang","Dark Embrace"],"picked":"Offering","floor":6},{"not_picked":["Clothesline","Dropkick"],"picked":"Rampage","floor":7},{"not_picked":["Run Through","Hemokinesis","Spot Weakness"],"picked":"SKIP","floor":10},{"not_picked":["Sword Boomerang","Replay:Undeath\u0027s Touch","ReplayTheSpireMod:Muscle Training"],"picked":"SKIP","floor":12},{"not_picked":["Transmutation","ReplayTheSpireMod:Necrogeddon"],"picked":"hubris:EnhanceAbility","floor":14},{"not_picked":["Madness","Forethought"],"picked":"Finesse","floor":14},{"not_picked":["True Grit","Twin Strike","Flame Barrier"],"picked":"SKIP","floor":18},{"not_picked":["Entrench","Run Through+1","Perfected Strike+1"],"picked":"SKIP","floor":19},{"not_picked":["Headbutt","Uppercut+1"],"picked":"hubris:ReadiedAction","floor":20},{"not_picked":["Body Slam","Run Through+1","Havoc"],"picked":"SKIP","floor":22},{"not_picked":["ReplayTheSpireMod:LeadingStrike","Anger+1"],"picked":"Reaper","floor":24}],"player_experience":285017,"relics_obtained":[{"floor":6,"key":"Mango"},{"floor":9,"key":"Paper Frog"}],"event_choices":[{"damage_healed":0,"gold_gain":0,"player_choice":"1 cards matched","damage_taken":0,"max_hp_gain":0,"max_hp_loss":0,"event_name":"Match and Keep!","floor":4,"gold_loss":0,"cards_obtained":["Berserk"]}],"is_beta":false,"boss_relics":[{"not_picked":["hubris:BlackHole","Velvet Choker"],"picked":"Kintsugi"}],"items_purged_floors":[8,21],"is_endless":false,"potions_floor_spawned":[7,10,12,16,19,20],"killed_by":"Slavers","ascension_level":2}}