{"host":"stk82ot58bnorhun","time":1612719170,"event":{"mods":["BaseMod","Colored Powertips","Downfall","Energized Spire","Highlight Path","Minty Spire (QoL Compilation)","Replay The Spire","StSLib","SuperFastMode","UnlockEverythingMod"],"gold_per_floor":[99,119,131,231,11,29,55,55,55,80,111,144,144,144,173,190,206,310,310,110,129,141,153,153,178,178,205,15,25,25,42,42,42,57,157,157,57,75,125,144,160,192,240,253,278,278,332,332,344,258,277,277,277,310,11,11,11,11],"floor_reached":59,"language":"ZHS","playtime":4566,"items_purged":["bronze:Frontload","bronze:OilSpill","bronze:Strike","bronze:Defend"],"score":1464,"play_id":"c2d7d08f-dcb7-4ed2-b1ae-1d89ed61f4dc","local_time":"20210208013250","is_ascension_mode":false,"campfire_choices":[{"data":"bronze:Goto","floor":1.0,"key":"SMITH"},{"data":"bronze:Constructor","floor":9.0,"key":"SMITH"},{"data":"bronze:SpaghettiCode","floor":20.0,"key":"SMITH"},{"floor":30.0,"key":"RECALL"},{"data":"bronze:Turbo","floor":32.0,"key":"SMITH"},{"floor":37.0,"key":"DIG"},{"data":"bronze:Optimize","floor":46.0,"key":"SMITH"},{"floor":48.0,"key":"REST"},{"data":"bronze:Separator","floor":56,"key":"SMITH"},{"data":"bronze:Terminator","floor":56,"key":"SMITH"}],"circlet_count":0,"master_deck":["bronze:Strike+1","bronze:Defend","bronze:Replicate","bronze:Goto+1","bronze:DigitalCarnage","bronze:Constructor+1","bronze:Optimize+1","bronze:FineTuning","bronze:ChildClass","Hallucinations","bronze:FineTuning","bronze:Terminator+1","bronze:DigitalCarnage+1","bronze:Turbo+1","bronze:Repair+1","bronze:Constructor","bronze:ChosenStrike+1","bronze:Separator+1","bronze:Repulsor+1","bronze:Shell","bronze:GetLatest+1","bronze:CleanCode","bronze:BitShift+1","bronze:BitShift+1","bronze:Turbo+1","bronze:ChildClass+1","bronze:Mutator","bronze:Return+1"],"relics":["bronze:BronzeCore","Guardian:PocketSentry","Ring of Hypnosis","ReplayTheSpireMod:Ring of Addiction","SacredBark","White Beast Statue","WingedGreaves","Anchor","Thread and Needle","bronze:BronzeIdol","Replay:Drink Me","downfall:HeartBlessingGreen","downfall:HeartBlessingBlue","Potion Belt","Whetstone","Blue Doll","Philosopher\u0027s Stone","downfall:HeartBlessingRed","Ice Cream","Ginger","champ:DuelingGlove","Replay:Rubber Ducky","Art of War","Replay:Arrowhead","Shuriken","Bag of Preparation","TheAbacus"],"acts_visited":["Exordium","TheCity","TheBeyond","TheEnding"],"potions_floor_usage":[52,52,57,58],"damage_taken":[{"damage":7.0,"enemies":"2 Louse","floor":2.0,"turns":3.0},{"damage":0.0,"enemies":"Cultist","floor":3.0,"turns":2.0},{"damage":0.0,"enemies":"downfall:FleeingMerchant","floor":5.0,"turns":4.0},{"damage":2.0,"enemies":"Small Slimes","floor":6.0,"turns":2.0},{"damage":6.0,"enemies":"Gremlin Nob","floor":10.0,"turns":4.0},{"damage":10.0,"enemies":"3 Sentries","floor":11.0,"turns":6.0},{"damage":0.0,"enemies":"Gremlin Nob","floor":12.0,"turns":3.0},{"damage":3.0,"enemies":"Lagavulin","floor":15.0,"turns":7.0},{"damage":2.0,"enemies":"Blue Slaver","floor":16.0,"turns":4.0},{"damage":0.0,"enemies":"3 Louse","floor":17.0,"turns":4.0},{"damage":4.0,"enemies":"SI_SHIV_ARCHETYPE","floor":18.0,"turns":8.0},{"damage":0.0,"enemies":"Chosen","floor":21.0,"turns":3.0},{"damage":0.0,"enemies":"3 Cultists","floor":22.0,"turns":6.0},{"damage":1.0,"enemies":"Snake Plant","floor":23.0,"turns":6.0},{"damage":8.0,"enemies":"Slavers","floor":25.0,"turns":7.0},{"damage":0.0,"enemies":"Book of Stabbing","floor":27.0,"turns":5.0},{"damage":0.0,"enemies":"downfall:FleeingMerchant","floor":28.0,"turns":4.0},{"damage":11.0,"enemies":"Shelled Parasite and Fungi","floor":29.0,"turns":8.0},{"damage":3.0,"enemies":"Centurion and Healer","floor":31.0,"turns":8.0},{"damage":0.0,"enemies":"Snake Plant","floor":34.0,"turns":6.0},{"damage":0.0,"enemies":"DF_ARCHETYPE_CLAW","floor":35.0,"turns":6.0},{"damage":0.0,"enemies":"3 Darklings","floor":38.0,"turns":7.0},{"damage":12.0,"enemies":"3 Darklings","floor":39.0,"turns":6.0},{"damage":0.0,"enemies":"Orb Walker","floor":40.0,"turns":2.0},{"damage":0.0,"enemies":"Transient","floor":41.0,"turns":5.0},{"damage":0.0,"enemies":"Reptomancer","floor":42.0,"turns":5.0},{"damage":0.0,"enemies":"Writhing Mass","floor":44.0,"turns":4.0},{"damage":21.0,"enemies":"2 Orb Walkers","floor":47.0,"turns":5.0},{"damage":0.0,"enemies":"Jaw Worm Horde","floor":49.0,"turns":3.0},{"damage":0.0,"enemies":"downfall:FleeingMerchant","floor":50.0,"turns":3.0},{"damage":2.0,"enemies":"4 Shapes","floor":51.0,"turns":3.0},{"damage":0,"enemies":"IC_BLOCK_ARCHETYPE","floor":52,"turns":5},{"damage":0,"enemies":"downfall:CharBossMerchant","floor":54,"turns":6},{"damage":0,"enemies":"downfall:NeowBoss","floor":57,"turns":14},{"damage":21,"enemies":"downfall:NeowBossFinal","floor":58,"turns":8}],"seed_played":"-7646638501868548508","potions_obtained":[{"floor":2.0,"key":"SteroidPotion"},{"floor":3.0,"key":"Dexterity Potion"},{"floor":6.0,"key":"Explosive Potion"},{"floor":10.0,"key":"Regen Potion"},{"floor":11.0,"key":"Fire Potion"},{"floor":15.0,"key":"Dexterity Potion"},{"floor":16.0,"key":"Strength Potion"},{"floor":18.0,"key":"Elixir"},{"floor":21.0,"key":"Swift Potion"},{"floor":22.0,"key":"CultistPotion"},{"floor":23.0,"key":"BlessingOfTheForge"},{"floor":25.0,"key":"Dexterity Potion"},{"floor":27.0,"key":"SkillPotion"},{"floor":28.0,"key":"Explosive Potion"},{"floor":29.0,"key":"Death Potion"},{"floor":31.0,"key":"Milkshake"},{"floor":35.0,"key":"Ancient Potion"},{"floor":38.0,"key":"bronze:FreeFunctionsPotion"},{"floor":39.0,"key":"DistilledChaos"},{"floor":40.0,"key":"PowerPotion"},{"floor":41.0,"key":"Fire Potion"},{"floor":42.0,"key":"BlessingOfTheForge"},{"floor":44.0,"key":"bronze:CleanCodePotion"},{"floor":47.0,"key":"Milkshake"},{"floor":49.0,"key":"Languid Potion"},{"floor":50.0,"key":"Adrenaline Potion"},{"floor":51.0,"key":"champ:CounterPotion"},{"floor":54,"key":"Regen Potion"}],"is_trial":false,"path_per_floor":["R","M","M","?","$","M","T","?","R","E","E","E","PTL","PTL","E","M","M","B",null,"R","M","M","M","?","E","T","E","$","M","R","M","R","?","M","B",null,"R","M","?","M","M","E","T","M","T","R","?","R","M","$","M","B",null,"E","$","R","B","B",null],"character_chosen":"THE_AUTOMATON","items_purchased":["Guardian:PocketSentry","bronze:FineTuning","Shuriken","PowerPotion","TheAbacus"],"campfire_rested":1,"item_purchase_floors":[5,5,50,50,55],"current_hp_per_floor":[77,70,70,70,70,68,68,68,68,62,52,52,52,52,75,73,73,69,57,67,67,65,65,65,61,61,65,65,59,59,63,63,63,63,61,61,61,61,59,59,59,61,61,61,61,59,38,55,55,59,57,59,59,59,59,57,57,57],"gold":11,"neow_bonus":"TEN_PERCENT_HP_BONUS","is_daily":false,"chose_seed":false,"campfire_upgraded":7,"win_rate":0.0,"timestamp":1612719170,"path_taken":["R","M","M","?","?","M","T","?","R","E","E","E","PTL","PTL","E","M","M","BOSS","R","M","M","M","?","E","T","E","$","M","R","M","R","?","M","BOSS","R","M","?","M","M","E","T","M","?","R","?","R","M","$","M","BOSS","E","$","R","BOSS","BOSS"],"items_purchased_type":["Relic","Card","Relic","Potion","Relic"],"build_version":"2020-12-22","purchased_purges":4,"victory":true,"max_hp_per_floor":[77,77,77,77,77,77,77,77,77,77,77,77,77,75,75,75,75,75,57,67,67,65,65,65,65,65,65,65,63,63,63,63,63,63,61,61,61,61,61,61,61,61,61,61,61,59,59,59,59,59,59,59,59,59,59,57,57,57],"card_choices":[{"not_picked":["bronze:DelayedSlice","bronze:BronzeArmor"],"picked":"bronze:DigitalCarnage","floor":2.0},{"not_picked":["bronze:GetLatest","bronze:NullPointer"],"picked":"bronze:Constructor","floor":3.0},{"not_picked":["bronze:Repair","bronze:BuggyMess"],"picked":"bronze:Optimize","floor":5.0},{"not_picked":["bronze:Deprecate","bronze:BuggyMess"],"picked":"bronze:ChildClass","floor":6.0},{"not_picked":["bronze:Backtrace","bronze:Constructor"],"picked":"bronze:FineTuning","floor":10.0},{"not_picked":["bronze:BronzeOrb","bronze:ForLoop"],"picked":"bronze:Terminator","floor":11.0},{"not_picked":["bronze:BugBarrage","bronze:DelayedSlice"],"picked":"bronze:DigitalCarnage","floor":12.0},{"not_picked":["bronze:Flail","bronze:Separator"],"picked":"bronze:Turbo","floor":15.0},{"not_picked":["bronze:Iterate","bronze:BronzeArmor","bronze:Allocate"],"picked":"SKIP","floor":16.0},{"not_picked":["bronze:DelayedGuard","bronze:NullPointer","bronze:BuggyMess"],"picked":"SKIP","floor":17.0},{"not_picked":["bronze:ThunderWave","bronze:ShipIt"],"picked":"bronze:SpaghettiCode","floor":18.0},{"not_picked":["bronze:ItsAFeature","bronze:Iterate"],"picked":"bronze:Repair+1","floor":21.0},{"not_picked":["bronze:Branch","bronze:ForceShield"],"picked":"bronze:Constructor","floor":22.0},{"not_picked":["bronze:BitShift+1","bronze:ChildClass"],"picked":"bronze:ChosenStrike+1","floor":23.0},{"not_picked":["bronze:CutThrough+1","bronze:WildBeam+1"],"picked":"bronze:Separator","floor":25.0},{"not_picked":["bronze:Flail+1","bronze:Boost"],"picked":"bronze:Repulsor+1","floor":27.0},{"not_picked":["bronze:BronzeOrb+1","bronze:Allocate"],"picked":"bronze:Shell","floor":28.0},{"not_picked":["bronze:NullPointer","bronze:Repair"],"picked":"bronze:GetLatest+1","floor":29.0},{"not_picked":["bronze:Constructor","bronze:WhirlingStrike","bronze:DelayedSlice"],"picked":"SKIP","floor":31.0},{"not_picked":["bronze:CutThrough","bronze:Iterate+1","bronze:InfiniteLoop"],"picked":"SKIP","floor":34.0},{"not_picked":["bronze:TinkerersToolbox","bronze:Mutator"],"picked":"bronze:CleanCode","floor":35.0},{"not_picked":["bronze:Separator+1","bronze:BuggyMess+1"],"picked":"bronze:BitShift+1","floor":38.0},{"not_picked":["bronze:DelayedGuard","bronze:BuggyMess"],"picked":"bronze:BitShift+1","floor":39.0},{"not_picked":["bronze:ChosenStrike","bronze:BronzeArmor+1","bronze:Fortify"],"picked":"SKIP","floor":40.0},{"not_picked":["bronze:CloningBeam","bronze:BugBarrage+1"],"picked":"bronze:Turbo+1","floor":41.0},{"not_picked":["bronze:BuggyMess+1","bronze:Constructor+1"],"picked":"bronze:ChildClass+1","floor":42.0},{"not_picked":["bronze:Boost","bronze:WildBeam+1","bronze:Constructor+1"],"picked":"SKIP","floor":44.0},{"not_picked":["bronze:BronzeOrb+1","bronze:NullPointer"],"picked":"bronze:Mutator","floor":49.0},{"not_picked":["bronze:OilSpill+1","bronze:Overheat+1","bronze:Repulsor"],"picked":"SKIP","floor":50.0},{"not_picked":["bronze:Overheat+1","bronze:CutThrough","bronze:BronzeOrb+1"],"picked":"SKIP","floor":51.0},{"not_picked":["bronze:WildBeam+1","bronze:Overheat"],"picked":"bronze:Return+1","floor":54}],"player_experience":99506,"relics_obtained":[{"floor":8.0,"key":"Ring of Hypnosis"},{"floor":8.0,"key":"ReplayTheSpireMod:Ring of Addiction"},{"floor":8.0,"key":"SacredBark"},{"floor":8.0,"key":"White Beast Statue"},{"floor":10.0,"key":"WingedGreaves"},{"floor":11.0,"key":"Anchor"},{"floor":12.0,"key":"Thread and Needle"},{"floor":15.0,"key":"bronze:BronzeIdol"},{"floor":25.0,"key":"Potion Belt"},{"floor":26.0,"key":"Whetstone"},{"floor":27.0,"key":"Blue Doll"},{"floor":37.0,"key":"Ice Cream"},{"floor":39.0,"key":"Ginger"},{"floor":42.0,"key":"champ:DuelingGlove"},{"floor":43.0,"key":"Replay:Rubber Ducky"},{"floor":45.0,"key":"Art of War"},{"floor":47.0,"key":"Replay:Arrowhead"},{"floor":54,"key":"Bag of Preparation"}],"event_choices":[{"damage_healed":0.0,"max_hp_gain":0.0,"max_hp_loss":0.0,"gold_gain":0.0,"event_name":"Mysterious Sphere","player_choice":"Fight","floor":47.0,"gold_loss":0.0,"damage_taken":0.0}],"is_beta":false,"boss_relics":[{"not_picked":["energizedSpire:RedRose","energizedSpire:SpiderWeb"],"picked":"Replay:Drink Me"},{"not_picked":["ReplayTheSpireMod:DimensionalGlitch","energizedSpire:EnergizedDie"],"picked":"Philosopher\u0027s Stone"}],"items_purged_floors":[28,28,50,55],"is_endless":false,"potions_floor_spawned":[2,3,6,10,11,12,15,16,17,18,21,22,23,25,27,28,29,31,34,35,38,39,40,41,42,44,47,49,50,51,54],"ascension_level":0}}