{"host":"6jrd8fn9k88n08be","time":1612720688,"event":{"mods":["BaseMod","Minty Spire (QoL Compilation)","StSLib"],"gold_per_floor":[116,116,126,0,13,45,45,72,72,81,96,96,96],"floor_reached":12,"language":"ENG","playtime":410,"items_purged":["Strike_R"],"score":92,"play_id":"43f1bd27-9927-487b-bd6f-99ad62c008c1","local_time":"20210207125808","is_ascension_mode":true,"campfire_choices":[{"data":"Armaments","floor":7.0,"key":"SMITH"},{"floor":10.0,"key":"REST"}],"circlet_count":0,"master_deck":["Strike_R","Strike_R","Strike_R","Strike_R","Defend_R","Defend_R","Defend_R","Defend_R","Bash","Armaments+1","Inflame","Whirlwind","Cleave","Warcry","True Grit","Rampage"],"relics":["Burning Blood","NeowsBlessing","CeramicFish","Dream Catcher"],"acts_visited":["Exordium"],"potions_floor_usage":[12],"damage_taken":[{"damage":0.0,"enemies":"2 Louse","floor":1.0,"turns":1.0},{"damage":0.0,"enemies":"Cultist","floor":3.0,"turns":1.0},{"damage":0.0,"enemies":"Small Slimes","floor":5.0,"turns":1.0},{"damage":35.0,"enemies":"Lagavulin","floor":6.0,"turns":8.0},{"damage":14.0,"enemies":"Blue Slaver","floor":8.0,"turns":4.0},{"damage":19.0,"enemies":"Exordium Thugs","floor":11.0,"turns":4.0},{"damage":71,"enemies":"Gremlin Nob","floor":12,"turns":5}],"seed_played":"1128774609816909550","potions_obtained":[{"floor":3.0,"key":"BloodPotion"},{"floor":5.0,"key":"ElixirPotion"}],"is_trial":false,"path_per_floor":["M","?","M","$","M","E","R","M","T","R","M","E"],"character_chosen":"IRONCLAD","items_purchased":["Cleave"],"campfire_rested":1,"item_purchase_floors":[4],"current_hp_per_floor":[80,80,80,80,80,51,51,43,43,67,54,0,0],"gold":96,"neow_bonus":"THREE_ENEMY_KILL","is_daily":false,"chose_seed":false,"campfire_upgraded":1,"win_rate":0.0,"timestamp":1612720688,"path_taken":["M","?","?","$","M","E","R","M","T","R","M","E"],"items_purchased_type":["Card"],"build_version":"2020-12-22","purchased_purges":1,"victory":false,"max_hp_per_floor":[80,80,80,80,80,80,80,80,80,80,80,80,80],"card_choices":[{"not_picked":["Clash","True Grit"],"picked":"Armaments","floor":1.0},{"not_picked":["True Grit","Headbutt"],"picked":"Whirlwind","floor":3.0},{"not_picked":["Blood for Blood","Armaments"],"picked":"Warcry","floor":5.0},{"not_picked":["Perfected Strike","Warcry","Feel No Pain"],"picked":"SKIP","floor":6.0},{"not_picked":["Whirlwind","Burning Pact"],"picked":"True Grit","floor":8.0},{"not_picked":["Bludgeon","Bloodletting"],"picked":"Rampage","floor":10.0},{"not_picked":["Searing Blow","Reckless Charge","Sword Boomerang"],"picked":"SKIP","floor":11.0}],"player_experience":159793,"relics_obtained":[{"floor":6.0,"key":"CeramicFish"},{"floor":9.0,"key":"Dream Catcher"}],"event_choices":[{"damage_healed":0.0,"max_hp_gain":0.0,"max_hp_loss":0.0,"gold_gain":0.0,"event_name":"Match and Keep!","player_choice":"1 cards matched","floor":2.0,"gold_loss":0.0,"damage_taken":0.0,"cards_obtained":["Inflame"]}],"is_beta":false,"boss_relics":[],"items_purged_floors":[4],"is_endless":false,"potions_floor_spawned":[3,5],"killed_by":"Gremlin Nob","ascension_level":3}}