{"host":"siu98xj5u8nq6xdu","time":1612661504,"event":{"mods":["AchievementEnabler","BaseMod","Colored Map","Colored Powertips","Minty Spire (QoL Compilation)"],"gold_per_floor":[369,386,399,399,410,410,441,441,468,493,48,48,223,498,498,498,498],"floor_reached":16,"language":"ENG","playtime":1080,"items_purged":["Injury"],"score":167,"play_id":"44adfe81-ef95-43eb-9897-b21778a9cb4b","local_time":"20210206203144","is_ascension_mode":true,"campfire_choices":[{"data":"Static Discharge","floor":6.0,"key":"SMITH"},{"data":"Sunder","floor":8.0,"key":"SMITH"},{"floor":12.0,"key":"REST"},{"data":"Reprogram","floor":15.0,"key":"SMITH"}],"circlet_count":0,"master_deck":["AscendersBane","Strike_B","Strike_B","Strike_B","Strike_B","Defend_B","Defend_B","Defend_B","Defend_B","Zap","Dualcast","Static Discharge+1","Streamline","Sunder+1","Reboot","Echo Form","Reprogram+1","Doubt","Regret"],"relics":["Cracked Core","Centennial Puzzle","Ancient Tea Set","Oddly Smooth Stone","ClockworkSouvenir","Pen Nib"],"acts_visited":["Exordium"],"potions_floor_usage":[],"damage_taken":[{"damage":9.0,"enemies":"2 Louse","floor":1.0,"turns":2.0},{"damage":6.0,"enemies":"Cultist","floor":2.0,"turns":4.0},{"damage":2.0,"enemies":"Jaw Worm","floor":3.0,"turns":3.0},{"damage":14.0,"enemies":"Large Slime","floor":5.0,"turns":6.0},{"damage":10.0,"enemies":"Lagavulin","floor":7.0,"turns":5.0},{"damage":15.0,"enemies":"3 Sentries","floor":10.0,"turns":5.0},{"damage":35,"enemies":"Hexaghost","floor":16,"turns":9}],"seed_played":"-4102712895424601118","potions_obtained":[{"floor":2.0,"key":"SneckoOil"},{"floor":3.0,"key":"EntropicBrew"},{"floor":7.0,"key":"Strength Potion"}],"is_trial":false,"path_per_floor":["M","M","M","?","M","R","E","R","T","E","$","R","?","?","R","B"],"character_chosen":"DEFECT","items_purchased":["ClockworkSouvenir","Pen Nib","Reprogram"],"campfire_rested":1,"item_purchase_floors":[11,11,11],"current_hp_per_floor":[59,53,51,51,37,37,27,27,27,12,12,34,34,34,34,0,0],"gold":498,"neow_bonus":"TWO_FIFTY_GOLD","is_daily":false,"chose_seed":false,"campfire_upgraded":3,"win_rate":0.0,"timestamp":1612661504,"path_taken":["M","M","M","?","?","R","E","R","T","E","$","R","?","?","R","BOSS"],"items_purchased_type":["Relic","Relic","Card"],"build_version":"2020-12-22","purchased_purges":1,"victory":false,"max_hp_per_floor":[75,75,75,75,75,75,75,75,75,75,75,75,75,75,75,75,75],"card_choices":[{"not_picked":["Cold Snap","Leap"],"picked":"Static Discharge","floor":1.0},{"not_picked":["Doom and Gloom","Hologram"],"picked":"Streamline","floor":2.0},{"not_picked":["Coolheaded","Steam"],"picked":"Sunder","floor":3.0},{"not_picked":["Scrape","Lockon","Blizzard"],"picked":"SKIP","floor":5.0},{"not_picked":["Beam Cell","Cold Snap"],"picked":"Reboot","floor":7.0},{"not_picked":["Rebound","Cold Snap"],"picked":"Echo Form","floor":10.0}],"player_experience":739944,"relics_obtained":[{"floor":7.0,"key":"Centennial Puzzle"},{"floor":9.0,"key":"Ancient Tea Set"},{"floor":10.0,"key":"Oddly Smooth Stone"}],"event_choices":[{"damage_healed":0.0,"max_hp_gain":0.0,"max_hp_loss":0.0,"gold_gain":0.0,"event_name":"Lab","player_choice":"Got Potions","floor":4.0,"gold_loss":0.0,"damage_taken":0.0},{"damage_healed":0.0,"max_hp_gain":0.0,"max_hp_loss":0.0,"gold_gain":175.0,"event_name":"Liars Game","player_choice":"AGREE","floor":13.0,"gold_loss":0.0,"damage_taken":0.0,"cards_obtained":["Doubt"]},{"damage_healed":0.0,"max_hp_gain":0.0,"max_hp_loss":0.0,"gold_gain":275.0,"event_name":"Golden Shrine","player_choice":"Desecrate","floor":14.0,"gold_loss":0.0,"damage_taken":0.0,"cards_obtained":["Regret"]}],"is_beta":false,"boss_relics":[],"items_purged_floors":[11],"is_endless":false,"potions_floor_spawned":[2,3,5,7],"killed_by":"Hexaghost","ascension_level":11}}