{"host":"rw1trt79hfpl7pom","time":1612659939,"event":{"mods":["BaseMod","Bestiary","Colored Map","Minty Spire (QoL Compilation)","Relic Stats","StSLib","SuperFastMode"],"gold_per_floor":[119,30,30,43,63,94,106,153,192,233,320,365,58,58,58,137,137,150,65,82,102,27,60,60,85,85,116,134,59,76,92,92,168,168,184,194,211,211,228,256,268,268,268,293,322,322,337,365,365,365,365,365,365,3,28,28],"floor_reached":57,"language":"ENG","playtime":4983,"items_purged":["Strike_P"],"score":3035,"play_id":"c198f97f-970b-4513-8f5f-6bfcd557aba6","local_time":"20210206170539","is_ascension_mode":true,"campfire_choices":[{"floor":7.0,"key":"REST"},{"data":"Adaptation","floor":15.0,"key":"SMITH"},{"floor":24.0,"key":"REST"},{"data":"MentalFortress","floor":32.0,"key":"SMITH"},{"floor":42.0,"key":"RECALL"},{"data":"Meditate","floor":49.0,"key":"SMITH"},{"data":"Meditate","floor":53.0,"key":"SMITH"}],"circlet_count":0,"master_deck":["AscendersBane","Eruption","Vigilance+1","FearNoEvil","SignatureMove","Tantrum","Meditate+1","ReachHeaven","Adaptation","Meditate+1","Indignation","Adaptation+1","Establishment","Adaptation","BowlingBash","EmptyBody","DevaForm","EmptyMind","Wireheading","Crescendo","MentalFortress+1","EmptyBody","SpiritShield","WreathOfFlame","Vengeance","Crescendo","InnerPeace","EmptyBody","Sanctity","InnerPeace+1","CutThroughFate","ClearTheMind+1","EmptyFist","FearNoEvil+1","Master of Strategy","CutThroughFate","Halt"],"relics":["SacredBark","MawBank","Boot","Ornamental Fan","Strawberry","Bottled Tornado","Cursed Key","Kunai","Eternal Feather","CloakClasp","Orichalcum","Pandora\u0027s Box","Potion Belt","Calipers","Pear","Shuriken","Membership Card","Gambling Chip","Nunchaku"],"acts_visited":["Exordium","TheCity","TheBeyond","TheEnding"],"potions_floor_usage":[55,56],"damage_taken":[{"damage":1.0,"enemies":"Small Slimes","floor":1.0,"turns":6.0},{"damage":4.0,"enemies":"2 Louse","floor":4.0,"turns":3.0},{"damage":0.0,"enemies":"Jaw Worm","floor":5.0,"turns":2.0},{"damage":0.0,"enemies":"Gremlin Nob","floor":6.0,"turns":2.0},{"damage":10.0,"enemies":"Lagavulin","floor":8.0,"turns":4.0},{"damage":16.0,"enemies":"Gremlin Nob","floor":10.0,"turns":3.0},{"damage":10.0,"enemies":"3 Sentries","floor":12.0,"turns":3.0},{"damage":0.0,"enemies":"Slime Boss","floor":16.0,"turns":5.0},{"damage":13.0,"enemies":"3 Byrds","floor":18.0,"turns":4.0},{"damage":19.0,"enemies":"2 Thieves","floor":20.0,"turns":4.0},{"damage":0.0,"enemies":"Snake Plant","floor":21.0,"turns":2.0},{"damage":24.0,"enemies":"Slavers","floor":23.0,"turns":4.0},{"damage":24.0,"enemies":"Book of Stabbing","floor":25.0,"turns":4.0},{"damage":10.0,"enemies":"Gremlin Leader","floor":27.0,"turns":6.0},{"damage":0.0,"enemies":"Centurion and Healer","floor":28.0,"turns":4.0},{"damage":0.0,"enemies":"Shelled Parasite and Fungi","floor":30.0,"turns":3.0},{"damage":0.0,"enemies":"Snecko","floor":31.0,"turns":2.0},{"damage":9.0,"enemies":"Champ","floor":33.0,"turns":7.0},{"damage":0.0,"enemies":"3 Darklings","floor":35.0,"turns":6.0},{"damage":0.0,"enemies":"3 Shapes","floor":36.0,"turns":4.0},{"damage":8.0,"enemies":"Writhing Mass","floor":37.0,"turns":6.0},{"damage":23.0,"enemies":"Spire Growth","floor":39.0,"turns":9.0},{"damage":10.0,"enemies":"Reptomancer","floor":40.0,"turns":2.0},{"damage":13.0,"enemies":"Jaw Worm Horde","floor":41.0,"turns":5.0},{"damage":0.0,"enemies":"Mind Bloom Boss Battle","floor":44.0,"turns":3.0},{"damage":0.0,"enemies":"Nemesis","floor":45.0,"turns":6.0},{"damage":0.0,"enemies":"4 Shapes","floor":47.0,"turns":6.0},{"damage":15.0,"enemies":"Reptomancer","floor":48.0,"turns":7.0},{"damage":4.0,"enemies":"Time Eater","floor":50.0,"turns":8.0},{"damage":43.0,"enemies":"Awakened One","floor":51.0,"turns":9.0},{"damage":20,"enemies":"Shield and Spear","floor":55,"turns":8},{"damage":55,"enemies":"The Heart","floor":56,"turns":8}],"seed_played":"-2615216124102867841","potions_obtained":[{"floor":1.0,"key":"Weak Potion"},{"floor":5.0,"key":"DistilledChaos"},{"floor":8.0,"key":"Block Potion"},{"floor":21.0,"key":"Energy Potion"},{"floor":23.0,"key":"Energy Potion"},{"floor":25.0,"key":"Weak Potion"},{"floor":28.0,"key":"GamblersBrew"},{"floor":33.0,"key":"Fire Potion"},{"floor":35.0,"key":"Ancient Potion"},{"floor":37.0,"key":"Regen Potion"},{"floor":40.0,"key":"GamblersBrew"},{"floor":41.0,"key":"DistilledChaos"},{"floor":48.0,"key":"Energy Potion"}],"is_trial":false,"path_per_floor":["M","$","?","M","M","E","R","E","T","E","?","E","$","?","R","B",null,"M","?","M","M","$","E","R","E","T","E","M","?","M","M","R","B",null,"M","M","M","?","M","E","M","R","T","?","E","?","M","E","R","B","B",null,"R","$","E","B",null],"character_chosen":"WATCHER","items_purchased":["SignatureMove","Adaptation","Bottled Tornado","Membership Card","Halt","Gambling Chip"],"campfire_rested":2,"item_purchase_floors":[2,13,13,54,54,54],"current_hp_per_floor":[60,60,40,36,36,36,56,46,46,30,19,16,16,16,16,16,60,47,47,28,28,28,4,38,14,14,4,4,4,4,4,19,10,59,59,59,51,51,75,65,52,70,70,70,80,70,70,55,76,72,29,71,85,85,65,10],"gold":28,"neow_bonus":"BOSS_RELIC","is_daily":false,"chose_seed":false,"campfire_upgraded":4,"win_rate":0.0,"timestamp":1612659939,"path_taken":["M","$","?","M","M","E","R","E","T","E","?","E","$","?","R","BOSS","M","?","M","M","$","E","R","E","T","E","M","?","M","M","R","BOSS","M","M","M","?","M","E","M","R","T","?","E","?","M","E","R","BOSS","BOSS","R","$","E","BOSS"],"items_purchased_type":["Card","Card","Relic","Relic","Card","Relic"],"build_version":"2020-12-22","purchased_purges":1,"victory":true,"max_hp_per_floor":[68,68,68,68,68,68,68,68,68,68,68,75,75,75,75,75,75,75,75,75,75,75,75,75,75,75,75,75,75,75,75,75,75,75,75,75,75,75,75,75,75,75,75,75,85,85,85,85,85,85,85,85,85,85,85,85],"relic_stats":{"counters":[32,155],"Eternal Feather":80,"CloakClasp":[531],"Orichalcum":[60],"MawBank":84,"Boot":[382],"Cursed Key":0,"Nunchaku":[4],"Ornamental Fan":[308],"Shuriken":[32],"Gambling Chip":[4],"Pandora\u0027s Box":["WreathOfFlame","Vengeance","Crescendo","InnerPeace","EmptyBody","Sanctity"],"Kunai":[72],"obtain_stats":[{"Potion Belt":40,"Calipers":44,"Pear":45,"SacredBark":0,"Eternal Feather":23,"CloakClasp":25,"Bottled Tornado":13,"Orichalcum":27,"MawBank":6,"Boot":8,"Cursed Key":17,"Nunchaku":55,"Ornamental Fan":10,"Shuriken":48,"Strawberry":12,"Gambling Chip":54,"Pandora\u0027s Box":34,"Kunai":19,"Membership Card":54,"PureWater":0},{"Potion Belt":23,"Calipers":25,"Pear":26,"SacredBark":0,"Eternal Feather":12,"CloakClasp":13,"Bottled Tornado":7,"Orichalcum":14,"MawBank":4,"Boot":5,"Cursed Key":8,"Nunchaku":31,"Ornamental Fan":6,"Shuriken":28,"Strawberry":7,"Gambling Chip":30,"Pandora\u0027s Box":18,"Kunai":9,"Membership Card":30,"PureWater":0},{"Potion Belt":95,"Calipers":103,"Pear":109,"SacredBark":0,"Eternal Feather":42,"CloakClasp":46,"Bottled Tornado":23,"Orichalcum":52,"MawBank":13,"Boot":17,"Cursed Key":28,"Nunchaku":147,"Ornamental Fan":20,"Shuriken":122,"Strawberry":23,"Gambling Chip":139,"Pandora\u0027s Box":68,"Kunai":32,"Membership Card":139,"PureWater":0}]},"card_choices":[{"not_picked":["Study","Swivel"],"picked":"FearNoEvil","floor":1.0},{"not_picked":["PathToVictory","Pray"],"picked":"Tantrum","floor":4.0},{"not_picked":["WaveOfTheHand","Consecrate"],"picked":"Meditate","floor":5.0},{"not_picked":["SashWhip","CutThroughFate"],"picked":"ReachHeaven","floor":6.0},{"not_picked":["Omniscience","Halt"],"picked":"Adaptation","floor":8.0},{"not_picked":["ThirdEye","CrushJoints"],"picked":"Meditate","floor":10.0},{"not_picked":["SignatureMove","Devotion"],"picked":"Indignation","floor":12.0},{"not_picked":["Devotion","Wish"],"picked":"Establishment","floor":16.0},{"not_picked":["FollowUp","JustLucky"],"picked":"Adaptation","floor":18.0},{"not_picked":["WheelKick","JustLucky"],"picked":"BowlingBash","floor":20.0},{"not_picked":["CrushJoints","SashWhip+1"],"picked":"EmptyBody","floor":21.0},{"not_picked":["SignatureMove+1","DeceiveReality"],"picked":"DevaForm","floor":23.0},{"not_picked":["InnerPeace","Conclude"],"picked":"EmptyMind","floor":25.0},{"not_picked":["Worship","JustLucky"],"picked":"Wireheading","floor":27.0},{"not_picked":["EmptyFist","Protect"],"picked":"Crescendo","floor":28.0},{"not_picked":["CarveReality","WindmillStrike"],"picked":"MentalFortress","floor":30.0},{"not_picked":["FollowUp","JustLucky"],"picked":"EmptyBody","floor":31.0},{"not_picked":["MasterReality","Blasphemy"],"picked":"SpiritShield","floor":33.0},{"not_picked":["Sanctity","ClearTheMind"],"picked":"EmptyFist","floor":35.0},{"not_picked":["Prostrate","Crescendo+1"],"picked":"InnerPeace+1","floor":36.0},{"not_picked":["ThirdEye","Sanctity"],"picked":"CutThroughFate","floor":37.0},{"not_picked":["FollowUp","EmptyFist"],"picked":"ClearTheMind+1","floor":39.0},{"not_picked":["ClearTheMind","WreathOfFlame","SignatureMove+1"],"picked":"SKIP","floor":40.0},{"not_picked":["Crescendo+1","ClearTheMind","Worship"],"picked":"SKIP","floor":41.0},{"not_picked":["EmptyBody","SignatureMove"],"picked":"EmptyFist","floor":44.0},{"not_picked":["Devotion","ClearTheMind"],"picked":"FearNoEvil+1","floor":45.0},{"not_picked":["Metamorphosis","Panache"],"picked":"Master of Strategy","floor":46.0},{"not_picked":["SashWhip","EmptyBody","Sanctity"],"picked":"SKIP","floor":47.0},{"not_picked":["SashWhip","Collect"],"picked":"CutThroughFate","floor":48.0},{"not_picked":["Evaluate","InnerPeace+1","BowlingBash+1"],"picked":"SKIP","floor":55}],"player_experience":2621164,"relics_obtained":[{"floor":6.0,"key":"MawBank"},{"floor":8.0,"key":"Boot"},{"floor":10.0,"key":"Ornamental Fan"},{"floor":12.0,"key":"Strawberry"},{"floor":23.0,"key":"Eternal Feather"},{"floor":25.0,"key":"CloakClasp"},{"floor":27.0,"key":"Orichalcum"},{"floor":40.0,"key":"Potion Belt"},{"floor":44.0,"key":"Calipers"},{"floor":45.0,"key":"Pear"},{"floor":48.0,"key":"Shuriken"},{"floor":55,"key":"Nunchaku"}],"event_choices":[{"damage_healed":0.0,"max_hp_gain":0.0,"max_hp_loss":0.0,"gold_gain":0.0,"event_name":"Shining Light","player_choice":"Entered Light","floor":3.0,"gold_loss":0.0,"damage_taken":20.0,"cards_upgraded":["Strike_P","Vigilance"]},{"damage_healed":0.0,"max_hp_gain":0.0,"max_hp_loss":0.0,"gold_gain":75.0,"event_name":"World of Goop","player_choice":"Gather Gold","floor":11.0,"gold_loss":0.0,"damage_taken":11.0},{"damage_healed":0.0,"max_hp_gain":0.0,"max_hp_loss":0.0,"gold_gain":0.0,"event_name":"Liars Game","player_choice":"Ignored","floor":14.0,"gold_loss":0.0,"damage_taken":0.0},{"damage_healed":0.0,"max_hp_gain":0.0,"max_hp_loss":0.0,"gold_gain":0.0,"event_name":"Addict","player_choice":"Obtained Relic","floor":19.0,"gold_loss":85.0,"damage_taken":0.0,"relics_obtained":["Kunai"]},{"cards_removed":["Strike_P"],"damage_healed":0.0,"max_hp_gain":0.0,"max_hp_loss":0.0,"gold_gain":0.0,"event_name":"Beggar","player_choice":"Gave Gold","floor":29.0,"gold_loss":75.0,"damage_taken":0.0},{"cards_removed":["EmptyFist"],"damage_healed":0.0,"max_hp_gain":0.0,"max_hp_loss":0.0,"gold_gain":0.0,"event_name":"Falling","player_choice":"Removed Attack","floor":38.0,"gold_loss":0.0,"damage_taken":0.0},{"damage_healed":0.0,"max_hp_gain":0.0,"max_hp_loss":0.0,"gold_gain":0.0,"event_name":"MindBloom","player_choice":"Fight","floor":44.0,"gold_loss":0.0,"damage_taken":0.0},{"damage_healed":0.0,"max_hp_gain":0.0,"max_hp_loss":0.0,"gold_gain":0.0,"event_name":"SensoryStone","player_choice":"Memory 3","floor":46.0,"gold_loss":0.0,"damage_taken":10.0}],"is_beta":false,"boss_relics":[{"not_picked":["Coffee Dripper","Empty Cage"],"picked":"Cursed Key"},{"not_picked":["Black Star","Velvet Choker"],"picked":"Pandora\u0027s Box"}],"items_purged_floors":[22],"is_endless":false,"potions_floor_spawned":[1,5,8,21,23,25,28,33,35,37,40,41,48],"ascension_level":20}}