{"host":"bf5upntvbdompq33","time":1612663909,"event":{"mods":["BaseMod","Colored Map","Colored Powertips","Curses Come First","Minty Spire (QoL Compilation)","StSLib","The Dragon Tamer","The Hierophant","The Marked","The Mystic","The Servant 0.9.4"],"gold_per_floor":[364,382,14,34,34,60,79,112,112,142,142,158,170,195,195,294,294,314,314,329,329,39,69,69,85,154,182,281,281,291,321,321,421,421,433,448,448,448,131,149,180,180,180,180,198,245,265,315,315,315],"floor_reached":51,"language":"ENG","playtime":10917,"items_purged":["Parasite","Shame","Normality"],"score":1054,"play_id":"f7e41df9-4818-46e1-be23-5b13d57aeaa6","local_time":"20210206191149","is_ascension_mode":true,"campfire_choices":[{"data":"Eruption","floor":11,"key":"SMITH"},{"floor":15,"key":"REST"},{"data":"Meditate","floor":24,"key":"SMITH"},{"data":"Adaptation","floor":29,"key":"SMITH"},{"floor":32,"key":"REST"},{"data":"ClearTheMind","floor":42,"key":"SMITH"},{"data":"Crescendo","floor":44,"key":"SMITH"},{"data":"DeceiveReality","floor":49,"key":"SMITH"}],"circlet_count":0,"master_deck":["Strike_P+1","Strike_P+1","Strike_P+1","Defend_P","Defend_P","Defend_P","Defend_P","Eruption+1","Vigilance","SandsOfTime+1","WreathOfFlame","FollowUp+1","CrushJoints+1","Meditate+1","Consecrate+1","EmptyFist+1","Consecrate+1","Adaptation+1","ClearTheMind+1","DevaForm+1","BowlingBash+1","Crescendo+1","Wallop+1","Conclude+1","Crescendo+1","FlurryOfBlows+1","Wireheading","FearNoEvil+1","Tantrum+1","DeceiveReality+1","LessonLearned+1","CutThroughFate+1","Master of Strategy","Protect+1","Decay","Protect+1"],"relics":["HolyWater","Molten Egg 2","HornCleat","Darkstone Periapt","Bag of Preparation","Yang","Pear","Gambling Chip","Cursed Key","TeardropLocket","Orrery","Regal Pillow","Frozen Egg 2","Shuriken","Dream Catcher","Whetstone","Kunai","Incense Burner","Calipers"],"acts_visited":["Exordium","TheCity","TheBeyond"],"potions_floor_usage":[6,8,8,10,14,16,16,41,45,45],"damage_taken":[{"damage":9,"enemies":"2 Louse","floor":1,"turns":5},{"damage":24,"enemies":"Jaw Worm","floor":2,"turns":2},{"damage":0,"enemies":"Cultist","floor":4,"turns":1},{"damage":0,"enemies":"Lagavulin","floor":6,"turns":3},{"damage":10,"enemies":"Exordium Wildlife","floor":7,"turns":4},{"damage":13,"enemies":"3 Sentries","floor":8,"turns":3},{"damage":0,"enemies":"Lagavulin","floor":10,"turns":3},{"damage":0,"enemies":"2 Fungi Beasts","floor":12,"turns":2},{"damage":3,"enemies":"Blue Slaver","floor":13,"turns":3},{"damage":0,"enemies":"Gremlin Nob","floor":14,"turns":1},{"damage":32,"enemies":"The Guardian","floor":16,"turns":6},{"damage":0,"enemies":"Spheric Guardian","floor":18,"turns":2},{"damage":6,"enemies":"3 Byrds","floor":20,"turns":3},{"damage":12,"enemies":"Book of Stabbing","floor":23,"turns":3},{"damage":0,"enemies":"Centurion and Healer","floor":25,"turns":3},{"damage":20,"enemies":"Slavers","floor":27,"turns":3},{"damage":16,"enemies":"Snake Plant","floor":30,"turns":3},{"damage":0,"enemies":"Gremlin Leader","floor":31,"turns":3},{"damage":0,"enemies":"Automaton","floor":33,"turns":4},{"damage":13,"enemies":"3 Shapes","floor":35,"turns":2},{"damage":4,"enemies":"Orb Walker","floor":36,"turns":3},{"damage":0,"enemies":"Jaw Worm Horde","floor":40,"turns":2},{"damage":0,"enemies":"Reptomancer","floor":41,"turns":2},{"damage":0,"enemies":"4 Shapes","floor":45,"turns":2},{"damage":2,"enemies":"2 Orb Walkers","floor":46,"turns":3},{"damage":0,"enemies":"3 Darklings","floor":47,"turns":2},{"damage":0,"enemies":"Mind Bloom Boss Battle","floor":48,"turns":3},{"damage":1,"enemies":"Awakened One","floor":50,"turns":6}],"seed_played":"6729503558028301355","potions_obtained":[{"floor":2,"key":"AttackPotion"},{"floor":4,"key":"Energy Potion"},{"floor":8,"key":"EntropicBrew"},{"floor":12,"key":"Energy Potion"},{"floor":20,"key":"BottledMiracle"},{"floor":30,"key":"FearPotion"},{"floor":33,"key":"LiquidBronze"},{"floor":36,"key":"Fire Potion"},{"floor":41,"key":"Strength Potion"},{"floor":45,"key":"BottledMiracle"},{"floor":46,"key":"SpeedPotion"}],"is_trial":false,"path_per_floor":["M","M","$","M","?","E","M","E","T","E","R","M","M","E","R","B",null,"M","?","M","?","$","E","R","M","T","E","?","R","M","E","R","B",null,"M","M","?","?","$","M","E","R","T","R","M","?","M","?","R","B",null],"character_chosen":"WATCHER","items_purchased":["Molten Egg 2","FollowUp+1","Crescendo","Orrery","Master of Strategy"],"campfire_rested":2,"item_purchase_floors":[3,3,22,22,39],"current_hp_per_floor":[63,39,39,39,36,36,26,13,13,23,23,23,20,20,43,11,79,79,79,73,79,79,67,67,67,73,53,53,53,37,37,79,79,91,78,74,74,74,74,74,74,74,80,80,80,78,78,78,78,77],"gold":315,"neow_bonus":"TWO_FIFTY_GOLD","is_daily":false,"chose_seed":false,"campfire_upgraded":6,"win_rate":0.0,"timestamp":1612663909,"path_taken":["M","M","$","M","?","E","M","E","T","E","R","M","M","E","R","BOSS","M","?","?","?","$","E","R","M","T","E","?","R","M","E","R","BOSS","M","M","?","?","$","M","E","R","T","R","?","?","M","?","R","BOSS"],"items_purchased_type":["Relic","Card","Card","Relic","Card"],"build_version":"2020-12-22","purchased_purges":3,"victory":true,"max_hp_per_floor":[72,72,69,69,69,69,69,69,69,79,79,79,79,79,79,79,79,79,79,79,85,85,85,85,85,91,91,91,91,91,91,91,91,91,91,91,86,86,86,86,86,86,92,92,92,92,92,92,92,92],"card_choices":[{"not_picked":["Halt","Prostrate"],"picked":"SandsOfTime","floor":1},{"not_picked":["CrushJoints","Evaluate"],"picked":"WreathOfFlame","floor":2},{"not_picked":["SashWhip+1","Nirvana"],"picked":"CrushJoints+1","floor":4},{"not_picked":["Evaluate","Perseverance"],"picked":"Meditate","floor":6},{"not_picked":["WheelKick+1","FollowUp+1"],"picked":"Consecrate+1","floor":7},{"not_picked":["SashWhip+1","Adaptation"],"picked":"EmptyFist+1","floor":8},{"not_picked":["EmptyMind","Protect"],"picked":"Consecrate+1","floor":10},{"not_picked":["DeusExMachina","EmptyFist+1"],"picked":"Adaptation","floor":12},{"not_picked":["CutThroughFate+1","SignatureMove+1"],"picked":"ClearTheMind","floor":13},{"not_picked":["Collect","JustLucky+1","EmptyFist+1"],"picked":"SKIP","floor":14},{"not_picked":["Devotion","Establishment"],"picked":"DevaForm","floor":16},{"not_picked":["SandsOfTime+1","EmptyBody","JustLucky+1"],"picked":"SKIP","floor":18},{"not_picked":["EmptyFist+1","Adaptation"],"picked":"BowlingBash+1","floor":20},{"not_picked":["SignatureMove+1","ClearTheMind"],"picked":"Wallop+1","floor":22},{"not_picked":["ClearTheMind","Wallop+1"],"picked":"Conclude+1","floor":22},{"not_picked":["BowlingBash+1","SashWhip+1"],"picked":"Crescendo+1","floor":22},{"not_picked":["EmptyBody+1","EmptyFist+1"],"picked":"FlurryOfBlows+1","floor":22},{"not_picked":["Brilliance+1","MentalFortress"],"picked":"Wireheading","floor":22},{"not_picked":["DeceiveReality","JustLucky+1","PathToVictory"],"picked":"SKIP","floor":23},{"not_picked":["ThirdEye","Wireheading+1"],"picked":"FearNoEvil+1","floor":25},{"not_picked":["Sanctity+1","InnerPeace+1"],"picked":"Tantrum+1","floor":27},{"not_picked":["Prostrate","EmptyFist+1","Devotion+1"],"picked":"SKIP","floor":30},{"not_picked":["SandsOfTime+1","WaveOfTheHand","ClearTheMind"],"picked":"SKIP","floor":31},{"not_picked":["Perseverance+1","FollowUp+1"],"picked":"DeceiveReality","floor":32},{"not_picked":["DevaForm+1","Wish"],"picked":"LessonLearned+1","floor":33},{"not_picked":["ThirdEye+1","SashWhip+1","Protect+1"],"picked":"SKIP","floor":35},{"not_picked":["DeceiveReality+1","BattleHymn+1"],"picked":"CutThroughFate+1","floor":36},{"not_picked":["FollowUp+1","Collect+1"],"picked":"Protect+1","floor":40},{"not_picked":["EmptyFist+1","Judgement","FlyingSleeves+1"],"picked":"SKIP","floor":41},{"not_picked":["Prostrate+1","WheelKick+1"],"picked":"Protect+1","floor":45},{"not_picked":["EmptyMind","FollowUp+1","FlurryOfBlows+1"],"picked":"SKIP","floor":47}],"player_experience":1473989,"relics_obtained":[{"floor":6,"key":"Darkstone Periapt"},{"floor":8,"key":"Bag of Preparation"},{"floor":9,"key":"Yang"},{"floor":10,"key":"Pear"},{"floor":14,"key":"Gambling Chip"},{"floor":23,"key":"Regal Pillow"},{"floor":26,"key":"Frozen Egg 2"},{"floor":27,"key":"Shuriken"},{"floor":31,"key":"Dream Catcher"},{"floor":41,"key":"Whetstone"},{"floor":43,"key":"Kunai"},{"floor":46,"key":"Incense Burner"},{"floor":48,"key":"Calipers"}],"event_choices":[{"damage_healed":0,"gold_gain":0,"player_choice":"Success","damage_taken":3,"relics_obtained":["HornCleat"],"max_hp_gain":0,"max_hp_loss":0,"event_name":"Scrap Ooze","floor":5,"gold_loss":0},{"cards_removed":["Strike_P"],"damage_healed":0,"gold_gain":0,"player_choice":"Card Removal","damage_taken":0,"max_hp_gain":0,"max_hp_loss":0,"event_name":"Wheel of Change","floor":19,"gold_loss":0},{"damage_healed":0,"gold_gain":0,"player_choice":"Stole Relic","damage_taken":0,"relics_obtained":["TeardropLocket"],"max_hp_gain":0,"max_hp_loss":0,"event_name":"Addict","floor":21,"gold_loss":0,"cards_obtained":["Shame"]},{"damage_healed":0,"gold_gain":99,"player_choice":"Stole From Cult","damage_taken":0,"max_hp_gain":0,"max_hp_loss":0,"event_name":"Nest","floor":28,"gold_loss":0},{"damage_healed":0,"gold_gain":0,"player_choice":"Max HP","damage_taken":0,"max_hp_gain":0,"max_hp_loss":5,"event_name":"Winding Halls","floor":37,"gold_loss":0},{"damage_healed":0,"gold_gain":0,"player_choice":"Ignored","damage_taken":0,"max_hp_gain":0,"max_hp_loss":0,"event_name":"Tomb of Lord Red Mask","floor":38,"gold_loss":0},{"damage_healed":0,"gold_gain":0,"player_choice":"Fight","damage_taken":0,"max_hp_gain":0,"max_hp_loss":0,"event_name":"Mysterious Sphere","floor":46,"gold_loss":0},{"damage_healed":0,"gold_gain":0,"player_choice":"Fight","damage_taken":0,"max_hp_gain":0,"max_hp_loss":0,"event_name":"MindBloom","floor":48,"gold_loss":0}],"is_beta":false,"boss_relics":[{"not_picked":["Sozu","Runic Dome"],"picked":"Cursed Key"},{"not_picked":["Philosopher\u0027s Stone","SacredBark"],"picked":"HolyWater"}],"items_purged_floors":[3,22,39],"is_endless":false,"potions_floor_spawned":[2,4,8,12,20,30,33,36,41,45,46],"ascension_level":2}}