{"host":"r70xsz6j1oj94nbd","time":1612694486,"event":{"mods":["Act Like it!","BaseMod","Downfall-Rebalance","Minty Spire (QoL Compilation)","Permanent Neow","Quick Restart","RNG Fix","Reliquary","Shop Mod","Spicy Shops","StSLib","The Alterego","The Animator","【功能Mod】混沌之环修复补丁"],"gold_per_floor":[219,249,286,298,317,344,344,369,393,413,413,426,426,443,443,551,601,614,614,174,161,161,161,0,18,91,91,117,42,61,61,61,61,61],"floor_reached":33,"language":"ZHS","playtime":2620,"items_purged":["animator:Strike"],"score":276,"play_id":"657a6f26-4135-483c-8c76-64b5e66fd963","local_time":"20210207184126","is_ascension_mode":false,"campfire_choices":[{"data":"animator:SuzuneAmano","floor":13,"key":"SMITH"},{"floor":15,"key":"REST"},{"floor":23,"key":"RECALL"},{"floor":27,"key":"REST"},{"floor":32,"key":"REST"}],"circlet_count":0,"master_deck":["animator:Defend_MadokaMagica","animator:Strike","animator:Defend","animator:Defend","animator:IrohaTamaki","animator:YuiTsuruno","animator:Aisha","animator:SayakaMiki","animator:NagisaMomoe","animator:DolaStephanie","animator:Hakurou","animator:SuzuneAmano+1","animator:Illya","animator:KyokoSakura+1","animator:Saitama","animator:YuiTsuruno","animator:YachiyoNanami","animator:HomuraAkemi","animator:NagisaMomoe","animator:RoyMustang","animator:Evileye","Decay"],"relics":["animator:LivingPicture","animator:TheMissingPiece","animator:PurgingStone","reliquary:SharkskinSheath","Tiny House","Mummified Hand"],"acts_visited":["Exordium","TheCity"],"potions_floor_usage":[16,16,21,33,33],"damage_taken":[{"damage":0,"enemies":"Cultist","floor":1,"turns":3},{"damage":0,"enemies":"2 Louse","floor":2,"turns":4},{"damage":0,"enemies":"Jaw Worm","floor":4,"turns":4},{"damage":10,"enemies":"Gremlin Gang","floor":5,"turns":5},{"damage":9,"enemies":"Lagavulin","floor":6,"turns":5},{"damage":3,"enemies":"Red Slaver","floor":8,"turns":5},{"damage":1,"enemies":"Looter","floor":10,"turns":4},{"damage":1,"enemies":"Blue Slaver","floor":12,"turns":3},{"damage":6,"enemies":"Exordium Wildlife","floor":14,"turns":3},{"damage":46,"enemies":"Hexaghost","floor":16,"turns":6},{"damage":27,"enemies":"Shell Parasite","floor":18,"turns":5},{"damage":11,"enemies":"2 Thieves","floor":21,"turns":5},{"damage":40,"enemies":"Cultist and Chosen","floor":25,"turns":8},{"damage":21,"enemies":"Sentry and Sphere","floor":28,"turns":6},{"damage":13,"enemies":"Snake Plant","floor":30,"turns":5},{"damage":38,"enemies":"Champ","floor":33,"turns":7}],"seed_played":"4851584544965153519","potions_obtained":[{"floor":1,"key":"FairyPotion"},{"floor":4,"key":"FearPotion"},{"floor":5,"key":"ColorlessPotion"},{"floor":14,"key":"PowerPotion"},{"floor":17,"key":"BlessingOfTheForge"},{"floor":18,"key":"Block Potion"},{"floor":22,"key":"DuplicationPotion"},{"floor":22,"key":"Slimebound:ThreeZeroPotion"},{"floor":25,"key":"GamblersBrew"}],"is_trial":false,"path_per_floor":["M","M","?","M","M","E","?","M","T","M","?","M","R","M","R","B",null,"M","?","$","M","?","R","?","M","T","R","M","?","M","?","R","B"],"character_chosen":"THE_ANIMATOR","items_purchased":["animator:YachiyoNanami","animator:HomuraAkemi"],"campfire_rested":3,"item_purchase_floors":[20,20],"current_hp_per_floor":[66,66,66,66,57,48,48,45,45,44,44,44,44,38,58,12,73,46,46,46,35,35,35,35,21,21,42,21,21,8,8,29,0,0],"gold":61,"neow_bonus":"HUNDRED_GOLD","is_daily":false,"chose_seed":false,"campfire_upgraded":1,"win_rate":0.0,"timestamp":1612694486,"path_taken":["M","M","?","?","M","E","?","M","T","M","?","M","R","M","R","BOSS","M","?","$","M","?","R","?","M","T","R","M","?","?","?","R","BOSS"],"items_purchased_type":["Card","Card"],"build_version":"2020-12-22","purchased_purges":1,"victory":false,"max_hp_per_floor":[66,66,66,66,67,67,67,67,67,67,67,68,68,68,68,68,73,73,73,73,73,73,73,73,73,73,73,73,73,73,73,73,73,73],"card_choices":[{"not_picked":["animator:Millim","animator:Rider"],"picked":"animator:Aisha","floor":1},{"not_picked":["animator:Aisha","animator:Tatsumaki"],"picked":"animator:SayakaMiki","floor":2},{"not_picked":["animator:MumenRider","animator:Shion","animator:Gluttony"],"picked":"SKIP","floor":4},{"not_picked":["animator:IrohaTamaki","animator:KyokoSakura"],"picked":"animator:NagisaMomoe","floor":5},{"not_picked":["animator:Mikaela","animator:Shalltear"],"picked":"animator:DolaStephanie","floor":6},{"not_picked":["animator:IzunaHatsuse","animator:Lancer"],"picked":"animator:SuzuneAmano","floor":8},{"not_picked":["animator:Tet","animator:Shigure"],"picked":"animator:Illya","floor":10},{"not_picked":["animator:YachiyoNanami","animator:OrikoMikuni"],"picked":"animator:KyokoSakura","floor":12},{"not_picked":["animator:OrikoMikuni","animator:Shalltear","animator:SakuraMatou"],"picked":"SKIP","floor":14},{"not_picked":["animator:Father","animator:Albedo"],"picked":"animator:Saitama","floor":16},{"not_picked":["animator:DolaSchwi","animator:SuzuneAmano"],"picked":"animator:YuiTsuruno","floor":17},{"not_picked":["animator:Shigure","animator:Vesta","animator:Mitsuba"],"picked":"SKIP","floor":18},{"not_picked":["animator:Chung","animator:Shinoa"],"picked":"animator:NagisaMomoe","floor":21},{"not_picked":["animator:Demiurge","animator:YachiyoNanami"],"picked":"animator:RoyMustang","floor":28},{"not_picked":["animator:SayakaMiki","animator:YachiyoNanami+1"],"picked":"animator:Evileye","floor":30}],"player_experience":271664,"relics_obtained":[{"floor":6,"key":"reliquary:SharkskinSheath"},{"floor":26,"key":"Mummified Hand"}],"event_choices":[{"damage_healed":0,"gold_gain":0,"cards_transformed":["animator:Defend"],"player_choice":"Transformed","damage_taken":0,"max_hp_gain":0,"max_hp_loss":0,"event_name":"Transmorgrifier","floor":7,"gold_loss":0,"cards_obtained":["animator:Hakurou"]},{"damage_healed":0,"gold_gain":0,"player_choice":"Fled","damage_taken":0,"max_hp_gain":0,"max_hp_loss":0,"event_name":"Scrap Ooze","floor":11,"gold_loss":0},{"damage_healed":0,"gold_gain":0,"player_choice":"Got Potions","damage_taken":0,"max_hp_gain":0,"max_hp_loss":0,"event_name":"Lab","floor":22,"gold_loss":0},{"damage_healed":0,"gold_gain":0,"player_choice":"Paid Fearfully","damage_taken":0,"max_hp_gain":0,"max_hp_loss":0,"event_name":"Masked Bandits","floor":24,"gold_loss":161},{"cards_removed":["animator:Strike"],"damage_healed":0,"gold_gain":0,"player_choice":"Gave Gold","damage_taken":0,"max_hp_gain":0,"max_hp_loss":0,"event_name":"Beggar","floor":29,"gold_loss":75},{"damage_healed":0,"gold_gain":0,"player_choice":"Cursed","damage_taken":0,"max_hp_gain":0,"max_hp_loss":0,"event_name":"Wheel of Change","floor":31,"gold_loss":0,"cards_obtained":["Decay"]}],"is_beta":false,"boss_relics":[{"not_picked":["animator:CursedBlade","Black Star"],"picked":"Tiny House"}],"items_purged_floors":[20],"is_endless":false,"potions_floor_spawned":[1,4,5,10,14,18,25,28,30],"killed_by":"Champ","ascension_level":0}}