{"host":"j4nfyhit1dl35m08","time":1612666114,"event":{"mods":["BaseMod","Downfall","Highlight Path","Minty Spire (QoL Compilation)","StSLib"],"gold_per_floor":[99,114,132,144,155,155,179,354,389,389,389,409,437,453,466,466,466,466],"floor_reached":16,"language":"ENG","playtime":1620,"items_purged":[],"score":215,"play_id":"e52b9d0c-d963-4841-b0d8-dd260e7cf45b","local_time":"20210206204834","is_ascension_mode":true,"campfire_choices":[{"data":"bronze:Goto","floor":1,"key":"SMITH"},{"data":"bronze:Flail","floor":6,"key":"SMITH"},{"floor":11,"key":"REST"}],"circlet_count":0,"master_deck":["AscendersBane","bronze:Strike","bronze:Defend","bronze:Defend","bronze:Defend","bronze:Defend","bronze:Replicate","bronze:Goto+1","bronze:Flail+1","bronze:ChildClass","bronze:Constructor","bronze:MaxOutput","Doubt","bronze:Constructor","bronze:TinkerersToolbox","bronze:BugBarrage","downfall:Haunted","bronze:CutThrough","bronze:Overheat","bronze:Terminator","bronze:ChosenStrike","bronze:MaxOutput+1"],"relics":["bronze:BronzeCore","Toy Ornithopter","bronze:BronzeIdol","Frozen Egg 2"],"acts_visited":["Exordium"],"potions_floor_usage":[9,16,16],"damage_taken":[{"damage":6,"enemies":"Cultist","floor":2,"turns":4},{"damage":2,"enemies":"2 Louse","floor":3,"turns":2},{"damage":0,"enemies":"Small Slimes","floor":4,"turns":2},{"damage":1,"enemies":"2 Fungi Beasts","floor":5,"turns":3},{"damage":43,"enemies":"Lagavulin","floor":9,"turns":8},{"damage":8,"enemies":"Blue Slaver","floor":12,"turns":3},{"damage":0,"enemies":"3 Sentries","floor":13,"turns":4},{"damage":1,"enemies":"Exordium Thugs","floor":14,"turns":4},{"damage":0,"enemies":"Large Slime","floor":15,"turns":4},{"damage":78,"enemies":"DF_ARCHETYPE_STREAMLINE","floor":16,"turns":14}],"seed_played":"-7039930250262228145","potions_obtained":[{"floor":2,"key":"Weak Potion"},{"floor":4,"key":"Weak Potion"},{"floor":14,"key":"SteroidPotion"}],"is_trial":false,"path_per_floor":["R","M","M","M","M","R","T","?","E","?","R","M","E","M","M","B"],"character_chosen":"THE_AUTOMATON","items_purchased":[],"campfire_rested":1,"item_purchase_floors":[],"current_hp_per_floor":[70,64,62,62,61,61,61,61,23,23,46,38,38,37,37,0,0,0],"gold":466,"neow_bonus":"TEN_PERCENT_HP_BONUS","is_daily":false,"chose_seed":false,"campfire_upgraded":2,"win_rate":0.0,"timestamp":1612666114,"path_taken":["R","M","M","M","M","R","T","?","E","?","R","?","E","M","M","BOSS"],"items_purchased_type":[],"build_version":"2020-12-22","purchased_purges":0,"victory":false,"max_hp_per_floor":[77,77,77,77,77,77,77,77,77,77,77,77,77,77,77,77,77,77],"card_choices":[{"not_picked":["bronze:Shield","bronze:ClassDefault"],"picked":"bronze:Flail","floor":2},{"not_picked":["bronze:Turbo","bronze:Iterate"],"picked":"bronze:ChildClass","floor":3},{"not_picked":["bronze:Philosophize","bronze:DelayedSlice"],"picked":"bronze:Constructor","floor":4},{"not_picked":["bronze:Deprecate","bronze:Branch"],"picked":"bronze:MaxOutput","floor":5},{"not_picked":["bronze:Refactor","bronze:Flail"],"picked":"bronze:Constructor","floor":9},{"not_picked":["bronze:Invalidate","bronze:CutThrough"],"picked":"bronze:Overheat","floor":12},{"not_picked":["bronze:ForLoop","bronze:Philosophize"],"picked":"bronze:Terminator","floor":13},{"not_picked":["bronze:BugBarrage","bronze:Shell"],"picked":"bronze:ChosenStrike","floor":14},{"not_picked":["bronze:ThunderWave","bronze:BitShift"],"picked":"bronze:MaxOutput+1","floor":15}],"player_experience":461868,"relics_obtained":[{"floor":7,"key":"Toy Ornithopter"},{"floor":9,"key":"bronze:BronzeIdol"},{"floor":13,"key":"Frozen Egg 2"}],"event_choices":[],"is_beta":false,"boss_relics":[],"items_purged_floors":[],"is_endless":false,"potions_floor_spawned":[2,4,14,15],"killed_by":"DF_ARCHETYPE_STREAMLINE","ascension_level":11}}