{"host":"4wa3ho6pk3pud1fu","time":1612725107,"event":{"mods":["BaseMod","BetterRewards","Colored Map","Colored Powertips","Downfall","Infinite Spire","Minty Spire (QoL Compilation)","Replay The Spire","StSLib","Waifu the Spire"],"gold_per_floor":[110,110,120,120,36,71,71,88,88,88,99,114,214,63,63,164,164,178,188,202,117,117,117,117,117,117,39,39,39],"floor_reached":28,"language":"ENG","playtime":1108,"items_purged":["Strike_B"],"score":316,"play_id":"37ae7246-5616-40f6-850d-cb20e019cc52","local_time":"20210207131147","is_ascension_mode":false,"campfire_choices":[{"floor":23,"key":"REST"}],"circlet_count":0,"master_deck":["Defend_B+1","Zap","Dualcast+1","Melter","Static Discharge","Defragment","Streamline","Ball Lightning","Undo+1","Stack","Sweeping Beam","Defragment","Hello World","Buffer","FIFO Queue","FIFO Queue","Panic Button","BasicCrystalCard","Skim","Capacitor"],"relics":["Cracked Core","War Paint","infinitespire:FocusingShard","Replay:Bottled Flurry","Empty Cage","infinitespire:ShieldingShard","White Beast Statue"],"acts_visited":["Exordium","TheCity"],"potions_floor_usage":[2,2,12,16,16,16,28],"damage_taken":[{"damage":8,"enemies":"Small Slimes","floor":1,"turns":3},{"damage":1,"enemies":"Cultist","floor":3,"turns":3},{"damage":32,"enemies":"Gremlin Nob","floor":6,"turns":3},{"damage":3,"enemies":"Jaw Worm","floor":8,"turns":3},{"damage":5,"enemies":"Red Slaver","floor":11,"turns":2},{"damage":0,"enemies":"Large Slime","floor":12,"turns":3},{"damage":0,"enemies":"Slime Boss","floor":16,"turns":5},{"damage":46,"enemies":"2 Thieves","floor":18,"turns":4},{"damage":40,"enemies":"Shell Parasite","floor":19,"turns":6},{"damage":0,"enemies":"Snecko","floor":20,"turns":6},{"damage":35,"enemies":"Snake Plant","floor":28,"turns":3}],"seed_played":"-7583871043420465231","potions_obtained":[{"floor":1,"key":"hexamod:SoulburnPotion"},{"floor":2,"key":"Fruit Juice"},{"floor":2,"key":"Fruit Juice"},{"floor":2,"key":"AttackPotion"},{"floor":3,"key":"SkillPotion"},{"floor":8,"key":"PowerPotion"},{"floor":16,"key":"Strength Potion"},{"floor":19,"key":"bronze:BurnAndBuffPotion"}],"is_trial":false,"path_per_floor":["M","?","M","?","$","E","T","M","T","?","M","M","?","$","R_BF","B",null,"M","M","M","?","?","R","?","$","T","$","M"],"character_chosen":"DEFECT","items_purchased":["Defragment","Ball Lightning","Defragment","Capacitor"],"campfire_rested":1,"item_purchase_floors":[5,5,14,27],"current_hp_per_floor":[74,84,83,83,83,51,51,48,48,48,43,43,43,43,43,43,92,46,6,6,6,6,33,33,33,33,33,0,0],"gold":39,"neow_bonus":"TEN_PERCENT_HP_BONUS","is_daily":false,"chose_seed":false,"campfire_upgraded":0,"win_rate":0.0,"timestamp":1612725107,"path_taken":["M","?","?","?","?","E","?","?","T","?","M","M","?","$","R_BF","BOSS","M","M","?","?","?","R","?","?","T","?","?"],"items_purchased_type":["Card","Card","Card","Card"],"build_version":"2020-12-22","purchased_purges":1,"victory":false,"max_hp_per_floor":[82,92,92,92,92,92,92,92,92,92,92,92,92,92,92,92,92,92,92,92,92,92,92,92,92,92,92,92,92],"card_choices":[{"not_picked":["ReplayTheSpireMod:Repulse","Leap"],"picked":"Melter","floor":1},{"not_picked":["Gash","Steam Power"],"picked":"Static Discharge","floor":3},{"not_picked":["Hello World","Hologram"],"picked":"Streamline","floor":6},{"not_picked":["BasicCrystalCard","Go for the Eyes"],"picked":"Ball Lightning","floor":8},{"not_picked":["Scrape","Biased Cognition"],"picked":"Stack","floor":11},{"not_picked":["Gash","Skim"],"picked":"Sweeping Beam","floor":12},{"not_picked":["Multi-Cast","Fission"],"picked":"Buffer","floor":16},{"not_picked":["Tempest","Rebound+1"],"picked":"FIFO Queue","floor":18},{"not_picked":["Melter","Stack"],"picked":"FIFO Queue","floor":19},{"not_picked":["Stack","Recycle"],"picked":"Panic Button","floor":20}],"player_experience":70692,"relics_obtained":[{"floor":6,"key":"War Paint"},{"floor":7,"key":"infinitespire:FocusingShard"},{"floor":9,"key":"Replay:Bottled Flurry"},{"floor":26,"key":"White Beast Statue"}],"event_choices":[{"damage_healed":0,"gold_gain":0,"player_choice":"Got Potions","damage_taken":0,"max_hp_gain":0,"max_hp_loss":0,"event_name":"Lab","floor":2,"gold_loss":0},{"cards_removed":["Defend_B"],"damage_healed":0,"gold_gain":0,"player_choice":"Offered Basic","damage_taken":0,"max_hp_gain":0,"max_hp_loss":0,"event_name":"Bonfire Elementals","floor":4,"gold_loss":0},{"damage_healed":0,"gold_gain":100,"player_choice":"Gold","damage_taken":0,"max_hp_gain":0,"max_hp_loss":0,"event_name":"Wheel of Change","floor":13,"gold_loss":0},{"damage_healed":0,"gold_gain":0,"player_choice":"Obtained Relic","damage_taken":0,"relics_obtained":["infinitespire:ShieldingShard"],"max_hp_gain":0,"max_hp_loss":0,"event_name":"Addict","floor":21,"gold_loss":85},{"damage_healed":0,"gold_gain":0,"cards_transformed":["Defend_B","Strike_B"],"player_choice":"Became Test Subject","damage_taken":0,"max_hp_gain":0,"max_hp_loss":0,"event_name":"Drug Dealer","floor":24,"gold_loss":0,"cards_obtained":["BasicCrystalCard","Skim"]}],"is_beta":false,"boss_relics":[{"not_picked":["bronze:MakeshiftBattery","Cursed Key"],"picked":"Empty Cage"}],"items_purged_floors":[14],"is_endless":false,"potions_floor_spawned":[1,3,8,16,19],"killed_by":"Snake Plant","ascension_level":0}}