{"host":"mydft8i2zzydgggw","time":1612667904,"event":{"mods":["AchievementEnabler","BaseMod","BetterRewards","Colored Map","Colored Powertips","DeckTracker","Keyboard Shortcuts","Minty Spire (QoL Compilation)","Rare Cards Sparkle","StSLib","SuperFastMode","everything is the same but u backflip on backflip"],"gold_per_floor":[112,62,76,86,86,116,116,133,186,201,213,37,72,90,90,194,194,206,206,206,1,1,27,27,27,53,78,98,118,132,158,158,256,256,269,76,88,88,88,88,88,98,124,0,13,44,44,54,54,54],"floor_reached":51,"language":"KOR","playtime":1438,"items_purged":["Strike_R","Bludgeon+1","Defend_R"],"score":1166,"play_id":"be4df434-4628-4dbb-95c9-4eca2a9e39f0","local_time":"20210207121824","is_ascension_mode":true,"campfire_choices":[{"data":"Inflame","floor":7,"key":"SMITH"},{"data":"Body Slam","floor":15,"key":"SMITH"},{"data":"True Grit","floor":24,"key":"SMITH"},{"data":"Entrench","floor":32,"key":"SMITH"},{"data":"Secret Technique","floor":41,"key":"SMITH"},{"data":"True Grit","floor":47,"key":"SMITH"},{"data":"Impervious","floor":49,"key":"SMITH"}],"circlet_count":0,"master_deck":["Defend_R","Defend_R","Bash+1","Shockwave","Inflame+1","Shrug It Off","Evolve","Body Slam+1","True Grit+1","Impervious+1","Shrug It Off","Impervious","Warcry","Entrench+1","Power Through","Entrench+1","Juggernaut+1","Fire Breathing+1","Body Slam+1","Secret Technique+1","Sentinel+1","Feel No Pain+1","True Grit+1"],"relics":["Black Blood","Mummified Hand","Blood Vial","Toy Ornithopter","Runic Pyramid","InkBottle","Oddly Smooth Stone","Kunai","Whetstone","Frozen Egg 2","Smiling Mask","White Beast Statue"],"acts_visited":["Exordium","TheCity","TheBeyond"],"potions_floor_usage":[6,13,13,16,23,33,33,35,45,46,50,50],"damage_taken":[{"damage":5,"enemies":"Small Slimes","floor":1,"turns":4},{"damage":14,"enemies":"Jaw Worm","floor":3,"turns":5},{"damage":5,"enemies":"2 Louse","floor":4,"turns":5},{"damage":47,"enemies":"Lagavulin","floor":6,"turns":9},{"damage":10,"enemies":"2 Fungi Beasts","floor":8,"turns":3},{"damage":13,"enemies":"Large Slime","floor":10,"turns":8},{"damage":0,"enemies":"3 Louse","floor":11,"turns":5},{"damage":0,"enemies":"3 Sentries","floor":13,"turns":5},{"damage":5,"enemies":"2 Fungi Beasts","floor":14,"turns":3},{"damage":32,"enemies":"The Guardian","floor":16,"turns":13},{"damage":0,"enemies":"2 Thieves","floor":18,"turns":4},{"damage":3,"enemies":"Slavers","floor":23,"turns":2},{"damage":17,"enemies":"Book of Stabbing","floor":27,"turns":7},{"damage":3,"enemies":"Shell Parasite","floor":28,"turns":2},{"damage":8,"enemies":"Centurion and Healer","floor":29,"turns":7},{"damage":22,"enemies":"Sentry and Sphere","floor":30,"turns":7},{"damage":15,"enemies":"Gremlin Leader","floor":31,"turns":8},{"damage":26,"enemies":"Champ","floor":33,"turns":17},{"damage":15,"enemies":"3 Shapes","floor":35,"turns":3},{"damage":7,"enemies":"Orb Walker","floor":37,"turns":4},{"damage":5,"enemies":"Spire Growth","floor":42,"turns":6},{"damage":7,"enemies":"Jaw Worm Horde","floor":45,"turns":4},{"damage":18,"enemies":"Nemesis","floor":46,"turns":7},{"damage":0,"enemies":"Maw","floor":48,"turns":5},{"damage":0,"enemies":"Awakened One","floor":50,"turns":10}],"seed_played":"3731193092399084362","potions_obtained":[{"floor":1,"key":"SteroidPotion"},{"floor":6,"key":"LiquidBronze"},{"floor":10,"key":"DistilledChaos"},{"floor":11,"key":"Weak Potion"},{"floor":28,"key":"EssenceOfSteel"},{"floor":30,"key":"Weak Potion"},{"floor":33,"key":"BlessingOfTheForge"},{"floor":37,"key":"Swift Potion"},{"floor":42,"key":"EssenceOfSteel"},{"floor":45,"key":"DuplicationPotion"},{"floor":48,"key":"FearPotion"}],"is_trial":false,"path_per_floor":["M","?","M","M","?","E","R","M","T","M","M","$","E","M","R","B",null,"M","?","?","$","?","E","R","?","T","E","M","M","M","E","R","B",null,"M","$","M","?","?","?","R","M","T","$","M","E","R","M","R","B",null],"character_chosen":"IRONCLAD","items_purchased":["Body Slam","True Grit","Oddly Smooth Stone","PowerPotion","Fire Breathing+1","BloodPotion","Feel No Pain+1"],"campfire_rested":0,"item_purchase_floors":[12,12,21,21,36,36,44],"current_hp_per_floor":[72,72,64,65,65,24,24,20,20,15,23,23,31,34,34,15,58,66,66,66,66,66,72,72,72,72,61,66,66,52,45,45,37,63,67,67,72,68,68,68,68,68,68,68,68,62,62,68,68,68],"gold":54,"neow_bonus":"REMOVE_TWO","is_daily":false,"chose_seed":false,"campfire_upgraded":7,"win_rate":0.0,"timestamp":1612667904,"path_taken":["M","?","M","M","?","E","R","M","T","M","M","$","E","M","R","BOSS","M","?","?","$","?","E","R","?","T","E","M","M","M","E","R","BOSS","M","$","M","?","?","?","R","?","T","$","M","E","R","M","R","BOSS"],"items_purchased_type":["Card","Card","Relic","Potion","Card","Potion","Card"],"build_version":"2020-12-22","purchased_purges":3,"victory":true,"max_hp_per_floor":[72,72,72,72,72,72,72,72,72,72,72,72,72,72,72,72,72,72,72,72,72,72,72,72,72,72,72,72,72,72,72,72,72,72,72,72,72,68,68,68,68,68,68,68,68,68,68,68,68,68],"card_choices":[{"not_picked":["Sword Boomerang","Flex"],"picked":"Body Slam","floor":1},{"not_picked":["Anger","Flex"],"picked":"Feel No Pain","floor":3},{"not_picked":["Rage","Cleave"],"picked":"Shockwave","floor":4},{"not_picked":["Body Slam","Disarm"],"picked":"Inflame","floor":6},{"not_picked":["Havoc","Clash"],"picked":"Shrug It Off","floor":8},{"not_picked":["Bloodletting","True Grit"],"picked":"Evolve","floor":10},{"not_picked":["Twin Strike","Headbutt","Rupture"],"picked":"SKIP","floor":11},{"not_picked":["Havoc","Spot Weakness"],"picked":"Impervious","floor":13},{"not_picked":["Iron Wave","Body Slam"],"picked":"Shrug It Off","floor":14},{"not_picked":["Bludgeon","Brutality"],"picked":"Impervious","floor":16},{"not_picked":["Pommel Strike+1","Sword Boomerang+1","Wild Strike"],"picked":"SKIP","floor":18},{"not_picked":["Shrug It Off","Iron Wave"],"picked":"Entrench+1","floor":23},{"not_picked":["Shrug It Off+1","Flex","Havoc"],"picked":"SKIP","floor":27},{"not_picked":["Perfected Strike","Rampage","Anger"],"picked":"SKIP","floor":28},{"not_picked":["Warcry+1","Shockwave+1","Body Slam"],"picked":"SKIP","floor":29},{"not_picked":["True Grit","Feed"],"picked":"Entrench","floor":30},{"not_picked":["Cleave","Shockwave","Rupture+1"],"picked":"SKIP","floor":31},{"not_picked":["Limit Break","Reaper"],"picked":"Juggernaut+1","floor":33},{"not_picked":["Evolve+1","Sword Boomerang+1","Flex+1"],"picked":"SKIP","floor":35},{"not_picked":["Bloodletting","Disarm"],"picked":"Body Slam+1","floor":37},{"not_picked":["The Bomb","Thinking Ahead"],"picked":"Secret Technique","floor":39},{"not_picked":["Rage","Cleave"],"picked":"Sentinel+1","floor":42},{"not_picked":["Shrug It Off","Clothesline"],"picked":"True Grit","floor":45},{"not_picked":["Cleave+1","Perfected Strike","Clothesline"],"picked":"SKIP","floor":46},{"not_picked":["Shockwave+1","True Grit","Hemokinesis"],"picked":"SKIP","floor":48}],"player_experience":240644,"relics_obtained":[{"floor":6,"key":"Mummified Hand"},{"floor":9,"key":"Blood Vial"},{"floor":13,"key":"Toy Ornithopter"},{"floor":23,"key":"Kunai"},{"floor":27,"key":"Whetstone"},{"floor":31,"key":"Frozen Egg 2"},{"floor":43,"key":"Smiling Mask"},{"floor":46,"key":"White Beast Statue"}],"event_choices":[{"cards_removed":["Strike_R"],"damage_healed":0,"gold_gain":0,"player_choice":"Card Removal","damage_taken":0,"max_hp_gain":0,"max_hp_loss":0,"event_name":"The Cleric","floor":2,"gold_loss":50},{"cards_removed":["Defend_R"],"damage_healed":0,"gold_gain":0,"player_choice":"Forget","damage_taken":0,"max_hp_gain":0,"max_hp_loss":0,"event_name":"Living Wall","floor":5,"gold_loss":0},{"damage_healed":0,"gold_gain":0,"player_choice":"Ignored","damage_taken":0,"max_hp_gain":0,"max_hp_loss":0,"event_name":"Ghosts","floor":19,"gold_loss":0},{"damage_healed":0,"gold_gain":0,"player_choice":"Opened","damage_taken":0,"relics_obtained":["InkBottle"],"max_hp_gain":0,"max_hp_loss":0,"event_name":"The Mausoleum","floor":20,"gold_loss":0},{"damage_healed":0,"gold_gain":0,"cards_transformed":["Strike_R","Feel No Pain"],"player_choice":"Became Test Subject","damage_taken":0,"max_hp_gain":0,"max_hp_loss":0,"event_name":"Drug Dealer","floor":22,"gold_loss":0,"cards_obtained":["Bludgeon","Warcry"]},{"damage_healed":0,"gold_gain":0,"player_choice":"Read","damage_taken":0,"max_hp_gain":0,"max_hp_loss":0,"event_name":"The Library","floor":25,"gold_loss":0,"cards_obtained":["Power Through"]},{"damage_healed":0,"gold_gain":0,"player_choice":"Max HP","damage_taken":0,"max_hp_gain":0,"max_hp_loss":4,"event_name":"Winding Halls","floor":38,"gold_loss":0},{"damage_healed":0,"gold_gain":0,"player_choice":"Memory 1","damage_taken":0,"max_hp_gain":0,"max_hp_loss":0,"event_name":"SensoryStone","floor":39,"gold_loss":0},{"cards_removed":["Body Slam"],"damage_healed":5,"gold_gain":0,"player_choice":"Offered Common","damage_taken":0,"max_hp_gain":0,"max_hp_loss":0,"event_name":"Bonfire Elementals","floor":40,"gold_loss":0},{"cards_removed":["Body Slam"],"damage_healed":5,"gold_gain":0,"player_choice":"Offered Special","damage_taken":0,"max_hp_gain":0,"max_hp_loss":0,"event_name":"Bonfire Elementals","floor":40,"gold_loss":0}],"is_beta":false,"boss_relics":[{"not_picked":["Pandora\u0027s Box","Coffee Dripper"],"picked":"Runic Pyramid"},{"not_picked":["Busted Crown","Runic Cube"],"picked":"Black Blood"}],"items_purged_floors":[12,36,44],"is_endless":false,"potions_floor_spawned":[1,6,10,11,28,30,33,37,42,45,48],"ascension_level":8}}