{"host":"aq3xpixvif6gmjmv","time":1612659214,"event":{"mods":["BaseMod","CapriCore","Colored Map","Colored Powertips","Friendly Minions","Minty Spire (QoL Compilation)","StSLib","SuperFastMode","The Hierophant"],"gold_per_floor":[109,109,123,298,150,183,183,210,210,239,269,269,596,323,323,427,427,439,439,459,75,75,102,102,137,160,195,230,230,258,292,292,394,394,406,48,48,48,68,95,120,146,146,174,174,203,229,109,109,204,204,222,82,100,160,160,160,160,160,160,191,191,83,100,117,117,222,222,236,236,16,48,62,62,103,117,148,148,98,109,109,129,141,250,262,314,89,108,108,139,139,166,166,212,222,241,276,326,10,10,108,108,108],"floor_reached":102,"language":"KOR","playtime":2383,"items_purged":["Doubt","Deflect","Cloak And Dagger","Cloak And Dagger","Prepared","Prepared","Cloak And Dagger","Backflip"],"score":3677,"play_id":"63a2db3e-3acd-4d1b-9ca0-f8a7bd2ccdb1","local_time":"20210207095334","daily_mods":["Draft","Vintage","Heirloom","Time Dilation","Flight","DeadlyEvents","Elite Swarm"],"is_ascension_mode":true,"campfire_choices":[{"data":"Terror","floor":7.0,"key":"SMITH"},{"data":"Adrenaline","floor":12.0,"key":"SMITH"},{"data":"Adrenaline","floor":15.0,"key":"SMITH"},{"data":"Blade Dance","floor":24.0,"key":"SMITH"},{"data":"Adrenaline","floor":29.0,"key":"SMITH"},{"data":"Burst","floor":32.0,"key":"SMITH"},{"data":"Accuracy","floor":45.0,"key":"SMITH"},{"data":"Accuracy","floor":49.0,"key":"SMITH"},{"data":"Blade Dance","floor":57.0,"key":"SMITH"},{"data":"Accuracy","floor":58.0,"key":"SMITH"},{"data":"PiercingWail","floor":59.0,"key":"PURGE"},{"data":"Acrobatics","floor":62.0,"key":"PURGE"},{"data":"Accuracy","floor":66.0,"key":"SMITH"},{"data":"Accuracy","floor":74.0,"key":"SMITH"},{"data":"Cloak And Dagger","floor":78.0,"key":"SMITH"},{"data":"Cloak And Dagger+1","floor":81.0,"key":"PURGE"},{"floor":83.0,"key":"REST"},{"floor":91.0,"key":"REST"},{"floor":93.0,"key":"DIG"},{"floor":100.0,"key":"DIG"}],"circlet_count":0,"master_deck":["Terror+1","Blade Dance+1","Finisher+1","Accuracy+1","Adrenaline+1","Adrenaline+1","Blade Dance+1","Accuracy+1","Adrenaline+1","Burst+1","Accuracy+1","Burst+1","Adrenaline+1","Accuracy+1","Accuracy+1","Adrenaline+1"],"relics":["Ring of the Snake","The Specimen","Potion Belt","Kunai","Whetstone","Bottled Lightning","Prayer Wheel","Regal Pillow","The Courier","Tough Bandages","Old Coin","Question Card","Empty Cage","Blood Vial","Nunchaku","Omamori","Ninja Scroll","Meat on the Bone","Strawberry","Akabeko","PreservedInsect","Unceasing Top","Thread and Needle","Du-Vu Doll","Turnip","Black Star","Bag of Marbles","Toxic Egg 2","Bird Faced Urn","Oddly Smooth Stone","Pocketwatch","Mango","Paper Crane","Happy Flower","Darkstone Periapt","Centennial Puzzle","Boot","Mummified Hand","CaptainsWheel","Orichalcum","Tingsha","WristBlade","Lizard Tail","Peace Pipe","Smiling Mask","Shuriken","Letter Opener","TungstenRod","StoneCalendar","Calling Bell","CeramicFish","Eternal Feather","Ginger","Art of War","MutagenicStrength","Toolbox","Singing Bowl","Mercury Hourglass","Shovel","MawBank","Cursed Key","Toy Ornithopter","Medical Kit","Bronze Scales","Matryoshka","Anchor","Frozen Egg 2","Tiny Chest","Torii","Blue Candle","Vajra","StrikeDummy","Philosopher\u0027s Stone"],"acts_visited":["Exordium","TheCity","TheBeyond","Exordium","TheCity","TheBeyond"],"potions_floor_usage":[],"damage_taken":[{"damage":2.0,"enemies":"Cultist","floor":1.0,"turns":3.0},{"damage":0.0,"enemies":"Jaw Worm","floor":3.0,"turns":2.0},{"damage":0.0,"enemies":"Gremlin Nob","floor":6.0,"turns":2.0},{"damage":5.0,"enemies":"3 Sentries","floor":8.0,"turns":5.0},{"damage":0.0,"enemies":"Gremlin Nob","floor":10.0,"turns":1.0},{"damage":0.0,"enemies":"Lagavulin","floor":11.0,"turns":1.0},{"damage":0.0,"enemies":"Gremlin Nob","floor":13.0,"turns":1.0},{"damage":0.0,"enemies":"Hexaghost","floor":16.0,"turns":1.0},{"damage":0.0,"enemies":"2 Thieves","floor":18.0,"turns":1.0},{"damage":0.0,"enemies":"Spheric Guardian","floor":20.0,"turns":1.0},{"damage":0.0,"enemies":"Gremlin Leader","floor":23.0,"turns":1.0},{"damage":3.0,"enemies":"Book of Stabbing","floor":25.0,"turns":2.0},{"damage":0.0,"enemies":"Gremlin Leader","floor":27.0,"turns":1.0},{"damage":0.0,"enemies":"Slavers","floor":28.0,"turns":1.0},{"damage":0.0,"enemies":"Book of Stabbing","floor":30.0,"turns":1.0},{"damage":0.0,"enemies":"Slavers","floor":31.0,"turns":1.0},{"damage":0.0,"enemies":"Champ","floor":33.0,"turns":1.0},{"damage":0.0,"enemies":"3 Shapes","floor":35.0,"turns":1.0},{"damage":0.0,"enemies":"3 Darklings","floor":39.0,"turns":1.0},{"damage":11.0,"enemies":"Reptomancer","floor":40.0,"turns":2.0},{"damage":0.0,"enemies":"Nemesis","floor":41.0,"turns":1.0},{"damage":0.0,"enemies":"Giant Head","floor":42.0,"turns":1.0},{"damage":0.0,"enemies":"Reptomancer","floor":44.0,"turns":1.0},{"damage":0.0,"enemies":"Giant Head","floor":46.0,"turns":1.0},{"damage":0.0,"enemies":"Reptomancer","floor":47.0,"turns":1.0},{"damage":36.0,"enemies":"Time Eater","floor":50.0,"turns":3.0},{"damage":0.0,"enemies":"Jaw Worm","floor":52.0,"turns":1.0},{"damage":0.0,"enemies":"2 Louse","floor":54.0,"turns":1.0},{"damage":0.0,"enemies":"Gremlin Nob","floor":55.0,"turns":1.0},{"damage":0.0,"enemies":"Lagavulin","floor":61.0,"turns":1.0},{"damage":0.0,"enemies":"Cultist","floor":64.0,"turns":1.0},{"damage":0.0,"enemies":"Looter","floor":65.0,"turns":1.0},{"damage":0.0,"enemies":"Slime Boss","floor":67.0,"turns":1.0},{"damage":0.0,"enemies":"Spheric Guardian","floor":69.0,"turns":1.0},{"damage":0.0,"enemies":"Slavers","floor":72.0,"turns":1.0},{"damage":0.0,"enemies":"3 Byrds","floor":73.0,"turns":1.0},{"damage":0.0,"enemies":"Gremlin Leader","floor":75.0,"turns":1.0},{"damage":0.0,"enemies":"Centurion and Healer","floor":76.0,"turns":1.0},{"damage":0.0,"enemies":"Slavers","floor":77.0,"turns":1.0},{"damage":0.0,"enemies":"Sentry and Sphere","floor":80.0,"turns":1.0},{"damage":0.0,"enemies":"3 Cultists","floor":82.0,"turns":1.0},{"damage":0.0,"enemies":"Champ","floor":84.0,"turns":1.0},{"damage":0.0,"enemies":"Orb Walker","floor":86.0,"turns":1.0},{"damage":2.0,"enemies":"3 Shapes","floor":88.0,"turns":1.0},{"damage":0.0,"enemies":"Reptomancer","floor":90.0,"turns":1.0},{"damage":0.0,"enemies":"Giant Head","floor":92.0,"turns":1.0},{"damage":0.0,"enemies":"Nemesis","floor":94.0,"turns":1.0},{"damage":0.0,"enemies":"Maw","floor":95.0,"turns":1.0},{"damage":0.0,"enemies":"Spire Growth","floor":96.0,"turns":1.0},{"damage":0.0,"enemies":"Reptomancer","floor":97.0,"turns":1.0},{"damage":0.0,"enemies":"Mind Bloom Boss Battle","floor":98.0,"turns":1.0},{"damage":0.0,"enemies":"Donu and Deca","floor":101.0,"turns":1.0}],"seed_played":"5942324958721399299","potions_obtained":[{"floor":11.0,"key":"Weak Potion"},{"floor":13.0,"key":"LiquidBronze"},{"floor":16.0,"key":"FearPotion"},{"floor":18.0,"key":"EssenceOfSteel"},{"floor":28.0,"key":"Fruit Juice"},{"floor":44.0,"key":"SpeedPotion"},{"floor":88.0,"key":"ColorlessPotion"},{"floor":94.0,"key":"Explosive Potion"},{"floor":98.0,"key":"DuplicationPotion"}],"is_trial":true,"path_per_floor":["M","T","M","?","$","E","R","E","T","E","E","R","E","$","R","B",null,"M","?","M","$","?","E","R","E","T","E","E","R","E","E","R","B",null,"M","$","?","?","M","E","E","E","T","E","R","E","E","$","R","B",null,"M","$","M","?","?","R","R","R","T","E","R","$","M","M","R","B",null,"M","?","$","E","M","R","E","M","E","R","$","M","R","M","R","B",null,"M","$","M","?","E","R","E","R","E","M","M","E","?","$","R","B",null],"character_chosen":"THE_SILENT","items_purchased":["Accuracy","Question Card","Accuracy","Omamori","Ninja Scroll","Accuracy","Toxic Egg 2","Accuracy","Toolbox","Accuracy","Medical Kit","Bronze Scales","Blue Candle","Vajra"],"campfire_rested":2,"item_purchase_floors":[5,14,21,21,21,36,36,63,71,71,87,87,99,99],"current_hp_per_floor":[68,68,68,68,68,68,68,63,63,63,63,63,63,63,63,63,70,70,70,70,70,70,77,77,74,74,76,77,77,77,77,77,77,77,77,77,73,73,73,67,89,92,92,92,92,92,92,92,92,60,92,92,92,92,92,92,92,92,92,92,92,92,92,92,92,92,92,92,92,92,92,92,92,92,92,92,94,94,94,94,94,94,94,96,96,96,96,94,94,98,98,100,100,102,102,102,104,106,106,106,108,108,108],"gold":108,"neow_bonus":"","is_daily":false,"chose_seed":false,"campfire_upgraded":13,"win_rate":0.0,"timestamp":1612659214,"path_taken":["M","?","?","?","$","E","R","E","T","E","E","R","E","$","R","BOSS","M","?","?","$","?","E","R","E","T","E","E","R","?","E","R","BOSS","M","$","?","?","?","E","E","E","T","E","R","E","E","$","R","BOSS","M","$","?","?","?","R","R","R","T","E","R","$","M","M","R","BOSS","M","?","?","?","M","R","E","M","E","R","?","M","R","M","R","BOSS","M","$","?","?","?","R","E","R","E","?","?","?","?","$","R","BOSS"],"items_purchased_type":["Card","Relic","Card","Relic","Relic","Card","Relic","Card","Relic","Card","Relic","Relic","Relic","Relic"],"build_version":"2020-12-22","purchased_purges":8,"victory":false,"max_hp_per_floor":[70,70,70,70,70,70,70,70,70,70,70,70,70,70,70,70,70,70,70,70,70,70,77,77,77,77,77,77,77,77,77,77,77,77,77,77,73,73,73,78,92,92,92,92,92,92,92,92,92,92,92,92,92,92,92,92,92,92,92,92,92,92,92,92,92,92,92,92,92,92,92,92,92,92,92,92,94,94,94,94,94,94,94,96,96,96,96,96,96,98,98,100,100,102,102,102,104,106,106,106,108,108,108],"card_choices":[{"not_picked":["Bane","Deadly Poison"],"picked":"PiercingWail","floor":0.0},{"not_picked":["Dagger Throw","Eviscerate"],"picked":"Cloak And Dagger","floor":0.0},{"not_picked":["Dash","Deflect"],"picked":"Prepared","floor":0.0},{"not_picked":["Prepared","Quick Slash"],"picked":"Cloak And Dagger","floor":0.0},{"not_picked":["Catalyst","PiercingWail"],"picked":"Acrobatics","floor":0.0},{"not_picked":["Calculated Gamble","Dagger Spray"],"picked":"Terror","floor":0.0},{"not_picked":["Deflect","Poisoned Stab"],"picked":"Cloak And Dagger","floor":0.0},{"not_picked":["Backflip","Dagger Spray"],"picked":"Blade Dance","floor":0.0},{"not_picked":["Flying Knee","Poisoned Stab"],"picked":"Finisher","floor":0.0},{"not_picked":["Poisoned Stab","Flying Knee"],"picked":"Reflex","floor":0.0},{"not_picked":["Underhanded Strike","All Out Attack"],"picked":"Backflip","floor":0.0},{"not_picked":["Outmaneuver","Underhanded Strike"],"picked":"Acrobatics","floor":0.0},{"not_picked":["Poisoned Stab","Dash"],"picked":"Deflect","floor":0.0},{"not_picked":["Poisoned Stab","PiercingWail"],"picked":"Prepared","floor":0.0},{"not_picked":["Deflect","Bane"],"picked":"Cloak And Dagger","floor":0.0},{"not_picked":["Tools of the Trade","Bullet Time"],"picked":"Adrenaline","floor":6.0},{"not_picked":["After Image","Malaise"],"picked":"Adrenaline","floor":8.0},{"not_picked":["Malaise","Wraith Form v2","Unload"],"picked":"SKIP","floor":10.0},{"not_picked":["Venomology","Grand Finale","Doppelganger"],"picked":"SKIP","floor":11.0},{"not_picked":["Storm of Steel","Unload","A Thousand Cuts"],"picked":"SKIP","floor":13.0},{"not_picked":["Venomology","Doppelganger","Malaise"],"picked":"Adrenaline","floor":23.0},{"not_picked":["Night Terror","Wraith Form v2","Adrenaline","Grand Finale"],"picked":"SKIP","floor":25.0},{"not_picked":["Tools of the Trade","Malaise","Die Die Die","Wraith Form v2"],"picked":"SKIP","floor":27.0},{"not_picked":["Bullet Time","Venomology","Storm of Steel","A Thousand Cuts"],"picked":"SKIP","floor":28.0},{"not_picked":["Phantasmal Killer","After Image","Venomology","Unload"],"picked":"SKIP","floor":30.0},{"not_picked":["Glass Knife","Malaise","Bullet Time"],"picked":"Burst","floor":31.0},{"not_picked":["Venomology+1","Adrenaline+1","Unload"],"picked":"Burst+1","floor":40.0},{"not_picked":["A Thousand Cuts","Malaise+1","Bullet Time+1","Tools of the Trade"],"picked":"SKIP","floor":41.0},{"not_picked":["Burst+1","Die Die Die","Envenom","Grand Finale"],"picked":"SKIP","floor":42.0},{"not_picked":["Burst+1","Doppelganger+1","Night Terror+1","Glass Knife"],"picked":"SKIP","floor":44.0},{"not_picked":["Night Terror+1","Burst+1","Glass Knife"],"picked":"Adrenaline+1","floor":46.0},{"not_picked":["Bullet Time+1","Envenom","Glass Knife","Adrenaline+1"],"picked":"SKIP","floor":47.0},{"not_picked":["Tools of the Trade","Corpse Explosion+1","A Thousand Cuts","After Image"],"picked":"SKIP","floor":61.0},{"not_picked":["Storm of Steel+1","Glass Knife","Die Die Die","Venomology+1"],"picked":"SKIP","floor":72.0},{"not_picked":["Tools of the Trade","Venomology+1","Storm of Steel+1"],"picked":"Adrenaline+1","floor":75.0},{"not_picked":["After Image","Night Terror+1","Venomology+1","A Thousand Cuts"],"picked":"Singing Bowl","floor":77.0},{"not_picked":["Malaise+1","Grand Finale","Burst+1","Unload"],"picked":"Singing Bowl","floor":84.0},{"not_picked":["Burst+1","Doppelganger+1","Glass Knife","After Image"],"picked":"Singing Bowl","floor":90.0},{"not_picked":["Storm of Steel+1","Tools of the Trade","A Thousand Cuts","Grand Finale"],"picked":"Singing Bowl","floor":92.0},{"not_picked":["A Thousand Cuts+1","Night Terror+1","After Image+1","Tools of the Trade+1"],"picked":"Singing Bowl","floor":94.0},{"not_picked":["Glass Knife","Night Terror+1","Envenom+1","Phantasmal Killer+1"],"picked":"Singing Bowl","floor":97.0},{"not_picked":["Dagger Throw+1","Dagger Spray+1","Calculated Gamble+1","PiercingWail+1"],"picked":"Singing Bowl","floor":98.0},{"not_picked":["A Thousand Cuts+1","Wraith Form v2+1","Envenom+1","Night Terror+1"],"picked":"Singing Bowl","floor":101.0}],"player_experience":416069,"relics_obtained":[{"floor":1.0,"key":"Potion Belt"},{"floor":2.0,"key":"Kunai"},{"floor":3.0,"key":"Whetstone"},{"floor":6.0,"key":"Bottled Lightning"},{"floor":8.0,"key":"Prayer Wheel"},{"floor":9.0,"key":"Regal Pillow"},{"floor":10.0,"key":"The Courier"},{"floor":11.0,"key":"Tough Bandages"},{"floor":13.0,"key":"Old Coin"},{"floor":18.0,"key":"Blood Vial"},{"floor":20.0,"key":"Nunchaku"},{"floor":23.0,"key":"Strawberry"},{"floor":25.0,"key":"Akabeko"},{"floor":26.0,"key":"PreservedInsect"},{"floor":27.0,"key":"Unceasing Top"},{"floor":28.0,"key":"Thread and Needle"},{"floor":30.0,"key":"Du-Vu Doll"},{"floor":31.0,"key":"Turnip"},{"floor":35.0,"key":"Bag of Marbles"},{"floor":39.0,"key":"Bird Faced Urn"},{"floor":40.0,"key":"Oddly Smooth Stone"},{"floor":40.0,"key":"Pocketwatch"},{"floor":41.0,"key":"Mango"},{"floor":41.0,"key":"Paper Crane"},{"floor":42.0,"key":"Happy Flower"},{"floor":42.0,"key":"Darkstone Periapt"},{"floor":43.0,"key":"Centennial Puzzle"},{"floor":44.0,"key":"Boot"},{"floor":46.0,"key":"Mummified Hand"},{"floor":46.0,"key":"CaptainsWheel"},{"floor":47.0,"key":"Orichalcum"},{"floor":47.0,"key":"Tingsha"},{"floor":52.0,"key":"Lizard Tail"},{"floor":54.0,"key":"Peace Pipe"},{"floor":55.0,"key":"Smiling Mask"},{"floor":60.0,"key":"Letter Opener"},{"floor":64.0,"key":"TungstenRod"},{"floor":65.0,"key":"StoneCalendar"},{"floor":68.0,"key":"CeramicFish"},{"floor":68.0,"key":"Eternal Feather"},{"floor":68.0,"key":"Ginger"},{"floor":69.0,"key":"Art of War"},{"floor":73.0,"key":"Singing Bowl"},{"floor":76.0,"key":"Mercury Hourglass"},{"floor":80.0,"key":"Shovel"},{"floor":82.0,"key":"MawBank"},{"floor":86.0,"key":"Toy Ornithopter"},{"floor":88.0,"key":"Matryoshka"},{"floor":93.0,"key":"Frozen Egg 2"},{"floor":96.0,"key":"Tiny Chest"},{"floor":98.0,"key":"Torii"},{"floor":100.0,"key":"StrikeDummy"}],"event_choices":[{"damage_healed":0.0,"max_hp_gain":0.0,"max_hp_loss":0.0,"gold_gain":175.0,"event_name":"Liars Game","player_choice":"AGREE","floor":4.0,"gold_loss":0.0,"damage_taken":0.0,"cards_obtained":["Doubt"]},{"damage_healed":0.0,"max_hp_gain":0.0,"max_hp_loss":0.0,"gold_gain":0.0,"event_name":"The Library","player_choice":"Read","floor":19.0,"gold_loss":0.0,"damage_taken":0.0,"cards_obtained":["Blade Dance"]},{"damage_healed":0.0,"max_hp_gain":0.0,"max_hp_loss":0.0,"gold_gain":0.0,"event_name":"The Mausoleum","player_choice":"Opened","floor":22.0,"gold_loss":0.0,"damage_taken":0.0,"relics_obtained":["Meat on the Bone"]},{"damage_healed":0.0,"max_hp_gain":0.0,"max_hp_loss":4.0,"gold_gain":0.0,"event_name":"Winding Halls","player_choice":"Max HP","floor":37.0,"gold_loss":0.0,"damage_taken":0.0},{"damage_healed":0.0,"max_hp_gain":0.0,"max_hp_loss":0.0,"gold_gain":0.0,"event_name":"SensoryStone","player_choice":"Memory 1","floor":38.0,"gold_loss":0.0,"damage_taken":0.0},{"damage_healed":0.0,"max_hp_gain":0.0,"max_hp_loss":0.0,"gold_gain":0.0,"event_name":"Dead Adventurer","player_choice":"Searched \u00272\u0027 times","floor":55.0,"gold_loss":0.0,"damage_taken":0.0},{"damage_healed":0.0,"max_hp_gain":0.0,"max_hp_loss":0.0,"gold_gain":0.0,"event_name":"Big Fish","player_choice":"Box","floor":56.0,"gold_loss":0.0,"damage_taken":0.0,"relics_obtained":["Shuriken"],"cards_obtained":["Regret"]},{"damage_healed":0.0,"max_hp_gain":0.0,"max_hp_loss":0.0,"gold_gain":0.0,"event_name":"Drug Dealer","player_choice":"Inject Mutagens","floor":70.0,"gold_loss":0.0,"damage_taken":0.0,"relics_obtained":["MutagenicStrength"]},{"damage_healed":0.0,"max_hp_gain":0.0,"max_hp_loss":0.0,"gold_gain":0.0,"event_name":"WeMeetAgain","player_choice":"Gave Potion","floor":89.0,"gold_loss":0.0,"damage_taken":0.0,"relics_obtained":["Anchor"]},{"damage_healed":0.0,"max_hp_gain":0.0,"max_hp_loss":0.0,"gold_gain":0.0,"event_name":"MindBloom","player_choice":"Fight","floor":98.0,"gold_loss":0.0,"damage_taken":0.0}],"is_beta":false,"boss_relics":[{"not_picked":["Tiny House","Busted Crown"],"picked":"Empty Cage"},{"not_picked":["Fusion Hammer","Ring of the Serpent"],"picked":"Black Star"},{"not_picked":["HoveringKite","Runic Dome"],"picked":"WristBlade"},{"not_picked":["Busted Crown","Runic Pyramid"],"picked":"Calling Bell"},{"not_picked":["Velvet Choker","Tiny House"],"picked":"Cursed Key"},{"not_picked":["HoveringKite","Sozu"],"picked":"Philosopher\u0027s Stone"}],"items_purged_floors":[5,14,36,48,53,63,71,79],"is_endless":true,"potions_floor_spawned":[11,13,16,18,28,30,31,33,35,39,44,47,50,52,55,64,67,72,76,80,82,88,94,97,98,101],"ascension_level":1}}