{"host":"x3688v8yj57o2b0e","time":1612740461,"event":{"mods":["BaseMod","Minty Spire (QoL Compilation)"],"gold_per_floor":[113,113,129,143,160,185,185,212,238,16,50,67,78,91,91,190,190,209,209,134,67,79,79,104,120,120,120,152,152,180,213,213,313,313,333,555,555,605,615,641,641,685,711,386,386,406,416,416,416,416,416,416,112,137,137],"floor_reached":56,"language":"ENG","playtime":7831,"items_purged":["Strike_P","Strike_P"],"score":1382,"play_id":"b5b10205-e1f6-4720-82e7-b3c3972fe9b1","local_time":"20210207182741","is_ascension_mode":true,"campfire_choices":[{"data":"EmptyFist","floor":7.0,"key":"SMITH"},{"data":"Blasphemy","floor":15.0,"key":"SMITH"},{"data":"MentalFortress","floor":23.0,"key":"SMITH"},{"data":"MentalFortress","floor":27.0,"key":"SMITH"},{"data":"Vigilance","floor":29.0,"key":"SMITH"},{"data":"EmptyMind","floor":32.0,"key":"SMITH"},{"data":"Wish","floor":41.0,"key":"SMITH"},{"floor":49.0,"key":"RECALL"},{"data":"MentalFortress","floor":52.0,"key":"SMITH"}],"circlet_count":0,"master_deck":["Strike_P","Defend_P","Eruption","Vigilance+1","CutThroughFate+1","Tantrum","MentalFortress+1","Tantrum","EmptyFist+1","MentalFortress+1","EmptyFist","Blasphemy+1","ClearTheMind","LikeWater","Indignation","Scrawl","CarveReality+1","InnerPeace+1","Halt+1","EmptyMind+1","Adaptation","EmptyFist+1","Halt","FlurryOfBlows+1","CutThroughFate+1","Wish+1","MentalFortress+1","Thinking Ahead","Wireheading+1","MentalFortress+1"],"relics":["Philosopher\u0027s Stone","Anchor","Centennial Puzzle","Nunchaku","Juzu Bracelet","Astrolabe","Molten Egg 2","Akabeko","White Beast Statue","Bottled Tornado","Orichalcum","Red Mask","VioletLotus","Mango","TeardropLocket","Bag of Marbles","FossilizedHelix","Du-Vu Doll"],"acts_visited":["Exordium","TheCity","TheBeyond","TheEnding"],"potions_floor_usage":[55,55],"damage_taken":[{"damage":0.0,"enemies":"2 Louse","floor":1.0,"turns":3.0},{"damage":0.0,"enemies":"Cultist","floor":3.0,"turns":2.0},{"damage":7.0,"enemies":"Jaw Worm","floor":4.0,"turns":3.0},{"damage":0.0,"enemies":"2 Fungi Beasts","floor":5.0,"turns":2.0},{"damage":17.0,"enemies":"3 Sentries","floor":6.0,"turns":4.0},{"damage":10.0,"enemies":"Lagavulin","floor":8.0,"turns":5.0},{"damage":10.0,"enemies":"3 Sentries","floor":11.0,"turns":5.0},{"damage":0.0,"enemies":"3 Louse","floor":12.0,"turns":1.0},{"damage":0.0,"enemies":"Large Slime","floor":13.0,"turns":4.0},{"damage":0.0,"enemies":"Lots of Slimes","floor":14.0,"turns":2.0},{"damage":3.0,"enemies":"The Guardian","floor":16.0,"turns":5.0},{"damage":0.0,"enemies":"Chosen","floor":18.0,"turns":2.0},{"damage":0.0,"enemies":"2 Thieves","floor":22.0,"turns":3.0},{"damage":2.0,"enemies":"Book of Stabbing","floor":24.0,"turns":3.0},{"damage":9.0,"enemies":"Cultist and Chosen","floor":25.0,"turns":4.0},{"damage":6.0,"enemies":"Slavers","floor":28.0,"turns":2.0},{"damage":0.0,"enemies":"Book of Stabbing","floor":30.0,"turns":1.0},{"damage":0.0,"enemies":"Masked Bandits","floor":31.0,"turns":2.0},{"damage":0.0,"enemies":"Champ","floor":33.0,"turns":6.0},{"damage":0.0,"enemies":"Orb Walker","floor":35.0,"turns":1.0},{"damage":6.0,"enemies":"Mind Bloom Boss Battle","floor":38.0,"turns":3.0},{"damage":2.0,"enemies":"3 Shapes","floor":39.0,"turns":3.0},{"damage":0.0,"enemies":"Nemesis","floor":40.0,"turns":5.0},{"damage":0.0,"enemies":"Maw","floor":42.0,"turns":4.0},{"damage":0.0,"enemies":"4 Shapes","floor":46.0,"turns":3.0},{"damage":0.0,"enemies":"Spire Growth","floor":47.0,"turns":3.0},{"damage":43.0,"enemies":"Awakened One","floor":50.0,"turns":9.0},{"damage":21.0,"enemies":"Shield and Spear","floor":54.0,"turns":4.0},{"damage":11,"enemies":"The Heart","floor":55,"turns":8}],"seed_played":"-6778518060382092268","potions_obtained":[{"floor":3.0,"key":"Fire Potion"},{"floor":5.0,"key":"SteroidPotion"},{"floor":8.0,"key":"PowerPotion"},{"floor":14.0,"key":"DistilledChaos"},{"floor":28.0,"key":"Weak Potion"},{"floor":30.0,"key":"Block Potion"},{"floor":33.0,"key":"PowerPotion"},{"floor":39.0,"key":"GamblersBrew"},{"floor":40.0,"key":"BlessingOfTheForge"},{"floor":47.0,"key":"SteroidPotion"},{"floor":54.0,"key":"Fire Potion"}],"is_trial":false,"path_per_floor":["M","?","M","M","M","E","R","E","T","$","E","M","M","M","R","B",null,"M","?","?","$","M","R","E","M","T","R","E","R","E","?","R","B",null,"M","?","?","?","M","E","R","M","T","$","?","M","M","?","R","B",null,"R","$","E","B",null],"character_chosen":"WATCHER","items_purchased":["EntropicBrew","EmptyFist","Adaptation","MentalFortress","Bag of Marbles","FossilizedHelix"],"campfire_rested":0,"item_purchase_floors":[10,10,21,44,44,53],"current_hp_per_floor":[72,72,72,65,65,48,48,38,38,38,28,28,28,28,28,25,72,72,72,72,72,72,72,70,61,61,61,55,55,55,55,55,55,72,72,72,68,76,74,74,74,74,74,74,74,74,74,74,74,31,82,82,82,61,50],"gold":137,"neow_bonus":"BOSS_RELIC","is_daily":false,"chose_seed":false,"campfire_upgraded":8,"win_rate":0.0,"timestamp":1612740461,"path_taken":["M","?","M","?","M","E","R","E","T","$","E","M","M","M","R","BOSS","M","?","?","$","M","R","E","M","T","R","E","R","E","?","R","BOSS","M","?","?","?","M","E","R","M","T","$","?","M","M","?","R","BOSS","R","$","E","BOSS"],"items_purchased_type":["Potion","Card","Card","Card","Relic","Relic"],"build_version":"2020-12-22","purchased_purges":2,"victory":true,"max_hp_per_floor":[72,72,72,72,72,72,72,72,72,72,72,72,72,72,72,72,72,72,72,72,72,72,72,72,72,72,72,72,72,72,72,72,72,72,72,72,68,82,82,82,82,82,82,82,82,82,82,82,82,82,82,82,82,82,82],"card_choices":[{"not_picked":["Evaluate","EmptyBody"],"picked":"CutThroughFate","floor":1.0},{"not_picked":["SignatureMove","ClearTheMind"],"picked":"Tantrum","floor":3.0},{"not_picked":["EmptyFist","Evaluate"],"picked":"MentalFortress","floor":4.0},{"not_picked":["CrushJoints","Evaluate"],"picked":"Tantrum","floor":5.0},{"not_picked":["SignatureMove","CutThroughFate"],"picked":"EmptyFist","floor":6.0},{"not_picked":["FlyingSleeves","EmptyFist"],"picked":"MentalFortress","floor":8.0},{"not_picked":["JustLucky","EmptyMind"],"picked":"Blasphemy","floor":11.0},{"not_picked":["Vengeance","FlyingSleeves"],"picked":"ClearTheMind","floor":12.0},{"not_picked":["InnerPeace","ClearTheMind"],"picked":"LikeWater","floor":13.0},{"not_picked":["DeceiveReality","Study"],"picked":"Indignation","floor":14.0},{"not_picked":["Establishment","DevaForm"],"picked":"Scrawl","floor":16.0},{"not_picked":["EmptyBody","Consecrate"],"picked":"EmptyMind","floor":18.0},{"not_picked":["LikeWater","CrushJoints+1","FollowUp+1"],"picked":"SKIP","floor":22.0},{"not_picked":["FlyingSleeves+1","SpiritShield","Sanctity"],"picked":"SKIP","floor":24.0},{"not_picked":["CrushJoints+1","Prostrate","BattleHymn"],"picked":"SKIP","floor":25.0},{"not_picked":["SignatureMove+1","CrushJoints+1"],"picked":"EmptyFist+1","floor":28.0},{"not_picked":["Weave+1","DevaForm"],"picked":"Halt","floor":30.0},{"not_picked":["Conclude+1","SashWhip+1"],"picked":"FlurryOfBlows+1","floor":31.0},{"not_picked":["FlyingSleeves+1","Adaptation+1","Prostrate+1"],"picked":"SKIP","floor":35.0},{"not_picked":["Prostrate+1","Evaluate+1"],"picked":"CutThroughFate+1","floor":39.0},{"not_picked":["Alpha","Halt+1"],"picked":"Wish","floor":40.0},{"not_picked":["Crescendo+1","InnerPeace+1","FollowUp+1"],"picked":"SKIP","floor":42.0},{"not_picked":["Violence","Good Instincts"],"picked":"Thinking Ahead","floor":45.0},{"not_picked":["FollowUp+1","Pray+1"],"picked":"Wireheading+1","floor":46.0},{"not_picked":["Crescendo","BattleHymn+1","PathToVictory+1"],"picked":"SKIP","floor":47.0},{"not_picked":["ThirdEye+1","Protect+1"],"picked":"MentalFortress+1","floor":54.0}],"player_experience":217767,"relics_obtained":[{"floor":6.0,"key":"Anchor"},{"floor":8.0,"key":"Centennial Puzzle"},{"floor":9.0,"key":"Nunchaku"},{"floor":11.0,"key":"Juzu Bracelet"},{"floor":24.0,"key":"Akabeko"},{"floor":26.0,"key":"White Beast Statue"},{"floor":28.0,"key":"Bottled Tornado"},{"floor":30.0,"key":"Orichalcum"},{"floor":31.0,"key":"Red Mask"},{"floor":38.0,"key":"Mango"},{"floor":40.0,"key":"TeardropLocket"},{"floor":54.0,"key":"Du-Vu Doll"}],"event_choices":[{"damage_healed":0.0,"max_hp_gain":0.0,"max_hp_loss":0.0,"gold_gain":0.0,"event_name":"Accursed Blacksmith","player_choice":"Forge","floor":2.0,"gold_loss":0.0,"damage_taken":0.0,"cards_upgraded":["CutThroughFate"]},{"damage_healed":0.0,"max_hp_gain":0.0,"max_hp_loss":0.0,"gold_gain":0.0,"event_name":"The Mausoleum","player_choice":"Opened","floor":19.0,"gold_loss":0.0,"damage_taken":0.0,"relics_obtained":["Molten Egg 2"],"cards_obtained":["Writhe"]},{"cards_removed":["Writhe"],"damage_healed":0.0,"max_hp_gain":0.0,"max_hp_loss":0.0,"gold_gain":0.0,"event_name":"Beggar","player_choice":"Gave Gold","floor":20.0,"gold_loss":75.0,"damage_taken":0.0},{"damage_healed":0.0,"max_hp_gain":0.0,"max_hp_loss":0.0,"gold_gain":0.0,"event_name":"Masked Bandits","player_choice":"Fought Bandits","floor":31.0,"gold_loss":0.0,"damage_taken":0.0},{"damage_healed":0.0,"max_hp_gain":0.0,"max_hp_loss":0.0,"gold_gain":222.0,"event_name":"Tomb of Lord Red Mask","player_choice":"Wore Mask","floor":36.0,"gold_loss":0.0,"damage_taken":0.0},{"damage_healed":0.0,"max_hp_gain":0.0,"max_hp_loss":4.0,"gold_gain":0.0,"event_name":"Winding Halls","player_choice":"Max HP","floor":37.0,"gold_loss":0.0,"damage_taken":0.0},{"damage_healed":0.0,"max_hp_gain":0.0,"max_hp_loss":0.0,"gold_gain":0.0,"event_name":"MindBloom","player_choice":"Fight","floor":38.0,"gold_loss":0.0,"damage_taken":0.0},{"damage_healed":0.0,"max_hp_gain":0.0,"max_hp_loss":0.0,"gold_gain":0.0,"event_name":"SensoryStone","player_choice":"Memory 1","floor":45.0,"gold_loss":0.0,"damage_taken":0.0},{"cards_removed":["Defend_P"],"damage_healed":0.0,"max_hp_gain":0.0,"max_hp_loss":0.0,"gold_gain":0.0,"event_name":"Falling","player_choice":"Removed Skill","floor":48.0,"gold_loss":0.0,"damage_taken":0.0}],"is_beta":false,"boss_relics":[{"not_picked":["Ectoplasm","Fusion Hammer"],"picked":"Astrolabe"},{"not_picked":["Calling Bell","Runic Dome"],"picked":"VioletLotus"}],"items_purged_floors":[10,44],"is_endless":false,"potions_floor_spawned":[3,5,8,14,22,25,28,30,31,33,35,38,39,40,42,46,47,54],"ascension_level":1}}