{"host":"n9lc5i44t98l6pio","time":1612728303,"event":{"mods":["BaseMod","Curses Come First","Downfall","Minty Spire (QoL Compilation)","Replay The Spire","Say the Spire","StSLib"],"gold_per_floor":[99,111,126,111,124,159,183,183,197,214,114,146,146,157,169,265,265,165,185,49,67,82,107,132,159,59,100,100,100,100,135,160,168,168,168],"floor_reached":33,"language":"ENG","playtime":1935,"items_purged":["Normality"],"score":385,"play_id":"c021fd2d-e7e2-463b-845a-08ac825f63b7","local_time":"20210207210503","is_ascension_mode":true,"campfire_choices":[{"floor":1.0,"key":"DIG"},{"data":"champ:ShieldWall","floor":11.0,"key":"SMITH"},{"floor":13.0,"key":"RECALL"},{"data":"champ:ShieldWall","floor":18.0,"key":"SMITH"},{"floor":26.0,"key":"REST"},{"floor":28,"key":"REST"}],"circlet_count":0,"master_deck":["champ:Strike+1","champ:Strike+1","champ:Strike+1","champ:Strike+1","champ:Defend+1","champ:Defend+1","champ:Defend+1","champ:Defend+1","champ:Execute","champ:Taunt","champ:TripleStrike","champ:Encircle","champ:ShieldWall+1","champ:ShieldWall+1","champ:CheapShot","champ:ShieldWall","champ:ShieldWall","champ:ShieldWall","champ:BerserkersShout","champ:Encircle","champ:Backstep","champ:ShieldThrow","champ:StanceDance","champ:StrikeOfGenius","champ:FaceSlap","champ:Circumvent+1","champ:Circumvent","champ:GladiatorStyle","champ:Lariat","champ:Backstep","champ:SkillfulDodge","champ:VampiricStrike","downfall:Bewildered","champ:Parry","champ:Lariat"],"relics":["champ:ChampionCrown","champ:FightingForDummies","Bird Faced Urn","Anchor","downfall:HeartBlessingGreen","Kunai","Ring of Chaos","downfall:HeartBlessingRed","Replay:Bandana","downfall:HeartBlessingBlue","Juzu Bracelet","sneckomod:BabySnecko","Replay:Kaleidoscope"],"acts_visited":["Exordium","TheCity"],"potions_floor_usage":[27,27,33],"damage_taken":[{"damage":10.0,"enemies":"Cultist","floor":2.0,"turns":3.0},{"damage":0.0,"enemies":"Jaw Worm","floor":3.0,"turns":3.0},{"damage":10.0,"enemies":"downfall:FleeingMerchant","floor":4.0,"turns":4.0},{"damage":0.0,"enemies":"2 Louse","floor":5.0,"turns":3.0},{"damage":5.0,"enemies":"Replay:BlueRogue","floor":6.0,"turns":7.0},{"damage":5.0,"enemies":"Blue Slaver","floor":9.0,"turns":4.0},{"damage":14.0,"enemies":"3 Louse","floor":10.0,"turns":4.0},{"damage":12.0,"enemies":"Lagavulin","floor":12.0,"turns":5.0},{"damage":2.0,"enemies":"Lots of Slimes","floor":14.0,"turns":5.0},{"damage":10.0,"enemies":"2 Fungi Beasts","floor":15.0,"turns":3.0},{"damage":3.0,"enemies":"WA_ARCHETYPE_RETAIN","floor":16.0,"turns":6.0},{"damage":22.0,"enemies":"3 Byrds","floor":19.0,"turns":5.0},{"damage":10.0,"enemies":"downfall:FleeingMerchant","floor":20.0,"turns":5.0},{"damage":29.0,"enemies":"Shell Parasite","floor":21.0,"turns":6.0},{"damage":2.0,"enemies":"Shelled Parasite and Fungi","floor":22.0,"turns":4.0},{"damage":41.0,"enemies":"Replay:Snechameleon","floor":23.0,"turns":6.0},{"damage":27.0,"enemies":"Centurion and Healer","floor":25.0,"turns":6.0},{"damage":24,"enemies":"Slavers","floor":27,"turns":6},{"damage":46,"enemies":"Gremlin Leader","floor":31,"turns":10},{"damage":29,"enemies":"Sentry and Sphere","floor":32,"turns":5},{"damage":76,"enemies":"DF_ARCHETYPE_CLAW","floor":33,"turns":7}],"seed_played":"2184230526791028350","potions_obtained":[{"floor":9.0,"key":"Fire Potion"},{"floor":10.0,"key":"Adrenaline Potion"},{"floor":12.0,"key":"EssenceOfSteel"},{"floor":14.0,"key":"sneckomod:MuddlingPotion"},{"floor":16.0,"key":"Fire Potion"},{"floor":19.0,"key":"Energy Potion"},{"floor":21.0,"key":"Block Potion"},{"floor":23.0,"key":"Reflective Coating"}],"is_trial":false,"path_per_floor":["R","M","M","$","M","E","T","?","M","M","R","E","R","M","M","B",null,"R","M","$","M","M","E","T","M","R","E","R","?","?","E","M","B"],"character_chosen":"THE_CHAMP","items_purchased":["champ:Circumvent"],"campfire_rested":2,"item_purchase_floors":[20],"current_hp_per_floor":[90,90,90,90,90,85,85,85,86,83,83,78,78,84,86,87,90,90,82,83,63,69,57,57,48,88,78,100,100,100,71,51,0,0,0],"gold":168,"neow_bonus":"ONE_RANDOM_RARE_CARD","is_daily":false,"chose_seed":false,"campfire_upgraded":2,"win_rate":0.0,"timestamp":1612728303,"path_taken":["R","M","M","$","?","E","T","?","M","M","R","E","R","M","M","BOSS","R","M","$","?","M","E","T","M","R","E","R","?","?","E","M","BOSS"],"items_purchased_type":["Card"],"build_version":"2020-12-22","purchased_purges":1,"victory":false,"max_hp_per_floor":[90,90,90,90,90,90,90,90,90,90,90,90,90,90,90,90,90,90,90,90,90,90,90,90,90,100,100,100,100,100,100,100,100,100,100],"card_choices":[{"not_picked":["champ:BladeFlurry","champ:StanceDance"],"picked":"champ:Encircle","floor":2.0},{"not_picked":["champ:StanceDance","champ:PerfectedStrike"],"picked":"champ:ShieldWall","floor":3.0},{"not_picked":["champ:FocusedBerserking","champ:ShieldSigil"],"picked":"champ:ShieldWall","floor":4.0},{"not_picked":["champ:CrownThrow","champ:ShieldSigil"],"picked":"champ:CheapShot","floor":5.0},{"not_picked":["champ:BerserkersShout","champ:UltimateStance"],"picked":"champ:ShieldWall","floor":6.0},{"not_picked":["champ:SwordSigil","champ:ArenaPreparation"],"picked":"champ:BerserkersShout","floor":9.0},{"not_picked":["champ:SwordSigil","champ:CrownThrow"],"picked":"champ:Encircle","floor":10.0},{"not_picked":["champ:ShieldSigil","champ:BladeFlurry"],"picked":"champ:Backstep","floor":12.0},{"not_picked":["champ:StanceDance","champ:PerfectedStrike"],"picked":"champ:ShieldThrow","floor":14.0},{"not_picked":["champ:GutPunch","champ:Haymaker"],"picked":"champ:StanceDance","floor":15.0},{"not_picked":["champ:CheapShot","champ:VampiricStrike"],"picked":"champ:StrikeOfGenius","floor":16.0},{"not_picked":["champ:EndlessRage","champ:Shatter"],"picked":"champ:FaceSlap","floor":19.0},{"not_picked":["champ:BladeFlurry+1","champ:VampiricStrike"],"picked":"champ:Circumvent+1","floor":20.0},{"not_picked":["champ:GutPunch","champ:SwordSigil"],"picked":"champ:GladiatorStyle","floor":21.0},{"not_picked":["champ:AdrenalArmor","champ:Duel"],"picked":"champ:Lariat","floor":22.0},{"not_picked":["champ:CrownThrow+1","champ:GutPunch"],"picked":"champ:Backstep","floor":23.0},{"not_picked":["champ:Duel","champ:BladeFlurry"],"picked":"champ:SkillfulDodge","floor":25.0},{"not_picked":["champ:StanceDance","champ:ViciousMockery+1"],"picked":"champ:VampiricStrike","floor":27},{"not_picked":["champ:FanOfKnives","champ:CrookedStrike"],"picked":"champ:Parry","floor":31},{"not_picked":["champ:EndlessRage","champ:EnGarde"],"picked":"champ:Lariat","floor":32}],"player_experience":259314,"relics_obtained":[{"floor":1.0,"key":"champ:FightingForDummies"},{"floor":6.0,"key":"Bird Faced Urn"},{"floor":7.0,"key":"Anchor"},{"floor":12.0,"key":"Kunai"},{"floor":23.0,"key":"Replay:Bandana"},{"floor":27,"key":"Juzu Bracelet"},{"floor":31,"key":"Replay:Kaleidoscope"}],"event_choices":[],"is_beta":false,"boss_relics":[{"not_picked":["Snecko Eye","Kintsugi"],"picked":"Ring of Chaos"}],"items_purged_floors":[20],"is_endless":false,"potions_floor_spawned":[9,10,12,14,16,19,21,23,25],"killed_by":"DF_ARCHETYPE_CLAW","ascension_level":1}}