{"host":"j9610sde00vfp93k","time":1612686919,"event":{"mods":["AchievementEnabler","BaseMod","Minty Spire (QoL Compilation)","StSLib","SuperFastMode"],"gold_per_floor":[117,117,117,129,158,170,215,240,275,304,316,344,356,368,380,493,505,527,555,423,423,439,439,474,474,474],"floor_reached":25,"language":"ENG","playtime":1173,"items_purged":[],"score":246,"play_id":"83d72851-5fb7-485c-95c5-2009b0f62df8","local_time":"20210207163519","is_ascension_mode":false,"campfire_choices":[{"data":"Eruption","floor":6,"key":"SMITH"},{"data":"Alpha","floor":15,"key":"SMITH"},{"floor":23,"key":"REST"}],"circlet_count":0,"master_deck":["Strike_P","Strike_P","Strike_P","Defend_P+1","Defend_P","Eruption+1","Vigilance+1","FollowUp","BowlingBash","Pray","Protect+1","SandsOfTime","Alpha+1","Omniscience+1","CutThroughFate+1","LikeWater+1","Fasting2+1","LikeWater","ReachHeaven+1","FollowUp","Devotion"],"relics":["PureWater","NeowsBlessing","MawBank","Nunchaku","Centennial Puzzle","Astrolabe","Potion Belt","Blood Vial"],"acts_visited":["Exordium","TheCity"],"potions_floor_usage":[16,16,24],"damage_taken":[{"damage":0,"enemies":"Cultist","floor":1,"turns":1},{"damage":0,"enemies":"2 Louse","floor":5,"turns":1},{"damage":0,"enemies":"3 Sentries","floor":7,"turns":2},{"damage":0,"enemies":"Jaw Worm","floor":8,"turns":2},{"damage":4,"enemies":"2 Fungi Beasts","floor":10,"turns":3},{"damage":0,"enemies":"Large Slime","floor":12,"turns":4},{"damage":23,"enemies":"The Guardian","floor":16,"turns":6},{"damage":24,"enemies":"Shell Parasite","floor":18,"turns":5},{"damage":10,"enemies":"Chosen","floor":19,"turns":4},{"damage":12,"enemies":"Centurion and Healer","floor":22,"turns":3},{"damage":43,"enemies":"Gremlin Leader","floor":24,"turns":8},{"damage":37,"enemies":"Shelled Parasite and Fungi","floor":25,"turns":9}],"seed_played":"-5469340890166875606","potions_obtained":[{"floor":7,"key":"BottledMiracle"},{"floor":8,"key":"BlessingOfTheForge"},{"floor":16,"key":"FairyPotion"},{"floor":18,"key":"Strength Potion"},{"floor":19,"key":"GamblersBrew"}],"is_trial":false,"path_per_floor":["M","$","?","?","M","R","E","M","T","M","?","M","?","$","R","B",null,"M","M","$","?","M","R","E","M"],"character_chosen":"WATCHER","items_purchased":["Potion Belt"],"campfire_rested":1,"item_purchase_floors":[20],"current_hp_per_floor":[72,72,60,46,46,46,46,46,46,42,42,42,42,42,42,19,72,48,38,38,38,26,47,4,0,0],"gold":474,"neow_bonus":"THREE_ENEMY_KILL","is_daily":false,"chose_seed":false,"campfire_upgraded":2,"win_rate":0.0,"timestamp":1612686919,"path_taken":["M","?","?","?","M","R","E","M","T","?","?","M","?","$","R","BOSS","M","M","$","?","?","R","E","M"],"items_purchased_type":["Relic"],"build_version":"2020-12-22","purchased_purges":0,"victory":false,"max_hp_per_floor":[72,72,72,72,72,72,72,72,72,72,72,72,72,72,72,72,72,72,72,72,72,72,72,72,72,72],"card_choices":[{"not_picked":["Crescendo","Swivel"],"picked":"FollowUp","floor":1},{"not_picked":["ClearTheMind","Indignation"],"picked":"BowlingBash","floor":5},{"not_picked":["Evaluate","FlurryOfBlows"],"picked":"Pray","floor":7},{"not_picked":["CrushJoints","FlyingSleeves"],"picked":"Protect","floor":8},{"not_picked":["EmptyFist","FollowUp"],"picked":"SandsOfTime","floor":10},{"not_picked":["Evaluate","Weave"],"picked":"Alpha","floor":12},{"not_picked":["Blasphemy","SpiritShield"],"picked":"Omniscience","floor":16},{"not_picked":["Protect","ThirdEye"],"picked":"LikeWater","floor":18},{"not_picked":["Consecrate","JustLucky"],"picked":"ReachHeaven+1","floor":19},{"not_picked":["BowlingBash","EmptyMind"],"picked":"FollowUp","floor":22},{"not_picked":["EmptyFist+1","Blasphemy"],"picked":"Devotion","floor":24}],"player_experience":206805,"relics_obtained":[{"floor":7,"key":"Nunchaku"},{"floor":9,"key":"Centennial Puzzle"},{"floor":24,"key":"Blood Vial"}],"event_choices":[{"damage_healed":0,"gold_gain":0,"player_choice":"Success","damage_taken":12,"relics_obtained":["MawBank"],"max_hp_gain":0,"max_hp_loss":0,"event_name":"Scrap Ooze","floor":3,"gold_loss":0},{"damage_healed":0,"gold_gain":0,"player_choice":"Entered Light","damage_taken":14,"max_hp_gain":0,"max_hp_loss":0,"event_name":"Shining Light","floor":4,"gold_loss":0,"cards_upgraded":["Defend_P","Vigilance"]},{"damage_healed":0,"gold_gain":0,"player_choice":"Grow","damage_taken":0,"max_hp_gain":0,"max_hp_loss":0,"event_name":"Living Wall","floor":11,"gold_loss":0,"cards_upgraded":["Protect"]},{"damage_healed":0,"gold_gain":0,"player_choice":"Bought 0 Potions","damage_taken":0,"max_hp_gain":0,"max_hp_loss":0,"event_name":"The Woman in Blue","floor":13,"gold_loss":0},{"damage_healed":0,"gold_gain":0,"player_choice":"Upgraded","damage_taken":0,"max_hp_gain":0,"max_hp_loss":0,"event_name":"Upgrade Shrine","floor":21,"gold_loss":0,"cards_upgraded":["Omniscience"]}],"is_beta":false,"boss_relics":[{"not_picked":["Runic Pyramid","Busted Crown"],"picked":"Astrolabe"}],"items_purged_floors":[],"is_endless":false,"potions_floor_spawned":[7,8,16,18,19],"killed_by":"Shelled Parasite and Fungi","ascension_level":0}}