{"host":"mqhvlr3kpxebko0t","time":1612701703,"event":{"mods":["AchievementEnabler","BaseMod","Colored Map","Colored Powertips","KOR Keyword Fix","Keyboard Shortcuts","Minty Spire (QoL Compilation)","StSLib","SuperFastMode"],"gold_per_floor":[117,117,127,127,127,160,85,100,100,125,135,135,135,135,135],"floor_reached":14,"language":"KOR","playtime":131,"items_purged":["Strike_B"],"score":215,"play_id":"af65b095-ed0a-44c2-9a0d-0f727cb7af3b","local_time":"20210207214143","is_ascension_mode":true,"campfire_choices":[{"data":"Zap","floor":12,"key":"SMITH"}],"circlet_count":0,"master_deck":["AscendersBane","Strike_B","Strike_B","Defend_B","Defend_B","Defend_B","Defend_B","Zap+1","Dualcast","Sweeping Beam","FTL","White Noise","Conserve Battery"],"relics":["Cracked Core","NeowsBlessing","HornCleat","Regal Pillow","DataDisk","Pocketwatch"],"acts_visited":["Exordium"],"potions_floor_usage":[],"damage_taken":[{"damage":0,"enemies":"Jaw Worm","floor":1,"turns":1},{"damage":0,"enemies":"2 Louse","floor":3,"turns":1},{"damage":0,"enemies":"Gremlin Nob","floor":6,"turns":1},{"damage":0,"enemies":"Small Slimes","floor":8,"turns":3},{"damage":30,"enemies":"3 Sentries","floor":10,"turns":6},{"damage":0,"enemies":"2 Fungi Beasts","floor":11,"turns":3},{"damage":18,"enemies":"Gremlin Nob","floor":14,"turns":3}],"seed_played":"8139097795517440862","potions_obtained":[{"floor":3,"key":"BlessingOfTheForge"},{"floor":10,"key":"PotionOfCapacity"}],"is_trial":false,"path_per_floor":["M","?","M","T","?","E","$","M","T","E","M","R","?","E"],"character_chosen":"DEFECT","items_purchased":[],"campfire_rested":0,"item_purchase_floors":[],"current_hp_per_floor":[64,69,69,69,62,62,62,62,62,32,32,32,6,0,0],"gold":135,"neow_bonus":"THREE_ENEMY_KILL","is_daily":false,"chose_seed":false,"campfire_upgraded":1,"win_rate":0.0,"timestamp":1612701703,"path_taken":["M","?","M","?","?","E","?","M","T","E","?","R","?","E"],"items_purchased_type":[],"build_version":"2020-12-22","purchased_purges":1,"victory":false,"max_hp_per_floor":[71,76,76,76,76,76,76,76,76,76,76,76,76,76,76],"card_choices":[{"not_picked":["Double Energy","Stack"],"picked":"Sweeping Beam","floor":1},{"not_picked":["Barrage","Rebound","Static Discharge"],"picked":"SKIP","floor":3},{"not_picked":["Turbo","Steam"],"picked":"FTL","floor":6},{"not_picked":["FTL","Ball Lightning"],"picked":"White Noise","floor":8},{"not_picked":["Leap","White Noise","Aggregate"],"picked":"SKIP","floor":10},{"not_picked":["Redo","Leap"],"picked":"Conserve Battery","floor":11}],"player_experience":695251,"relics_obtained":[{"floor":4,"key":"HornCleat"},{"floor":6,"key":"Regal Pillow"},{"floor":10,"key":"DataDisk"}],"event_choices":[{"damage_healed":0,"gold_gain":0,"player_choice":"Donut","damage_taken":0,"max_hp_gain":5,"max_hp_loss":0,"event_name":"Big Fish","floor":2,"gold_loss":0},{"cards_removed":["Strike_B"],"damage_healed":0,"gold_gain":0,"player_choice":"Card Removal","damage_taken":7,"max_hp_gain":0,"max_hp_loss":0,"event_name":"Golden Wing","floor":5,"gold_loss":0},{"damage_healed":0,"gold_gain":0,"player_choice":"Success","damage_taken":26,"relics_obtained":["Pocketwatch"],"max_hp_gain":0,"max_hp_loss":0,"event_name":"Scrap Ooze","floor":13,"gold_loss":0}],"is_beta":false,"boss_relics":[],"items_purged_floors":[7],"is_endless":false,"potions_floor_spawned":[3,10,11],"killed_by":"Gremlin Nob","ascension_level":15}}