{"host":"t1puqh5lxz8sp6fn","time":1612678691,"event":{"mods":["AchievementEnabler","BaseMod","Colored Powertips","Minty Spire (QoL Compilation)","Rare Cards Sparkle","Relic Stats","StSLib"],"gold_per_floor":[16,34,34,109,109,143,94,108,131,131,164,14,14,49,49,120,120,132,402,402,327,338,367,65,99,124,144,176,176,191,191,191,268,268,286,286,286,304,227,227,227,227,227,260,275,126,141,151,151,151,151,151,20,47,47,47],"floor_reached":55,"playtime":6324,"items_purged":[],"score":1278,"play_id":"4e83a3c4-063e-4328-88c7-f02088f009f6","local_time":"20210207031811","is_ascension_mode":true,"campfire_choices":[{"data":"Body Slam","floor":13.0,"key":"SMITH"},{"floor":15.0,"key":"REST"},{"floor":29.0,"key":"DIG"},{"floor":32.0,"key":"DIG"},{"floor":40.0,"key":"RECALL"},{"floor":42.0,"key":"DIG"},{"floor":49,"key":"DIG"},{"floor":52,"key":"DIG"}],"circlet_count":0,"master_deck":["AscendersBane","Defend_R+1","Defend_R+1","Defend_R+1","Defend_R+1","Bash","Pommel Strike+1","Carnage","Flame Barrier","Body Slam+1","Offering","Pummel","Impervious","Fire Breathing","Bite","Bite","Bite","Bite","Thunderclap","Inflame","Demon Form","Rage","Armaments","Pommel Strike+1","Ghostly Armor","Reaper","Apotheosis","Violence","PanicButton","Dropkick","Combust","Blood for Blood","Clothesline","Heavy Blade","Panacea"],"relics":["Burning Blood","Magic Flower","Potion Belt","Juzu Bracelet","Ancient Tea Set","Oddly Smooth Stone","Thread and Needle","Mark of Pain","Girya","Bag of Marbles","Bronze Scales","Tiny Chest","Shovel","PreservedInsect","Calipers","Busted Crown","Blue Candle","Lantern","Ornamental Fan","Red Skull","Strawberry","White Beast Statue","HornCleat","Blood Vial"],"acts_visited":["Exordium","TheCity","TheBeyond","TheEnding"],"potions_floor_usage":[44,50,54,54,55,55],"damage_taken":[{"damage":7.0,"enemies":"Small Slimes","floor":1.0,"turns":3.0},{"damage":2.0,"enemies":"2 Louse","floor":2.0,"turns":3.0},{"damage":43.0,"enemies":"3 Sentries","floor":6.0,"turns":11.0},{"damage":1.0,"enemies":"Cultist","floor":8.0,"turns":3.0},{"damage":16.0,"enemies":"Gremlin Nob","floor":11.0,"turns":3.0},{"damage":27.0,"enemies":"Lagavulin","floor":14.0,"turns":5.0},{"damage":39.0,"enemies":"Hexaghost","floor":16.0,"turns":11.0},{"damage":6.0,"enemies":"Spheric Guardian","floor":18.0,"turns":4.0},{"damage":0.0,"enemies":"3 Byrds","floor":22.0,"turns":3.0},{"damage":17.0,"enemies":"Gremlin Leader","floor":23.0,"turns":6.0},{"damage":26.0,"enemies":"Book of Stabbing","floor":25.0,"turns":5.0},{"damage":11.0,"enemies":"3 Cultists","floor":27.0,"turns":4.0},{"damage":29.0,"enemies":"Gremlin Leader","floor":28.0,"turns":7.0},{"damage":6.0,"enemies":"Cultist and Chosen","floor":30.0,"turns":4.0},{"damage":26.0,"enemies":"Champ","floor":33.0,"turns":8.0},{"damage":9.0,"enemies":"3 Shapes","floor":35.0,"turns":4.0},{"damage":6.0,"enemies":"Orb Walker","floor":38.0,"turns":2.0},{"damage":1,"enemies":"Reptomancer","floor":44,"turns":2},{"damage":48,"enemies":"Writhing Mass","floor":45,"turns":6},{"damage":17,"enemies":"Maw","floor":47,"turns":7},{"damage":6,"enemies":"4 Shapes","floor":48,"turns":4},{"damage":117,"enemies":"Awakened One","floor":50,"turns":11},{"damage":60,"enemies":"Shield and Spear","floor":54,"turns":5},{"damage":49,"enemies":"The Heart","floor":55,"turns":3}],"seed_played":"-1173423541443138070","potions_obtained":[{"floor":6.0,"key":"Fire Potion"},{"floor":8.0,"key":"BloodPotion"},{"floor":14.0,"key":"HeartOfIron"},{"floor":16.0,"key":"Energy Potion"},{"floor":22.0,"key":"SpeedPotion"},{"floor":23.0,"key":"LiquidMemories"},{"floor":27.0,"key":"DistilledChaos"},{"floor":33.0,"key":"Swift Potion"},{"floor":44,"key":"Dexterity Potion"},{"floor":47,"key":"ColorlessPotion"},{"floor":48,"key":"CultistPotion"},{"floor":54,"key":"SteroidPotion"}],"is_trial":false,"path_per_floor":["M","M","?","?","?","E","$","M","T","$","E","$","R","E","R","B",null,"M","?","?","?","M","E","$","E","T","M","E","R","M","?","R","B",null,"M","?","T","M","$","R","T","R","T","E","M","$","M","M","R","B",null,"R","$","E","B"],"character_chosen":"IRONCLAD","items_purchased":["AttackPotion","Oddly Smooth Stone","Demon Form","Bag of Marbles","Combust","Strawberry","Panacea","ColorlessPotion"],"campfire_rested":1,"item_purchase_floors":[7,12,24,24,39,46,53,53],"current_hp_per_floor":[74,80,80,69,69,35,35,43,43,43,36,36,36,18,42,12,63,66,39,39,39,56,56,56,48,48,55,52,52,56,56,56,51,55,56,46,46,52,52,52,52,52,52,56,32,39,63,63,63,43,58,58,58,35,0,0],"gold":47,"neow_bonus":"ONE_RARE_RELIC","is_daily":false,"chose_seed":false,"campfire_upgraded":1,"win_rate":0.0,"timestamp":1612678691,"path_taken":["M","M","?","?","?","E","$","?","T","?","E","$","R","E","R","BOSS","M","?","?","?","M","E","$","E","T","M","E","R","M","?","R","BOSS","M","?","?","M","$","R","?","R","T","E","M","$","M","M","R","BOSS","R","$","E","BOSS"],"items_purchased_type":["Potion","Relic","Card","Relic","Card","Relic","Card","Potion"],"build_version":"2020-12-13","purchased_purges":0,"victory":false,"max_hp_per_floor":[80,80,80,80,80,80,80,80,80,80,80,80,80,80,80,80,80,80,80,56,56,56,56,56,56,56,56,56,56,56,56,56,56,56,56,56,56,56,56,56,56,56,56,56,56,63,63,63,63,63,63,63,63,63,63,63],"relic_stats":{"counters":[24,124],"Blue Candle":[0],"Magic Flower":[139],"PreservedInsect":137,"Juzu Bracelet":1,"Burning Blood":162,"Blood Vial":3,"Shovel":5,"Busted Crown":20,"Ornamental Fan":[72],"Bronze Scales":[202],"Tiny Chest":1,"obtain_stats":[{"Potion Belt":6,"Girya":23,"Lantern":42,"Calipers":32,"Blue Candle":41,"Magic Flower":0,"Oddly Smooth Stone":12,"Thread and Needle":14,"PreservedInsect":29,"Juzu Bracelet":9,"Ancient Tea Set":11,"Burning Blood":0,"White Beast Statue":49,"Blood Vial":54,"Shovel":28,"Busted Crown":34,"HornCleat":52,"Ornamental Fan":43,"Bronze Scales":25,"Strawberry":46,"Tiny Chest":26,"Mark of Pain":17,"Bag of Marbles":24,"Red Skull":44},{"Potion Belt":3,"Girya":10,"Lantern":17,"Calipers":14,"Blue Candle":17,"Magic Flower":0,"Oddly Smooth Stone":5,"Thread and Needle":6,"PreservedInsect":13,"Juzu Bracelet":4,"Ancient Tea Set":5,"Burning Blood":0,"White Beast Statue":21,"Blood Vial":23,"Shovel":13,"Busted Crown":15,"HornCleat":22,"Ornamental Fan":17,"Bronze Scales":11,"Strawberry":19,"Tiny Chest":11,"Mark of Pain":7,"Bag of Marbles":10,"Red Skull":18},{"Potion Belt":17,"Girya":52,"Lantern":86,"Calipers":72,"Blue Candle":86,"Magic Flower":0,"Oddly Smooth Stone":23,"Thread and Needle":28,"PreservedInsect":68,"Juzu Bracelet":20,"Ancient Tea Set":23,"Burning Blood":0,"White Beast Statue":105,"Blood Vial":121,"Shovel":68,"Busted Crown":80,"HornCleat":116,"Ornamental Fan":86,"Bronze Scales":57,"Strawberry":94,"Tiny Chest":57,"Mark of Pain":39,"Bag of Marbles":52,"Red Skull":88}]},"card_choices":[{"not_picked":["Iron Wave","Sever Soul"],"picked":"Pommel Strike","floor":1.0},{"not_picked":["Headbutt","Dual Wield"],"picked":"Carnage","floor":2.0},{"not_picked":["Flame Barrier","Dark Embrace","Rupture"],"picked":"SKIP","floor":6.0},{"not_picked":["Flame Barrier","Warcry"],"picked":"Body Slam","floor":8.0},{"not_picked":["Armaments","Spot Weakness"],"picked":"Offering","floor":11.0},{"not_picked":["Sentinel","Flame Barrier"],"picked":"Pummel","floor":14.0},{"not_picked":["Berserk","Juggernaut"],"picked":"Impervious","floor":16.0},{"not_picked":["Wild Strike","Evolve"],"picked":"Fire Breathing","floor":18.0},{"not_picked":["Headbutt","Cleave"],"picked":"Thunderclap","floor":22.0},{"not_picked":["Perfected Strike","Rampage"],"picked":"Inflame","floor":23.0},{"not_picked":["Bloodletting","Reckless Charge"],"picked":"Rage","floor":25.0},{"not_picked":["Body Slam","Flex"],"picked":"Armaments","floor":27.0},{"not_picked":["Fire Breathing","Sword Boomerang"],"picked":"Pommel Strike+1","floor":28.0},{"not_picked":["Armaments","Bludgeon"],"picked":"Ghostly Armor","floor":30.0},{"not_picked":["Demon Form","Juggernaut"],"picked":"Reaper","floor":33.0},{"not_picked":["Thunderclap"],"picked":"SKIP","floor":35.0},{"not_picked":[],"picked":"Apotheosis","floor":36.0},{"not_picked":[],"picked":"Violence","floor":36.0},{"not_picked":[],"picked":"PanicButton","floor":36.0},{"not_picked":[],"picked":"Dropkick","floor":38.0},{"not_picked":[],"picked":"Blood for Blood","floor":44},{"not_picked":["Sentinel"],"picked":"SKIP","floor":45},{"not_picked":["Clothesline"],"picked":"SKIP","floor":47},{"not_picked":[],"picked":"Clothesline","floor":47},{"not_picked":[],"picked":"Heavy Blade","floor":48},{"not_picked":["Flex+1"],"picked":"SKIP","floor":54}],"player_experience":477957,"relics_obtained":[{"floor":6.0,"key":"Potion Belt"},{"floor":9.0,"key":"Juzu Bracelet"},{"floor":11.0,"key":"Ancient Tea Set"},{"floor":14.0,"key":"Thread and Needle"},{"floor":23.0,"key":"Girya"},{"floor":25.0,"key":"Bronze Scales"},{"floor":26.0,"key":"Tiny Chest"},{"floor":28.0,"key":"Shovel"},{"floor":29.0,"key":"PreservedInsect"},{"floor":32.0,"key":"Calipers"},{"floor":41.0,"key":"Blue Candle"},{"floor":42.0,"key":"Lantern"},{"floor":43.0,"key":"Ornamental Fan"},{"floor":44,"key":"Red Skull"},{"floor":49,"key":"White Beast Statue"},{"floor":52,"key":"HornCleat"},{"floor":54,"key":"Blood Vial"}],"event_choices":[{"damage_healed":0.0,"max_hp_gain":0.0,"max_hp_loss":0.0,"gold_gain":0.0,"cards_transformed":["Strike_R"],"event_name":"Living Wall","player_choice":"Change","floor":3.0,"gold_loss":0.0,"damage_taken":0.0,"cards_obtained":["Flame Barrier"]},{"damage_healed":0.0,"max_hp_gain":0.0,"max_hp_loss":0.0,"gold_gain":75.0,"event_name":"World of Goop","player_choice":"Gather Gold","floor":4.0,"gold_loss":0.0,"damage_taken":11.0},{"damage_healed":0.0,"max_hp_gain":0.0,"max_hp_loss":0.0,"gold_gain":0.0,"event_name":"Upgrade Shrine","player_choice":"Upgraded","floor":5.0,"gold_loss":0.0,"damage_taken":0.0,"cards_upgraded":["Pommel Strike"]},{"damage_healed":0.0,"max_hp_gain":0.0,"max_hp_loss":0.0,"gold_gain":270.0,"event_name":"Knowing Skull","player_choice":"GOLD GOLD GOLD ","floor":19.0,"potions_obtained":[],"gold_loss":0.0,"damage_taken":27.0,"cards_obtained":[]},{"damage_healed":0.0,"max_hp_gain":0.0,"max_hp_loss":24.0,"gold_gain":0.0,"event_name":"Vampires","player_choice":"Became a vampire","floor":20.0,"gold_loss":0.0,"damage_taken":0.0,"cards_obtained":["Bite","Bite","Bite","Bite","Bite"]},{"cards_removed":["Bite"],"damage_healed":0.0,"max_hp_gain":0.0,"max_hp_loss":0.0,"gold_gain":0.0,"event_name":"Beggar","player_choice":"Gave Gold","floor":21.0,"gold_loss":75.0,"damage_taken":0.0},{"damage_healed":0.0,"max_hp_gain":0.0,"max_hp_loss":0.0,"gold_gain":0.0,"event_name":"Back to Basics","player_choice":"Simplicity","floor":31.0,"gold_loss":0.0,"damage_taken":0.0,"cards_upgraded":["Defend_R","Defend_R","Defend_R","Defend_R"]},{"damage_healed":0.0,"max_hp_gain":0.0,"max_hp_loss":0.0,"gold_gain":0.0,"event_name":"SensoryStone","player_choice":"Memory 3","floor":36.0,"gold_loss":0.0,"damage_taken":10.0}],"is_beta":false,"boss_relics":[{"not_picked":["Astrolabe","Fusion Hammer"],"picked":"Mark of Pain"},{"not_picked":["Tiny House","Velvet Choker"],"picked":"Busted Crown"}],"items_purged_floors":[],"is_endless":false,"potions_floor_spawned":[6,8,14,16,22,23,27,30,33,35,44,47,48,54],"killed_by":"The Heart","ascension_level":13}}