{"host":"15f3wpiimhe5yrng","time":1612735603,"event":{"mods":["BaseMod","Better Altar","Better Match","Better Note","Better Sensory Stone","Better Skull","Better Third Choice","BetterRewards","Bossed Relics","Colored Map","Downfall","GifTheSpireLib","Good Game Mod","KinomotoSakuraMod(????)","Minty Spire (QoL Compilation)","Permanent Neow","StSLib","The Disciple","The Marked","The Mystic","The Servant 0.9.4"],"gold_per_floor":[114,128,146,221,231,257,257,273,352,378,391,423,442,453,453,557,557,575,595,595,472,472,472,572,606,606,638,658,683,683,702,702,805,805,817,817,835,885,607,641,641,669,669,669,703,263,282,298,298,298,298,298,77,109,109],"floor_reached":56,"language":"ENG","playtime":3314,"items_purged":["Strike_R","Injury","Defend_R","Defend_R","Defend_R"],"score":2151,"play_id":"5693f14c-f0ee-4efb-8262-cca6eb6e3823","local_time":"20210207230643","is_ascension_mode":true,"campfire_choices":[{"data":"Armaments","floor":7.0,"key":"SMITH"},{"data":"1","floor":15.0,"key":"LIFT"},{"data":"2","floor":23.0,"key":"LIFT"},{"data":"3","floor":30.0,"key":"LIFT"},{"data":"True Grit","floor":32.0,"key":"SMITH"},{"floor":41,"key":"RECALL"},{"data":"Inflame","floor":44,"key":"SMITH"},{"data":"Spot Weakness","floor":49,"key":"SMITH"},{"data":"Panacea","floor":52,"key":"SMITH"}],"circlet_count":0,"master_deck":["Bash+1","Magnetism","Pummel","Flex","Cleave","Feed","Armaments+1","Intimidate","Twin Strike+1","True Grit+1","Spot Weakness+1","Twin Strike","Heavy Blade","Slimebound:Tackle+1","Slimebound:Tackle+1","Slimebound:Tackle+1","Panacea+1","Uppercut+1","Inflame+1","Shockwave","Heavy Blade","Armaments"],"relics":["Black Blood","REME:ComplimentaryCards","Mango","Pocketwatch","Orichalcum?","Runic Pyramid","Empty Cage","Nunchaku","Self Forming Clay","Girya","Akabeko","Incense Burner","Bag of Marbles","Bronze Scales","CaptainsWheel","Busted Crown","Dead Branch","Pear","Bottled Lightning","Bottled Flame","Sling","Whetstone","Art of War"],"acts_visited":["Exordium","TheCity","TheBeyond","TheEnding"],"potions_floor_usage":[55,55],"damage_taken":[{"damage":1.0,"enemies":"Cultist","floor":1.0,"turns":3.0},{"damage":2.0,"enemies":"2 Louse","floor":2.0,"turns":2.0},{"damage":0.0,"enemies":"Small Slimes","floor":3.0,"turns":2.0},{"damage":14.0,"enemies":"Blue Slaver","floor":5.0,"turns":3.0},{"damage":26.0,"enemies":"Gremlin Nob","floor":6.0,"turns":4.0},{"damage":5.0,"enemies":"Looter","floor":8.0,"turns":3.0},{"damage":2.0,"enemies":"Lagavulin","floor":10.0,"turns":5.0},{"damage":6.0,"enemies":"Lots of Slimes","floor":11.0,"turns":3.0},{"damage":4.0,"enemies":"3 Sentries","floor":12.0,"turns":5.0},{"damage":0.0,"enemies":"3 Louse","floor":13.0,"turns":1.0},{"damage":3.0,"enemies":"Looter","floor":14.0,"turns":2.0},{"damage":5.0,"enemies":"The Guardian","floor":16.0,"turns":9.0},{"damage":5.0,"enemies":"Spheric Guardian","floor":18.0,"turns":3.0},{"damage":6.0,"enemies":"Chosen","floor":19.0,"turns":3.0},{"damage":7.0,"enemies":"Gremlin Leader","floor":25.0,"turns":4.0},{"damage":20.0,"enemies":"Book of Stabbing","floor":27.0,"turns":3.0},{"damage":7.0,"enemies":"Centurion and Healer","floor":28.0,"turns":3.0},{"damage":22.0,"enemies":"Slavers","floor":29.0,"turns":4.0},{"damage":0.0,"enemies":"3 Cultists","floor":31.0,"turns":4.0},{"damage":59.0,"enemies":"Champ","floor":33.0,"turns":9.0},{"damage":0,"enemies":"Orb Walker","floor":35,"turns":1},{"damage":3,"enemies":"3 Darklings","floor":37,"turns":4},{"damage":0,"enemies":"Mind Bloom Boss Battle","floor":38,"turns":3},{"damage":7,"enemies":"Nemesis","floor":40,"turns":5},{"damage":11,"enemies":"Reptomancer","floor":42,"turns":6},{"damage":28,"enemies":"Nemesis","floor":45,"turns":7},{"damage":0,"enemies":"4 Shapes","floor":47,"turns":3},{"damage":1,"enemies":"Transient","floor":48,"turns":5},{"damage":50,"enemies":"Donu and Deca","floor":50,"turns":6},{"damage":26,"enemies":"Shield and Spear","floor":54,"turns":3},{"damage":70,"enemies":"The Heart","floor":55,"turns":6}],"seed_played":"-5409642001732644374","potions_obtained":[{"floor":1.0,"key":"EssenceOfSteel"},{"floor":2.0,"key":"sneckomod:MuddlingPotion"},{"floor":6.0,"key":"SkillPotion"},{"floor":29.0,"key":"DuplicationPotion"},{"floor":33.0,"key":"DistilledChaos"}],"is_trial":false,"path_per_floor":["M","M","M","?","M","E","R","M","T","E","M","E","M","M","R","B",null,"M","M","?","$","?","R","?","E","T","E","M","E","R","M","R","B",null,"M","?","M","?","$","E","R","E","T","R","E","$","M","M","R","B",null,"R","$","E","B",null],"character_chosen":"IRONCLAD","items_purchased":["Mango","Heavy Blade","Inflame","Shockwave","Sling","Whetstone","Armaments"],"campfire_rested":0,"item_purchase_floors":[0,21,39,39,46,46,53],"current_hp_per_floor":[43,47,53,44,39,22,22,27,27,35,39,44,50,57,57,62,108,115,125,125,125,125,125,125,131,131,127,136,129,129,144,144,97,133,145,145,149,152,152,166,166,169,169,169,156,156,171,175,175,140,169,169,169,159,105],"gold":109,"neow_bonus":"","is_daily":false,"chose_seed":false,"campfire_upgraded":5,"win_rate":0.0,"timestamp":1612735603,"path_taken":["M","M","?","?","M","E","R","M","T","E","M","E","?","M","R","BOSS","M","M","?","$","?","R","?","E","T","E","?","E","R","M","R","BOSS","M","?","M","?","$","E","R","E","T","R","E","$","M","M","R","BOSS","R","$","E","BOSS"],"items_purchased_type":["Relic","Card","Card","Card","Relic","Relic","Card"],"build_version":"2020-12-22","purchased_purges":5,"victory":true,"max_hp_per_floor":[94,94,94,94,97,100,100,104,104,108,112,115,115,119,119,123,123,123,127,127,127,127,127,127,131,131,135,139,142,142,145,145,145,145,145,145,149,152,152,166,166,169,169,169,172,172,175,175,175,178,178,178,178,182,186],"card_choices":[{"not_picked":["True Grit","Clothesline"],"picked":"Cleave","floor":1.0},{"not_picked":["Thunderclap","Rupture","Clothesline"],"picked":"SKIP","floor":2.0},{"not_picked":["Armaments","Ghostly Armor"],"picked":"Feed","floor":3.0},{"not_picked":["Bloodletting","Clash"],"picked":"Armaments","floor":5.0},{"not_picked":["Whirlwind","Armaments","Iron Wave"],"picked":"SKIP","floor":6.0},{"not_picked":["Anger","Perfected Strike"],"picked":"Intimidate","floor":8.0},{"not_picked":["Sever Soul","Body Slam"],"picked":"Twin Strike","floor":10.0},{"not_picked":["Clothesline","Dual Wield","Iron Wave"],"picked":"SKIP","floor":11.0},{"not_picked":["Intimidate","Armaments"],"picked":"True Grit","floor":12.0},{"not_picked":["Second Wind","Juggernaut"],"picked":"Spot Weakness","floor":13.0},{"not_picked":["Anger","Hemokinesis","True Grit"],"picked":"SKIP","floor":14.0},{"not_picked":["Clothesline","Warcry","Body Slam+1"],"picked":"SKIP","floor":18.0},{"not_picked":["Searing Blow","Armaments"],"picked":"Twin Strike","floor":19.0},{"not_picked":["Armaments","Fiend Fire","Sentinel"],"picked":"SKIP","floor":25.0},{"not_picked":["Flame Barrier+1","Cleave","Headbutt"],"picked":"SKIP","floor":27.0},{"not_picked":["Flame Barrier+1","Sword Boomerang","Perfected Strike"],"picked":"SKIP","floor":28.0},{"not_picked":["Shrug It Off","Clash","True Grit+1"],"picked":"SKIP","floor":29.0},{"not_picked":["Reaper","Body Slam","Searing Blow"],"picked":"SKIP","floor":31.0},{"not_picked":["Wild Strike"],"picked":"SKIP","floor":35},{"not_picked":[],"picked":"Panacea","floor":36},{"not_picked":["Armaments"],"picked":"SKIP","floor":37},{"not_picked":[],"picked":"Uppercut+1","floor":38},{"not_picked":["Havoc"],"picked":"SKIP","floor":40},{"not_picked":["Armaments"],"picked":"SKIP","floor":42},{"not_picked":["True Grit"],"picked":"SKIP","floor":45},{"not_picked":[],"picked":"Heavy Blade","floor":47},{"not_picked":["Havoc+1"],"picked":"SKIP","floor":48},{"not_picked":["Dropkick"],"picked":"SKIP","floor":54}],"player_experience":140461,"relics_obtained":[{"floor":6.0,"key":"Nunchaku"},{"floor":9.0,"key":"Self Forming Clay"},{"floor":10.0,"key":"Girya"},{"floor":12.0,"key":"Akabeko"},{"floor":25.0,"key":"Incense Burner"},{"floor":26.0,"key":"Bag of Marbles"},{"floor":27.0,"key":"Bronze Scales"},{"floor":29.0,"key":"CaptainsWheel"},{"floor":38,"key":"Dead Branch"},{"floor":40,"key":"Pear"},{"floor":42,"key":"Bottled Lightning"},{"floor":45,"key":"Bottled Flame"},{"floor":54,"key":"Art of War"}],"event_choices":[{"damage_healed":0.0,"max_hp_gain":0.0,"max_hp_loss":0.0,"gold_gain":75.0,"event_name":"FaceTrader","player_choice":"Touch","floor":4.0,"gold_loss":0.0,"damage_taken":9.0},{"damage_healed":0.0,"max_hp_gain":0.0,"max_hp_loss":0.0,"gold_gain":0.0,"event_name":"betterNote:BetterNote","player_choice":"Ignored","floor":20.0,"gold_loss":0.0,"damage_taken":0.0,"cards_obtained":["DeusExMachina"]},{"damage_healed":0.0,"max_hp_gain":0.0,"max_hp_loss":0.0,"gold_gain":100.0,"event_name":"Golden Shrine","player_choice":"Pray","floor":24.0,"gold_loss":0.0,"damage_taken":0.0},{"damage_healed":0,"gold_gain":3,"player_choice":"1","damage_taken":0,"max_hp_gain":0,"max_hp_loss":0,"event_name":"betterStone:BetterStone","floor":36,"gold_loss":0},{"damage_healed":0,"gold_gain":0,"player_choice":"Fight","damage_taken":0,"max_hp_gain":0,"max_hp_loss":0,"event_name":"MindBloom","floor":38,"gold_loss":0}],"is_beta":false,"boss_relics":[{"not_picked":["Snecko Eye","Calling Bell"],"picked":"Black Blood"},{"not_picked":["Pandora\u0027s Box","Philosopher\u0027s Stone"],"picked":"Busted Crown"}],"items_purged_floors":[0,21,39,46,53],"is_endless":false,"potions_floor_spawned":[1,2,6,12,13,25,29,33,35,37,47,48,54],"ascension_level":9}}