{"host":"hjajo0rafoe1e6c4","time":1612683353,"event":{"mods":["AchievementEnabler","BaseMod","Bestiary","Colored Map","Colored Powertips","Downfall","Highlight Path","Minty Spire (QoL Compilation)","Relic Stats","StSLib"],"gold_per_floor":[109,184,51,68,68,68,100,100,100,100,29,29,29,42,42,170,170,185,185,185,36,61,102,102,102,102,138,138,171,171,205,205,300,300,311,311,311,311,163,194,211,227,309,342,342,359,359,392,392,392,392,392,69,94,94,94],"floor_reached":55,"language":"ENG","playtime":2259,"items_purged":[],"score":1038,"play_id":"32a1efc2-99bb-4df5-8117-26484d405d0e","local_time":"20210207023553","is_ascension_mode":true,"campfire_choices":[{"data":"Bash","floor":6,"key":"SMITH"},{"data":"Whirlwind","floor":8,"key":"SMITH"},{"floor":12,"key":"DIG"},{"floor":15,"key":"REST"},{"floor":25,"key":"DIG"},{"floor":30,"key":"DIG"},{"floor":32,"key":"DIG"},{"floor":45,"key":"DIG"},{"floor":47,"key":"RECALL"},{"floor":49,"key":"DIG"},{"floor":52,"key":"DIG"}],"circlet_count":0,"master_deck":["Strike_R","Strike_R","Strike_R","Strike_R","Defend_R","Defend_R","Defend_R+1","Defend_R","Bash+1","Sword Boomerang","Clothesline","Flash of Steel","Burning Pact+1","Whirlwind+1","Inflame","Armaments","Double Tap","Anger","Spot Weakness","Battle Trance","J.A.X.","Blood for Blood","Sword Boomerang","Reaper","Bloodletting+1","Madness","Madness","Bloodletting","Shockwave","Sentinel+1","Inflame"],"relics":["Philosopher\u0027s Stone","CaptainsWheel","Shovel","Bloody Idol","Question Card","Busted Crown","Meat on the Bone","Chemical X","Art of War","War Paint","Paper Frog","Blue Candle","White Beast Statue","Letter Opener","Eternal Feather","Gremlin Horn","Coffee Dripper","Bag of Marbles","Anchor","Vajra","Ornamental Fan","Omamori","Champion Belt","Centennial Puzzle","Ginger","Self Forming Clay","Bottled Tornado","Mercury Hourglass"],"acts_visited":["Exordium","TheCity","TheBeyond","TheEnding"],"potions_floor_usage":[16,27,27,33,40,41,46,50,55],"damage_taken":[{"damage":0,"enemies":"Small Slimes","floor":1,"turns":3},{"damage":4,"enemies":"Jaw Worm","floor":4,"turns":3},{"damage":43,"enemies":"3 Sentries","floor":7,"turns":10},{"damage":0,"enemies":"2 Louse","floor":14,"turns":1},{"damage":13,"enemies":"The Guardian","floor":16,"turns":8},{"damage":20,"enemies":"Shell Parasite","floor":18,"turns":3},{"damage":24,"enemies":"Spheric Guardian","floor":22,"turns":5},{"damage":9,"enemies":"Book of Stabbing","floor":23,"turns":4},{"damage":14,"enemies":"Slavers","floor":27,"turns":2},{"damage":28,"enemies":"Book of Stabbing","floor":29,"turns":3},{"damage":3,"enemies":"Gremlin Leader","floor":31,"turns":3},{"damage":36,"enemies":"Automaton","floor":33,"turns":5},{"damage":7,"enemies":"Orb Walker","floor":35,"turns":2},{"damage":27,"enemies":"Nemesis","floor":40,"turns":3},{"damage":19,"enemies":"3 Shapes","floor":41,"turns":3},{"damage":24,"enemies":"Maw","floor":42,"turns":5},{"damage":13,"enemies":"Giant Head","floor":44,"turns":5},{"damage":14,"enemies":"Transient","floor":46,"turns":5},{"damage":6,"enemies":"Reptomancer","floor":48,"turns":1},{"damage":111,"enemies":"Donu and Deca","floor":50,"turns":6},{"damage":63,"enemies":"Shield and Spear","floor":54,"turns":4},{"damage":98,"enemies":"The Heart","floor":55,"turns":5}],"seed_played":"-6085299905496423424","potions_obtained":[{"floor":4,"key":"EssenceOfSteel"},{"floor":16,"key":"PowerPotion"},{"floor":22,"key":"BloodPotion"},{"floor":23,"key":"Swift Potion"},{"floor":31,"key":"AttackPotion"},{"floor":33,"key":"Block Potion"},{"floor":35,"key":"SpeedPotion"},{"floor":40,"key":"Energy Potion"},{"floor":41,"key":"Strength Potion"},{"floor":42,"key":"Swift Potion"},{"floor":46,"key":"Strength Potion"},{"floor":48,"key":"FairyPotion"},{"floor":54,"key":"sneckomod:MuddlingPotion"}],"is_trial":false,"path_per_floor":["M","?","$","M","?","R","E","R","T","?","$","R","T","M","R","B",null,"M","?","?","$","M","E","?","R","T","E","?","E","R","E","R","B",null,"M","?","?","?","$","E","M","M","T","E","R","M","R","E","R","B",null,"R","$","E","B"],"character_chosen":"IRONCLAD","items_purchased":["Clothesline","Flash of Steel","Inflame","Chemical X","Anchor","Bottled Tornado","Inflame"],"campfire_rested":1,"item_purchase_floors":[3,3,11,21,39,53,53],"current_hp_per_floor":[80,69,69,65,58,58,15,15,15,15,15,15,15,15,37,24,74,54,54,54,54,42,45,45,45,45,43,43,32,32,46,58,39,74,74,74,65,65,65,43,62,54,59,68,74,65,74,73,74,23,74,74,74,54,0,0],"gold":94,"neow_bonus":"BOSS_RELIC","is_daily":false,"chose_seed":false,"campfire_upgraded":2,"win_rate":0.0,"timestamp":1612683353,"path_taken":["M","?","$","M","?","R","E","R","T","?","?","R","?","?","R","BOSS","M","?","?","$","M","E","?","R","T","E","?","E","R","E","R","BOSS","M","?","?","?","$","E","?","M","T","E","R","M","R","E","R","BOSS","R","$","E","BOSS"],"items_purchased_type":["Card","Card","Card","Relic","Relic","Relic","Card"],"build_version":"2020-12-22","purchased_purges":0,"victory":false,"max_hp_per_floor":[80,80,80,80,80,80,80,80,80,74,74,74,74,74,74,74,74,74,74,74,74,74,74,74,74,74,74,74,74,74,74,74,74,74,74,74,74,74,74,74,74,74,74,74,74,74,74,74,74,74,74,74,74,74,74,74],"relic_stats":{"Gremlin Horn":[6,6],"counters":[22,89],"Self Forming Clay":[66],"Blue Candle":[0],"Eternal Feather":28,"Letter Opener":[120],"Ginger":[2],"War Paint":["Defend_R","Burning Pact"],"Question Card":17,"Mercury Hourglass":[15],"Centennial Puzzle":[3],"Shovel":7,"Busted Crown":30,"Ornamental Fan":[36],"Bloody Idol":59,"Art of War":[0],"Chemical X":[17],"Champion Belt":[10],"obtain_stats":[{"Gremlin Horn":32,"Vajra":40,"Ginger":49,"Bottled Tornado":53,"Burning Blood":0,"Centennial Puzzle":48,"Shovel":9,"Philosopher\u0027s Stone":0,"Chemical X":21,"Paper Frog":26,"Golden Idol":10,"Self Forming Clay":52,"Blue Candle":27,"Eternal Feather":31,"Omamori":44,"Letter Opener":30,"War Paint":25,"Question Card":12,"White Beast Statue":29,"Mercury Hourglass":54,"CaptainsWheel":7,"Anchor":39,"Busted Crown":17,"Ornamental Fan":43,"Bloody Idol":28,"Art of War":23,"Coffee Dripper":34,"Bag of Marbles":38,"Champion Belt":45,"Meat on the Bone":20},{"Gremlin Horn":11,"Vajra":14,"Ginger":19,"Bottled Tornado":20,"Burning Blood":0,"Centennial Puzzle":19,"Shovel":3,"Philosopher\u0027s Stone":0,"Chemical X":6,"Paper Frog":8,"Golden Idol":3,"Self Forming Clay":20,"Blue Candle":9,"Eternal Feather":11,"Omamori":17,"Letter Opener":10,"War Paint":8,"Question Card":3,"White Beast Statue":10,"Mercury Hourglass":21,"CaptainsWheel":3,"Anchor":13,"Busted Crown":5,"Ornamental Fan":16,"Bloody Idol":9,"Art of War":8,"Coffee Dripper":12,"Bag of Marbles":13,"Champion Belt":17,"Meat on the Bone":6},{"Gremlin Horn":45,"Vajra":55,"Ginger":74,"Bottled Tornado":80,"Burning Blood":0,"Centennial Puzzle":74,"Shovel":16,"Philosopher\u0027s Stone":0,"Chemical X":28,"Paper Frog":37,"Golden Idol":16,"Self Forming Clay":80,"Blue Candle":39,"Eternal Feather":45,"Omamori":68,"Letter Opener":42,"War Paint":37,"Question Card":16,"White Beast Statue":42,"Mercury Hourglass":84,"CaptainsWheel":16,"Anchor":52,"Busted Crown":25,"Ornamental Fan":63,"Bloody Idol":39,"Art of War":37,"Coffee Dripper":50,"Bag of Marbles":52,"Champion Belt":68,"Meat on the Bone":28}],"Meat on the Bone":96},"card_choices":[{"not_picked":["Twin Strike","Searing Blow"],"picked":"Sword Boomerang","floor":1},{"not_picked":["Pommel Strike","Havoc"],"picked":"Burning Pact","floor":4},{"not_picked":["Perfected Strike","Dropkick"],"picked":"Whirlwind","floor":7},{"not_picked":["Dual Wield","Sever Soul","Sentinel"],"picked":"Armaments","floor":14},{"not_picked":["Berserk","Fiend Fire","Juggernaut"],"picked":"Double Tap","floor":16},{"not_picked":["Havoc+1"],"picked":"Anger","floor":18},{"not_picked":["Intimidate+1","Rupture"],"picked":"SKIP","floor":22},{"not_picked":["Entrench"],"picked":"Battle Trance","floor":23},{"not_picked":["Searing Blow","Rage"],"picked":"SKIP","floor":27},{"not_picked":["Uppercut"],"picked":"Blood for Blood","floor":29},{"not_picked":["Shrug It Off"],"picked":"Sword Boomerang","floor":31},{"not_picked":["Double Tap"],"picked":"Reaper","floor":33},{"not_picked":["Iron Wave+1"],"picked":"Bloodletting+1","floor":35},{"not_picked":["Seeing Red+1"],"picked":"Bloodletting","floor":40},{"not_picked":["Cleave+1","Anger"],"picked":"SKIP","floor":41},{"not_picked":["Thunderclap"],"picked":"Shockwave","floor":42},{"not_picked":["Sever Soul+1"],"picked":"Sentinel+1","floor":44},{"not_picked":["Fire Breathing","Metallicize+1"],"picked":"SKIP","floor":46},{"not_picked":["Burning Pact","Combust"],"picked":"SKIP","floor":48},{"not_picked":["Thunderclap","Wild Strike"],"picked":"SKIP","floor":54}],"player_experience":258977,"relics_obtained":[{"floor":7,"key":"CaptainsWheel"},{"floor":9,"key":"Shovel"},{"floor":12,"key":"Question Card"},{"floor":23,"key":"Art of War"},{"floor":25,"key":"War Paint"},{"floor":26,"key":"Paper Frog"},{"floor":27,"key":"Blue Candle"},{"floor":29,"key":"White Beast Statue"},{"floor":30,"key":"Letter Opener"},{"floor":31,"key":"Eternal Feather"},{"floor":32,"key":"Gremlin Horn"},{"floor":40,"key":"Vajra"},{"floor":43,"key":"Ornamental Fan"},{"floor":44,"key":"Omamori"},{"floor":45,"key":"Champion Belt"},{"floor":48,"key":"Centennial Puzzle"},{"floor":49,"key":"Ginger"},{"floor":52,"key":"Self Forming Clay"},{"floor":54,"key":"Mercury Hourglass"}],"event_choices":[{"damage_healed":0,"gold_gain":75,"player_choice":"Gather Gold","damage_taken":11,"max_hp_gain":0,"max_hp_loss":0,"event_name":"World of Goop","floor":2,"gold_loss":0},{"cards_removed":["Strike_R"],"damage_healed":0,"gold_gain":0,"player_choice":"Card Removal","damage_taken":7,"max_hp_gain":0,"max_hp_loss":0,"event_name":"Golden Wing","floor":5,"gold_loss":0},{"damage_healed":0,"gold_gain":0,"player_choice":"Lose Max HP","damage_taken":0,"relics_obtained":["Golden Idol"],"max_hp_gain":0,"max_hp_loss":6,"event_name":"Golden Idol","floor":10,"gold_loss":0},{"damage_healed":0,"gold_gain":0,"player_choice":"Read","damage_taken":0,"max_hp_gain":0,"max_hp_loss":0,"event_name":"The Library","floor":19,"gold_loss":0,"cards_obtained":["Spot Weakness"]},{"damage_healed":0,"gold_gain":0,"player_choice":"Opened","damage_taken":0,"relics_obtained":["Meat on the Bone"],"max_hp_gain":0,"max_hp_loss":0,"event_name":"The Mausoleum","floor":20,"gold_loss":0},{"damage_healed":0,"gold_gain":0,"player_choice":"Obtain J.A.X.","damage_taken":0,"max_hp_gain":0,"max_hp_loss":0,"event_name":"Drug Dealer","floor":24,"gold_loss":0,"cards_obtained":["J.A.X."]},{"damage_healed":0,"gold_gain":0,"player_choice":"Gave Idol","damage_taken":0,"relics_obtained":["Bloody Idol"],"max_hp_gain":0,"max_hp_loss":0,"event_name":"Forgotten Altar","floor":28,"relics_lost":["Golden Idol"],"gold_loss":0},{"damage_healed":0,"gold_gain":0,"player_choice":"Ignored","damage_taken":0,"max_hp_gain":0,"max_hp_loss":0,"event_name":"Tomb of Lord Red Mask","floor":36,"gold_loss":0},{"damage_healed":0,"gold_gain":0,"player_choice":"Embrace Madness","damage_taken":9,"max_hp_gain":0,"max_hp_loss":0,"event_name":"Winding Halls","floor":37,"gold_loss":0,"cards_obtained":["Madness","Madness"]},{"damage_healed":0,"gold_gain":0,"player_choice":"Gave Potion","damage_taken":0,"relics_obtained":["Bag of Marbles"],"max_hp_gain":0,"max_hp_loss":0,"event_name":"WeMeetAgain","floor":38,"gold_loss":0}],"is_beta":false,"boss_relics":[{"not_picked":["Fusion Hammer","Astrolabe"],"picked":"Busted Crown"},{"not_picked":["Sozu","Velvet Choker"],"picked":"Coffee Dripper"}],"items_purged_floors":[],"is_endless":false,"potions_floor_spawned":[4,16,22,23,31,33,35,40,41,42,44,46,48,54],"killed_by":"The Heart","ascension_level":4}}