{"host":"h2hvhmnr6sxj7mkx","time":1612694599,"event":{"mods":["BaseMod","Marisa????????","Minty Spire (QoL Compilation)","StSLib"],"gold_per_floor":[110,130,140,150,168,203,203,216,239,255,19,51,51,80,80,182,182,201,201,201,224,235,263,288,317,317,335,335,335,335],"floor_reached":29,"language":"ENG","playtime":2798,"items_purged":[],"score":275,"play_id":"dafdb128-bd5b-445c-b878-a9fb132dc120","local_time":"20210207044319","is_ascension_mode":false,"campfire_choices":[{"data":"Loop","floor":7,"key":"SMITH"},{"data":"Capacitor","floor":13,"key":"SMITH"},{"data":"Hello World","floor":15,"key":"SMITH"}],"circlet_count":0,"master_deck":["Strike_B","Strike_B","Strike_B","Strike_B","Defend_B","Defend_B","Defend_B","Defend_B","Zap","Dualcast","Conserve Battery","Conserve Battery","Streamline","Cold Snap","Aggregate","Loop+1","Hello World","Barrage","Chill","Capacitor+1","Hello World+1","Biased Cognition","Genetic Algorithm","RitualDagger","Necronomicurse","Ball Lightning","Gash","Ball Lightning","Beam Cell","Steam","Pain"],"relics":["Cracked Core","Pocketwatch","Oddly Smooth Stone","Lee\u0027s Waffle","Mummified Hand","Odd Mushroom","Necronomicon","Boot","PreservedInsect","Red Mask","Bronze Scales","InkBottle"],"acts_visited":["Exordium","TheCity"],"potions_floor_usage":[3,23,24,29],"damage_taken":[{"damage":0,"enemies":"Cultist","floor":1,"turns":3},{"damage":0,"enemies":"Small Slimes","floor":2,"turns":3},{"damage":2,"enemies":"Jaw Worm","floor":3,"turns":4},{"damage":2,"enemies":"Blue Slaver","floor":4,"turns":4},{"damage":18,"enemies":"Exordium Thugs","floor":5,"turns":4},{"damage":14,"enemies":"Lagavulin","floor":6,"turns":8},{"damage":6,"enemies":"3 Louse","floor":8,"turns":3},{"damage":4,"enemies":"2 Fungi Beasts","floor":10,"turns":4},{"damage":13,"enemies":"3 Sentries","floor":12,"turns":7},{"damage":24,"enemies":"The Mushroom Lair","floor":14,"turns":4},{"damage":10,"enemies":"Slime Boss","floor":16,"turns":9},{"damage":10,"enemies":"Shell Parasite","floor":18,"turns":6},{"damage":4,"enemies":"Chosen","floor":22,"turns":5},{"damage":35,"enemies":"Book of Stabbing","floor":23,"turns":6},{"damage":13,"enemies":"Masked Bandits","floor":24,"turns":5},{"damage":13,"enemies":"Slavers","floor":25,"turns":5},{"damage":6,"enemies":"Snake Plant","floor":27,"turns":3},{"damage":22,"enemies":"Shelled Parasite and Fungi","floor":29,"turns":5}],"seed_played":"-266912249902360338","potions_obtained":[{"floor":1,"key":"EntropicBrew"},{"floor":3,"key":"FairyPotion"},{"floor":24,"key":"SmokeBomb"},{"floor":25,"key":"FearPotion"},{"floor":27,"key":"SkillPotion"}],"is_trial":false,"path_per_floor":["M","M","M","M","M","E","R","M","T","M","$","E","R","?","R","B",null,"M","?","?","T","M","E","?","E","T","M","?","M"],"character_chosen":"DEFECT","items_purchased":["Lee\u0027s Waffle","Chill"],"campfire_rested":0,"item_purchase_floors":[11,11],"current_hp_per_floor":[82,82,80,78,60,46,46,40,40,36,89,76,76,52,52,42,89,79,73,57,57,53,18,5,26,26,20,20,0,0],"gold":335,"neow_bonus":"TEN_PERCENT_HP_BONUS","is_daily":false,"chose_seed":false,"campfire_upgraded":3,"win_rate":0.0,"timestamp":1612694599,"path_taken":["M","M","?","M","M","E","R","?","T","M","$","E","R","?","R","BOSS","M","?","?","?","?","E","?","E","T","M","?","M"],"items_purchased_type":["Relic","Card"],"build_version":"2020-12-22","purchased_purges":0,"victory":false,"max_hp_per_floor":[82,82,82,82,82,82,82,82,82,82,89,89,89,89,89,89,89,89,89,89,89,89,89,89,89,89,89,89,89,89],"card_choices":[{"not_picked":["Auto Shields","Storm"],"picked":"Conserve Battery","floor":1},{"not_picked":["Go for the Eyes","Steam Power"],"picked":"Conserve Battery","floor":2},{"not_picked":["Redo","Auto Shields"],"picked":"Streamline","floor":3},{"not_picked":["Barrage","Gash"],"picked":"Cold Snap","floor":4},{"not_picked":["Conserve Battery","Lockon"],"picked":"Aggregate","floor":5},{"not_picked":["Sweeping Beam","Electrodynamics"],"picked":"Loop","floor":6},{"not_picked":["Lockon","Doom and Gloom"],"picked":"Hello World","floor":8},{"not_picked":["Compile Driver","Gash"],"picked":"Barrage","floor":10},{"not_picked":["Cold Snap","Streamline"],"picked":"Capacitor","floor":12},{"not_picked":["Beam Cell","Go for the Eyes"],"picked":"Hello World","floor":14},{"not_picked":["Fission","Seek"],"picked":"Biased Cognition","floor":16},{"not_picked":["Storm","Cold Snap"],"picked":"Genetic Algorithm","floor":18},{"not_picked":["Leap","Conserve Battery"],"picked":"Ball Lightning","floor":22},{"not_picked":["FTL","Chill"],"picked":"Gash","floor":23},{"not_picked":["FTL","Cold Snap"],"picked":"Ball Lightning","floor":24},{"not_picked":["Compile Driver","Cold Snap"],"picked":"Beam Cell","floor":25},{"not_picked":["Go for the Eyes","Barrage+1"],"picked":"Steam","floor":27}],"player_experience":23686,"relics_obtained":[{"floor":6,"key":"Pocketwatch"},{"floor":9,"key":"Oddly Smooth Stone"},{"floor":12,"key":"Mummified Hand"},{"floor":14,"key":"Odd Mushroom"},{"floor":20,"key":"Necronomicon"},{"floor":21,"key":"Boot"},{"floor":23,"key":"PreservedInsect"},{"floor":24,"key":"Red Mask"},{"floor":25,"key":"Bronze Scales"},{"floor":26,"key":"InkBottle"}],"event_choices":[{"damage_healed":0,"gold_gain":0,"player_choice":"Fought Mushrooms","damage_taken":0,"max_hp_gain":0,"max_hp_loss":0,"event_name":"Mushrooms","floor":14,"gold_loss":0},{"damage_healed":0,"gold_gain":0,"player_choice":"Joined the Cult","damage_taken":6,"max_hp_gain":0,"max_hp_loss":0,"event_name":"Nest","floor":19,"gold_loss":0,"cards_obtained":["RitualDagger"]},{"damage_healed":0,"gold_gain":0,"player_choice":"Obtained Book","damage_taken":16,"max_hp_gain":0,"max_hp_loss":0,"event_name":"Cursed Tome","floor":20,"gold_loss":0},{"damage_healed":0,"gold_gain":0,"player_choice":"Fought Bandits","damage_taken":0,"max_hp_gain":0,"max_hp_loss":0,"event_name":"Masked Bandits","floor":24,"gold_loss":0},{"damage_healed":0,"gold_gain":0,"player_choice":"1 cards matched","damage_taken":0,"max_hp_gain":0,"max_hp_loss":0,"event_name":"Match and Keep!","floor":28,"gold_loss":0,"cards_obtained":["Pain"]}],"is_beta":false,"boss_relics":[{"not_picked":["Fusion Hammer","Busted Crown","Runic Pyramid"]}],"items_purged_floors":[],"is_endless":false,"potions_floor_spawned":[1,3,6,10,12,16,24,25,27],"killed_by":"Shelled Parasite and Fungi","ascension_level":0}}