{"host":"y76clbnovzmw9ubx","time":1612731430,"event":{"mods":["AchievementEnabler","BaseMod","Minty Spire (QoL Compilation)","Permanent Neow","Relic Stats"],"gold_per_floor":[217,142,46,121,131,131,147,147,221,221,241,241,253,284,284,358,408,427,427,438,438,454,454,454],"floor_reached":23,"language":"ENG","playtime":1089,"items_purged":[],"score":382,"play_id":"2f3eec21-138c-4088-a6bd-79289503d194","local_time":"20210207155710","is_ascension_mode":true,"campfire_choices":[{"data":"Poisoned Stab","floor":6.0,"key":"SMITH"},{"data":"Noxious Fumes","floor":8,"key":"SMITH"},{"data":"Blur","floor":10,"key":"SMITH"},{"data":"Skewer","floor":12,"key":"SMITH"},{"data":"Survivor","floor":15,"key":"SMITH"}],"circlet_count":0,"master_deck":["AscendersBane","Strike_G","Strike_G","Defend_G","Defend_G","Defend_G","Defend_G","Defend_G","Survivor+1","Neutralize","Flying Knee","Blur+1","Poisoned Stab+1","Noxious Fumes+1","Skewer+1","Backstab","Cloak And Dagger","Corpse Explosion+1","Dodge and Roll","Cloak And Dagger+1","Heel Hook","Expertise","PiercingWail","Ghostly","Ghostly","Ghostly","Deflect"],"relics":["Ring of the Snake","Frozen Egg 2","Art of War","Tiny House"],"acts_visited":["Exordium","TheCity"],"potions_floor_usage":[13,14,18,23],"damage_taken":[{"damage":0.0,"enemies":"2 Louse","floor":1.0,"turns":3.0},{"damage":5.0,"enemies":"Small Slimes","floor":5.0,"turns":5.0},{"damage":1.0,"enemies":"Jaw Worm","floor":7.0,"turns":4.0},{"damage":3,"enemies":"Blue Slaver","floor":11,"turns":4},{"damage":0,"enemies":"Gremlin Gang","floor":13,"turns":5},{"damage":6,"enemies":"Gremlin Nob","floor":14,"turns":3},{"damage":26,"enemies":"The Guardian","floor":16,"turns":11},{"damage":20,"enemies":"3 Byrds","floor":18,"turns":3},{"damage":22,"enemies":"2 Thieves","floor":20,"turns":3},{"damage":11,"enemies":"Centurion and Healer","floor":22,"turns":6},{"damage":12,"enemies":"Book of Stabbing","floor":23,"turns":3}],"seed_played":"-2345549942054752187","potions_obtained":[{"floor":11,"key":"Weak Potion"},{"floor":13,"key":"FearPotion"},{"floor":17,"key":"CultistPotion"},{"floor":20,"key":"LiquidMemories"},{"floor":22,"key":"PowerPotion"}],"is_trial":false,"path_per_floor":["M","?","$","?","M","R","M","R","T","R","M","R","M","E","R","B",null,"M","?","M","?","M","E"],"character_chosen":"THE_SILENT","items_purchased":["Blur","Fire Potion"],"campfire_rested":0,"item_purchase_floors":[3,3],"current_hp_per_floor":[59,59,59,48,43,43,42,42,42,42,39,39,39,33,33,7,56,36,36,14,14,3,0,0],"gold":454,"neow_bonus":"HUNDRED_GOLD","is_daily":false,"chose_seed":false,"campfire_upgraded":5,"win_rate":0.0,"timestamp":1612731430,"path_taken":["M","?","$","?","M","R","M","R","T","R","M","R","M","E","R","BOSS","M","?","M","?","M","E"],"items_purchased_type":["Card","Potion"],"build_version":"2020-12-22","purchased_purges":0,"victory":false,"max_hp_per_floor":[66,66,66,66,66,66,66,66,66,66,66,66,66,66,66,66,71,71,71,71,35,35,35,35],"relic_stats":{"counters":[11,50],"Art of War":[2],"obtain_stats":[{"Tiny House":17,"Art of War":14,"Frozen Egg 2":9,"Ring of the Snake":0},{"Tiny House":7,"Art of War":6,"Frozen Egg 2":3,"Ring of the Snake":0},{"Tiny House":35,"Art of War":24,"Frozen Egg 2":12,"Ring of the Snake":0}],"Ring of the Snake":[22]},"card_choices":[{"not_picked":["Outmaneuver","PiercingWail"],"picked":"Flying Knee","floor":1.0},{"not_picked":["Bane","Outmaneuver"],"picked":"Poisoned Stab","floor":5.0},{"not_picked":["Cloak And Dagger","Poisoned Stab"],"picked":"Noxious Fumes","floor":7.0},{"not_picked":["Venomology","Terror"],"picked":"Skewer","floor":11},{"not_picked":["Poisoned Stab","PiercingWail"],"picked":"Backstab","floor":13},{"not_picked":["Distraction","Flechettes"],"picked":"Cloak And Dagger","floor":14},{"not_picked":["Adrenaline","Grand Finale"],"picked":"Corpse Explosion","floor":16},{"not_picked":["Poisoned Stab","Dagger Throw"],"picked":"Dodge and Roll","floor":17},{"not_picked":["Underhanded Strike","Deadly Poison+1"],"picked":"Cloak And Dagger+1","floor":18},{"not_picked":["Tactician+1","Quick Slash"],"picked":"PiercingWail","floor":20},{"not_picked":["Bane","Quick Slash"],"picked":"Deflect","floor":22}],"player_experience":3207419,"relics_obtained":[{"floor":9,"key":"Frozen Egg 2"},{"floor":14,"key":"Art of War"}],"event_choices":[{"cards_removed":["Strike_G"],"damage_healed":0.0,"max_hp_gain":0.0,"max_hp_loss":0.0,"gold_gain":0.0,"event_name":"The Cleric","player_choice":"Card Removal","floor":2.0,"gold_loss":75.0,"damage_taken":0.0},{"damage_healed":0.0,"max_hp_gain":0.0,"max_hp_loss":0.0,"gold_gain":75.0,"event_name":"World of Goop","player_choice":"Gather Gold","floor":4.0,"gold_loss":0.0,"damage_taken":11.0},{"damage_healed":0,"gold_gain":0,"cards_transformed":["Strike_G","Strike_G"],"player_choice":"Became Test Subject","damage_taken":0,"max_hp_gain":0,"max_hp_loss":0,"event_name":"Drug Dealer","floor":19,"gold_loss":0,"cards_obtained":["Heel Hook","Expertise"]},{"damage_healed":0,"gold_gain":0,"player_choice":"Became a Ghost","damage_taken":0,"max_hp_gain":0,"max_hp_loss":36,"event_name":"Ghosts","floor":21,"gold_loss":0,"cards_obtained":["Ghostly","Ghostly","Ghostly"]}],"is_beta":false,"boss_relics":[{"not_picked":["Calling Bell","Snecko Eye"],"picked":"Tiny House"}],"items_purged_floors":[],"is_endless":false,"potions_floor_spawned":[11,13,20,22],"killed_by":"Book of Stabbing","ascension_level":20}}