{"host":"c6xy0a74zz7y4nf6","time":1612674992,"event":{"mods":["BaseMod","Colored Map","Hermit","Minty Spire (QoL Compilation)","Replay The Spire","Robot Space Explorer","StSLib","The Cursed","The Death Knight","The Exalted","The Servant 0.9.4","The Wild Card"],"gold_per_floor":[109,152,177,189,201,244,256,268,305,335,380,406,593,617,629,737,749,776,788,816,927,657,690,447,447,447,16,16,37,37,58,58,174,174,204,241,18,44,100,100,151,4,4,0,38,38,38,56,56],"floor_reached":48,"language":"ENG","playtime":2152,"items_purged":["Amnesia","Doubt"],"score":536,"play_id":"d3650e70-9752-4294-9382-704c7e5c5f39","local_time":"20210206231632","is_ascension_mode":false,"campfire_choices":[{"floor":7,"key":"REST"},{"floor":15,"key":"REST"},{"floor":25,"key":"REST"},{"floor":32,"key":"REST"},{"floor":40,"key":"REST"},{"floor":46,"key":"REST"}],"circlet_count":0,"master_deck":["DeathKnight:Strike_DeathKnight+1","DeathKnight:Strike_DeathKnight+1","DeathKnight:Strike_DeathKnight+1","DeathKnight:Strike_DeathKnight+1","DeathKnight:Strike_DeathKnight+1","DeathKnight:Defend_DeathKnight+1","DeathKnight:Defend_DeathKnight+1","DeathKnight:Defend_DeathKnight+1","DeathKnight:Defend_DeathKnight+1","DeathKnight:Defend_DeathKnight+1","DeathKnight:RuneTap","DeathKnight:RuneStrike","DeathKnight:DarkSuccor","DeathKnight:BladedArmor","DeathKnight:DeathAndDecay+1","DeathKnight:MutagenicPlague","DeathKnight:MindFreeze","DeathKnight:Contagion","DeathKnight:FoulBulwark","DeathKnight:DeathCoil","DeathKnight:SindragosasBreath","DeathKnight:Contagion","DeathKnight:DeathAndDecay+1","DeathKnight:Hysteria","Sadistic Nature","Purity","DeathKnight:Runesurge+1","CurseOfTheBell","DeathKnight:Pestilence+1","DeathKnight:DancingRuneblade","DeathKnight:UnholyFrenzy+1","DeathKnight:BoneSpear+1","DeathKnight:Parry+1","Discovery+1"],"relics":["DeathKnight:BrokenRuneblade","MawBank","DeathKnight:AbominationHead","Anchor","Bag of Preparation","Ring of Chaos","Replay:Bandana","DeathKnight:LanathelsBloodyNail","Regal Pillow","BargainBundle","DeathKnight:ScourgePlagueSample","Bromod:ArcaneGuardian","Calling Bell","Blood Vial","Toxic Egg 2","Pocketwatch","Membership Card","Gremlin Food","Bromod:ArcaneAegis","Bromod:ArcaneAwakening","FossilizedHelix","Pear","Red Mask"],"acts_visited":["Exordium","TheCity","TheBeyond"],"potions_floor_usage":[6,16,16,20,23,33,33,33,41,41,41,48],"damage_taken":[{"damage":11,"enemies":"Jaw Worm","floor":1,"turns":6},{"damage":0,"enemies":"2 Louse","floor":3,"turns":3},{"damage":36,"enemies":"3 Sentries","floor":6,"turns":8},{"damage":0,"enemies":"Small Slimes","floor":10,"turns":4},{"damage":16,"enemies":"Lagavulin","floor":11,"turns":6},{"damage":11,"enemies":"Blue Slaver","floor":12,"turns":4},{"damage":23,"enemies":"Gremlin Gang","floor":14,"turns":3},{"damage":10,"enemies":"The Guardian","floor":16,"turns":6},{"damage":22,"enemies":"Shell Parasite","floor":18,"turns":5},{"damage":0,"enemies":"Chosen","floor":20,"turns":5},{"damage":49,"enemies":"Slavers","floor":23,"turns":5},{"damage":12,"enemies":"Snake Plant","floor":29,"turns":3},{"damage":21,"enemies":"Centurion and Healer","floor":31,"turns":4},{"damage":37,"enemies":"Collector","floor":33,"turns":7},{"damage":9,"enemies":"3 Darklings","floor":35,"turns":4},{"damage":22,"enemies":"3 Shapes","floor":36,"turns":3},{"damage":8,"enemies":"Transient","floor":38,"turns":5},{"damage":1,"enemies":"Mind Bloom Boss Battle","floor":39,"turns":6},{"damage":65,"enemies":"Reptomancer","floor":41,"turns":5},{"damage":20,"enemies":"4 Shapes","floor":45,"turns":3},{"damage":58,"enemies":"Maw","floor":48,"turns":6}],"seed_played":"4117228422212269498","potions_obtained":[{"floor":2,"key":"Venom Potion"},{"floor":3,"key":"SpeedPotion"},{"floor":6,"key":"FearPotion"},{"floor":12,"key":"DuplicationPotion"},{"floor":14,"key":"Adrenaline Potion"},{"floor":18,"key":"LiquidMemories"},{"floor":20,"key":"PowerPotion"},{"floor":33,"key":"Weak Potion"},{"floor":36,"key":"Block Potion"},{"floor":38,"key":"Adrenaline Potion"},{"floor":41,"key":"SkillPotion"}],"is_trial":false,"path_per_floor":["M","?","M","?","$","E","R","?","T","M","E","M","?","M","R","B",null,"M","?","M","?","$","E","$","R","T","$","?","M","?","M","R","B",null,"M","M","$","M","?","R","E","$","T","?","M","R","?","M"],"character_chosen":"DEATH_KNIGHT","items_purchased":["Replay:Bandana","DeathKnight:Hysteria","Regal Pillow","BargainBundle","DeathKnight:ScourgePlagueSample","Sadistic Nature","Purity","Strength Potion","Swift Potion","Venom Potion","Membership Card","Gremlin Food","FossilizedHelix"],"campfire_rested":6,"item_purchase_floors":[22,22,24,27,27,27,27,27,27,27,37,37,42],"current_hp_per_floor":[71,39,39,39,39,3,27,82,82,82,66,55,55,32,56,46,82,60,60,60,60,60,11,11,50,50,50,50,38,38,17,56,19,82,73,53,53,47,48,82,17,17,27,27,9,51,51,0,0],"gold":56,"neow_bonus":"TEN_PERCENT_HP_BONUS","is_daily":false,"chose_seed":false,"campfire_upgraded":0,"win_rate":0.0,"timestamp":1612674992,"path_taken":["M","?","M","?","$","E","R","?","T","M","E","M","?","M","R","BOSS","M","?","?","?","$","E","?","R","T","$","?","M","?","?","R","BOSS","M","M","$","M","?","R","E","$","T","?","M","R","?","M"],"items_purchased_type":["Relic","Card","Relic","Relic","Relic","Card","Card","Potion","Potion","Potion","Relic","Relic","Relic"],"build_version":"2020-12-22","purchased_purges":2,"victory":false,"max_hp_per_floor":[82,82,82,82,82,82,82,82,82,82,82,82,82,82,82,82,82,82,82,82,82,82,82,82,82,82,82,82,82,82,82,82,82,82,82,82,82,82,82,82,82,82,92,92,92,92,92,92,92],"card_choices":[{"not_picked":["DeathKnight:ScourgeStrike","DeathKnight:DeathRune"],"picked":"DeathKnight:DarkSuccor","floor":1},{"not_picked":["DeathKnight:DeathCoil","DeathKnight:RunicCorruption"],"picked":"DeathKnight:BladedArmor","floor":2},{"not_picked":["DeathKnight:Lichborne","DeathKnight:UnholyFrenzy"],"picked":"DeathKnight:DeathAndDecay","floor":2},{"not_picked":["DeathKnight:BludPresence","DeathKnight:RaiseAlly"],"picked":"DeathKnight:MutagenicPlague","floor":3},{"not_picked":["DeathKnight:Contagion","DeathKnight:ThirstingStrike"],"picked":"DeathKnight:MindFreeze","floor":6},{"not_picked":["DeathKnight:GargoyleSkin","DeathKnight:Parry"],"picked":"DeathKnight:Contagion","floor":10},{"not_picked":["DeathKnight:GargoyleSkin","DeathKnight:PillarOfFrost"],"picked":"DeathKnight:FoulBulwark","floor":11},{"not_picked":["DeathKnight:Runesurge","DeathKnight:Ossuary"],"picked":"DeathKnight:DeathCoil","floor":12},{"not_picked":["DeathKnight:BloodTap","DeathKnight:RunicCorruption","DeathKnight:RuneShock"],"picked":"SKIP","floor":14},{"not_picked":["DeathKnight:Runesurge","DeathKnight:VampiricBlood"],"picked":"DeathKnight:SindragosasBreath","floor":16},{"not_picked":["DeathKnight:DeathCoil","DeathKnight:DarkSuccor","DeathKnight:WraithWalk"],"picked":"SKIP","floor":18},{"not_picked":["DeathKnight:DeathCoil","DeathKnight:UnholyFrenzy"],"picked":"DeathKnight:DeathAndDecay+1","floor":20},{"not_picked":["DeathKnight:PathOfFrost","DeathKnight:UnholyPresence","DeathKnight:DreadStrike"],"picked":"SKIP","floor":23},{"not_picked":["DeathKnight:BludPresence","DeathKnight:DeathsAdvance","DeathKnight:BloodBoil"],"picked":"SKIP","floor":29},{"not_picked":["DeathKnight:BludPresence","DeathKnight:RuneShock","DeathKnight:GargoyleSkin+1"],"picked":"SKIP","floor":31},{"not_picked":["DeathKnight:MarkOfBlood","DeathKnight:UnholyExperiment"],"picked":"DeathKnight:Runesurge","floor":33},{"not_picked":["DeathKnight:MutagenicPlague+1","DeathKnight:UnholyFrenzy+1"],"picked":"DeathKnight:Pestilence+1","floor":35},{"not_picked":["DeathKnight:Ossuary+1","DeathKnight:DreadStrike+1"],"picked":"DeathKnight:DancingRuneblade","floor":36},{"not_picked":["DeathKnight:MutagenicPlague+1","DeathKnight:Parry+1"],"picked":"DeathKnight:UnholyFrenzy+1","floor":38},{"not_picked":["DeathKnight:RunicDetonation","DeathKnight:BloodTap+1"],"picked":"DeathKnight:BoneSpear+1","floor":39},{"not_picked":["DeathKnight:FoulBulwark+1","DeathKnight:FrostStrike"],"picked":"DeathKnight:Parry+1","floor":41},{"not_picked":["DeathKnight:Culling+1","DeathKnight:UnholyFrenzy+1","DeathKnight:RuneShock"],"picked":"SKIP","floor":45},{"not_picked":["Deep Breath+1","Replay:Sssssssssstrike"],"picked":"Discovery+1","floor":47}],"player_experience":107199,"relics_obtained":[{"floor":2,"key":"MawBank"},{"floor":6,"key":"DeathKnight:AbominationHead"},{"floor":9,"key":"Anchor"},{"floor":11,"key":"Bag of Preparation"},{"floor":23,"key":"DeathKnight:LanathelsBloodyNail"},{"floor":34,"key":"Blood Vial"},{"floor":34,"key":"Toxic Egg 2"},{"floor":34,"key":"Pocketwatch"},{"floor":39,"key":"Bromod:ArcaneAegis"},{"floor":41,"key":"Bromod:ArcaneAwakening"},{"floor":43,"key":"Pear"}],"event_choices":[{"damage_healed":0,"gold_gain":0,"player_choice":"Ignored","damage_taken":0,"max_hp_gain":0,"max_hp_loss":0,"event_name":"Shining Light","floor":4,"gold_loss":0},{"damage_healed":0,"gold_gain":175,"player_choice":"AGREE","damage_taken":0,"max_hp_gain":0,"max_hp_loss":0,"event_name":"Liars Game","floor":13,"gold_loss":0,"cards_obtained":["Doubt"]},{"damage_healed":0,"gold_gain":0,"player_choice":"Copied","damage_taken":0,"max_hp_gain":0,"max_hp_loss":0,"event_name":"Duplicator","floor":19,"gold_loss":0,"cards_obtained":["DeathKnight:Contagion"]},{"damage_healed":0,"gold_gain":99,"player_choice":"Stole From Cult","damage_taken":0,"max_hp_gain":0,"max_hp_loss":0,"event_name":"Nest","floor":21,"gold_loss":0},{"damage_healed":0,"gold_gain":0,"player_choice":"Simplicity","damage_taken":0,"max_hp_gain":0,"max_hp_loss":0,"event_name":"Back to Basics","floor":28,"gold_loss":0,"cards_upgraded":["DeathKnight:Strike_DeathKnight","DeathKnight:Strike_DeathKnight","DeathKnight:Strike_DeathKnight","DeathKnight:Strike_DeathKnight","DeathKnight:Strike_DeathKnight","DeathKnight:Defend_DeathKnight","DeathKnight:Defend_DeathKnight","DeathKnight:Defend_DeathKnight","DeathKnight:Defend_DeathKnight","DeathKnight:Defend_DeathKnight"]},{"damage_healed":0,"gold_gain":0,"player_choice":"Opened","damage_taken":0,"relics_obtained":["Bromod:ArcaneGuardian"],"max_hp_gain":0,"max_hp_loss":0,"event_name":"The Mausoleum","floor":30,"gold_loss":0},{"damage_healed":0,"gold_gain":0,"player_choice":"Fight","damage_taken":0,"max_hp_gain":0,"max_hp_loss":0,"event_name":"MindBloom","floor":39,"gold_loss":0},{"damage_healed":0,"gold_gain":0,"player_choice":"Paid","damage_taken":0,"relics_obtained":["Red Mask"],"max_hp_gain":0,"max_hp_loss":0,"event_name":"Tomb of Lord Red Mask","floor":44,"gold_loss":4},{"damage_healed":0,"gold_gain":0,"player_choice":"Memory 1","damage_taken":0,"max_hp_gain":0,"max_hp_loss":0,"event_name":"SensoryStone","floor":47,"gold_loss":0}],"is_beta":false,"boss_relics":[{"not_picked":["Velvet Choker","Cursed Key"],"picked":"Ring of Chaos"},{"not_picked":["Astrolabe","Runic Pyramid"],"picked":"Calling Bell"}],"items_purged_floors":[22,24],"is_endless":false,"potions_floor_spawned":[3,6,12,14,18,20,29,33,36,38,41],"killed_by":"Maw","ascension_level":0}}