{"host":"3ovdp3kj1t94ivgi","time":1612719406,"event":{"mods":["BaseMod","Downfall","Luminous","Minty Spire (QoL Compilation)","Shade Mod","StSLib","The Necromancer"],"gold_per_floor":[118,135,135,37,50,50,75,119,119,119,133,206,16,30,30,154,154,172,25,50,50,68,102,102,145,171,184,184,219,239,252,252,381,381,400,16,30,30,54,98,114,128,153,167,185,210,115,138,138,138],"floor_reached":51,"language":"ENG","playtime":4573,"items_purged":["Injury","Luminous:Defend_Luminous"],"score":808,"play_id":"614f12fc-58e6-486e-9136-2568d026392d","local_time":"20210208013646","is_ascension_mode":true,"campfire_choices":[{"data":"Luminous:Dark_Apocalypse","floor":6.0,"key":"SMITH"},{"floor":15.0,"key":"REST"},{"data":"Luminous:Light_Track","floor":24,"key":"SMITH"},{"floor":28,"key":"REST"},{"data":"Luminous:Dark_Pressure_Void","floor":32,"key":"SMITH"},{"floor":49,"key":"REST"}],"circlet_count":0,"master_deck":["Luminous:Light_Flash_Shower","Luminous:Light_Flash_Shower","Luminous:Light_Flash_Shower","Luminous:Dark_Abyssal_Drop","Luminous:Dark_Abyssal_Drop","Luminous:Dark_Abyssal_Drop","Luminous:Defend_Luminous","Luminous:Defend_Luminous","Luminous:Switch_Luminous","Luminous:Dark_Apocalypse+1","Luminous:Balance_Ender","Luminous:Light_Track+1","Luminous:Concentrate_Luminous","Luminous:Dark_Pressure_Void+1","Luminous:Light_Glare","Luminous:Dark_Moonlight_Spear","Luminous:Tune_Luminous+1","Apotheosis+1","Luminous:Light_Glare","Luminous:Freud_Wisdom1_Luminous+1","Luminous:Light_Spectral_Light","Luminous:Photic_Meditation_Luminous","Luminous:Dark_Dim_Erosion","Luminous:Dark_Raid+1","Luminous:Light_Glare+1","Luminous:Darks_Surge_Luminous+1","Luminous:Concentrate_Luminous+1","Luminous:Balance_Death_Scythe+1","Luminous:Dark_Pressure_Void+1","Luminous:Balance_Aether_Conduit+1","Luminous:Flash_Blink_Luminous+1","Luminous:Dark_Apocalypse+1","Apotheosis+1","Luminous:Light_Glare+1","Luminous:Dark_Apocalypse+1","Luminous:Darkness_Mastery_Luminous","Luminous:Light_Glare+1","Luminous:Armageddon_Luminous+1","Luminous:Phantom_Treasure_Luminous+1","Luminous:Light_Track+1","Luminous:Light_Wash_Luminous","Mind Blast+1","Luminous:Balance_Baptism+1"],"relics":["Luminous:MirrorRelic","NeowsBlessing","Golden Idol","Toxic Egg 2","Ornamental Fan","GremlinMask","Matryoshka","Philosopher\u0027s Stone","Molten Egg 2","Bird Faced Urn","TungstenRod","Pen Nib","Ancient Tea Set","Torii","Fusion Hammer","DollysMirror","Oddly Smooth Stone","MealTicket","Bronze Scales"],"acts_visited":["Exordium","TheCity","TheBeyond"],"potions_floor_usage":[16,16,16,33,39,50,50],"damage_taken":[{"damage":0.0,"enemies":"2 Louse","floor":1.0,"turns":1.0},{"damage":0.0,"enemies":"Jaw Worm","floor":2.0,"turns":1.0},{"damage":0.0,"enemies":"Cultist","floor":5.0,"turns":1.0},{"damage":17.0,"enemies":"Exordium Thugs","floor":7.0,"turns":5.0},{"damage":28.0,"enemies":"Lagavulin","floor":8.0,"turns":8.0},{"damage":8.0,"enemies":"Blue Slaver","floor":11.0,"turns":2.0},{"damage":5.0,"enemies":"Red Slaver","floor":14.0,"turns":4.0},{"damage":38,"enemies":"Slime Boss","floor":16,"turns":9},{"damage":0,"enemies":"Chosen","floor":18,"turns":4},{"damage":7,"enemies":"Spheric Guardian","floor":20,"turns":3},{"damage":28,"enemies":"3 Cultists","floor":22,"turns":5},{"damage":16,"enemies":"Book of Stabbing","floor":23,"turns":5},{"damage":18,"enemies":"Gremlin Leader","floor":25,"turns":6},{"damage":6,"enemies":"Snecko","floor":27,"turns":5},{"damage":17,"enemies":"Slavers","floor":29,"turns":6},{"damage":14,"enemies":"Snake Plant","floor":30,"turns":6},{"damage":0,"enemies":"Centurion and Healer","floor":31,"turns":3},{"damage":38,"enemies":"Champ","floor":33,"turns":9},{"damage":19,"enemies":"3 Shapes","floor":35,"turns":2},{"damage":0,"enemies":"3 Darklings","floor":37,"turns":4},{"damage":0,"enemies":"Maw","floor":39,"turns":7},{"damage":0,"enemies":"Giant Head","floor":40,"turns":9},{"damage":0,"enemies":"Transient","floor":41,"turns":5},{"damage":0,"enemies":"3 Darklings","floor":42,"turns":2},{"damage":6,"enemies":"Sphere and 2 Shapes","floor":44,"turns":3},{"damage":0,"enemies":"Transient","floor":45,"turns":5},{"damage":14,"enemies":"Jaw Worm Horde","floor":46,"turns":3},{"damage":0,"enemies":"Maw","floor":48,"turns":7},{"damage":11,"enemies":"Donu and Deca","floor":50,"turns":8}],"seed_played":"7865789401740438060","potions_obtained":[{"floor":1.0,"key":"Block Potion"},{"floor":2.0,"key":"Regen Potion"},{"floor":8.0,"key":"Swift Potion"},{"floor":14.0,"key":"PowerPotion"},{"floor":20,"key":"Weak Potion"},{"floor":25,"key":"DistilledChaos"},{"floor":29,"key":"LiquidMemories"},{"floor":30,"key":"FearPotion"},{"floor":37,"key":"BlessingOfTheForge"},{"floor":39,"key":"FearPotion"},{"floor":44,"key":"Ancient Potion"},{"floor":48,"key":"LiquidMemories"}],"is_trial":false,"path_per_floor":["M","M","?","$","M","R","M","E","T","?","M","T","$","M","R","B",null,"M","$","M","?","M","E","R","E","T","M","R","E","M","M","R","B",null,"M","$","M","?","M","E","M","M","T","M","M","M","$","M","R","B",null],"character_chosen":"LuminousClass","items_purchased":["Luminous:Light_Track","Luminous:Concentrate_Luminous","Apotheosis+1","Luminous:Photic_Meditation_Luminous","Luminous:Dark_Apocalypse+1","DollysMirror","Luminous:Light_Glare+1","Mind Blast+1"],"campfire_rested":3,"item_purchase_floors":[4,4,13,19,36,36,36,47],"current_hp_per_floor":[75,75,75,75,75,75,58,30,30,30,22,22,22,17,39,16,75,75,75,68,68,44,34,34,21,21,27,49,41,39,44,44,18,75,56,56,56,56,64,75,75,75,75,71,73,63,75,75,75,75],"gold":138,"neow_bonus":"THREE_ENEMY_KILL","is_daily":false,"chose_seed":false,"campfire_upgraded":3,"win_rate":0.0,"timestamp":1612719406,"path_taken":["M","M","?","$","M","R","M","E","T","?","?","?","$","M","R","BOSS","M","$","M","?","M","E","R","E","T","?","R","E","M","M","R","BOSS","M","$","M","?","M","E","M","M","T","M","M","M","$","?","R","BOSS"],"items_purchased_type":["Card","Card","Card","Card","Card","Relic","Card","Card"],"build_version":"2020-12-13","purchased_purges":2,"victory":true,"max_hp_per_floor":[75,75,75,75,75,75,75,75,75,75,75,75,75,75,75,75,75,75,75,75,75,75,75,75,75,75,75,75,75,75,75,75,75,75,75,75,75,75,75,75,75,75,75,75,75,75,75,75,75,75],"card_choices":[{"not_picked":["Luminous:Dark_Moonlight_Spear","Luminous:Dark_Dim_Erosion"],"picked":"Luminous:Dark_Apocalypse","floor":1.0},{"not_picked":["Luminous:Concentrate_Luminous","Luminous:Light_Wash_Luminous"],"picked":"Luminous:Balance_Ender","floor":2.0},{"not_picked":["Luminous:Blinding_Pillar_Luminous","Luminous:Lights_Protection_Luminous"],"picked":"Luminous:Dark_Pressure_Void","floor":5.0},{"not_picked":["Luminous:Hero_Will_Luminous","Luminous:Dark_Arcane_Pitch"],"picked":"Luminous:Light_Glare","floor":7.0},{"not_picked":["Luminous:Concentrate_Luminous+1","Luminous:Light_Wash_Luminous"],"picked":"Luminous:Dark_Moonlight_Spear","floor":8.0},{"not_picked":["Luminous:Lights_Protection_Luminous+1","Luminous:Light_Reflection"],"picked":"Luminous:Tune_Luminous+1","floor":11.0},{"not_picked":["Luminous:Dark_Dim_Erosion","Luminous:Tune_Luminous+1"],"picked":"Luminous:Light_Glare","floor":14.0},{"not_picked":["Luminous:Balance_Baptism","Luminous:Dark_Crescendo_Luminous"],"picked":"Luminous:Freud_Wisdom1_Luminous+1","floor":16},{"not_picked":["Luminous:Concentrate_Luminous+1","Luminous:Light_Gather"],"picked":"Luminous:Light_Spectral_Light","floor":18},{"not_picked":["Luminous:Light_Sylvan_Lance","Luminous:Concentrate_Luminous+1"],"picked":"Luminous:Dark_Dim_Erosion","floor":20},{"not_picked":["Luminous:Magic_Guard_Luminous+1","Luminous:Light_Disperse+1"],"picked":"Luminous:Dark_Raid+1","floor":22},{"not_picked":["Luminous:Dark_Raid+1","Luminous:Shadow_Shell_Luminous+1"],"picked":"Luminous:Light_Glare+1","floor":23},{"not_picked":["Luminous:Dark_Crescendo_Luminous","Luminous:Concentrate_Luminous+1"],"picked":"Luminous:Darks_Surge_Luminous+1","floor":25},{"not_picked":["Luminous:Reverse_Spell_Luminous+1","Luminous:Hero_Will_Luminous+1","Luminous:Magic_Guard_Luminous+1"],"picked":"SKIP","floor":27},{"not_picked":["Luminous:Light_Gather+1","Luminous:Dark_Pressure_Void+1"],"picked":"Luminous:Concentrate_Luminous+1","floor":29},{"not_picked":["Luminous:Shadow_Shell_Luminous+1","Luminous:Photic_Meditation_Luminous"],"picked":"Luminous:Balance_Death_Scythe+1","floor":30},{"not_picked":["Luminous:Concentrate_Luminous+1","Luminous:Light_Gather+1"],"picked":"Luminous:Dark_Pressure_Void+1","floor":31},{"not_picked":["Luminous:Chaos_Field_Luminous+1","Luminous:Erosion_Luminous+1"],"picked":"Luminous:Balance_Aether_Conduit+1","floor":33},{"not_picked":["Luminous:Light_Disperse+1","Luminous:Light_Gather+1"],"picked":"Luminous:Flash_Blink_Luminous+1","floor":35},{"not_picked":["Luminous:Light_Spectral_Light+1","Luminous:Light_Gather+1"],"picked":"Luminous:Dark_Apocalypse+1","floor":37},{"not_picked":["Luminous:Light_Sylvan_Lance+1","Luminous:Light_Spectral_Light+1"],"picked":"Luminous:Darkness_Mastery_Luminous","floor":39},{"not_picked":["Luminous:Light_Sylvan_Lance+1","Luminous:Dark_Pressure_Void+1"],"picked":"Luminous:Light_Glare+1","floor":40},{"not_picked":["Luminous:Light_Glare+1","Luminous:Light_Wash_Luminous+1"],"picked":"Luminous:Armageddon_Luminous+1","floor":41},{"not_picked":["Luminous:Dusk_Guard_Luminous","Luminous:Light_Sylvan_Lance+1"],"picked":"Luminous:Phantom_Treasure_Luminous+1","floor":42},{"not_picked":["Luminous:Blinding_Pillar_Luminous+1","Luminous:Lights_Protection_Luminous+1","Luminous:Light_Gather+1"],"picked":"SKIP","floor":44},{"not_picked":["Luminous:Light_Disperse+1","Luminous:Lights_Protection_Luminous+1"],"picked":"Luminous:Light_Track+1","floor":45},{"not_picked":["Luminous:Dark_Dim_Erosion+1","Luminous:Concentrate_Luminous+1"],"picked":"Luminous:Light_Wash_Luminous","floor":46},{"not_picked":["Luminous:Light_Ray_of_Redemption+1","Luminous:Dark_Raid+1"],"picked":"Luminous:Balance_Baptism+1","floor":48}],"player_experience":49033,"relics_obtained":[{"floor":8.0,"key":"Toxic Egg 2"},{"floor":9.0,"key":"Ornamental Fan"},{"floor":12.0,"key":"Matryoshka"},{"floor":23,"key":"Bird Faced Urn"},{"floor":25,"key":"TungstenRod"},{"floor":26,"key":"Pen Nib"},{"floor":26,"key":"Ancient Tea Set"},{"floor":29,"key":"Torii"},{"floor":40,"key":"Oddly Smooth Stone"},{"floor":43,"key":"MealTicket"},{"floor":43,"key":"Bronze Scales"}],"event_choices":[{"damage_healed":0.0,"max_hp_gain":0.0,"max_hp_loss":0.0,"gold_gain":0.0,"event_name":"Golden Idol","player_choice":"Take Wound","floor":3.0,"gold_loss":0.0,"damage_taken":0.0,"relics_obtained":["Golden Idol"],"cards_obtained":["Injury"]},{"damage_healed":0.0,"max_hp_gain":0.0,"max_hp_loss":0.0,"gold_gain":0.0,"event_name":"FaceTrader","player_choice":"Trade","floor":10.0,"gold_loss":0.0,"damage_taken":0.0,"relics_obtained":["GremlinMask"]},{"damage_healed":0,"gold_gain":0,"player_choice":"Gave Potion","damage_taken":0,"relics_obtained":["Molten Egg 2"],"max_hp_gain":0,"max_hp_loss":0,"event_name":"WeMeetAgain","floor":21,"gold_loss":0},{"cards_removed":["Luminous:Defend_Luminous"],"damage_healed":0,"gold_gain":0,"player_choice":"Card Removal","damage_taken":0,"max_hp_gain":0,"max_hp_loss":0,"event_name":"Wheel of Change","floor":38,"gold_loss":0}],"is_beta":false,"boss_relics":[{"not_picked":["Ectoplasm","bronze:MakeshiftBattery"],"picked":"Philosopher\u0027s Stone"},{"not_picked":["Busted Crown","Sozu"],"picked":"Fusion Hammer"}],"items_purged_floors":[19,36],"is_endless":false,"potions_floor_spawned":[1,2,8,11,14,20,25,29,30,37,39,44,48],"ascension_level":1}}