{"host":"bcpyscfajg8dk59p","time":1612716052,"event":{"mods":["Act Like it!","BaseMod","BetterRewards","Colored Map","Colored Powertips","Conspire","Downfall","Friendly Minions","Hubris","Infinite Spire","Ironclad Rager","Minty Spire (QoL Compilation)","Permanent Neow","Quarter Circle Forward PUNCH!","Replay The Spire","StSLib","SuperFastMode","Trackpad"],"gold_per_floor":[111,111,111,131,150,150,150,177,201,234,251,278,303,338,338,455,505,527,552,552,552,573,573,648,648,699,727,753,678,678,702,702,806,806,834,866,866,866,890,916,955,649,649,685,709,709,728,454,454,462],"floor_reached":51,"language":"ENG","playtime":3662,"items_purged":["Strike_R","Strike_R","Strike_R","Defend_R"],"score":853,"play_id":"f01514a6-d726-4c9c-980f-d595816b33dc","local_time":"20210207084052","is_ascension_mode":true,"campfire_choices":[{"data":"Bash","floor":6.0,"key":"SMITH"},{"data":"Ghostly Armor","floor":15.0,"key":"SMITH"},{"data":"Heavy Blade","floor":23.0,"key":"SMITH"},{"data":"hubris:StunningStrike","floor":25.0,"key":"SMITH"},{"data":"Limit Break","floor":30.0,"key":"SMITH"},{"data":"Strike_R+2","floor":46,"key":"SMITH"},{"floor":49,"key":"DIG"}],"circlet_count":0,"master_deck":["infinitespire:Starlight+1","Strike_R+3","Defend_R","Defend_R","Defend_R+1","Bash+1","Headbutt+1","Thunderclap+1","Ghostly Armor+1","Spot Weakness+1","Heavy Blade+1","Limit Break+1","True Grit+1","Double Tap","Shrug It Off+1","Shrug It Off","Metallicize"],"relics":["Burning Blood","hubris:GlazedTorus","hubris:Towel","Oddly Smooth Stone","hubris:SlimyHat","Pocketwatch","Replay:Bandana","Kunai","Tiny House","Nunchaku","Coffee Dripper","Toolbox","Black Star","infinitespire:Satchel","infinitespire:Golems Mask","Bag of Preparation","Blood Vial","Whetstone","Simple Rune","ReplayTheSpireMod:TigerMarble","infinitespire:CheckeredPen"],"acts_visited":["Exordium","TheCity","TheBeyond"],"potions_floor_usage":[],"damage_taken":[{"damage":13.0,"enemies":"2 Louse","floor":1.0,"turns":3.0},{"damage":6.0,"enemies":"Jaw Worm","floor":4.0,"turns":3.0},{"damage":7.0,"enemies":"conspire:RoseBush","floor":5.0,"turns":2.0},{"damage":34.0,"enemies":"3 Sentries","floor":8.0,"turns":7.0},{"damage":30.0,"enemies":"Lagavulin","floor":10.0,"turns":6.0},{"damage":9.0,"enemies":"2 Fungi Beasts","floor":11.0,"turns":4.0},{"damage":15.0,"enemies":"3 Sentries","floor":12.0,"turns":7.0},{"damage":1.0,"enemies":"Looter","floor":13.0,"turns":4.0},{"damage":32.0,"enemies":"Lagavulin","floor":14.0,"turns":8.0},{"damage":26.0,"enemies":"Fading Forest","floor":16.0,"turns":11.0},{"damage":12.0,"enemies":"Shell Parasite","floor":18.0,"turns":7.0},{"damage":10.0,"enemies":"Chosen","floor":19.0,"turns":5.0},{"damage":16.0,"enemies":"Snake Plant","floor":22.0,"turns":6.0},{"damage":33.0,"enemies":"Sentry and Sphere","floor":27.0,"turns":6.0},{"damage":11.0,"enemies":"conspire:HollyBat","floor":28.0,"turns":7.0},{"damage":22.0,"enemies":"Snake Plant","floor":31.0,"turns":4.0},{"damage":26.0,"enemies":"hubris:MusketHawk","floor":33.0,"turns":7.0},{"damage":33.0,"enemies":"3 Shapes","floor":35.0,"turns":5.0},{"damage":24.0,"enemies":"3 Darklings","floor":36.0,"turns":4.0},{"damage":16.0,"enemies":"Maw","floor":39.0,"turns":5.0},{"damage":10.0,"enemies":"Spire Growth","floor":40.0,"turns":3.0},{"damage":28.0,"enemies":"R_Hoarder","floor":41.0,"turns":8.0},{"damage":0,"enemies":"Giant Head","floor":44,"turns":4},{"damage":36,"enemies":"Writhing Mass","floor":45,"turns":7},{"damage":0,"enemies":"Maw","floor":47,"turns":6},{"damage":5,"enemies":"infinitespire:MassOfShapes","floor":50,"turns":7}],"seed_played":"7089884068602345399","potions_obtained":[{"floor":4.0,"key":"Weak Potion"},{"floor":5.0,"key":"BloodPotion"},{"floor":8.0,"key":"PowerPotion"},{"floor":12.0,"key":"LifebloodPotion"},{"floor":17.0,"key":"ElixirPotion"},{"floor":33.0,"key":"BloodPotion"},{"floor":47,"key":"EntropicBrew"}],"is_trial":false,"path_per_floor":["M","?","?","M","M","R","?","E","T","E","M","E","M","E","R","B",null,"M","M","?","?","M","R","?","R","T","M","M","$","R","M","R_BF","B",null,"M","M","AVR","?","M","M","E","$","T","E","M","R","M","$","R_BF","B",null],"character_chosen":"IRONCLAD","items_purchased":["Bag of Preparation","Shrug It Off","ReplayTheSpireMod:TigerMarble"],"campfire_rested":0,"item_purchase_floors":[42,42,48],"current_hp_per_floor":[72,72,72,72,71,71,71,58,58,62,69,72,72,60,60,65,77,77,73,73,73,76,76,69,69,69,57,67,67,67,66,77,72,77,65,59,59,87,77,87,80,80,80,87,72,72,87,87,87,84],"gold":462,"neow_bonus":"ONE_RARE_RELIC","is_daily":false,"chose_seed":false,"campfire_upgraded":6,"win_rate":0.0,"timestamp":1612716052,"path_taken":["M","?","?","M","M","R","?","E","T","E","M","E","M","E","R","BOSS","M","M","?","?","?","R","?","R","T","M","M","$","R","M","R_BF","BOSS","M","?","AVR","?","?","M","E","$","T","E","M","R","M","$","R_BF","BOSS"],"items_purchased_type":["Relic","Card","Relic"],"build_version":"2020-12-22","purchased_purges":4,"victory":true,"max_hp_per_floor":[72,72,72,72,72,72,72,72,72,72,72,72,72,72,72,72,77,77,77,77,77,77,77,77,77,77,77,77,77,77,77,77,77,77,77,77,77,87,87,87,87,87,87,87,87,87,87,87,87,84],"card_choices":[{"not_picked":["Power Through","Defy Death"],"picked":"Headbutt","floor":1.0},{"not_picked":["Clothesline","Perfected Strike","Run Through"],"picked":"SKIP","floor":4.0},{"not_picked":["Feel No Pain","Havoc"],"picked":"Thunderclap","floor":5.0},{"not_picked":["Iron Wave","Clothesline","Anger"],"picked":"SKIP","floor":8.0},{"not_picked":["hubris:SharpeningStone","Havoc"],"picked":"Ghostly Armor","floor":10.0},{"not_picked":["Headbutt","Replay:Undeath\u0027s Touch","Twin Strike"],"picked":"SKIP","floor":11.0},{"not_picked":["Sever Soul","Ghostly Armor","hubris:ReadiedAction"],"picked":"SKIP","floor":12.0},{"not_picked":["Shockwave","Body Slam"],"picked":"Spot Weakness","floor":13.0},{"not_picked":["Corruption","Burning Pact","Combust"],"picked":"SKIP","floor":14.0},{"not_picked":["Feed","conspire:Purge"],"picked":"hubris:StunningStrike","floor":16.0},{"not_picked":["Replay:Undeath\u0027s Touch","conspire:ExplosiveBarrier"],"picked":"Heavy Blade","floor":17.0},{"not_picked":["hubris:ReadiedAction","Dark Embrace","Anger"],"picked":"SKIP","floor":18.0},{"not_picked":["hubris:ReadiedAction","Run Through","Anger"],"picked":"SKIP","floor":19.0},{"not_picked":["Twin Strike+1","Havoc","hubris:CleavingFinish"],"picked":"SKIP","floor":22.0},{"not_picked":["ReplayReversal","Pommel Strike","Thunderclap"],"picked":"SKIP","floor":27.0},{"not_picked":["hubris:ReadiedAction","Power Through"],"picked":"Limit Break","floor":28.0},{"not_picked":["infinitespire:OneForAll","Seeing Red+1"],"picked":"True Grit+1","floor":31.0},{"not_picked":["Feed","Impervious"],"picked":"Double Tap","floor":33.0},{"not_picked":["Clash","True Grit","Headbutt+1"],"picked":"SKIP","floor":35.0},{"not_picked":["Uppercut","Twin Strike+1","Whirlwind"],"picked":"SKIP","floor":36.0},{"not_picked":["Sword Boomerang","Twin Strike+1"],"picked":"Shrug It Off+1","floor":39.0},{"not_picked":["Body Slam","Immolate","hubris:ReadiedAction"],"picked":"SKIP","floor":40.0},{"not_picked":["Twin Strike+1","Perfected Strike+1","Evolve+1"],"picked":"SKIP","floor":41.0},{"not_picked":["Twin Strike+1","Rage"],"picked":"Metallicize","floor":44},{"not_picked":["ReplayReversal+1","Anger+1","ReplayTheSpireMod:Strike From Hell+1"],"picked":"SKIP","floor":45},{"not_picked":["Pommel Strike+1","conspire:Charge","Shrug It Off+1"],"picked":"SKIP","floor":47}],"player_experience":457199,"relics_obtained":[{"floor":8.0,"key":"Oddly Smooth Stone"},{"floor":9.0,"key":"hubris:SlimyHat"},{"floor":10.0,"key":"Pocketwatch"},{"floor":12.0,"key":"Replay:Bandana"},{"floor":14.0,"key":"Kunai"},{"floor":26.0,"key":"Nunchaku"},{"floor":41.0,"key":"infinitespire:Satchel"},{"floor":41.0,"key":"infinitespire:Golems Mask"},{"floor":43,"key":"Blood Vial"},{"floor":44,"key":"Whetstone"},{"floor":44,"key":"Simple Rune"},{"floor":49,"key":"infinitespire:CheckeredPen"}],"event_choices":[{"damage_healed":0.0,"max_hp_gain":0.0,"max_hp_loss":0.0,"gold_gain":0.0,"event_name":"Liars Game","player_choice":"Ignored","floor":3.0,"gold_loss":0.0,"damage_taken":0.0},{"cards_removed":["Strike_R"],"damage_healed":0.0,"max_hp_gain":0.0,"max_hp_loss":0.0,"gold_gain":0.0,"event_name":"Living Wall","player_choice":"Forget","floor":7.0,"gold_loss":0.0,"damage_taken":0.0},{"damage_healed":0.0,"max_hp_gain":0.0,"max_hp_loss":0.0,"gold_gain":0.0,"event_name":"Match and Keep!","player_choice":"0 cards matched","floor":21.0,"gold_loss":0.0,"damage_taken":0.0,"cards_obtained":[]},{"damage_healed":0.0,"max_hp_gain":0.0,"max_hp_loss":0.0,"gold_gain":75.0,"event_name":"FaceTrader","player_choice":"Touch","floor":24.0,"gold_loss":0.0,"damage_taken":7.0},{"cards_removed":["hubris:StunningStrike"],"damage_healed":18.0,"max_hp_gain":10.0,"max_hp_loss":0.0,"gold_gain":0.0,"event_name":"Bonfire Elementals","player_choice":"Offered Rare","floor":38.0,"gold_loss":0.0,"damage_taken":0.0}],"is_beta":false,"boss_relics":[{"not_picked":["ChewingGum","trackpad:StolenKidneys"],"picked":"Tiny House"},{"not_picked":["conspire:RunicOctahedron","qcfpunch:Dark_Gi"],"picked":"Coffee Dripper"}],"items_purged_floors":[29,37,42,48],"is_endless":false,"potions_floor_spawned":[4,5,8,12,13,18,28,31,33,40,41,47],"ascension_level":1}}