{"host":"8z0h4areh8sio1k0","time":1612680662,"event":{"mods":["10 clothes from DAL","Act Like it!","Aspiration","BaseMod","Colored Map","Conspire","Crowbot","Hubris","Library of Ruina Extra","Minty Spire (QoL Compilation)","Replay The Spire","StSLib","TestMod","The Administrix","The Bug Knight","The Cursed","【遗物Mod】死灵法师NEW","老伊莉雅"],"gold_per_floor":[110,127,127,28,44,73,84,11,11,56,56,2,2,2,2,99,99,111,111,121,133,33,59,59,88,113,38,38,38,53,68,68,68,68],"floor_reached":33,"language":"ZHS","playtime":1068,"items_purged":["Doubt","hubris:Despair"],"score":283,"play_id":"aa630343-5c65-4b45-a02a-d69703a2ec21","local_time":"20210207145102","is_ascension_mode":false,"campfire_choices":[{"data":"crowbot:Boom","floor":11,"key":"SMITH"},{"data":"crowbot:GatlingArm","floor":15,"key":"SMITH"},{"floor":24,"key":"REST"},{"floor":28,"key":"REST"},{"floor":32,"key":"REST"}],"circlet_count":0,"master_deck":["crowbot:Boom+1","crowbot:Slug","crowbot:Slug","crowbot:HeavySlug","crowbot:Defend","crowbot:Defend","crowbot:Defend","crowbot:Defend","Voices","crowbot:FanTheHammer+1","crowbot:Transmute","crowbot:IAmTheGun","crowbot:Beam+1","crowbot:ShockSlug","crowbot:CoverFire","crowbot:Desperado","crowbot:DayOfTheDead+1","crowbot:Ricochet","crowbot:GatlingArm+1","crowbot:ScrapLauncher+1","crowbot:PressureBubble+1","crowbot:HiddenChamber+1","crowbot:IronCross","crowbot:Barrier"],"relics":["testmod-TestBox","testmod-Laevatain","NeowsBlessing","aspiration:ChemicalBlood","Snack Pack","Blood Vial","Shuriken","Whetstone"],"acts_visited":["Exordium","TheCity"],"potions_floor_usage":[6,16,21,21,23,25,25,30,31,31,31],"damage_taken":[{"damage":0,"enemies":"Jaw Worm","floor":1,"turns":1},{"damage":0,"enemies":"2 Louse","floor":2,"turns":2},{"damage":0,"enemies":"Cultist","floor":5,"turns":1},{"damage":16,"enemies":"Gremlin Nob","floor":6,"turns":3},{"damage":6,"enemies":"Looter","floor":7,"turns":4},{"damage":12,"enemies":"Slime Boss","floor":16,"turns":8},{"damage":0,"enemies":"Chosen","floor":18,"turns":3},{"damage":20,"enemies":"Shell Parasite","floor":20,"turns":3},{"damage":23,"enemies":"Cultist and Chosen","floor":21,"turns":5},{"damage":36,"enemies":"Slavers","floor":23,"turns":4},{"damage":23,"enemies":"Book of Stabbing","floor":25,"turns":4},{"damage":31,"enemies":"Snake Plant","floor":30,"turns":5},{"damage":0,"enemies":"Snecko","floor":31,"turns":3},{"damage":25,"enemies":"KingOfGreed","floor":33,"turns":4}],"seed_played":"319742007025889778","potions_obtained":[{"floor":5,"key":"BlessingOfTheForge"},{"floor":10,"key":"SkillPotion"},{"floor":18,"key":"AttackPotion"},{"floor":30,"key":"FearPotion"}],"is_trial":false,"path_per_floor":["M","M","?","$","M","E","M","$","T","?","R","$","?","$","R","B",null,"M","?","M","M","$","E","R","E","T","?","R","$","M","M","R","B"],"character_chosen":"CROWBOT","items_purchased":["crowbot:IAmTheGun","crowbot:Desperado","crowbot:GatlingArm"],"campfire_rested":3,"item_purchase_floors":[4,8,12],"current_hp_per_floor":[74,74,74,74,74,58,52,52,52,52,52,52,52,52,52,52,74,74,74,58,41,41,13,35,16,16,16,38,38,13,15,37,16,16],"gold":68,"neow_bonus":"THREE_ENEMY_KILL","is_daily":false,"chose_seed":false,"campfire_upgraded":2,"win_rate":0.0,"timestamp":1612680662,"path_taken":["M","M","?","$","M","E","M","$","T","?","R","$","?","?","R","BOSS","M","?","M","M","$","E","R","E","T","?","R","$","M","M","R","BOSS"],"items_purchased_type":["Card","Card","Card"],"build_version":"2020-12-22","purchased_purges":2,"victory":false,"max_hp_per_floor":[74,74,74,74,74,74,74,74,74,74,74,74,74,74,74,74,74,74,74,74,74,74,74,74,74,74,74,74,74,74,74,74,74,74],"card_choices":[{"not_picked":["crowbot:Hyperlight","crowbot:IAmTheGun"],"picked":"crowbot:FanTheHammer","floor":1},{"not_picked":["crowbot:Hyperlight","crowbot:PressureBubble","crowbot:Laser"],"picked":"SKIP","floor":2},{"not_picked":["crowbot:Munitions","crowbot:IronCross"],"picked":"crowbot:Beam","floor":5},{"not_picked":["crowbot:Undo","crowbot:PoisonSlug"],"picked":"crowbot:ShockSlug","floor":6},{"not_picked":["crowbot:PressureBubble","crowbot:SystemUpdate"],"picked":"crowbot:CoverFire","floor":7},{"not_picked":["crowbot:IronCross","crowbot:WarningShots"],"picked":"crowbot:DayOfTheDead","floor":10},{"not_picked":["crowbot:Incendiary","crowbot:Pellet"],"picked":"crowbot:Ricochet","floor":10},{"not_picked":["crowbot:Grapeshot+1","crowbot:DayOfTheDead+1"],"picked":"crowbot:ScrapLauncher+1","floor":18},{"not_picked":["crowbot:Undo","crowbot:LuckyBullet+1"],"picked":"crowbot:PressureBubble+1","floor":20},{"not_picked":["crowbot:FanTheHammer+1","crowbot:Undo+1"],"picked":"crowbot:HiddenChamber+1","floor":21},{"not_picked":["crowbot:Hyperlight","crowbot:PressureBubble"],"picked":"crowbot:IronCross","floor":23},{"not_picked":["crowbot:Ricochet","crowbot:Desperado"],"picked":"crowbot:Barrier","floor":25},{"not_picked":["crowbot:Desperado","crowbot:Grapeshot","crowbot:LuckyBullet"],"picked":"SKIP","floor":30},{"not_picked":["crowbot:DoubleTap","crowbot:Stash","crowbot:Pellet"],"picked":"SKIP","floor":31}],"player_experience":546587,"relics_obtained":[{"floor":6,"key":"aspiration:ChemicalBlood"},{"floor":9,"key":"Snack Pack"},{"floor":10,"key":"Blood Vial"},{"floor":23,"key":"Shuriken"},{"floor":25,"key":"Whetstone"}],"event_choices":[{"damage_healed":0,"gold_gain":0,"cards_transformed":["crowbot:Slug"],"player_choice":"Change","damage_taken":0,"max_hp_gain":0,"max_hp_loss":0,"event_name":"Living Wall","floor":3,"gold_loss":0,"cards_obtained":["crowbot:Transmute"]},{"damage_healed":0,"gold_gain":0,"player_choice":"Ignored","damage_taken":0,"max_hp_gain":0,"max_hp_loss":0,"event_name":"Vampires","floor":19,"gold_loss":0},{"cards_removed":["crowbot:Defend"],"damage_healed":0,"gold_gain":0,"player_choice":"Gave Gold","damage_taken":0,"max_hp_gain":0,"max_hp_loss":0,"event_name":"Beggar","floor":27,"gold_loss":75}],"is_beta":false,"boss_relics":[{"not_picked":["aspiration:PoetsPen_weak","testmod-Fanaticism","testmod-GoldenSoul"]}],"items_purged_floors":[4,22],"is_endless":false,"potions_floor_spawned":[5,18,20,30],"killed_by":"KingOfGreed","ascension_level":0}}