{"host":"dt8tt9y5uobrbn6j","time":1612693195,"event":{"mods":["ATMod(°¢èªMod)","Act Like it!","BaseMod","Better Third Choice","BetterRewards","Bossed Relics","Card Forge","Colored Powertips","Conspire","Mimic Mod","Minty Spire (QoL Compilation)","Quick Restart","Relic Stats","Reliquary","Retaliation","Shop Mod","StSLib","The Jungle","Weighted Paths","óô»ðÖ¸ÄÏ"],"gold_per_floor":[111,111,123,123,135,263,277,76,99,99,242,255,399,412,258,454,454,472,490,490,490,503,503,647,647,693,693,931,956,969,1107,1107,2003,2003,2028,2043,2043,1947,1965,2109,2081,2216,2258,2396,2417,2417,2550,2259,2259,2359,2559,2559,2559,2320,2561,2661],"floor_reached":57,"language":"ZHS","playtime":4010,"items_purged":["Strike_R","Strike_R","Strike_R","Strike_R","Defend_R","Defend_R"],"score":4650,"play_id":"14c0893e-fa00-47de-b659-bf9119005733","local_time":"20210207181955","is_ascension_mode":true,"campfire_choices":[{"floor":49,"key":"RECALL"}],"circlet_count":2,"master_deck":["AscendersBane","Defend_R+1","Burn","Burning Pact+1","Power Through","Feel No Pain+1","AT_GerminateFire","Berserk","Entrench"],"relics":["Burning Blood","Hammer of Thor","Seething Fire","Anvil of the Gods","AT_ATBox","Dead Branch","Membership Card","MerchantsRug","StoneCalendar","Shovel","reliquary:OuijaBoard","AT_TheCollector","Turnip","Magic Flower","Ice Cream","Du-Vu Doll","Champion Belt","Orrery","Bag of Preparation","FossilizedHelix","CaptainsWheel","Medical Kit","Oddly Smooth Stone","reliquary:BoilingFlask","Golden Idol","AT_SunfireAegis","Anchor","reliquary:BrokenClock","SacredBark","theJungle:SpiritDisease","War Paint","AT_DeathDance","Calipers","Circlet","reliquary:Aerogel","Lantern","AT_ArchangelStaff","reliquary:WeakTea","DDmod:StuhbiRelic","Centennial Puzzle","TungstenRod","HornCleat","conspire:Flyswatter"],"acts_visited":["Exordium","Exordium","TheBeyond","TheEnding"],"potions_floor_usage":[56,56],"damage_taken":[{"damage":0.0,"enemies":"Small Slimes","floor":1.0,"turns":3.0},{"damage":0.0,"enemies":"Cultist","floor":3.0,"turns":2.0},{"damage":0.0,"enemies":"Jaw Worm","floor":5.0,"turns":2.0},{"damage":0.0,"enemies":"Lagavulin","floor":6.0,"turns":4.0},{"damage":12.0,"enemies":"Large Slime","floor":7.0,"turns":7.0},{"damage":0.0,"enemies":"Gremlin Nob","floor":11.0,"turns":5.0},{"damage":0.0,"enemies":"3 Louse","floor":12.0,"turns":2.0},{"damage":0.0,"enemies":"Lagavulin","floor":13.0,"turns":5.0},{"damage":0.0,"enemies":"2 Fungi Beasts","floor":14.0,"turns":3.0},{"damage":0.0,"enemies":"The Guardian","floor":16.0,"turns":10.0},{"damage":8.0,"enemies":"theJungle:MUSHROOMGANG","floor":18.0,"turns":3.0},{"damage":0.0,"enemies":"theJungle:5_Spyders","floor":19.0,"turns":7.0},{"damage":0.0,"enemies":"theJungle:2_Flameangoes","floor":22.0,"turns":4.0},{"damage":0.0,"enemies":"theJungle:Cassacara","floor":24.0,"turns":1.0},{"damage":0.0,"enemies":"theJungle:2_Phrogs","floor":28.0,"turns":6.0},{"damage":6.0,"enemies":"theJungle:2_Snecko_Cultists","floor":29.0,"turns":4.0},{"damage":5.0,"enemies":"Snake Plant","floor":30.0,"turns":5.0},{"damage":13.0,"enemies":"theJungle:MamaSnecko","floor":31.0,"turns":7.0},{"damage":0.0,"enemies":"theJungle:TotemBoss","floor":33.0,"turns":8.0},{"damage":0.0,"enemies":"Orb Walker","floor":35.0,"turns":2.0},{"damage":0.0,"enemies":"3 Darklings","floor":36.0,"turns":2.0},{"damage":0.0,"enemies":"Sphere and 2 Shapes","floor":39.0,"turns":3.0},{"damage":0.0,"enemies":"Giant Head","floor":40.0,"turns":7.0},{"damage":0.0,"enemies":"Reptomancer","floor":42.0,"turns":6.0},{"damage":0.0,"enemies":"Spire Growth","floor":43.0,"turns":7.0},{"damage":0,"enemies":"Nemesis","floor":44,"turns":3},{"damage":0,"enemies":"Spire Growth","floor":45,"turns":2},{"damage":0,"enemies":"Giant Head","floor":47,"turns":3},{"damage":0,"enemies":"conspire:OrnateMirror","floor":50,"turns":4},{"damage":0,"enemies":"Awakened One","floor":51,"turns":15},{"damage":0,"enemies":"Shield and Spear","floor":55,"turns":5},{"damage":0,"enemies":"The Heart","floor":56,"turns":12}],"seed_played":"22410709983810166","potions_obtained":[{"floor":1.0,"key":"BlessingOfTheForge"},{"floor":5.0,"key":"SneckoOil"},{"floor":11.0,"key":"SmokeBomb"},{"floor":14.0,"key":"Fire Potion"},{"floor":16.0,"key":"ColorlessPotion"},{"floor":24.0,"key":"EssenceOfSteel"},{"floor":30.0,"key":"HeartOfIron"},{"floor":31.0,"key":"DuplicationPotion"},{"floor":45,"key":"Swift Potion"}],"is_trial":false,"path_per_floor":["M","?","M","?","M","E","M","R","T","?","E","M","E","M","R","B",null,"M","M","?","?","M","R","E","R","T","R","E","M","M","E","R","B",null,"M","M","?","?","M","E","R","E","MIM","E","M","?","E","$","R","B","B",null,"R","$","E","B",null],"character_chosen":"IRONCLAD","items_purchased":["Dead Branch","Membership Card","MerchantsRug","AT_TheCollector","Orrery","Bag of Preparation","FossilizedHelix","Medical Kit","reliquary:BoilingFlask","reliquary:BrokenClock","Fire Potion","TungstenRod","Fruit Juice","HornCleat"],"campfire_rested":0,"item_purchase_floors":[0,0,0,0,0,0,0,0,8,15,41,48,48,54],"current_hp_per_floor":[30,30,39,39,48,57,54,54,54,28,37,46,55,64,64,73,75,75,75,75,85,85,85,85,85,85,85,85,85,85,81,81,85,85,85,85,85,85,85,85,85,85,85,85,85,80,85,85,85,89,93,93,93,93,95,107],"gold":2661,"neow_bonus":"","is_daily":false,"chose_seed":false,"campfire_upgraded":0,"win_rate":0.0,"timestamp":1612693195,"path_taken":["M","?","?","?","M","E","M","R","T","?","E","M","E","M","R","BOSS","M","M","?","?","M","R","E","R","T","R","E","M","?","E","R","BOSS","M","?","?","?","M","E","R","E","MIM","E","M","?","E","$","R","BOSS","BOSS","R","$","E","BOSS"],"items_purchased_type":["Relic","Relic","Relic","Relic","Relic","Relic","Relic","Relic","Relic","Relic","Potion","Relic","Potion","Relic"],"build_version":"2020-12-22","purchased_purges":6,"victory":true,"max_hp_per_floor":[75,75,75,75,75,75,75,75,75,75,75,75,75,75,75,75,75,75,75,75,85,85,85,85,85,85,85,85,85,85,85,85,85,85,85,85,85,85,85,85,85,85,85,85,85,85,85,85,85,89,93,93,93,93,95,107],"relic_stats":{"counters":[65,214],"Golden Idol":226,"Dead Branch":[565],"Magic Flower":[35],"StoneCalendar":[286],"Bag of Preparation":[112],"War Paint":["Defend_R","Burning Pact"],"Medical Kit":[217],"Burning Blood":215,"Centennial Puzzle":[0],"Shovel":0,"Turnip":[29],"Champion Belt":[25],"obtain_stats":[{"reliquary:OuijaBoard":45,"Ice Cream":0,"AT_ATBox":0,"Calipers":31,"Hammer of Thor":0,"theJungle:Creamberry":29,"Bottled Tornado":25,"Boot":42,"AT_ArchangelStaff":42,"reliquary:FerryPass":49,"Centennial Puzzle":47,"HornCleat":54,"Sundial":15,"theJungle:BirthdayCakeSlice":21,"HandDrill":15,"Hololive_Finger":34,"Toxic Egg 2":0,"MerchantsRug":0,"AT_RabadonDeathcap":10,"Girya":23,"conspire:TreasureMap":0,"Dead Branch":0,"Oddly Smooth Stone":6,"Hololive_ChaosS":34,"reliquary:WeakTea":43,"War Paint":24,"Du-Vu Doll":49,"OrangePellets":54,"AT_LudenTempest":0,"AT_SpeedBoots":40,"DDmod:StuhbiRelic":44,"Anvil of the Gods":0,"AT_TheCollector":0,"reliquary:SculptingSteel":53,"reliquary:BrokenClock":15,"reliquary:Knoch":55,"reliquary:WritOfMandamus":17,"AT_DeathDance":28,"conspire:Flyswatter":55,"Regal Pillow":26,"Lantern":40,"reliquary:Aerogel":38,"reliquary:Firecrackers":0,"reliquary:BoilingFlask":8,"SacredBark":17,"Magic Flower":0,"StoneCalendar":32,"Bag of Preparation":12,"Incense Burner":15,"Smiling Mask":30,"Burning Blood":0,"Frozen Eye":19,"TheAbacus":0,"Shovel":0,"Pantograph":0,"Chemical X":0,"AT_ChloranthyRing":0,"Potion Belt":37,"Golden Idol":10,"Circlet":0,"theJungle:SpiritDisease":27,"Seething Fire":0,"Odd Mushroom":7,"Medical Kit":0,"Hololive_LightStick":6,"CaptainsWheel":0,"Anchor":13,"Orrery":0,"reliquary:Stiletto":19,"Turnip":0,"Bag of Marbles":0,"reliquary:TuningFork":14,"Membership Card":0,"Champion Belt":0,"AT_SunfireAegis":11,"TungstenRod":0,"FossilizedHelix":0},{"reliquary:OuijaBoard":28,"Ice Cream":33,"AT_ATBox":0,"Calipers":51,"Hammer of Thor":0,"theJungle:Creamberry":19,"Bottled Tornado":18,"Boot":26,"AT_ArchangelStaff":57,"reliquary:FerryPass":29,"Centennial Puzzle":61,"HornCleat":63,"Sundial":11,"theJungle:BirthdayCakeSlice":14,"HandDrill":11,"Hololive_Finger":52,"Toxic Egg 2":0,"MerchantsRug":0,"AT_RabadonDeathcap":8,"Girya":16,"conspire:TreasureMap":0,"Dead Branch":33,"Oddly Smooth Stone":37,"Hololive_ChaosS":21,"reliquary:WeakTea":58,"War Paint":47,"Du-Vu Doll":29,"OrangePellets":31,"AT_LudenTempest":0,"AT_SpeedBoots":25,"DDmod:StuhbiRelic":59,"Anvil of the Gods":0,"AT_TheCollector":0,"reliquary:SculptingSteel":31,"reliquary:BrokenClock":42,"reliquary:Knoch":32,"reliquary:WritOfMandamus":12,"AT_DeathDance":48,"conspire:Flyswatter":64,"Regal Pillow":18,"Lantern":56,"reliquary:Aerogel":54,"reliquary:Firecrackers":0,"reliquary:BoilingFlask":38,"SacredBark":43,"Magic Flower":33,"StoneCalendar":20,"Bag of Preparation":9,"Incense Burner":11,"Smiling Mask":20,"Burning Blood":0,"Frozen Eye":13,"TheAbacus":0,"Shovel":33,"Pantograph":0,"Chemical X":0,"AT_ChloranthyRing":0,"Potion Belt":23,"Golden Idol":38,"Circlet":0,"theJungle:SpiritDisease":18,"Seething Fire":0,"Odd Mushroom":6,"Medical Kit":33,"Hololive_LightStick":5,"CaptainsWheel":33,"Anchor":41,"Orrery":33,"reliquary:Stiletto":13,"Turnip":33,"Bag of Marbles":0,"reliquary:TuningFork":11,"Membership Card":0,"Champion Belt":33,"AT_SunfireAegis":39,"TungstenRod":0,"FossilizedHelix":33},{"reliquary:OuijaBoard":44,"Ice Cream":55,"AT_ATBox":0,"Calipers":135,"Hammer of Thor":0,"theJungle:Creamberry":33,"Bottled Tornado":32,"Boot":42,"AT_ArchangelStaff":163,"reliquary:FerryPass":45,"Centennial Puzzle":178,"HornCleat":197,"Sundial":23,"theJungle:BirthdayCakeSlice":27,"HandDrill":23,"Hololive_Finger":143,"Toxic Egg 2":0,"MerchantsRug":0,"AT_RabadonDeathcap":17,"Girya":30,"conspire:TreasureMap":0,"Dead Branch":55,"Oddly Smooth Stone":66,"Hololive_ChaosS":35,"reliquary:WeakTea":170,"War Paint":113,"Du-Vu Doll":45,"OrangePellets":50,"AT_LudenTempest":0,"AT_SpeedBoots":41,"DDmod:StuhbiRelic":173,"Anvil of the Gods":0,"AT_TheCollector":0,"reliquary:SculptingSteel":50,"reliquary:BrokenClock":88,"reliquary:Knoch":51,"reliquary:WritOfMandamus":25,"AT_DeathDance":119,"conspire:Flyswatter":202,"Regal Pillow":32,"Lantern":157,"reliquary:Aerogel":147,"reliquary:Firecrackers":0,"reliquary:BoilingFlask":73,"SacredBark":98,"Magic Flower":55,"StoneCalendar":34,"Bag of Preparation":21,"Incense Burner":23,"Smiling Mask":34,"Burning Blood":0,"Frozen Eye":26,"TheAbacus":0,"Shovel":55,"Pantograph":0,"Chemical X":0,"AT_ChloranthyRing":0,"Potion Belt":38,"Golden Idol":73,"Circlet":0,"theJungle:SpiritDisease":32,"Seething Fire":0,"Odd Mushroom":12,"Medical Kit":55,"Hololive_LightStick":10,"CaptainsWheel":55,"Anchor":85,"Orrery":55,"reliquary:Stiletto":26,"Turnip":55,"Bag of Marbles":0,"reliquary:TuningFork":23,"Membership Card":0,"Champion Belt":55,"AT_SunfireAegis":78,"TungstenRod":0,"FossilizedHelix":55}],"TungstenRod":13},"card_choices":[{"not_picked":["Clothesline","Cleave","Perfected Strike"],"picked":"SKIP","floor":1.0},{"not_picked":["Headbutt","Wild Strike","AT_IchimonjiDouble"],"picked":"SKIP","floor":3.0},{"not_picked":["DDmod:CallousedSkill","DDmod:PokeAttack","Hemokinesis"],"picked":"SKIP","floor":5.0},{"not_picked":["Iron Wave","Battle Trance"],"picked":"Burning Pact","floor":6.0},{"not_picked":["Sword Boomerang","Warcry"],"picked":"Power Through","floor":7.0},{"not_picked":["DDmod:SpikeMailSkill","Whirlwind","AT_BodySlamDance"],"picked":"SKIP","floor":11.0},{"not_picked":["Pummel","DDmod:UnstoppableAttack","Clash"],"picked":"SKIP","floor":12.0},{"not_picked":["Reckless Charge","Searing Blow","AT_BodySlamDance"],"picked":"SKIP","floor":13.0},{"not_picked":["Headbutt","DDmod:SpikeInjectionSkill","Heavy Blade"],"picked":"SKIP","floor":14.0},{"not_picked":["DDmod:SpikeShotSkill","Double Tap"],"picked":"AT_Dispersion","floor":16.0},{"not_picked":["Inflame","Rage","Twin Strike"],"picked":"SKIP","floor":18.0},{"not_picked":["Iron Wave","Inflame"],"picked":"Feel No Pain+1","floor":19.0},{"not_picked":["Flame Barrier","DDmod:RapidStrikeAttack","Perfected Strike"],"picked":"SKIP","floor":22.0},{"not_picked":["Whirlwind","Cleave","AT_ShrugMaster"],"picked":"SKIP","floor":24.0},{"not_picked":["Feed","AT_GerminateFire","DDmod:SpikedSkill+1"],"picked":"SKIP","floor":28.0},{"not_picked":["Spot Weakness","DDmod:UnstoppableAttack","Burning Pact"],"picked":"SKIP","floor":29.0},{"not_picked":["DDmod:SpikedSkill","Flex","Sword Boomerang"],"picked":"SKIP","floor":30.0},{"not_picked":["Heavy Blade","AT_IchimonjiDouble"],"picked":"AT_GerminateFire","floor":31.0},{"not_picked":["Juggernaut","Exhume"],"picked":"Berserk","floor":33.0},{"not_picked":["DDmod:SpikeMailSkill","DDmod:CallousedSkill","Flame Barrier"],"picked":"SKIP","floor":35.0},{"not_picked":["Iron Wave","Battle Trance","DDmod:RapidStrikeAttack"],"picked":"SKIP","floor":36.0},{"not_picked":["AT_ShrugMaster","Cleave","DDmod:PokeAttack"],"picked":"SKIP","floor":39.0},{"not_picked":["DDmod:PokeAttack","DDmod:RapidStrikeAttack","DDmod:BurningFumesPowerCard"],"picked":"SKIP","floor":40.0},{"not_picked":["Cleave","Pommel Strike","Barricade"],"picked":"SKIP","floor":42.0},{"not_picked":["Uppercut+1","Flame Barrier","DDmod:SpikeInjectionSkill"],"picked":"SKIP","floor":44},{"not_picked":["Burning Pact","Rampage+1","Dropkick"],"picked":"SKIP","floor":45},{"not_picked":["Pummel","Pommel Strike"],"picked":"Entrench","floor":47},{"not_picked":["Dark Embrace","Limit Break","Flex"],"picked":"SKIP","floor":55}],"player_experience":880179,"relics_obtained":[{"floor":6.0,"key":"Oddly Smooth Stone"},{"floor":11.0,"key":"AT_SunfireAegis"},{"floor":13.0,"key":"Anchor"},{"floor":24.0,"key":"War Paint"},{"floor":28.0,"key":"AT_DeathDance"},{"floor":31.0,"key":"Calipers"},{"floor":40.0,"key":"Lantern"},{"floor":42.0,"key":"AT_ArchangelStaff"},{"floor":43.0,"key":"reliquary:WeakTea"},{"floor":44,"key":"DDmod:StuhbiRelic"},{"floor":47,"key":"Centennial Puzzle"},{"floor":55,"key":"conspire:Flyswatter"}],"event_choices":[{"damage_healed":0.0,"max_hp_gain":0.0,"max_hp_loss":0.0,"gold_gain":0.0,"event_name":"Match and Keep!","player_choice":"0 cards matched","floor":2.0,"gold_loss":0.0,"damage_taken":0.0,"cards_obtained":[]},{"damage_healed":39.0,"max_hp_gain":0.0,"max_hp_loss":75.0,"gold_gain":0.0,"event_name":"betterThird:BetterShining","player_choice":"Embrace Burn","floor":4.0,"gold_loss":0.0,"damage_taken":0.0},{"damage_healed":0.0,"max_hp_gain":0.0,"max_hp_loss":0.0,"gold_gain":0.0,"event_name":"Golden Idol","player_choice":"Take Damage","floor":10.0,"gold_loss":0.0,"damage_taken":26.0,"relics_obtained":["Golden Idol"]},{"cards_removed":["AT_Dispersion"],"damage_healed":0.0,"max_hp_gain":10.0,"max_hp_loss":0.0,"gold_gain":0.0,"event_name":"Bonfire Elementals","player_choice":"Offered Rare","floor":21.0,"gold_loss":0.0,"damage_taken":0.0},{"damage_healed":0.0,"max_hp_gain":0.0,"max_hp_loss":0.0,"gold_gain":0.0,"event_name":"Tomb of Lord Red Mask","player_choice":"Ignored","floor":37.0,"gold_loss":0.0,"damage_taken":0.0},{"damage_healed":0.0,"max_hp_gain":0.0,"max_hp_loss":0.0,"gold_gain":0.0,"event_name":"WeMeetAgain","player_choice":"Paid Gold","floor":38.0,"gold_loss":96.0,"damage_taken":0.0,"relics_obtained":["reliquary:Aerogel"]},{"damage_healed":0,"gold_gain":0,"player_choice":"Leave","damage_taken":0,"max_hp_gain":0,"max_hp_loss":0,"event_name":"conspire:Investor","floor":46,"gold_loss":0}],"is_beta":false,"boss_relics":[{"not_picked":["Calling Bell","Tiny House"],"picked":"SacredBark"},{"not_picked":["Black Star","Runic Cube"],"picked":"Hololive_Finger"}],"items_purged_floors":[0,0,8,15,48,54],"is_endless":false,"potions_floor_spawned":[1,5,11,14,16,22,24,30,31,33,35,36,39,45],"ascension_level":20}}