{"host":"lxu17chzujqn8whl","time":1612732349,"event":{"mods":["BaseMod","Minty Spire (QoL Compilation)","Relic Stats","StSLib"],"gold_per_floor":[111,131,148,148,164,200,200,200,282,282,40,102,120,220,220,349,349,373,373,397,8,28,28,63,63,63,63,63,63,89,104,104,205,205,220,240,250,250,299,334,249,282,282,294,309,27,27,27,27,27],"floor_reached":51,"language":"ENG","playtime":1633,"items_purged":["Survivor"],"score":848,"play_id":"0a1c6768-f955-4f76-b1bf-5686700b6948","local_time":"20210207131229","is_ascension_mode":false,"campfire_choices":[{"data":"Dash","floor":8.0,"key":"SMITH"},{"data":"Terror","floor":10.0,"key":"SMITH"},{"data":"Dramatic Entrance","floor":15.0,"key":"SMITH"},{"data":"Backstab","floor":23.0,"key":"SMITH"},{"data":"Dodge and Roll","floor":27.0,"key":"SMITH"},{"data":"Skewer","floor":32.0,"key":"SMITH"},{"data":"Glass Knife","floor":47,"key":"SMITH"},{"data":"Accuracy","floor":49,"key":"SMITH"}],"circlet_count":0,"master_deck":["Strike_G+1","Strike_G+1","Strike_G+1","Strike_G+1","Defend_G+1","Defend_G+1","Defend_G+1","Defend_G+1","Defend_G+1","Terror+1","Backstab+1","Skewer+1","Dash+1","Dodge and Roll+1","Dramatic Entrance+1","PiercingWail+1","Bullet Time+1","Backstab+1","Escape Plan+1","Backflip+1","Dodge and Roll+1","Riddle With Holes+1","Cloak And Dagger+1","Adrenaline+1","Cloak And Dagger+1","Blur+1","Endless Agony+1","Prepared+1","Footwork","Accuracy+1","Outmaneuver+1","Accuracy+1","Malaise+1","Glass Knife+1"],"relics":["Ring of the Snake","Bloody Idol","FossilizedHelix","Toxic Egg 2","Strawberry","WristBlade","Snake Skull","Sling","Happy Flower","Gremlin Horn","Shuriken","Centennial Puzzle","Empty Cage","Du-Vu Doll","Art of War","Incense Burner","PreservedInsect","Anchor"],"acts_visited":["Exordium","TheCity","TheBeyond"],"potions_floor_usage":[50,50],"damage_taken":[{"damage":5.0,"enemies":"2 Louse","floor":1.0,"turns":3.0},{"damage":2.0,"enemies":"Small Slimes","floor":2.0,"turns":4.0},{"damage":0.0,"enemies":"Cultist","floor":3.0,"turns":3.0},{"damage":6.0,"enemies":"Exordium Wildlife","floor":5.0,"turns":5.0},{"damage":0.0,"enemies":"Gremlin Nob","floor":6.0,"turns":2.0},{"damage":0.0,"enemies":"2 Fungi Beasts","floor":13.0,"turns":2.0},{"damage":39.0,"enemies":"Slime Boss","floor":16.0,"turns":16.0},{"damage":0.0,"enemies":"Spheric Guardian","floor":18.0,"turns":3.0},{"damage":0.0,"enemies":"Chosen","floor":20.0,"turns":2.0},{"damage":18.0,"enemies":"Centurion and Healer","floor":22.0,"turns":4.0},{"damage":0.0,"enemies":"Book of Stabbing","floor":24.0,"turns":5.0},{"damage":0.0,"enemies":"3 Cultists","floor":31.0,"turns":2.0},{"damage":76.0,"enemies":"Champ","floor":33.0,"turns":11.0},{"damage":0.0,"enemies":"3 Shapes","floor":35.0,"turns":2.0},{"damage":0.0,"enemies":"3 Darklings","floor":36.0,"turns":3.0},{"damage":0.0,"enemies":"4 Shapes","floor":37.0,"turns":1.0},{"damage":1.0,"enemies":"2 Orb Walkers","floor":39.0,"turns":3.0},{"damage":0.0,"enemies":"Giant Head","floor":40.0,"turns":6.0},{"damage":0.0,"enemies":"Nemesis","floor":42.0,"turns":3.0},{"damage":0.0,"enemies":"Maw","floor":44.0,"turns":5.0},{"damage":0.0,"enemies":"3 Darklings","floor":45.0,"turns":4.0},{"damage":86,"enemies":"Awakened One","floor":50,"turns":14}],"seed_played":"6638015934240599850","potions_obtained":[{"floor":3.0,"key":"SteroidPotion"},{"floor":5.0,"key":"ColorlessPotion"},{"floor":16.0,"key":"SneckoOil"},{"floor":20.0,"key":"Block Potion"},{"floor":22.0,"key":"ColorlessPotion"},{"floor":33.0,"key":"Regen Potion"},{"floor":35.0,"key":"FairyPotion"},{"floor":37.0,"key":"Explosive Potion"},{"floor":44.0,"key":"Ancient Potion"},{"floor":48,"key":"DuplicationPotion"}],"is_trial":false,"path_per_floor":["M","M","M","?","M","E","?","R","T","R","$","?","M","?","R","B",null,"M","?","M","$","M","R","E","?","T","R","?","?","T","M","R","B",null,"M","M","M","?","?","E","?","E","T","M","M","$","R","?","R","B",null],"character_chosen":"THE_SILENT","items_purchased":["Strawberry","Dramatic Entrance","Backflip+1","Snake Skull","Sling","Malaise+1","SteroidPotion","Glass Knife"],"campfire_rested":0,"item_purchase_floors":[11,11,21,21,21,46,46,46],"current_hp_per_floor":[72,70,70,51,45,45,70,70,70,70,77,77,77,77,77,38,84,84,84,84,84,66,66,66,66,66,66,84,84,84,84,84,13,84,84,84,84,84,84,84,84,84,84,84,84,84,84,84,84,25],"gold":27,"neow_bonus":"TEN_PERCENT_HP_BONUS","is_daily":false,"chose_seed":false,"campfire_upgraded":8,"win_rate":0.0,"timestamp":1612732349,"path_taken":["M","M","M","?","M","E","?","R","T","R","$","?","M","?","R","BOSS","M","?","M","$","M","R","E","?","T","R","?","?","?","M","R","BOSS","M","M","M","?","?","E","?","E","T","M","?","?","R","?","R","BOSS"],"items_purchased_type":["Relic","Card","Card","Relic","Relic","Card","Potion","Card"],"build_version":"2020-12-22","purchased_purges":1,"victory":true,"max_hp_per_floor":[77,77,77,77,77,77,77,77,77,77,84,84,84,84,84,84,84,84,84,84,84,84,84,84,84,84,84,84,84,84,84,84,84,84,84,84,84,84,84,84,84,84,84,84,84,84,84,84,84,84],"relic_stats":{"Centennial Puzzle":[9],"Happy Flower":[18],"Gremlin Horn":[15,17],"counters":[22,103],"Shuriken":[32],"Bloody Idol":6,"Snake Skull":[0],"PreservedInsect":0,"Art of War":[1],"obtain_stats":[{"Happy Flower":24,"Gremlin Horn":25,"Golden Idol":4,"Snake Skull":21,"PreservedInsect":42,"Incense Burner":41,"Sling":21,"Empty Cage":34,"Du-Vu Doll":39,"Centennial Puzzle":30,"Anchor":43,"WristBlade":17,"Shuriken":26,"Strawberry":11,"Bloody Idol":29,"Art of War":40,"Toxic Egg 2":9,"FossilizedHelix":6,"Ring of the Snake":0},{"Happy Flower":11,"Gremlin Horn":11,"Golden Idol":3,"Snake Skull":9,"PreservedInsect":19,"Incense Burner":18,"Sling":9,"Empty Cage":13,"Du-Vu Doll":17,"Centennial Puzzle":11,"Anchor":19,"WristBlade":7,"Shuriken":11,"Strawberry":5,"Bloody Idol":11,"Art of War":18,"Toxic Egg 2":5,"FossilizedHelix":5,"Ring of the Snake":0},{"Happy Flower":49,"Gremlin Horn":49,"Golden Idol":10,"Snake Skull":40,"PreservedInsect":80,"Incense Burner":77,"Sling":40,"Empty Cage":62,"Du-Vu Doll":71,"Centennial Puzzle":49,"Anchor":80,"WristBlade":35,"Shuriken":49,"Strawberry":17,"Bloody Idol":49,"Art of War":77,"Toxic Egg 2":17,"FossilizedHelix":17,"Ring of the Snake":0}],"Ring of the Snake":[44]},"card_choices":[{"not_picked":["Quick Slash","PiercingWail"],"picked":"Terror","floor":1.0},{"not_picked":["Poisoned Stab","Prepared"],"picked":"Backstab","floor":2.0},{"not_picked":["Masterful Stab","Underhanded Strike"],"picked":"Skewer","floor":3.0},{"not_picked":["Leg Sweep","Choke"],"picked":"Dash","floor":5.0},{"not_picked":["Footwork","Dagger Throw"],"picked":"Dodge and Roll","floor":6.0},{"not_picked":["Poisoned Stab","Deadly Poison+1"],"picked":"PiercingWail+1","floor":13.0},{"not_picked":["Burst+1","Grand Finale"],"picked":"Bullet Time+1","floor":16.0},{"not_picked":["Cloak And Dagger+1","Acrobatics+1"],"picked":"Backstab+1","floor":18.0},{"not_picked":["Deadly Poison+1","Calculated Gamble+1"],"picked":"Escape Plan+1","floor":20.0},{"not_picked":["Dagger Throw","Heel Hook+1"],"picked":"Dodge and Roll+1","floor":22.0},{"not_picked":["Bouncing Flask+1","Skewer"],"picked":"Riddle With Holes+1","floor":24.0},{"not_picked":["Poisoned Stab","Underhanded Strike"],"picked":"Cloak And Dagger+1","floor":31.0},{"not_picked":["Malaise+1","Grand Finale"],"picked":"Adrenaline+1","floor":33.0},{"not_picked":["Sucker Punch+1","Dagger Throw+1"],"picked":"Cloak And Dagger+1","floor":35.0},{"not_picked":["Flechettes+1","Terror+1"],"picked":"Blur+1","floor":36.0},{"not_picked":["Masterful Stab+1","Choke+1"],"picked":"Endless Agony+1","floor":37.0},{"not_picked":["Dash+1","All Out Attack+1"],"picked":"Prepared+1","floor":39.0},{"not_picked":["Dash+1","Deadly Poison+1"],"picked":"Footwork","floor":40.0},{"not_picked":["Dodge and Roll+1","Cloak And Dagger+1"],"picked":"Accuracy","floor":42.0},{"not_picked":["Eviscerate+1","Dagger Spray"],"picked":"Outmaneuver+1","floor":44.0},{"not_picked":["Expertise+1","Setup+1"],"picked":"Accuracy+1","floor":45.0}],"player_experience":648726,"relics_obtained":[{"floor":6.0,"key":"FossilizedHelix"},{"floor":9.0,"key":"Toxic Egg 2"},{"floor":24.0,"key":"Happy Flower"},{"floor":26.0,"key":"Shuriken"},{"floor":30.0,"key":"Centennial Puzzle"},{"floor":39.0,"key":"Du-Vu Doll"},{"floor":40.0,"key":"Art of War"},{"floor":42.0,"key":"PreservedInsect"},{"floor":43.0,"key":"Anchor"}],"event_choices":[{"damage_healed":0.0,"max_hp_gain":0.0,"max_hp_loss":0.0,"gold_gain":0.0,"event_name":"Golden Idol","player_choice":"Take Damage","floor":4.0,"gold_loss":0.0,"damage_taken":19.0,"relics_obtained":["Golden Idol"]},{"damage_healed":25.0,"max_hp_gain":0.0,"max_hp_loss":0.0,"gold_gain":0.0,"event_name":"Big Fish","player_choice":"Banana","floor":7.0,"gold_loss":0.0,"damage_taken":0.0},{"damage_healed":0.0,"max_hp_gain":0.0,"max_hp_loss":0.0,"gold_gain":62.0,"event_name":"Golden Wing","player_choice":"Gained Gold","floor":12.0,"gold_loss":0.0,"damage_taken":0.0},{"damage_healed":0.0,"max_hp_gain":0.0,"max_hp_loss":0.0,"gold_gain":100.0,"event_name":"Wheel of Change","player_choice":"Gold","floor":14.0,"gold_loss":0.0,"damage_taken":0.0},{"damage_healed":0.0,"max_hp_gain":0.0,"max_hp_loss":0.0,"gold_gain":0.0,"event_name":"Back to Basics","player_choice":"Simplicity","floor":19.0,"gold_loss":0.0,"damage_taken":0.0,"cards_upgraded":["Strike_G","Strike_G","Strike_G","Strike_G","Strike_G","Defend_G","Defend_G","Defend_G","Defend_G","Defend_G"]},{"damage_healed":0.0,"max_hp_gain":0.0,"max_hp_loss":0.0,"gold_gain":0.0,"event_name":"The Mausoleum","player_choice":"Opened","floor":25.0,"gold_loss":0.0,"damage_taken":0.0,"relics_obtained":["Gremlin Horn"],"cards_obtained":["Writhe"]},{"damage_healed":28.0,"max_hp_gain":0.0,"max_hp_loss":0.0,"gold_gain":0.0,"event_name":"The Library","player_choice":"Heal","floor":28.0,"gold_loss":0.0,"damage_taken":0.0},{"damage_healed":0.0,"max_hp_gain":0.0,"max_hp_loss":0.0,"gold_gain":0.0,"event_name":"Forgotten Altar","player_choice":"Gave Idol","floor":29.0,"relics_lost":["Golden Idol"],"gold_loss":0.0,"damage_taken":0.0,"relics_obtained":["Bloody Idol"]},{"cards_removed":["Neutralize"],"damage_healed":0.0,"max_hp_gain":0.0,"max_hp_loss":0.0,"gold_gain":0.0,"event_name":"Falling","player_choice":"Removed Attack","floor":38.0,"gold_loss":0.0,"damage_taken":0.0},{"damage_healed":0.0,"max_hp_gain":0.0,"max_hp_loss":0.0,"gold_gain":0.0,"event_name":"Mysterious Sphere","player_choice":"Fight","floor":39.0,"gold_loss":0.0,"damage_taken":0.0},{"damage_healed":0.0,"max_hp_gain":0.0,"max_hp_loss":0.0,"gold_gain":0.0,"event_name":"WeMeetAgain","player_choice":"Paid Gold","floor":41.0,"gold_loss":85.0,"damage_taken":0.0,"relics_obtained":["Incense Burner"]},{"damage_healed":0,"gold_gain":0,"player_choice":"Got Potions","damage_taken":0,"max_hp_gain":0,"max_hp_loss":0,"event_name":"Lab","floor":48,"gold_loss":0}],"is_beta":false,"boss_relics":[{"not_picked":["Ectoplasm","HoveringKite"],"picked":"WristBlade"},{"not_picked":["Runic Pyramid","Pandora\u0027s Box"],"picked":"Empty Cage"}],"items_purged_floors":[21],"is_endless":false,"potions_floor_spawned":[3,5,16,20,22,33,35,37,44,45],"ascension_level":0}}