{"host":"oehe2dxjvdgux73m","time":1612700825,"event":{"mods":["AchievementEnabler","BaseMod","Colored Map","Colored Powertips","DeckTracker","Keyboard Shortcuts","Minty Spire (QoL Compilation)","Permanent Neow","Quick Restart","StSLib","SuperFastMode"],"gold_per_floor":[118,118,118,128,142,142,156,156,202,247,259,282,142,161,161,237,237,249,269,283,183,183,183,198,73,97,97,112,130,155,155,155,231,231,242,261,271,271,271,296,314,314,314,340,355,365,587,600,600,600,600,600,600,26,55,55,55],"floor_reached":56,"language":"KOR","playtime":3174,"items_purged":["Strike_G","Strike_G+1","Defend_G","Dagger Throw"],"score":1926,"play_id":"18fbbe66-505e-46df-8c99-336cfa06b616","local_time":"20210207212705","is_ascension_mode":true,"campfire_choices":[{"data":"Neutralize","floor":6.0,"key":"SMITH"},{"floor":8.0,"key":"REST"},{"data":"Prepared","floor":15.0,"key":"SMITH"},{"data":"Tactician","floor":23.0,"key":"SMITH"},{"data":"Acrobatics","floor":27.0,"key":"SMITH"},{"data":"Concentrate","floor":32.0,"key":"SMITH"},{"data":"Reflex","floor":42.0,"key":"SMITH"},{"floor":49.0,"key":"RECALL"},{"data":"Footwork","floor":53.0,"key":"SMITH"}],"circlet_count":0,"master_deck":["AscendersBane","Defend_G","Defend_G","Defend_G","Defend_G","Survivor","Neutralize+1","Flechettes+1","Footwork+1","Corpse Explosion","Cloak And Dagger+1","Prepared+1","Bouncing Flask","Acrobatics+1","Grand Finale","Tactician+1","Concentrate+1","After Image","Backflip+1","Reflex+1","Sadistic Nature","Escape Plan","Blur+1","PiercingWail"],"relics":["Ring of the Snake","MawBank","Nunchaku","Runic Pyramid","Vajra","Ancient Tea Set","Red Mask","Prayer Wheel","Incense Burner","Anchor","Snake Skull","Lee\u0027s Waffle","Bag of Marbles"],"acts_visited":["Exordium","TheCity","TheBeyond","TheEnding"],"potions_floor_usage":[56,56],"damage_taken":[{"damage":2.0,"enemies":"2 Louse","floor":1.0,"turns":4.0},{"damage":0.0,"enemies":"Cultist","floor":4.0,"turns":4.0},{"damage":0.0,"enemies":"Small Slimes","floor":5.0,"turns":3.0},{"damage":6.0,"enemies":"Exordium Thugs","floor":7.0,"turns":4.0},{"damage":0.0,"enemies":"Gremlin Nob","floor":10.0,"turns":3.0},{"damage":0.0,"enemies":"Red Slaver","floor":12.0,"turns":5.0},{"damage":0.0,"enemies":"Lots of Slimes","floor":14.0,"turns":1.0},{"damage":13.0,"enemies":"Hexaghost","floor":16.0,"turns":11.0},{"damage":0.0,"enemies":"Shell Parasite","floor":18.0,"turns":3.0},{"damage":4.0,"enemies":"Chosen","floor":19.0,"turns":7.0},{"damage":10.0,"enemies":"Sentry and Sphere","floor":20.0,"turns":9.0},{"damage":0.0,"enemies":"Cultist and Chosen","floor":24.0,"turns":2.0},{"damage":0.0,"enemies":"Snecko","floor":28.0,"turns":3.0},{"damage":0.0,"enemies":"3 Cultists","floor":29.0,"turns":2.0},{"damage":0.0,"enemies":"Masked Bandits","floor":30.0,"turns":2.0},{"damage":5.0,"enemies":"Collector","floor":33.0,"turns":5.0},{"damage":0.0,"enemies":"3 Darklings","floor":35.0,"turns":2.0},{"damage":0.0,"enemies":"3 Shapes","floor":36.0,"turns":5.0},{"damage":5.0,"enemies":"Transient","floor":37.0,"turns":6.0},{"damage":0.0,"enemies":"Reptomancer","floor":40.0,"turns":3.0},{"damage":1.0,"enemies":"3 Darklings","floor":41.0,"turns":3.0},{"damage":3.0,"enemies":"Nemesis","floor":44.0,"turns":5.0},{"damage":0.0,"enemies":"Jaw Worm Horde","floor":45.0,"turns":2.0},{"damage":0.0,"enemies":"4 Shapes","floor":46.0,"turns":3.0},{"damage":0.0,"enemies":"Maw","floor":48.0,"turns":6.0},{"damage":9.0,"enemies":"Time Eater","floor":50.0,"turns":12.0},{"damage":3.0,"enemies":"Awakened One","floor":51.0,"turns":12.0},{"damage":15.0,"enemies":"Shield and Spear","floor":55.0,"turns":5.0},{"damage":69,"enemies":"The Heart","floor":56,"turns":14}],"seed_played":"6818707517249562688","potions_obtained":[{"floor":4.0,"key":"LiquidMemories"},{"floor":7.0,"key":"Swift Potion"},{"floor":12.0,"key":"Energy Potion"},{"floor":16.0,"key":"Dexterity Potion"},{"floor":24.0,"key":"Ancient Potion"},{"floor":41.0,"key":"Dexterity Potion"}],"is_trial":false,"path_per_floor":["M","?","?","M","M","R","M","R","T","E","?","M","$","M","R","B",null,"M","M","M","$","?","R","M","$","T","R","M","M","?","T","R","B",null,"M","M","M","?","?","E","M","R","T","E","M","M","?","M","R","B","B",null,"R","$","E","B"],"character_chosen":"THE_SILENT","items_purchased":["Bouncing Flask","Snake Skull","Dexterity Potion","Lee\u0027s Waffle","PiercingWail"],"campfire_rested":1,"item_purchase_floors":[13,54,54,54,54],"current_hp_per_floor":[42,22,22,22,22,22,16,35,35,35,35,35,35,35,35,22,55,55,51,41,41,41,41,41,41,41,41,41,41,41,41,41,36,59,59,59,54,54,44,44,43,43,43,40,40,40,40,40,40,31,28,54,54,70,55,0,0],"gold":55,"neow_bonus":"REMOVE_TWO","is_daily":false,"chose_seed":false,"campfire_upgraded":7,"win_rate":0.0,"timestamp":1612700825,"path_taken":["M","?","?","?","M","R","M","R","T","E","?","M","?","?","R","BOSS","M","M","M","$","?","R","M","?","T","R","M","M","?","?","R","BOSS","M","M","M","?","?","E","M","R","T","E","M","M","?","M","R","BOSS","BOSS","R","$","E","BOSS"],"items_purchased_type":["Card","Relic","Potion","Relic","Card"],"build_version":"2020-12-22","purchased_purges":4,"victory":false,"max_hp_per_floor":[66,66,66,66,66,66,66,66,66,66,66,66,66,66,66,66,66,66,66,66,66,66,66,66,66,66,66,66,66,66,66,66,66,66,66,66,66,63,63,63,63,63,63,63,63,63,63,63,63,63,63,63,63,70,70,70,70],"card_choices":[{"not_picked":["Quick Slash","Backflip"],"picked":"Flechettes","floor":1.0},{"not_picked":["Quick Slash","Choke","Catalyst"],"picked":"SKIP","floor":4.0},{"not_picked":["Poisoned Stab","Endless Agony","Flying Knee"],"picked":"SKIP","floor":5.0},{"not_picked":["Deflect","Leg Sweep"],"picked":"Corpse Explosion","floor":7.0},{"not_picked":["Flechettes","Finisher"],"picked":"Cloak And Dagger","floor":10.0},{"not_picked":["Quick Slash","Backflip"],"picked":"Prepared","floor":12.0},{"not_picked":["Leg Sweep","Underhanded Strike"],"picked":"Acrobatics","floor":14.0},{"not_picked":["Unload","A Thousand Cuts"],"picked":"Grand Finale","floor":16.0},{"not_picked":["Prepared","Finisher","PiercingWail"],"picked":"SKIP","floor":18.0},{"not_picked":["Dash","Cloak And Dagger+1"],"picked":"Tactician","floor":19.0},{"not_picked":["Quick Slash","Backflip","Blade Dance"],"picked":"SKIP","floor":20.0},{"not_picked":["Flying Knee","Infinite Blades"],"picked":"Dagger Throw","floor":24.0},{"not_picked":["Flying Knee","Escape Plan","Dodge and Roll"],"picked":"SKIP","floor":28.0},{"not_picked":["Deflect","Blade Dance","Endless Agony"],"picked":"SKIP","floor":29.0},{"not_picked":["Finisher","Crippling Poison"],"picked":"Concentrate","floor":30.0},{"not_picked":["Malaise","Venomology"],"picked":"After Image","floor":33.0},{"not_picked":["PiercingWail","Underhanded Strike"],"picked":"Backflip+1","floor":35.0},{"not_picked":["Sucker Punch","Prepared","Phantasmal Killer"],"picked":"SKIP","floor":35.0},{"not_picked":["Terror","Choke+1"],"picked":"Reflex","floor":36.0},{"not_picked":["Outmaneuver","Escape Plan","Cloak And Dagger+1"],"picked":"SKIP","floor":36.0},{"not_picked":["Poisoned Stab","Endless Agony","Caltrops"],"picked":"SKIP","floor":37.0},{"not_picked":["Dagger Spray+1","Dodge and Roll","Cloak And Dagger"],"picked":"SKIP","floor":37.0},{"not_picked":["Impatience","Dramatic Entrance"],"picked":"Sadistic Nature","floor":39.0},{"not_picked":["Backflip+1","PiercingWail","Storm of Steel"],"picked":"SKIP","floor":40.0},{"not_picked":["Flying Knee+1","Endless Agony"],"picked":"Escape Plan","floor":41.0},{"not_picked":["Backflip+1","Outmaneuver","Infinite Blades"],"picked":"SKIP","floor":41.0},{"not_picked":["Slice+1","Flechettes","Flying Knee"],"picked":"SKIP","floor":44.0},{"not_picked":["Tactician","Bane+1","Slice"],"picked":"SKIP","floor":45.0},{"not_picked":["Dagger Spray","Riddle With Holes","Bane"],"picked":"SKIP","floor":45.0},{"not_picked":["Accuracy","Masterful Stab+1","Backstab"],"picked":"SKIP","floor":46.0},{"not_picked":["After Image","Cloak And Dagger","Endless Agony+1"],"picked":"SKIP","floor":46.0},{"not_picked":["Dodge and Roll","Backflip"],"picked":"Blur+1","floor":48.0},{"not_picked":["Terror+1","Distraction+1","Dagger Throw"],"picked":"SKIP","floor":48.0},{"not_picked":["Backflip+1","Prepared","Noxious Fumes"],"picked":"SKIP","floor":55.0}],"player_experience":405530,"relics_obtained":[{"floor":9.0,"key":"MawBank"},{"floor":10.0,"key":"Nunchaku"},{"floor":22.0,"key":"Vajra"},{"floor":26.0,"key":"Ancient Tea Set"},{"floor":30.0,"key":"Red Mask"},{"floor":31.0,"key":"Prayer Wheel"},{"floor":40.0,"key":"Incense Burner"},{"floor":44.0,"key":"Anchor"},{"floor":55.0,"key":"Bag of Marbles"}],"event_choices":[{"damage_healed":0.0,"max_hp_gain":0.0,"max_hp_loss":0.0,"gold_gain":0.0,"event_name":"Shining Light","player_choice":"Entered Light","floor":2.0,"gold_loss":0.0,"damage_taken":20.0,"cards_upgraded":["Strike_G","Flechettes"]},{"damage_healed":0.0,"max_hp_gain":0.0,"max_hp_loss":0.0,"gold_gain":0.0,"cards_transformed":["Strike_G"],"event_name":"Transmorgrifier","player_choice":"Transformed","floor":3.0,"gold_loss":0.0,"damage_taken":0.0,"cards_obtained":["Footwork"]},{"damage_healed":0.0,"max_hp_gain":0.0,"max_hp_loss":0.0,"gold_gain":0.0,"event_name":"Upgrade Shrine","player_choice":"Upgraded","floor":11.0,"gold_loss":0.0,"damage_taken":0.0,"cards_upgraded":["Cloak And Dagger"]},{"damage_healed":0.0,"max_hp_gain":0.0,"max_hp_loss":0.0,"gold_gain":0.0,"event_name":"Wheel of Change","player_choice":"Relic","floor":22.0,"gold_loss":0.0,"damage_taken":0.0},{"damage_healed":0.0,"max_hp_gain":0.0,"max_hp_loss":0.0,"gold_gain":0.0,"event_name":"Masked Bandits","player_choice":"Fought Bandits","floor":30.0,"gold_loss":0.0,"damage_taken":0.0},{"damage_healed":0.0,"max_hp_gain":0.0,"max_hp_loss":3.0,"gold_gain":0.0,"event_name":"Winding Halls","player_choice":"Max HP","floor":38.0,"gold_loss":0.0,"damage_taken":0.0},{"damage_healed":0.0,"max_hp_gain":0.0,"max_hp_loss":0.0,"gold_gain":0.0,"event_name":"SensoryStone","player_choice":"Memory 3","floor":39.0,"gold_loss":0.0,"damage_taken":10.0},{"damage_healed":0.0,"max_hp_gain":0.0,"max_hp_loss":0.0,"gold_gain":222.0,"event_name":"Tomb of Lord Red Mask","player_choice":"Wore Mask","floor":47.0,"gold_loss":0.0,"damage_taken":0.0}],"is_beta":false,"boss_relics":[{"not_picked":["Philosopher\u0027s Stone","Astrolabe"],"picked":"Runic Pyramid"},{"not_picked":[]}],"items_purged_floors":[13,21,25,54],"is_endless":false,"potions_floor_spawned":[4,7,12,14,16,19,24,28,29,36,41,45,55],"killed_by":"The Heart","ascension_level":20}}