{"host":"sum4dy402bbv9y4o","time":1612741775,"event":{"mods":["Aspiration","BaseMod","Conspire","Highlight Path","Minty Spire (QoL Compilation)","StSLib"],"gold_per_floor":[114,114,4,16,26,26,38,38,89,117,117,128,128,147,147,218,218,237,72,86,104,104,130,130,146,146,146,163,183,183,183,183],"floor_reached":31,"language":"ENG","playtime":1122,"items_purged":[],"score":543,"play_id":"3fadc683-140d-4977-9aea-3cdafe64b284","local_time":"20210208024935","is_ascension_mode":true,"campfire_choices":[{"data":"Eruption","floor":6,"key":"SMITH"},{"data":"CrushJoints","floor":8,"key":"SMITH"},{"floor":11,"key":"REST"},{"data":"LessonLearned","floor":13,"key":"SMITH"},{"floor":15,"key":"REST"},{"data":"Bite","floor":27,"key":"SMITH"}],"circlet_count":0,"master_deck":["AscendersBane","Defend_P","Defend_P","Defend_P","Defend_P","Eruption+1","Vigilance+1","CrushJoints+1","BowlingBash","FollowUp+1","EmptyFist","Conclude","EmptyBody","LessonLearned+1","Consecrate","Halt","SashWhip+1","Protect","Bite+1","Bite+1","Bite","Bite","Bite","Crescendo+1","Halt+1"],"relics":["PureWater","Omamori","conspire:DecoderRing","Darkstone Periapt","aspiration:Nostalgia","Cracked Core"],"acts_visited":["Exordium","TheCity"],"potions_floor_usage":[4,10,10,16,16,20,23,28,31],"damage_taken":[{"damage":0,"enemies":"Small Slimes","floor":1,"turns":2},{"damage":4,"enemies":"Jaw Worm","floor":4,"turns":3},{"damage":0,"enemies":"2 Louse","floor":5,"turns":2},{"damage":12,"enemies":"Exordium Wildlife","floor":7,"turns":3},{"damage":35,"enemies":"Lagavulin","floor":10,"turns":4},{"damage":10,"enemies":"Gremlin Gang","floor":12,"turns":5},{"damage":0,"enemies":"Exordium Thugs","floor":14,"turns":2},{"damage":42,"enemies":"The Guardian","floor":16,"turns":8},{"damage":1,"enemies":"3 Byrds","floor":18,"turns":2},{"damage":22,"enemies":"2 Thieves","floor":20,"turns":3},{"damage":0,"enemies":"Snecko","floor":21,"turns":2},{"damage":14,"enemies":"Gremlin Leader","floor":23,"turns":7},{"damage":0,"enemies":"3 Cultists","floor":25,"turns":3},{"damage":11,"enemies":"Centurion and Healer","floor":28,"turns":4},{"damage":26,"enemies":"Snecko","floor":29,"turns":3},{"damage":33,"enemies":"Book of Stabbing","floor":31,"turns":2}],"seed_played":"-2782957171951656092","potions_obtained":[{"floor":1,"key":"SteroidPotion"},{"floor":7,"key":"Regen Potion"},{"floor":12,"key":"SteroidPotion"},{"floor":14,"key":"Block Potion"},{"floor":16,"key":"StancePotion"},{"floor":20,"key":"LiquidMemories"},{"floor":25,"key":"SteroidPotion"},{"floor":28,"key":"Strength Potion"}],"is_trial":false,"path_per_floor":["M","?","$","M","M","R","M","R","T","E","R","M","R","M","R","B",null,"M","$","M","M","?","E","?","M","T","R","M","M","?","E"],"character_chosen":"WATCHER","items_purchased":["BowlingBash","Fire Potion","Blood Vial"],"campfire_rested":2,"item_purchase_floors":[3,3,19],"current_hp_per_floor":[67,62,62,58,58,58,46,46,46,23,45,35,35,35,57,15,59,58,58,38,40,40,40,40,44,44,44,39,21,21,0,0],"gold":183,"neow_bonus":"TEN_PERCENT_HP_BONUS","is_daily":false,"chose_seed":false,"campfire_upgraded":4,"win_rate":0.0,"timestamp":1612741775,"path_taken":["M","?","$","M","M","R","M","R","T","E","R","M","R","M","R","BOSS","M","$","M","M","?","E","?","M","T","R","M","M","?","E"],"items_purchased_type":["Card","Potion","Relic"],"build_version":"2020-12-22","purchased_purges":0,"victory":false,"max_hp_per_floor":[74,74,74,74,74,74,74,74,74,74,74,74,74,74,74,74,74,74,74,74,74,74,74,74,74,74,74,74,74,74,74,74],"card_choices":[{"not_picked":["JustLucky","Evaluate"],"picked":"CrushJoints","floor":1},{"not_picked":["JustLucky","ClearTheMind"],"picked":"FollowUp","floor":4},{"not_picked":["Crescendo","JustLucky"],"picked":"EmptyFist","floor":5},{"not_picked":["Evaluate","WaveOfTheHand"],"picked":"Conclude","floor":7},{"not_picked":["Evaluate","BowlingBash"],"picked":"EmptyBody","floor":10},{"not_picked":["FlurryOfBlows","FlyingSleeves"],"picked":"LessonLearned","floor":12},{"not_picked":["FlyingSleeves","Evaluate"],"picked":"Consecrate","floor":14},{"not_picked":["EmptyFist","JustLucky"],"picked":"Halt","floor":18},{"not_picked":["LikeWater","Sanctity"],"picked":"SashWhip+1","floor":20},{"not_picked":["FollowUp+1","ReachHeaven"],"picked":"Protect","floor":21},{"not_picked":["Fasting2+1","ThirdEye","ReachHeaven"],"picked":"SKIP","floor":23},{"not_picked":["JustLucky","SpiritShield","EmptyBody"],"picked":"SKIP","floor":25},{"not_picked":["EmptyFist","Wallop"],"picked":"Crescendo+1","floor":28},{"not_picked":["CutThroughFate+1","EmptyFist"],"picked":"Halt+1","floor":29}],"player_experience":3064157,"relics_obtained":[{"floor":9,"key":"Omamori"},{"floor":10,"key":"conspire:DecoderRing"},{"floor":23,"key":"Darkstone Periapt"},{"floor":26,"key":"aspiration:Nostalgia"}],"event_choices":[{"damage_healed":0,"gold_gain":0,"player_choice":"Fled","damage_taken":5,"max_hp_gain":0,"max_hp_loss":0,"event_name":"Scrap Ooze","floor":2,"gold_loss":0},{"damage_healed":0,"gold_gain":0,"player_choice":"Became a vampire (Vial)","damage_taken":0,"max_hp_gain":0,"max_hp_loss":0,"event_name":"Vampires","floor":22,"relics_lost":["Blood Vial"],"gold_loss":0,"cards_obtained":["Bite","Bite","Bite","Bite","Bite"]},{"damage_healed":0,"gold_gain":0,"player_choice":"Ignored","damage_taken":0,"max_hp_gain":0,"max_hp_loss":0,"event_name":"Ghosts","floor":24,"gold_loss":0},{"damage_healed":0,"gold_gain":0,"player_choice":"Smashed Altar","damage_taken":0,"max_hp_gain":0,"max_hp_loss":0,"event_name":"Forgotten Altar","floor":30,"gold_loss":0,"cards_obtained":["Decay"]}],"is_beta":false,"boss_relics":[{"not_picked":["aspiration:RitualDagger","conspire:RoyalGoblet","Pandora\u0027s Box"]}],"items_purged_floors":[],"is_endless":false,"potions_floor_spawned":[1,7,12,14,16,20,25,28],"killed_by":"Book of Stabbing","ascension_level":20}}