{"host":"w2kjv12xyhtt0cv2","time":1612706793,"event":{"mods":["100% Spire Juice","Act Like it!","BaseMod","Colored Map","Friendly Minions","Gensokyo","GifTheSpireLib","Highlight Path","Hubris","Marisa（F雨　魔理沙）","Minty Spire (QoL Compilation)","Prisma Mod","Quick Restart","Reimu（博丽灵梦）","Relic Stats","Reliquary","Replay The Spire","Robot Space Explorer","RumiaBox-露米娅的神秘盒子","Shop Mod","Spicy Shops","StSLib","The Bug Knight","The Cursed","The Dragon Tamer","The Servant 0.9.4","UnlockEverythingMod","Waifu the Spire","[功能]功能增强和修复MOD","【功能Mod】Neow奖励","【遗物卡牌】REMEMod","没有小屋子和绿帽子啦"],"gold_per_floor":[114,114,132,132,21,49,60,141,141,173,190,190,190],"floor_reached":12,"language":"ZHS","playtime":631,"items_purged":[],"score":203,"play_id":"921c3ad1-f2a4-48f2-95fb-7d6b83e355a7","local_time":"20210207220633","is_ascension_mode":true,"campfire_choices":[],"circlet_count":0,"master_deck":["AscendersBane","TheCursedMod:Strike_TheCursed","TheCursedMod:Strike_TheCursed+1","TheCursedMod:Strike_TheCursed","TheCursedMod:Defend_TheCursed","TheCursedMod:Defend_TheCursed","TheCursedMod:Defend_TheCursed+1","TheCursedMod:Defend_TheCursed","TheCursedMod:CursedWand","TheCursedMod:CleanUpWorkshop","TheCursedMod:Dregs","TheCursedMod:VoidForm","TheCursedMod:CircleOfCorruption","Regret","TheCursedMod:SoulReap","TheCursedMod:LuckyCharm","TheCursedMod:LuckyCharm","Injury","TheCursedMod:CursedStaff","TheCursedMod:TroublousMinions","TheCursedMod:SpitefulStrike"],"relics":["REME_ComplimentaryCards","hubris:VirtuousBlindfold","Simple Rune","ReplayTheSpireMod:TigerMarble","reliquary:TridentHead","Dream Catcher","Shuriken","hubris:CrystalStatue"],"acts_visited":["Exordium"],"potions_floor_usage":[],"damage_taken":[{"damage":2.0,"enemies":"Jaw Worm","floor":1.0,"turns":4.0},{"damage":2.0,"enemies":"Small Slimes","floor":3.0,"turns":3.0},{"damage":7.0,"enemies":"Lagavulin","floor":6.0,"turns":6.0},{"damage":1.0,"enemies":"2 Louse","floor":7.0,"turns":2.0},{"damage":17.0,"enemies":"3 Sentries","floor":10.0,"turns":8.0},{"damage":5.0,"enemies":"2 Fungi Beasts","floor":11.0,"turns":4.0},{"damage":16,"enemies":"Lagavulin","floor":12,"turns":5}],"seed_played":"-3168883444861865751","potions_obtained":[{"floor":7.0,"key":"FearPotion"},{"floor":10.0,"key":"DistilledChaos"}],"is_trial":false,"path_per_floor":["M","?","M","?","$","E","M","?","T","E","M","E"],"character_chosen":"THE_CURSED","items_purchased":["TheCursedMod:LuckyCharm","ReplayTheSpireMod:TigerMarble"],"campfire_rested":0,"item_purchase_floors":[5,5],"current_hp_per_floor":[62,62,60,53,53,54,53,25,25,16,18,2,2],"gold":190,"neow_bonus":"BOSS_RELIC","is_daily":false,"chose_seed":false,"campfire_upgraded":0,"win_rate":0.0,"timestamp":1612706793,"path_taken":["M","?","M","?","$","E","M","?","T","E","?","E"],"items_purchased_type":["Card","Relic"],"build_version":"2020-12-22","purchased_purges":0,"victory":false,"max_hp_per_floor":[71,71,71,71,71,71,71,71,71,71,71,71,71],"relic_stats":{"Dream Catcher":0,"counters":[7,32],"Shuriken":[2],"obtain_stats":[{"TheCursedMod:BlackMagic101":0,"reliquary:TridentHead":6,"Dream Catcher":8,"hubris:CrystalStatue":10,"Shuriken":9,"hubris:VirtuousBlindfold":0,"Simple Rune":2,"ReplayTheSpireMod:TigerMarble":5,"REME_ComplimentaryCards":0},{"TheCursedMod:BlackMagic101":0,"reliquary:TridentHead":3,"Dream Catcher":4,"hubris:CrystalStatue":5,"Shuriken":4,"hubris:VirtuousBlindfold":0,"Simple Rune":1,"ReplayTheSpireMod:TigerMarble":2,"REME_ComplimentaryCards":0},{"TheCursedMod:BlackMagic101":0,"reliquary:TridentHead":13,"Dream Catcher":15,"hubris:CrystalStatue":23,"Shuriken":15,"hubris:VirtuousBlindfold":0,"Simple Rune":4,"ReplayTheSpireMod:TigerMarble":7,"REME_ComplimentaryCards":0}]},"card_choices":[{"not_picked":["TheCursedMod:Wield","TheCursedMod:SpitefulStrike"],"picked":"TheCursedMod:CircleOfCorruption","floor":1.0},{"not_picked":["TheCursedMod:HellfireBreathing","TheCursedMod:RapidMovement"],"picked":"TheCursedMod:SoulReap","floor":3.0},{"not_picked":["TheCursedMod:SpitefulPray","TheCursedMod:UltimatePain"],"picked":"TheCursedMod:CursedStaff","floor":6.0},{"not_picked":["TheCursedMod:CursedAmulet","TheCursedMod:EmpowerCircles","TheCursedMod:RavingStaff"],"picked":"SKIP","floor":7.0},{"not_picked":["TheCursedMod:Torture","TheCursedMod:CursedShiv"],"picked":"TheCursedMod:TroublousMinions","floor":8.0},{"not_picked":["TheCursedMod:RavingStaff","TheCursedMod:SmokeScreen","TheCursedMod:CircleOfFocus"],"picked":"SKIP","floor":10.0},{"not_picked":["TheCursedMod:WearCloak","TheCursedMod:VitalStrike"],"picked":"TheCursedMod:SpitefulStrike","floor":11.0}],"player_experience":205599,"relics_obtained":[{"floor":6.0,"key":"reliquary:TridentHead"},{"floor":8.0,"key":"Dream Catcher"},{"floor":9.0,"key":"Shuriken"},{"floor":10.0,"key":"hubris:CrystalStatue"}],"event_choices":[{"damage_healed":0.0,"max_hp_gain":0.0,"max_hp_loss":0.0,"gold_gain":0.0,"event_name":"Big Fish","player_choice":"Box","floor":2.0,"gold_loss":0.0,"damage_taken":0.0,"relics_obtained":["Simple Rune"],"cards_obtained":["Regret"]},{"cards_removed":["TheCursedMod:Strike_TheCursed"],"damage_healed":0.0,"max_hp_gain":0.0,"max_hp_loss":0.0,"gold_gain":0.0,"event_name":"Golden Wing","player_choice":"Card Removal","floor":4.0,"gold_loss":0.0,"damage_taken":7.0}],"is_beta":false,"boss_relics":[],"items_purged_floors":[],"is_endless":false,"potions_floor_spawned":[7,10],"killed_by":"Lagavulin","ascension_level":16}}