{"host":"121m0oxswv9tg9hk","time":1612720129,"event":{"mods":["AchievementEnabler","BaseMod","Better Third Choice","Downfall","Minty Spire (QoL Compilation)","StSLib"],"gold_per_floor":[99,114,129,139,153,11,11,44,44,44,58,75,75,101,118,213,213,113,113,113,113,13,13,94,118,130,80,94,129,29,14,33,133,133,133,144,144,164,22,22,73,88,138,150,186,215,124,12,29,29,29,70,18,18,18,18],"floor_reached":57,"language":"ENG","playtime":8009,"items_purged":["sneckomod:Strike"],"score":1551,"play_id":"ae194ba2-9a67-4188-9b5f-aee632f47c0b","local_time":"20210207184849","is_ascension_mode":true,"campfire_choices":[{"data":"sneckomod:SnekBite","floor":1,"key":"SMITH"},{"data":"sneckomod:Nope","floor":13,"key":"SMITH"},{"floor":30,"key":"REST"},{"floor":35,"key":"RECALL"},{"floor":40,"key":"REST"},{"floor":54,"key":"REST"}],"circlet_count":0,"master_deck":["sneckomod:Strike","sneckomod:Strike","sneckomod:Defend","sneckomod:Defend","sneckomod:Defend","sneckomod:TailWhip","sneckomod:SnekBite+1","sneckomod:Unknown","sneckomod:CheapStock","sneckomod:SlitherStrike","sneckomod:Unknown1Cost","sneckomod:UnendingSupply","sneckomod:SoulDraw","Amplify","sneckomod:Nope+1","sneckomod:Nope","sneckomod:SoulDraw","sneckomod:SerpentMind","Double Energy","sneckomod:UnknownCommonSkill","sneckomod:UnknownBlock","sneckomod:MasterEye","sneckomod:UnknownClassBLUE","sneckomod:SoulRoll+1","sneckomod:UnknownStrength","sneckomod:ImprovisedGuard+1","sneckomod:ImprovisedAttack","sneckomod:Unknown3Cost","sneckomod:UnknownStrength+1","Guardian:ExploitGems","Metamorphosis","sneckomod:UnknownDraw","sneckomod:UnknownClassGUARDIAN","sneckomod:ImprovisedGuard+1","sneckomod:UnknownColorless+1","sneckomod:SoulDraw","Force Field+1","sneckomod:MasterEye","sneckomod:UnknownClassBLUE","sneckomod:SlitherStrike+1"],"relics":["sneckomod:SneckoSoul","sneckomod:SneckoCommon","Mummified Hand","Bottled Tornado","Fusion Hammer","downfall:HeartBlessingGreen","sneckomod:BabySnecko","Happy Flower","Lantern","downfall:HeartBlessingBlue","Busted Crown","Ornamental Fan","Omamori","Calipers","CeramicFish","downfall:HeartBlessingRed","hexamod:BolsterEngine"],"acts_visited":["Exordium","TheCity","TheBeyond","TheEnding"],"potions_floor_usage":[16,16,29,29,36,38,39,43,44,49,50,56,56],"damage_taken":[{"damage":1,"enemies":"Cultist","floor":2,"turns":3},{"damage":0,"enemies":"Jaw Worm","floor":3,"turns":4},{"damage":3,"enemies":"2 Louse","floor":4,"turns":3},{"damage":3,"enemies":"Blue Slaver","floor":5,"turns":4},{"damage":0,"enemies":"downfall:FleeingMerchant","floor":6,"turns":4},{"damage":5,"enemies":"Lagavulin","floor":8,"turns":7},{"damage":0,"enemies":"2 Fungi Beasts","floor":11,"turns":5},{"damage":16,"enemies":"Blue Slaver","floor":12,"turns":5},{"damage":20,"enemies":"Gremlin Nob","floor":14,"turns":3},{"damage":7,"enemies":"Large Slime","floor":15,"turns":6},{"damage":15,"enemies":"SI_SHIV_ARCHETYPE","floor":16,"turns":12},{"damage":0,"enemies":"Chosen","floor":19,"turns":1},{"damage":12,"enemies":"downfall:FleeingMerchant","floor":22,"turns":4},{"damage":14,"enemies":"3 Cultists","floor":26,"turns":4},{"damage":23,"enemies":"Centurion and Healer","floor":28,"turns":3},{"damage":23,"enemies":"Slavers","floor":29,"turns":4},{"damage":1,"enemies":"downfall:FleeingMerchant","floor":31,"turns":4},{"damage":9,"enemies":"Snake Plant","floor":32,"turns":3},{"damage":7,"enemies":"WA_ARCHETYPE_CALM","floor":33,"turns":7},{"damage":8,"enemies":"3 Shapes","floor":36,"turns":4},{"damage":16,"enemies":"3 Darklings","floor":38,"turns":4},{"damage":15,"enemies":"downfall:FleeingMerchant","floor":39,"turns":4},{"damage":4,"enemies":"Writhing Mass","floor":42,"turns":4},{"damage":0,"enemies":"Writhing Mass","floor":43,"turns":4},{"damage":13,"enemies":"Jaw Worm Horde","floor":44,"turns":3},{"damage":4,"enemies":"Nemesis","floor":45,"turns":5},{"damage":3,"enemies":"3 Darklings","floor":46,"turns":4},{"damage":9,"enemies":"Sphere and 2 Shapes","floor":49,"turns":6},{"damage":20,"enemies":"IC_BLOCK_ARCHETYPE","floor":50,"turns":7},{"damage":35,"enemies":"downfall:CharBossMerchant","floor":52,"turns":9},{"damage":21,"enemies":"downfall:NeowBoss","floor":55,"turns":17},{"damage":18,"enemies":"downfall:NeowBossFinal","floor":56,"turns":11}],"seed_played":"-6032842825809049923","potions_obtained":[{"floor":5,"key":"PowerPotion"},{"floor":8,"key":"Strength Potion"},{"floor":28,"key":"Explosive Potion"},{"floor":29,"key":"sneckomod:DiceRollPotion"},{"floor":33,"key":"SteroidPotion"},{"floor":36,"key":"hexamod:SoulburnPotion"},{"floor":42,"key":"Swift Potion"},{"floor":43,"key":"sneckomod:OffclassReductionPotion"},{"floor":45,"key":"SteroidPotion"},{"floor":46,"key":"Fire Potion"}],"is_trial":false,"path_per_floor":["R","M","M","M","M","$","T","E","R","?","M","M","R","E","M","B",null,"R","M","?","?","$","?","T","T","M","?","M","E","R","$","M","B",null,"R","M","?","M","$","R","T","M","?","M","E","M","R","$","M","B",null,"E","$","R","B","B",null],"character_chosen":"THE_SNECKO","items_purchased":["Dexterity Potion","sneckomod:MasterEye","sneckomod:UnknownClassBLUE","Ornamental Fan","Metamorphosis","Dexterity Potion","sneckomod:MasterEye","sneckomod:UnknownClassBLUE","Swift Potion"],"campfire_rested":3,"item_purchase_floors":[6,22,22,39,39,39,48,48,53],"current_hp_per_floor":[81,80,80,77,74,74,74,69,69,69,69,53,53,33,26,11,70,70,70,70,70,58,58,58,58,44,77,54,31,71,70,61,61,90,90,89,89,73,58,88,88,84,84,71,67,64,64,64,55,69,92,72,72,100,94,76],"gold":18,"neow_bonus":"UPGRADE_CARD","is_daily":false,"chose_seed":false,"campfire_upgraded":2,"win_rate":0.0,"timestamp":1612720129,"path_taken":["R","M","?","M","M","$","T","E","R","?","M","M","R","E","M","BOSS","R","M","?","?","$","?","T","?","M","?","M","E","R","$","M","BOSS","R","M","?","M","$","R","T","M","?","M","E","M","R","$","M","BOSS","E","$","R","BOSS","BOSS"],"items_purchased_type":["Potion","Card","Card","Relic","Card","Potion","Card","Card","Potion"],"build_version":"2020-12-22","purchased_purges":1,"victory":true,"max_hp_per_floor":[90,90,90,90,90,90,90,90,90,90,90,90,90,90,90,90,90,90,90,90,90,90,90,90,90,90,90,90,90,100,100,100,100,100,100,100,100,100,100,100,100,100,100,100,100,100,100,100,100,100,100,100,100,100,100,100],"card_choices":[{"not_picked":["sneckomod:RainOfDice","sneckomod:DiceCrush"],"picked":"sneckomod:CheapStock","floor":2},{"not_picked":["sneckomod:DiceBlock","sneckomod:SnakeSap"],"picked":"sneckomod:SlitherStrike","floor":3},{"not_picked":["sneckomod:MixItUp","sneckomod:IronFang"],"picked":"sneckomod:Unknown1Cost","floor":4},{"not_picked":["sneckomod:UnknownWeak","sneckomod:UnknownDraw"],"picked":"sneckomod:UnendingSupply","floor":5},{"not_picked":["sneckomod:UnknownCommonAttack","sneckomod:UnknownUncommonPower"],"picked":"sneckomod:SoulDraw","floor":6},{"not_picked":["sneckomod:UnknownExhaust","sneckomod:MixItUp"],"picked":"sneckomod:UnknownRareSkill","floor":8},{"not_picked":["Guardian:Gem_Red","Guardian:Gem_Lightblue"],"picked":"Guardian:Gem_Green","floor":11},{"not_picked":["sneckomod:UnknownExhaust","sneckomod:UnknownDraw"],"picked":"sneckomod:Nope","floor":11},{"not_picked":["sneckomod:QuickMove","sneckomod:UnknownBlock"],"picked":"sneckomod:Nope","floor":12},{"not_picked":["sneckomod:UnknownCommonSkill","sneckomod:Restock"],"picked":"sneckomod:UnknownDraw","floor":14},{"not_picked":["sneckomod:DiceCrush","sneckomod:UnendingSupply"],"picked":"sneckomod:SoulDraw","floor":15},{"not_picked":["sneckomod:DangerNoodle","sneckomod:UnlimitedRolls"],"picked":"sneckomod:SerpentMind","floor":16},{"not_picked":["sneckomod:UnknownCommonAttack","sneckomod:RainOfDice"],"picked":"sneckomod:UnknownCommonSkill","floor":19},{"not_picked":["sneckomod:SoulRoll","sneckomod:QuickMove"],"picked":"sneckomod:UnknownBlock","floor":22},{"not_picked":["sneckomod:UnknownStrike+1","sneckomod:Unknown1Cost"],"picked":"sneckomod:SoulRoll+1","floor":26},{"not_picked":["sneckomod:UnknownStrike","sneckomod:UnknownCommonAttack"],"picked":"sneckomod:UnknownStrength","floor":28},{"not_picked":["sneckomod:DefensiveFlair+1","sneckomod:SoulRoll"],"picked":"sneckomod:ImprovisedGuard+1","floor":29},{"not_picked":["sneckomod:Unknown0Cost","sneckomod:UnknownRareAttack"],"picked":"sneckomod:ImprovisedAttack","floor":31},{"not_picked":["sneckomod:UnknownCommonSkill","sneckomod:UnknownWeak","sneckomod:UnknownUncommonSkill"],"picked":"SKIP","floor":32},{"not_picked":["sneckomod:Restock","sneckomod:SoulExchange"],"picked":"sneckomod:Unknown3Cost","floor":33},{"not_picked":["sneckomod:UnknownCommonSkill"],"picked":"SKIP","floor":36},{"not_picked":[],"picked":"sneckomod:UnknownStrength+1","floor":38},{"not_picked":["sneckomod:UnknownCommonSkill"],"picked":"SKIP","floor":39},{"not_picked":[],"picked":"sneckomod:UnknownDraw","floor":42},{"not_picked":[],"picked":"sneckomod:UnknownClassGUARDIAN","floor":43},{"not_picked":[],"picked":"sneckomod:ImprovisedGuard+1","floor":44},{"not_picked":[],"picked":"sneckomod:UnknownColorless+1","floor":45},{"not_picked":[],"picked":"sneckomod:SoulDraw","floor":46},{"not_picked":["sneckomod:QuickBite+1"],"picked":"SKIP","floor":49},{"not_picked":[],"picked":"sneckomod:SlitherStrike+1","floor":52}],"player_experience":2633391,"relics_obtained":[{"floor":7,"key":"sneckomod:SneckoCommon"},{"floor":8,"key":"Mummified Hand"},{"floor":14,"key":"Bottled Tornado"},{"floor":25,"key":"Happy Flower"},{"floor":29,"key":"Lantern"},{"floor":41,"key":"Omamori"},{"floor":43,"key":"Calipers"},{"floor":45,"key":"CeramicFish"},{"floor":52,"key":"hexamod:BolsterEngine"}],"event_choices":[{"damage_healed":0,"gold_gain":0,"player_choice":"Ignored","damage_taken":0,"max_hp_gain":0,"max_hp_loss":0,"event_name":"Ghosts","floor":23,"gold_loss":0}],"is_beta":false,"boss_relics":[{"not_picked":["Tiny House","Runic Dome"],"picked":"Fusion Hammer"},{"not_picked":["SacredBark","Empty Cage"],"picked":"Busted Crown"}],"items_purged_floors":[6],"is_endless":false,"potions_floor_spawned":[5,8,12,14,28,29,33,36,42,43,45,46],"ascension_level":6}}