{"host":"takgv9cv6xf64vhq","time":1612734530,"event":{"mods":["BaseMod","Colored Powertips","Conspire","Decade(王小明)","Downfall","Energized Spire","Hermit","Hubris","LagranYue(拉格朗・月)","Marisa（F雨　魔理沙）","Minty Spire (QoL Compilation)","Replay The Spire","StSLib","The Cursed","The Hierophant","The Jungle","The Servant 0.9.4","TheHeartMod"],"gold_per_floor":[119,136,156,169,183,183,215,215,269,269,282,300,316,316,316,316,316],"floor_reached":16,"language":"ZHS","playtime":638,"items_purged":[],"score":133,"play_id":"b5c9c74a-0bb5-41a6-b2eb-1fe89c9f4251","local_time":"20210208054850","is_ascension_mode":true,"campfire_choices":[{"data":"BasicCrystalCard","floor":6.0,"key":"SMITH"},{"data":"Gash","floor":8.0,"key":"SMITH"},{"data":"Gash","floor":15,"key":"SMITH"}],"circlet_count":0,"master_deck":["Strike_B","Strike_B","Defend_B","Defend_B","Defend_B","Defend_B","Zap","Dualcast","FIFO Queue","Gash+1","Cold Snap","Barrage","BasicCrystalCard+1","Reinforced Body","Echo Form","Gash+1","Turbo","Glacier"],"relics":["Cracked Core","hubris:SphereOfDissonance","sneckomod:BlankCard","SsserpentHead"],"acts_visited":["Exordium"],"potions_floor_usage":[16],"damage_taken":[{"damage":0.0,"enemies":"conspire:RoseBush","floor":1.0,"turns":3.0},{"damage":2.0,"enemies":"Small Slimes","floor":2.0,"turns":4.0},{"damage":0.0,"enemies":"Cultist","floor":3.0,"turns":4.0},{"damage":2.0,"enemies":"Exordium Wildlife","floor":4.0,"turns":4.0},{"damage":8.0,"enemies":"2 Fungi Beasts","floor":5.0,"turns":4.0},{"damage":15.0,"enemies":"3 Sentries","floor":7.0,"turns":8.0},{"damage":10,"enemies":"3 Louse","floor":11,"turns":4},{"damage":3,"enemies":"Large Slime","floor":12,"turns":5},{"damage":2,"enemies":"Looter","floor":13,"turns":2},{"damage":37,"enemies":"Fading Forest","floor":16,"turns":4}],"seed_played":"-3212073717275294407","potions_obtained":[{"floor":1.0,"key":"SkillPotion"},{"floor":5.0,"key":"FearPotion"},{"floor":7.0,"key":"PowerPotion"},{"floor":13,"key":"Swift Potion"}],"is_trial":false,"path_per_floor":["M","M","M","M","M","R","E","R","T","?","M","M","M","?","R","B"],"character_chosen":"DEFECT","items_purchased":[],"campfire_rested":0,"item_purchase_floors":[],"current_hp_per_floor":[75,73,73,71,63,63,48,48,48,41,31,28,26,26,26,0,0],"gold":316,"neow_bonus":"TRANSFORM_CARD","is_daily":false,"chose_seed":true,"campfire_upgraded":3,"win_rate":0.0,"timestamp":1612734530,"path_taken":["M","M","M","?","M","R","E","R","T","?","M","M","M","?","R","BOSS"],"items_purchased_type":[],"build_version":"2020-12-22","purchased_purges":0,"victory":false,"max_hp_per_floor":[75,75,75,75,75,75,75,75,75,75,75,75,75,75,75,75,75],"card_choices":[{"not_picked":["Blizzard","Storm"],"picked":"Gash","floor":1.0},{"not_picked":["Storm","Rebound"],"picked":"Cold Snap","floor":2.0},{"not_picked":["Defragment","Capacitor"],"picked":"Barrage","floor":3.0},{"not_picked":["Stack","Rebound"],"picked":"BasicCrystalCard","floor":4.0},{"not_picked":["Leap","Hello World"],"picked":"Reinforced Body","floor":5.0},{"not_picked":["Coolheaded","ReplayTheSpireMod:Reroute Power"],"picked":"Echo Form","floor":7.0},{"not_picked":["Leap","Stack"],"picked":"Gash","floor":11},{"not_picked":["ReplaySort","Steam"],"picked":"Turbo","floor":12},{"not_picked":["Streamline","Doom and Gloom"],"picked":"Glacier","floor":13}],"player_experience":470605,"relics_obtained":[{"floor":7.0,"key":"hubris:SphereOfDissonance"},{"floor":9.0,"key":"sneckomod:BlankCard"}],"event_choices":[{"cards_removed":["Strike_B"],"damage_healed":0.0,"max_hp_gain":0.0,"max_hp_loss":0.0,"gold_gain":0.0,"event_name":"Golden Wing","player_choice":"Card Removal","floor":10.0,"gold_loss":0.0,"damage_taken":7.0},{"damage_healed":0,"gold_gain":0,"player_choice":"Trade","damage_taken":0,"relics_obtained":["SsserpentHead"],"max_hp_gain":0,"max_hp_loss":0,"event_name":"FaceTrader","floor":14,"gold_loss":0}],"is_beta":false,"boss_relics":[],"items_purged_floors":[],"is_endless":false,"potions_floor_spawned":[1,5,7,13],"killed_by":"Fading Forest","ascension_level":5}}