{"host":"y36bp6mnm73x3iob","time":1612692604,"event":{"mods":["Aspiration","BaseMod","Bossed Relics","GifTheSpireLib","Hermit","Hubris","Minty Spire (QoL Compilation)","Retaliation","StSLib"],"gold_per_floor":[365,365,381,456,379,417,58,72,72,95,95,116,116,140,140,140,140],"floor_reached":16,"language":"ENG","playtime":567,"items_purged":[],"score":107,"play_id":"e10d0376-19b8-489c-a28c-a747e301491a","local_time":"20210207121004","is_ascension_mode":true,"campfire_choices":[{"data":"hubris:DoWhile","floor":11,"key":"SMITH"},{"floor":13,"key":"REST"},{"floor":15,"key":"REST"}],"circlet_count":0,"master_deck":["Strike_B","Strike_B","Strike_B","Strike_B","Defend_B","Defend_B","Defend_B","Defend_B","Zap","Dualcast","Sweeping Beam","Redo","Reboot","hubris:DoWhile+1","Storm","Battle Trance","Reflex","CrushJoints","Undo"],"relics":["Cracked Core","Golden Idol","CaptainsWheel","hubris:Metronome","PrismaticShard","Cables"],"acts_visited":["Exordium"],"potions_floor_usage":[16,16],"damage_taken":[{"damage":1,"enemies":"Jaw Worm","floor":1,"turns":3},{"damage":5,"enemies":"Small Slimes","floor":3,"turns":2},{"damage":20,"enemies":"Gremlin Nob","floor":6,"turns":4},{"damage":6,"enemies":"Cultist","floor":8,"turns":3},{"damage":1,"enemies":"Exordium Thugs","floor":10,"turns":4},{"damage":15,"enemies":"Looter","floor":12,"turns":3},{"damage":4,"enemies":"3 Louse","floor":14,"turns":3},{"damage":42,"enemies":"Hexaghost","floor":16,"turns":7}],"seed_played":"-2875141919595958272","potions_obtained":[{"floor":10,"key":"Strength Potion"},{"floor":12,"key":"Swift Potion"},{"floor":14,"key":"DDmod:CleansePotion"}],"is_trial":false,"path_per_floor":["M","?","M","?","?","E","$","M","T","M","R","M","R","M","R","B"],"character_chosen":"DEFECT","items_purchased":["hubris:DoWhile","PrismaticShard","Storm"],"campfire_rested":2,"item_purchase_floors":[7,7,7],"current_hp_per_floor":[67,63,58,47,47,27,27,21,21,20,20,5,23,19,37,0,0],"gold":140,"neow_bonus":"TWO_FIFTY_GOLD","is_daily":false,"chose_seed":false,"campfire_upgraded":1,"win_rate":0.0,"timestamp":1612692604,"path_taken":["M","?","M","?","?","E","$","?","T","M","R","M","R","M","R","BOSS"],"items_purchased_type":["Card","Relic","Card"],"build_version":"2020-12-22","purchased_purges":0,"victory":false,"max_hp_per_floor":[68,63,63,63,63,63,63,63,63,63,63,63,63,63,63,63,63],"card_choices":[{"not_picked":["Turbo","Barrage"],"picked":"Sweeping Beam","floor":1},{"not_picked":["Scrape","Stack"],"picked":"Redo","floor":3},{"not_picked":["Beam Cell","Darkness"],"picked":"Reboot","floor":6},{"not_picked":["hermit:CalledShot","CutThroughFate"],"picked":"Battle Trance","floor":8},{"not_picked":["Twin Strike","hermit:Misfire"],"picked":"Reflex","floor":10},{"not_picked":["hermit:ItchyTrigger","Expertise"],"picked":"CrushJoints","floor":12},{"not_picked":["Good Instincts","FlyingSleeves"],"picked":"Undo","floor":14}],"player_experience":499101,"relics_obtained":[{"floor":6,"key":"hubris:Metronome"},{"floor":9,"key":"Cables"}],"event_choices":[{"damage_healed":0,"gold_gain":0,"player_choice":"Lose Max HP","damage_taken":0,"relics_obtained":["Golden Idol"],"max_hp_gain":0,"max_hp_loss":5,"event_name":"Golden Idol","floor":2,"gold_loss":0},{"damage_healed":0,"gold_gain":75,"player_choice":"Gather Gold","damage_taken":11,"max_hp_gain":0,"max_hp_loss":0,"event_name":"World of Goop","floor":4,"gold_loss":0},{"damage_healed":0,"gold_gain":0,"player_choice":"Paid Gold","damage_taken":0,"relics_obtained":["CaptainsWheel"],"max_hp_gain":0,"max_hp_loss":0,"event_name":"WeMeetAgain","floor":5,"gold_loss":77}],"is_beta":false,"boss_relics":[],"items_purged_floors":[],"is_endless":false,"potions_floor_spawned":[10,12,14],"killed_by":"Hexaghost","ascension_level":1}}