{"host":"sv0b252yhyqedn0i","time":1612699957,"event":{"mods":["BaseMod","Colored Map","DeckTracker","MarisaÅiñ∂âJÅ@ñÇóùçπÅj","Minty Spire (QoL Compilation)","StSLib"],"gold_per_floor":[111,129,19,33,108,108,139,165,203,227,271,283,295,325,337,453,465,488,500,240,252,28,28,59,59,82,82,99,118,131,150,150,251,251,267,113,124,124,0,0,50,81,81,81,7,23,23,40,40,40],"floor_reached":51,"language":"JPN","playtime":3008,"items_purged":["Defend_MRS","MasterSpark"],"score":996,"play_id":"d8232706-a7c7-43cb-a2b0-42cea75462f2","local_time":"20210207211237","is_ascension_mode":true,"campfire_choices":[{"data":"DeepEcoloBomb","floor":6.0,"key":"SMITH"},{"data":"OortCloud","floor":12.0,"key":"SMITH"},{"data":"AbsoluteMagnitude","floor":15.0,"key":"SMITH"},{"data":"AsteroidBelt","floor":23.0,"key":"SMITH"},{"data":"OortCloud","floor":25.0,"key":"SMITH"},{"data":"FairyDestructionRay","floor":27.0,"key":"SMITH"},{"data":"DarkMatter","floor":32,"key":"SMITH"},{"data":"AsteroidBelt","floor":40,"key":"SMITH"},{"data":"ChargingUp","floor":47,"key":"SMITH"},{"data":"6A","floor":49,"key":"PURGE"}],"circlet_count":0,"master_deck":["UpSweep","OortCloud+1","FairyDestructionRay+1","MachineGunSpark","AbsoluteMagnitude+1","OortCloud+1","StarDustReverie","ChargingUp+1","MachineGunSpark","PropBag","PowerUp","DarkSpark","UnstableBomb","OortCloud+1","ChargingUp+1","AsteroidBelt+1","OortCloud+1","SprinkleStarSeal+1","GalacticHalo","Acceleration+1","DarkMatter+1","DarkMatter","UltimateShortwave","Parasite","Parasite","AsteroidBelt+1"],"relics":["MiniHakkero","Bag of Preparation","MawBank","Orichalcum","Smiling Mask","Pandora\u0027s Box","Membership Card","Gremlin Horn","Eternal Feather","DollysMirror","Calipers","Happy Flower","Busted Crown","ShroomBag","Red Mask","Peace Pipe","Singing Bowl","Molten Egg 2","Strange Spoon"],"acts_visited":["Exordium","TheCity","TheBeyond"],"potions_floor_usage":[50],"damage_taken":[{"damage":0.0,"enemies":"Cultist","floor":1.0,"turns":3.0},{"damage":0.0,"enemies":"2 Louse","floor":2.0,"turns":2.0},{"damage":3.0,"enemies":"Jaw Worm","floor":4.0,"turns":3.0},{"damage":19.0,"enemies":"Lagavulin","floor":7.0,"turns":6.0},{"damage":12.0,"enemies":"Exordium Thugs","floor":8.0,"turns":4.0},{"damage":0.0,"enemies":"Gremlin Gang","floor":10.0,"turns":3.0},{"damage":3.0,"enemies":"3 Sentries","floor":11.0,"turns":7.0},{"damage":0.0,"enemies":"Large Slime","floor":14.0,"turns":4.0},{"damage":22.0,"enemies":"The Guardian","floor":16.0,"turns":17.0},{"damage":0.0,"enemies":"Spheric Guardian","floor":18.0,"turns":4.0},{"damage":1.0,"enemies":"Chosen","floor":21.0,"turns":5.0},{"damage":10.0,"enemies":"Slavers","floor":24.0,"turns":3.0},{"damage":2.0,"enemies":"Shelled Parasite and Fungi","floor":28.0,"turns":5.0},{"damage":1.0,"enemies":"Centurion and Healer","floor":29.0,"turns":6.0},{"damage":0.0,"enemies":"Chosen and Byrds","floor":30.0,"turns":6.0},{"damage":0,"enemies":"Snake Plant","floor":31,"turns":3},{"damage":0,"enemies":"Champ","floor":33,"turns":6},{"damage":0,"enemies":"Orb Walker","floor":35,"turns":2},{"damage":2,"enemies":"3 Darklings","floor":37,"turns":6},{"damage":0,"enemies":"Mind Bloom Boss Battle","floor":41,"turns":5},{"damage":0,"enemies":"Giant Head","floor":42,"turns":4},{"damage":0,"enemies":"Spire Growth","floor":46,"turns":5},{"damage":0,"enemies":"4 Shapes","floor":48,"turns":6},{"damage":3,"enemies":"Awakened One","floor":50,"turns":21}],"seed_played":"-8839397245189644926","potions_obtained":[{"floor":1.0,"key":"BlessingOfTheForge"},{"floor":4.0,"key":"SpeedPotion"},{"floor":11.0,"key":"DistilledChaos"},{"floor":16.0,"key":"BlessingOfTheForge"},{"floor":21.0,"key":"EssenceOfSteel"},{"floor":29.0,"key":"ShroomBrew"},{"floor":30,"key":"Ancient Potion"},{"floor":41,"key":"FearPotion"},{"floor":46,"key":"Block Potion"}],"is_trial":false,"path_per_floor":["M","M","$","M","?","R","E","M","T","M","E","R","?","M","R","B",null,"M","?","$","M","$","R","E","R","T","R","M","M","M","M","R","B",null,"M","$","M","?","?","R","?","E","T","?","$","M","R","M","R","B",null],"character_chosen":"MARISA","items_purchased":["FairyDestructionRay","Membership Card","Gremlin Horn","AsteroidBelt","Eternal Feather","DollysMirror","ShroomBag","AsteroidBelt","Strange Spoon"],"campfire_rested":0,"item_purchase_floors":[3,20,20,22,22,22,36,36,45],"current_hp_per_floor":[75,75,75,72,61,61,42,30,30,30,27,27,27,27,27,5,58,58,52,52,51,51,63,53,65,65,75,73,72,72,72,75,75,75,75,75,75,71,71,71,71,73,73,73,73,75,75,77,77,74],"gold":40,"neow_bonus":"RANDOM_COMMON_RELIC","is_daily":false,"chose_seed":false,"campfire_upgraded":9,"win_rate":0.0,"timestamp":1612699957,"path_taken":["M","M","$","M","?","R","E","M","T","M","E","R","?","?","R","BOSS","M","?","$","M","?","R","E","R","T","R","?","M","M","M","R","BOSS","M","$","M","?","?","R","?","E","T","?","$","M","R","M","R","BOSS"],"items_purchased_type":["Card","Relic","Relic","Card","Relic","Relic","Relic","Card","Relic"],"build_version":"2020-12-22","purchased_purges":2,"victory":true,"max_hp_per_floor":[75,75,75,75,75,75,75,75,75,75,75,75,75,75,75,75,75,75,75,75,75,75,75,75,75,75,75,75,75,75,75,75,75,75,75,75,75,71,71,71,71,73,73,73,73,75,75,77,77,77],"card_choices":[{"not_picked":["BlazeAway","MysteriousBeam"],"picked":"DeepEcoloBomb","floor":1.0},{"not_picked":["Orbital","UnstableBomb"],"picked":"OortCloud","floor":2.0},{"not_picked":["WitchLeyline","FairyDestructionRay"],"picked":"MachineGunSpark","floor":4.0},{"not_picked":["MilkyWay","OrrerysSun"],"picked":"AbsoluteMagnitude","floor":7.0},{"not_picked":["ShootingEcho","NonDirectionalLaser"],"picked":"6A","floor":8.0},{"not_picked":["SuperNova","OrrerysSun"],"picked":"OortCloud","floor":10.0},{"not_picked":["SporeBomb","Acceleration","OpenUniverse"],"picked":"SKIP","floor":11.0},{"not_picked":["DarkSpark","MilkyWay","MysteriousBeam"],"picked":"SKIP","floor":14.0},{"not_picked":["SprinkleStarSeal","AsteroidBelt"],"picked":"OortCloud","floor":18.0},{"not_picked":["GravityBeat","ShootingEcho"],"picked":"ChargingUp+1","floor":21.0},{"not_picked":["CasketOfStar","StarlightTyphoon"],"picked":"SprinkleStarSeal+1","floor":24.0},{"not_picked":["MachineGunSpark","PropBag"],"picked":"GalacticHalo","floor":28.0},{"not_picked":["DarkSpark","WitchLeyline"],"picked":"Acceleration+1","floor":29.0},{"not_picked":["IllusionStar","PropBag"],"picked":"DarkMatter","floor":30},{"not_picked":["NonDirectionalLaser","Acceleration"],"picked":"DarkMatter","floor":31},{"not_picked":["CasketOfStar","FinalSpark"],"picked":"UltimateShortwave","floor":33},{"not_picked":["BlazeAway+1"],"picked":"SKIP","floor":35},{"not_picked":["DC+1"],"picked":"SKIP","floor":37},{"not_picked":["GrandCross+1"],"picked":"Singing Bowl","floor":42},{"not_picked":["LuminesStrike+1"],"picked":"Singing Bowl","floor":46},{"not_picked":["ShootingEcho+1"],"picked":"Singing Bowl","floor":48}],"player_experience":503618,"relics_obtained":[{"floor":7.0,"key":"MawBank"},{"floor":9.0,"key":"Orichalcum"},{"floor":11.0,"key":"Smiling Mask"},{"floor":24.0,"key":"Calipers"},{"floor":26.0,"key":"Happy Flower"},{"floor":41,"key":"Peace Pipe"},{"floor":42,"key":"Singing Bowl"},{"floor":43,"key":"Molten Egg 2"}],"event_choices":[{"damage_healed":0.0,"max_hp_gain":0.0,"max_hp_loss":0.0,"gold_gain":75.0,"event_name":"World of Goop","player_choice":"Gather Gold","floor":5.0,"gold_loss":0.0,"damage_taken":11.0},{"damage_healed":0.0,"max_hp_gain":0.0,"max_hp_loss":0.0,"gold_gain":0.0,"event_name":"Upgrade Shrine","player_choice":"Upgraded","floor":13.0,"gold_loss":0.0,"damage_taken":0.0,"cards_upgraded":["OortCloud"]},{"damage_healed":0.0,"max_hp_gain":0.0,"max_hp_loss":0.0,"gold_gain":0.0,"event_name":"Knowing Skull","player_choice":"","floor":19.0,"potions_obtained":[],"gold_loss":0.0,"damage_taken":6.0,"cards_obtained":[]},{"damage_healed":0,"gold_gain":0,"player_choice":"Max HP","damage_taken":0,"max_hp_gain":0,"max_hp_loss":4,"event_name":"Winding Halls","floor":38,"gold_loss":0},{"damage_healed":0,"gold_gain":0,"player_choice":"Paid","damage_taken":0,"relics_obtained":["Red Mask"],"max_hp_gain":0,"max_hp_loss":0,"event_name":"Tomb of Lord Red Mask","floor":39,"gold_loss":124},{"damage_healed":0,"gold_gain":0,"player_choice":"Fight","damage_taken":0,"max_hp_gain":0,"max_hp_loss":0,"event_name":"MindBloom","floor":41,"gold_loss":0},{"cards_removed":["DeepEcoloBomb"],"damage_healed":0,"gold_gain":0,"player_choice":"Removed Attack","damage_taken":0,"max_hp_gain":0,"max_hp_loss":0,"event_name":"Falling","floor":44,"gold_loss":0}],"is_beta":false,"boss_relics":[{"not_picked":["Empty Cage","SlaversCollar"],"picked":"Pandora\u0027s Box"},{"not_picked":["Black Star","Tiny House"],"picked":"Busted Crown"}],"items_purged_floors":[3,36],"is_endless":false,"potions_floor_spawned":[1,4,11,16,21,29,30,33,41,46,48],"ascension_level":5}}