{"host":"x7xd4wkamhrqrrvw","time":1612712339,"event":{"mods":["AchievementEnabler","BaseMod","Minty Spire (QoL Compilation)","Relic Stats","StSLib"],"gold_per_floor":[115,133,133,208,226,260,0,0,78,78,128,146,146,172,172,277,277,289,289,289,214,229,229,52,69,115,140,158,188,198,198,198,296,296,309,309,309,323,336,370,370,386,386,386,41,91,110,136,136,136,136],"floor_reached":50,"language":"ENG","playtime":2888,"items_purged":["Eruption","Strike_P","Weave+1"],"score":973,"play_id":"84722a9b-6c8d-46a2-8820-a5a51f6276bb","local_time":"20210207133859","is_ascension_mode":true,"campfire_choices":[{"data":"Apotheosis","floor":8,"key":"SMITH"},{"data":"Alpha","floor":15,"key":"SMITH"},{"floor":23,"key":"REST"},{"floor":32,"key":"RECALL"},{"floor":41,"key":"REST"},{"floor":49,"key":"REST"}],"circlet_count":0,"master_deck":["AscendersBane","Defend_P","Defend_P","Defend_P","Vigilance","Alpha+1","ThirdEye","ThirdEye","WaveOfTheHand","Nirvana","Apotheosis+1","Wireheading+1","Scrawl","ThirdEye","Study+1","Crescendo+1","Perseverance","Parasite"],"relics":["PureWater","Oddly Smooth Stone","Frozen Egg 2","Damaru","Fusion Hammer","Juzu Bracelet","Bottled Tornado","Vajra","Astrolabe","Potion Belt","Letter Opener","OrangePellets","Incense Burner","Nunchaku"],"acts_visited":["Exordium","TheCity","TheBeyond"],"potions_floor_usage":[10,12,27,29,48,50],"damage_taken":[{"damage":3,"enemies":"Cultist","floor":1,"turns":4},{"damage":9,"enemies":"2 Louse","floor":2,"turns":4},{"damage":0,"enemies":"Jaw Worm","floor":5,"turns":4},{"damage":8,"enemies":"3 Sentries","floor":6,"turns":3},{"damage":13,"enemies":"Gremlin Nob","floor":10,"turns":5},{"damage":2,"enemies":"3 Louse","floor":12,"turns":6},{"damage":1,"enemies":"Lagavulin","floor":14,"turns":5},{"damage":4,"enemies":"Hexaghost","floor":16,"turns":7},{"damage":1,"enemies":"2 Thieves","floor":18,"turns":4},{"damage":0,"enemies":"Spheric Guardian","floor":22,"turns":4},{"damage":9,"enemies":"Snake Plant","floor":25,"turns":4},{"damage":15,"enemies":"Slavers","floor":27,"turns":4},{"damage":0,"enemies":"Centurion and Healer","floor":28,"turns":6},{"damage":0,"enemies":"Gremlin Leader","floor":29,"turns":5},{"damage":2,"enemies":"3 Cultists","floor":30,"turns":3},{"damage":12,"enemies":"Collector","floor":33,"turns":9},{"damage":15,"enemies":"3 Darklings","floor":35,"turns":4},{"damage":11,"enemies":"Orb Walker","floor":38,"turns":5},{"damage":1,"enemies":"Maw","floor":39,"turns":7},{"damage":0,"enemies":"Giant Head","floor":40,"turns":10},{"damage":0,"enemies":"4 Shapes","floor":42,"turns":3},{"damage":0,"enemies":"Mind Bloom Boss Battle","floor":46,"turns":6},{"damage":2,"enemies":"Writhing Mass","floor":47,"turns":6},{"damage":56,"enemies":"Reptomancer","floor":48,"turns":5},{"damage":28,"enemies":"Awakened One","floor":50,"turns":4}],"seed_played":"4330855519193400635","potions_obtained":[{"floor":5,"key":"SmokeBomb"},{"floor":6,"key":"FearPotion"},{"floor":16,"key":"Explosive Potion"},{"floor":22,"key":"Dexterity Potion"},{"floor":25,"key":"PowerPotion"},{"floor":28,"key":"LiquidBronze"},{"floor":29,"key":"Fruit Juice"},{"floor":38,"key":"BlessingOfTheForge"},{"floor":39,"key":"BottledMiracle"}],"is_trial":false,"path_per_floor":["M","M","?","?","M","E","$","R","T","E","T","M","?","E","R","B",null,"M","?","?","$","M","R","$","M","T","E","M","E","M","?","R","B",null,"M","?","?","M","M","E","R","M","T","?","$","?","M","E","R","B"],"character_chosen":"WATCHER","items_purchased":["Nirvana","Apotheosis","Study+1","Perseverance","OrangePellets"],"campfire_rested":3,"item_purchase_floors":[7,7,24,45,45],"current_hp_per_floor":[62,53,58,47,47,39,39,39,39,26,26,24,24,23,23,19,57,56,40,40,40,40,61,61,52,52,37,37,42,40,65,65,53,70,55,55,55,44,43,43,65,65,65,65,65,65,63,7,28,0,0],"gold":136,"neow_bonus":"THREE_RARE_CARDS","is_daily":false,"chose_seed":false,"campfire_upgraded":2,"win_rate":0.0,"timestamp":1612712339,"path_taken":["M","M","?","?","M","E","$","R","T","E","?","M","?","E","R","BOSS","M","?","?","$","M","R","$","M","T","E","M","E","M","?","R","BOSS","M","?","?","M","M","E","R","M","T","?","$","?","M","E","R","BOSS"],"items_purchased_type":["Card","Card","Card","Card","Relic"],"build_version":"2020-12-22","purchased_purges":3,"victory":false,"max_hp_per_floor":[65,65,70,70,70,70,70,70,70,70,70,70,70,70,70,70,70,70,70,70,70,70,70,70,70,70,70,70,75,75,75,75,75,75,75,75,75,75,75,75,75,75,75,71,71,71,71,71,71,71,71],"relic_stats":{"OrangePellets":[0],"Nunchaku":[0],"counters":[25,127],"Astrolabe":["WindmillStrike","Crescendo","Weave"],"Juzu Bracelet":0,"Letter Opener":[155],"obtain_stats":[{"Potion Belt":40,"Astrolabe":34,"Oddly Smooth Stone":6,"Damaru":14,"Vajra":29,"Juzu Bracelet":26,"Incense Burner":46,"Letter Opener":43,"Frozen Egg 2":9,"Bottled Tornado":27,"OrangePellets":45,"Nunchaku":48,"Fusion Hammer":17,"PureWater":0},{"Potion Belt":20,"Astrolabe":16,"Oddly Smooth Stone":4,"Damaru":7,"Vajra":14,"Juzu Bracelet":11,"Incense Burner":22,"Letter Opener":21,"Frozen Egg 2":4,"Bottled Tornado":12,"OrangePellets":21,"Nunchaku":24,"Fusion Hammer":8,"PureWater":0},{"Potion Belt":103,"Astrolabe":77,"Oddly Smooth Stone":15,"Damaru":31,"Vajra":65,"Juzu Bracelet":50,"Incense Burner":112,"Letter Opener":106,"Frozen Egg 2":15,"Bottled Tornado":54,"OrangePellets":106,"Nunchaku":123,"Fusion Hammer":38,"PureWater":0}]},"card_choices":[{"not_picked":["Blasphemy","Brilliance"],"picked":"Alpha","floor":0},{"not_picked":["SashWhip","Consecrate"],"picked":"ThirdEye","floor":1},{"not_picked":["BattleHymn","CarveReality","SashWhip"],"picked":"SKIP","floor":2},{"not_picked":["PathToVictory","SignatureMove"],"picked":"ThirdEye","floor":5},{"not_picked":["CutThroughFate","Perseverance"],"picked":"WaveOfTheHand","floor":6},{"not_picked":["Crescendo","BowlingBash","Vengeance"],"picked":"SKIP","floor":12},{"not_picked":["JustLucky","CrushJoints"],"picked":"Wireheading+1","floor":14},{"not_picked":["Alpha","Omniscience"],"picked":"Scrawl","floor":16},{"not_picked":["ThirdEye","FlurryOfBlows","WaveOfTheHand"],"picked":"SKIP","floor":18},{"not_picked":["Prostrate","PathToVictory","Evaluate"],"picked":"SKIP","floor":22},{"not_picked":["Prostrate","PathToVictory","Evaluate"],"picked":"SKIP","floor":22},{"not_picked":["CutThroughFate+1","Wish","FlurryOfBlows"],"picked":"SKIP","floor":25},{"not_picked":["JustLucky","BattleHymn+1","CarveReality+1"],"picked":"SKIP","floor":27},{"not_picked":["FlurryOfBlows","CrushJoints","Adaptation+1"],"picked":"SKIP","floor":28},{"not_picked":["Adaptation+1","Evaluate","FlurryOfBlows"],"picked":"SKIP","floor":29},{"not_picked":["BowlingBash","FlurryOfBlows","Pray"],"picked":"SKIP","floor":30},{"not_picked":["ThirdEye","Prostrate","Swivel"],"picked":"SKIP","floor":35},{"not_picked":["EmptyFist+1","Wallop","FollowUp"],"picked":"SKIP","floor":38},{"not_picked":["PathToVictory","Evaluate","EmptyMind"],"picked":"SKIP","floor":39},{"not_picked":["SignatureMove","EmptyFist","CrushJoints+1"],"picked":"SKIP","floor":40},{"not_picked":["CrushJoints","WaveOfTheHand+1","EmptyFist+1"],"picked":"SKIP","floor":42},{"not_picked":["Protect+1","WheelKick","Crescendo+1"],"picked":"SKIP","floor":47},{"not_picked":["PathToVictory","LessonLearned","Vengeance"],"picked":"SKIP","floor":48}],"player_experience":433096,"relics_obtained":[{"floor":6,"key":"Oddly Smooth Stone"},{"floor":9,"key":"Frozen Egg 2"},{"floor":14,"key":"Damaru"},{"floor":26,"key":"Juzu Bracelet"},{"floor":27,"key":"Bottled Tornado"},{"floor":29,"key":"Vajra"},{"floor":40,"key":"Potion Belt"},{"floor":43,"key":"Letter Opener"},{"floor":46,"key":"Incense Burner"},{"floor":48,"key":"Nunchaku"}],"event_choices":[{"damage_healed":0,"gold_gain":0,"player_choice":"Donut","damage_taken":0,"max_hp_gain":5,"max_hp_loss":0,"event_name":"Big Fish","floor":3,"gold_loss":0},{"damage_healed":0,"gold_gain":75,"player_choice":"Gather Gold","damage_taken":11,"max_hp_gain":0,"max_hp_loss":0,"event_name":"World of Goop","floor":4,"gold_loss":0},{"damage_healed":0,"gold_gain":0,"player_choice":"Ignored","damage_taken":0,"max_hp_gain":0,"max_hp_loss":0,"event_name":"Liars Game","floor":13,"gold_loss":0},{"damage_healed":0,"gold_gain":0,"player_choice":"Obtained Book","damage_taken":16,"max_hp_gain":0,"max_hp_loss":0,"event_name":"Cursed Tome","floor":19,"gold_loss":0},{"damage_healed":0,"gold_gain":0,"cards_transformed":["Strike_P","Strike_P"],"player_choice":"Became Test Subject","damage_taken":0,"max_hp_gain":0,"max_hp_loss":0,"event_name":"Drug Dealer","floor":20,"gold_loss":0,"cards_obtained":["ThirdEye","ForeignInfluence"]},{"damage_healed":25,"gold_gain":0,"player_choice":"Heal","damage_taken":0,"max_hp_gain":0,"max_hp_loss":0,"event_name":"The Library","floor":31,"gold_loss":0},{"damage_healed":0,"gold_gain":0,"player_choice":"Ignored","damage_taken":0,"max_hp_gain":0,"max_hp_loss":0,"event_name":"Mysterious Sphere","floor":36,"gold_loss":0},{"cards_removed":["WindmillStrike"],"damage_healed":0,"gold_gain":0,"player_choice":"Removed Attack","damage_taken":0,"max_hp_gain":0,"max_hp_loss":0,"event_name":"Falling","floor":37,"gold_loss":0},{"damage_healed":0,"gold_gain":0,"player_choice":"Max HP","damage_taken":0,"max_hp_gain":0,"max_hp_loss":4,"event_name":"Winding Halls","floor":44,"gold_loss":0},{"damage_healed":0,"gold_gain":0,"player_choice":"Fight","damage_taken":0,"max_hp_gain":0,"max_hp_loss":0,"event_name":"MindBloom","floor":46,"gold_loss":0}],"is_beta":false,"boss_relics":[{"not_picked":["Snecko Eye","Calling Bell"],"picked":"Fusion Hammer"},{"not_picked":["SacredBark","Pandora\u0027s Box"],"picked":"Astrolabe"}],"items_purged_floors":[21,24,45],"is_endless":false,"potions_floor_spawned":[5,6,16,22,25,28,29,38,39],"killed_by":"Awakened One","ascension_level":12}}