{"host":"avybiddlniqinkgc","time":1612708383,"event":{"mods":["AchievementEnabler","BaseMod","Colored Map","DeckTracker","Highlight Path","KOR Keyword Fix","Keyboard Shortcuts","Minty Spire (QoL Compilation)","Permanent Neow","Quick Restart","Random Character Button","Rare Cards Sparkle","StSLib","SuperFastMode"],"gold_per_floor":[216,227,89,108,108,137,148,163,211,136,150,150,169,185,185,285,285,297,297,297,148,148,148,168,181,181,181,199,199,199,210,210,210,210],"floor_reached":33,"language":"KOR","playtime":588,"items_purged":["Strike_R","Strike_R"],"score":251,"play_id":"2511ba5f-b7ae-467a-923e-de7181e6de9f","local_time":"20210207233303","is_ascension_mode":false,"campfire_choices":[{"data":"Evolve","floor":12.0,"key":"SMITH"},{"data":"Battle Trance","floor":15.0,"key":"SMITH"},{"data":"True Grit","floor":23.0,"key":"SMITH"},{"data":"Berserk","floor":27.0,"key":"SMITH"},{"floor":32.0,"key":"REST"}],"circlet_count":0,"master_deck":["Strike_R","Strike_R","Strike_R","Defend_R","Defend_R","Defend_R","Defend_R","Bash","Wild Strike","Thunderclap","Evolve+1","Power Through","Battle Trance+1","Intimidate","Wild Strike","Wild Strike","Pommel Strike","Cleave","Berserk+1","Fire Breathing+1","True Grit+1","Warcry+1","Thunderclap","True Grit+1"],"relics":["Burning Blood","Boot","PreservedInsect","Mark of Pain","HornCleat","Paper Frog"],"acts_visited":["TheCity"],"potions_floor_usage":[33,33],"damage_taken":[{"damage":0.0,"enemies":"2 Louse","floor":1.0,"turns":4.0},{"damage":0.0,"enemies":"Cultist","floor":2.0,"turns":2.0},{"damage":0.0,"enemies":"Jaw Worm","floor":4.0,"turns":4.0},{"damage":16.0,"enemies":"3 Sentries","floor":6.0,"turns":8.0},{"damage":2.0,"enemies":"Looter","floor":7.0,"turns":4.0},{"damage":0.0,"enemies":"Lots of Slimes","floor":8.0,"turns":3.0},{"damage":21.0,"enemies":"Exordium Wildlife","floor":11.0,"turns":3.0},{"damage":9.0,"enemies":"3 Louse","floor":13.0,"turns":3.0},{"damage":11.0,"enemies":"Lots of Slimes","floor":14.0,"turns":3.0},{"damage":50.0,"enemies":"Slime Boss","floor":16.0,"turns":9.0},{"damage":0.0,"enemies":"3 Byrds","floor":18.0,"turns":4.0},{"damage":25.0,"enemies":"Shell Parasite","floor":24.0,"turns":4.0},{"damage":18.0,"enemies":"Chosen and Byrds","floor":25.0,"turns":5.0},{"damage":10.0,"enemies":"Centurion and Healer","floor":28.0,"turns":4.0},{"damage":23.0,"enemies":"Snake Plant","floor":31.0,"turns":3.0},{"damage":37,"enemies":"Champ","floor":33,"turns":9}],"seed_played":"7475106732206630604","potions_obtained":[{"floor":2.0,"key":"Energy Potion"},{"floor":4.0,"key":"Strength Potion"},{"floor":6.0,"key":"DuplicationPotion"},{"floor":14.0,"key":"Weak Potion"},{"floor":16.0,"key":"Strength Potion"},{"floor":24.0,"key":"SpeedPotion"},{"floor":25.0,"key":"Dexterity Potion"}],"is_trial":false,"path_per_floor":["M","M","$","M","?","E","M","M","T","$","M","R","M","M","R","B",null,"M","?","?","$","?","R","M","M","T","R","M","?","?","M","R","B"],"character_chosen":"IRONCLAD","items_purchased":["Evolve","Power Through","True Grit"],"campfire_rested":1,"item_purchase_floors":[3,3,21],"current_hp_per_floor":[80,80,80,80,80,70,74,80,80,80,65,65,62,57,57,13,80,80,80,65,65,65,65,46,34,34,34,30,30,30,13,38,1,1],"gold":210,"neow_bonus":"HUNDRED_GOLD","is_daily":false,"chose_seed":false,"campfire_upgraded":4,"win_rate":0.0,"timestamp":1612708383,"path_taken":["M","M","$","M","?","E","M","?","T","?","M","R","?","M","R","BOSS","M","?","?","$","?","R","?","M","T","R","M","?","?","M","R","BOSS"],"items_purchased_type":["Card","Card","Card"],"build_version":"2020-12-22","purchased_purges":2,"victory":false,"max_hp_per_floor":[80,80,80,80,80,80,80,80,80,80,80,80,80,80,80,80,80,80,80,85,85,85,85,85,85,85,85,85,85,85,85,85,85,85],"card_choices":[{"not_picked":["Shrug It Off","Burning Pact"],"picked":"Wild Strike","floor":1.0},{"not_picked":["Anger","Power Through"],"picked":"Thunderclap","floor":2.0},{"not_picked":["Thunderclap","Clothesline"],"picked":"Battle Trance","floor":4.0},{"not_picked":["Body Slam","Twin Strike"],"picked":"Intimidate","floor":6.0},{"not_picked":["Body Slam","Armaments"],"picked":"Wild Strike","floor":7.0},{"not_picked":["Headbutt","Rupture"],"picked":"Wild Strike","floor":8.0},{"not_picked":["Rupture","Dual Wield","Clash"],"picked":"SKIP","floor":11.0},{"not_picked":["Demon Form","Metallicize"],"picked":"Pommel Strike","floor":13.0},{"not_picked":["Uppercut","Thunderclap"],"picked":"Cleave","floor":14.0},{"not_picked":["Brutality","Juggernaut"],"picked":"Berserk","floor":16.0},{"not_picked":["Dual Wield","Headbutt"],"picked":"Fire Breathing+1","floor":18.0},{"not_picked":["Clash","Sword Boomerang+1"],"picked":"Warcry+1","floor":24.0},{"not_picked":["Sword Boomerang","Metallicize"],"picked":"Thunderclap","floor":25.0},{"not_picked":["Anger+1","Reckless Charge"],"picked":"True Grit","floor":28.0},{"not_picked":["Pummel","Limit Break","Cleave"],"picked":"SKIP","floor":31.0}],"player_experience":4016,"relics_obtained":[{"floor":6.0,"key":"Boot"},{"floor":9.0,"key":"PreservedInsect"},{"floor":26.0,"key":"HornCleat"}],"event_choices":[{"damage_healed":0.0,"max_hp_gain":0.0,"max_hp_loss":0.0,"gold_gain":0.0,"event_name":"NoteForYourself","player_choice":"Ignored","floor":5.0,"gold_loss":0.0,"damage_taken":0.0},{"damage_healed":0.0,"max_hp_gain":0.0,"max_hp_loss":0.0,"gold_gain":0.0,"event_name":"Ghosts","player_choice":"Ignored","floor":19.0,"gold_loss":0.0,"damage_taken":0.0},{"damage_healed":0.0,"max_hp_gain":5.0,"max_hp_loss":0.0,"gold_gain":0.0,"event_name":"Forgotten Altar","player_choice":"Shed Blood","floor":20.0,"gold_loss":0.0,"damage_taken":20.0},{"damage_healed":0.0,"max_hp_gain":0.0,"max_hp_loss":0.0,"gold_gain":0.0,"event_name":"N\u0027loth","player_choice":"Ignored","floor":22.0,"gold_loss":0.0,"damage_taken":0.0},{"damage_healed":0.0,"max_hp_gain":0.0,"max_hp_loss":0.0,"gold_gain":0.0,"event_name":"The Mausoleum","player_choice":"Opened","floor":29.0,"gold_loss":0.0,"damage_taken":0.0,"relics_obtained":["Paper Frog"]},{"damage_healed":0.0,"max_hp_gain":0.0,"max_hp_loss":0.0,"gold_gain":0.0,"event_name":"Upgrade Shrine","player_choice":"Upgraded","floor":30.0,"gold_loss":0.0,"damage_taken":0.0,"cards_upgraded":["True Grit"]}],"is_beta":false,"boss_relics":[{"not_picked":["Runic Cube","Tiny House"],"picked":"Mark of Pain"}],"items_purged_floors":[10,21],"is_endless":false,"potions_floor_spawned":[2,4,6,14,16,24,25],"killed_by":"Champ","ascension_level":0}}