{"host":"3y2rtlgteqp2nuo3","time":1612675161,"event":{"mods":["2.2 Compatiblity","AchievementEnabler","BaseMod","Colored Map","DeckTracker","Highlight Path","Keyboard Shortcuts","Minty Spire (QoL Compilation)","Permanent Neow","Quick Restart","StSLib","SuperFastMode","everything is the same but u backflip on backflip"],"gold_per_floor":[112,123,137,157,232,232,157,173,197,208,208,228,244,261,261,261,261],"floor_reached":16,"language":"KOR","playtime":310,"items_purged":["Strike_P"],"score":196,"play_id":"012b8c25-fdd0-4c0b-842d-1caf01d13cbb","local_time":"20210207141921","is_ascension_mode":true,"campfire_choices":[{"data":"Judgement","floor":6,"key":"SMITH"},{"data":"CutThroughFate","floor":11,"key":"SMITH"},{"data":"PathToVictory","floor":15,"key":"SMITH"}],"circlet_count":0,"master_deck":["AscendersBane","Strike_P","Strike_P","Strike_P","Defend_P","Defend_P","Defend_P","Defend_P","Eruption+1","Vigilance","PathToVictory+1","CutThroughFate+1","Judgement+1","FearNoEvil","InnerPeace"],"relics":["PureWater","Strawberry"],"acts_visited":["Exordium"],"potions_floor_usage":[],"damage_taken":[{"damage":4,"enemies":"Small Slimes","floor":1,"turns":4},{"damage":0,"enemies":"2 Louse","floor":2,"turns":2},{"damage":0,"enemies":"Cultist","floor":3,"turns":3},{"damage":12,"enemies":"Gremlin Gang","floor":4,"turns":4},{"damage":16,"enemies":"3 Louse","floor":8,"turns":3},{"damage":0,"enemies":"2 Fungi Beasts","floor":10,"turns":2},{"damage":0,"enemies":"Exordium Wildlife","floor":12,"turns":1},{"damage":3,"enemies":"Large Slime","floor":13,"turns":3},{"damage":0,"enemies":"2 Fungi Beasts","floor":14,"turns":2},{"damage":27,"enemies":"Hexaghost","floor":16,"turns":7}],"seed_played":"-3443070432982406178","potions_obtained":[{"floor":2,"key":"DuplicationPotion"},{"floor":3,"key":"SpeedPotion"}],"is_trial":false,"path_per_floor":["M","M","M","M","?","R","$","M","T","M","R","M","M","M","R","B"],"character_chosen":"WATCHER","items_purchased":[],"campfire_rested":0,"item_purchase_floors":[],"current_hp_per_floor":[57,57,57,45,34,34,34,18,25,25,25,25,22,22,22,0,0],"gold":261,"neow_bonus":"UPGRADE_CARD","is_daily":false,"chose_seed":false,"campfire_upgraded":3,"win_rate":0.0,"timestamp":1612675161,"path_taken":["M","M","M","M","?","R","$","M","T","M","R","M","M","M","R","BOSS"],"items_purchased_type":[],"build_version":"2020-12-22","purchased_purges":1,"victory":false,"max_hp_per_floor":[68,68,68,68,68,68,68,68,75,75,75,75,75,75,75,75,75],"card_choices":[{"not_picked":["Consecrate","Crescendo"],"picked":"PathToVictory","floor":1},{"not_picked":["ThirdEye","EmptyFist"],"picked":"CutThroughFate","floor":2},{"not_picked":["Consecrate","Nirvana"],"picked":"Judgement","floor":3},{"not_picked":["JustLucky","ThirdEye","Consecrate"],"picked":"SKIP","floor":4},{"not_picked":["CrushJoints","ThirdEye","FlurryOfBlows"],"picked":"SKIP","floor":8},{"not_picked":["CrushJoints","Conclude"],"picked":"FearNoEvil","floor":10},{"not_picked":["CutThroughFate","Prostrate","BowlingBash"],"picked":"SKIP","floor":12},{"not_picked":["CrushJoints","Pray","DeceiveReality"],"picked":"SKIP","floor":13},{"not_picked":["ThirdEye","EmptyBody"],"picked":"InnerPeace","floor":14}],"player_experience":765873,"relics_obtained":[{"floor":9,"key":"Strawberry"}],"event_choices":[{"damage_healed":0,"gold_gain":75,"player_choice":"Gather Gold","damage_taken":11,"max_hp_gain":0,"max_hp_loss":0,"event_name":"World of Goop","floor":5,"gold_loss":0}],"is_beta":false,"boss_relics":[],"items_purged_floors":[7],"is_endless":false,"potions_floor_spawned":[2,3,8,10,12],"killed_by":"Hexaghost","ascension_level":20}}