{"host":"pl1fbpkom0aq337f","time":1612698463,"event":{"mods":["AchievementEnabler","BaseMod","Colored Map","Minty Spire (QoL Compilation)"],"gold_per_floor":[110,260,260,279,279,279,296,296,296,348,348,363,376,408,424,452,452,462,462,462,462,536,536,549,139,139,159,159,159,191,56,56,83,83,83,156,206,239,250,282,282,299,309,309,309,383,383,396,396,413,428,146,146,175,193,193,212,239,252,283,298,313,313,313,313,313,115,148,148],"floor_reached":70,"language":"ENG","playtime":4126,"items_purged":["Strike_G","Strike_G","Decay","Blade Dance"],"score":2453,"play_id":"f7277030-97ba-4989-930a-16e8c8eaddf6","local_time":"20210207124743","is_ascension_mode":true,"campfire_choices":[{"data":"Neutralize","floor":6.0,"key":"SMITH"},{"data":"All Out Attack","floor":9.0,"key":"SMITH"},{"data":"Prepared","floor":17.0,"key":"SMITH"},{"data":"Reflex","floor":20.0,"key":"SMITH"},{"data":"Tactician","floor":21.0,"key":"SMITH"},{"floor":29.0,"key":"REST"},{"data":"Well Laid Plans","floor":32.0,"key":"SMITH"},{"data":"A Thousand Cuts","floor":41.0,"key":"SMITH"},{"data":"Calculated Gamble","floor":44.0,"key":"SMITH"},{"data":"Footwork","floor":45.0,"key":"SMITH"},{"data":"Noxious Fumes","floor":53.0,"key":"SMITH"},{"floor":63.0,"key":"RECALL"},{"data":"Well Laid Plans","floor":66.0,"key":"SMITH"}],"circlet_count":0,"master_deck":["AscendersBane","Survivor","Neutralize+1","All Out Attack+1","Tools of the Trade","Prepared+1","Dagger Throw+1","Poisoned Stab+1","Tactician+1","Reflex+1","A Thousand Cuts+1","Noxious Fumes+1","Underhanded Strike+1","Footwork+1","Reflex","Calculated Gamble","Venomology","Necronomicurse","Calculated Gamble+1","Well Laid Plans+1","Backflip","Backflip","Well Laid Plans+1","Acrobatics","Grand Finale+1","PiercingWail+1","Choke+1","Noxious Fumes+1","Footwork+1","Bouncing Flask+1"],"relics":["Ring of the Snake","NeowsBlessing","PreservedInsect","Mummified Hand","Molten Egg 2","Bottled Lightning","Akabeko","Philosopher\u0027s Stone","Frozen Eye","Necronomicon","Eternal Feather","Matryoshka","Singing Bowl","Paper Crane","Ancient Tea Set","Bottled Tornado","Boot","Anchor","Pandora\u0027s Box","Bag of Preparation","Happy Flower","Art of War","Snake Skull","Whetstone"],"acts_visited":["Exordium","TheCity","TheBeyond","TheEnding"],"potions_floor_usage":[69,69,69],"damage_taken":[{"damage":0.0,"enemies":"Small Slimes","floor":1.0,"turns":1.0},{"damage":0.0,"enemies":"Cultist","floor":4.0,"turns":1.0},{"damage":0.0,"enemies":"Jaw Worm","floor":7.0,"turns":1.0},{"damage":0.0,"enemies":"Lots of Slimes","floor":12.0,"turns":1.0},{"damage":0.0,"enemies":"Large Slime","floor":13.0,"turns":5.0},{"damage":12.0,"enemies":"Lagavulin","floor":14.0,"turns":5.0},{"damage":0.0,"enemies":"Exordium Wildlife","floor":15.0,"turns":2.0},{"damage":10.0,"enemies":"Gremlin Nob","floor":16.0,"turns":3.0},{"damage":1.0,"enemies":"Blue Slaver","floor":18.0,"turns":2.0},{"damage":16.0,"enemies":"The Guardian","floor":22.0,"turns":10.0},{"damage":5.0,"enemies":"2 Thieves","floor":24.0,"turns":3.0},{"damage":11.0,"enemies":"3 Byrds","floor":27.0,"turns":4.0},{"damage":0.0,"enemies":"Gremlin Leader","floor":30.0,"turns":3.0},{"damage":11.0,"enemies":"Book of Stabbing","floor":33.0,"turns":3.0},{"damage":1.0,"enemies":"Slavers","floor":38.0,"turns":2.0},{"damage":0.0,"enemies":"Snecko","floor":39.0,"turns":3.0},{"damage":8.0,"enemies":"Book of Stabbing","floor":40.0,"turns":3.0},{"damage":0.0,"enemies":"Shelled Parasite and Fungi","floor":42.0,"turns":2.0},{"damage":18.0,"enemies":"Sentry and Sphere","floor":43.0,"turns":4.0},{"damage":3.0,"enemies":"Collector","floor":46.0,"turns":6.0},{"damage":0.0,"enemies":"3 Darklings","floor":48.0,"turns":2.0},{"damage":0.0,"enemies":"3 Shapes","floor":50.0,"turns":1.0},{"damage":2.0,"enemies":"Transient","floor":51.0,"turns":5.0},{"damage":0.0,"enemies":"Giant Head","floor":54.0,"turns":3.0},{"damage":0.0,"enemies":"3 Darklings","floor":55.0,"turns":2.0},{"damage":0.0,"enemies":"4 Shapes","floor":57.0,"turns":2.0},{"damage":0.0,"enemies":"Reptomancer","floor":58.0,"turns":2.0},{"damage":0.0,"enemies":"Transient","floor":59.0,"turns":5.0},{"damage":0.0,"enemies":"Nemesis","floor":60.0,"turns":2.0},{"damage":0.0,"enemies":"Jaw Worm Horde","floor":61.0,"turns":2.0},{"damage":1.0,"enemies":"3 Darklings","floor":62.0,"turns":3.0},{"damage":51.0,"enemies":"Time Eater","floor":64.0,"turns":8.0},{"damage":0.0,"enemies":"Shield and Spear","floor":68.0,"turns":2.0},{"damage":81,"enemies":"The Heart","floor":69,"turns":7}],"seed_played":"1504636980880499373","potions_obtained":[{"floor":1.0,"key":"Dexterity Potion"},{"floor":4.0,"key":"Ancient Potion"},{"floor":14.0,"key":"PowerPotion"},{"floor":33.0,"key":"BlessingOfTheForge"},{"floor":40.0,"key":"Dexterity Potion"},{"floor":43.0,"key":"PowerPotion"},{"floor":58.0,"key":"DuplicationPotion"}],"is_trial":false,"path_per_floor":["M","?","?","M","?","R","M","E","R","T","T","M","M","E","M","E","R","M","?","R","R","B",null,"M","$","?","M","?","R","E","$","R","E","?","T","T","?","E","M","E","R","M","M","R","R","B",null,"M","?","M","M","$","R","E","M","T","M","E","M","E","M","M","R","B",null,"R","$","E","B",null],"character_chosen":"THE_SILENT","items_purchased":["Underhanded Strike+1","Frozen Eye","Footwork","Reflex","Well Laid Plans","Bag of Preparation","AttackPotion"],"campfire_rested":1,"item_purchase_floors":[25,25,25,25,31,52,67],"current_hp_per_floor":[59,59,59,59,59,59,59,59,59,59,59,59,59,47,47,37,37,36,25,25,25,9,52,47,47,47,36,15,34,34,34,49,38,38,38,38,38,37,37,31,49,49,33,51,69,66,69,71,67,69,67,67,74,76,76,76,76,78,80,80,82,83,84,33,71,84,84,84,3],"gold":148,"neow_bonus":"THREE_ENEMY_KILL","is_daily":false,"chose_seed":false,"campfire_upgraded":11,"win_rate":0.0,"timestamp":1612698463,"path_taken":["M","?","?","?","?","R","M","E","R","T","T","?","M","E","M","E","R","M","?","R","R","BOSS","M","$","?","M","?","R","E","?","R","E","?","T","T","?","E","?","E","R","?","M","R","R","BOSS","M","?","M","?","?","R","E","M","T","M","E","M","E","?","M","R","BOSS","R","$","E","BOSS"],"items_purchased_type":["Card","Relic","Card","Card","Card","Relic","Potion"],"build_version":"2020-12-22","purchased_purges":4,"victory":true,"max_hp_per_floor":[66,66,66,66,66,66,66,66,66,66,66,66,66,66,66,66,66,66,66,66,66,66,66,66,66,66,66,66,66,66,66,66,66,66,66,66,66,66,66,68,68,68,70,70,70,70,70,72,72,74,74,74,74,76,76,76,76,78,80,80,82,84,84,84,84,84,84,84,84],"card_choices":[{"not_picked":["Expertise","Choke"],"picked":"All Out Attack","floor":1.0},{"not_picked":["Slice","Finisher","Tactician"],"picked":"SKIP","floor":4.0},{"not_picked":["Deflect","Slice","Setup"],"picked":"SKIP","floor":7.0},{"not_picked":["Underhanded Strike","Deflect"],"picked":"Blade Dance","floor":12.0},{"not_picked":["Die Die Die","Dodge and Roll"],"picked":"Prepared","floor":13.0},{"not_picked":["Eviscerate+1","Dash+1"],"picked":"Dagger Throw+1","floor":14.0},{"not_picked":["Acrobatics","Deflect"],"picked":"Poisoned Stab+1","floor":15.0},{"not_picked":["Flying Knee+1","Prepared"],"picked":"Tactician","floor":16.0},{"not_picked":["Skewer+1","Blade Dance"],"picked":"Reflex","floor":18.0},{"not_picked":["Corpse Explosion","After Image"],"picked":"A Thousand Cuts","floor":22.0},{"not_picked":["Deflect","Blade Dance"],"picked":"Noxious Fumes","floor":24.0},{"not_picked":["Quick Slash+1","Cloak And Dagger"],"picked":"Venomology","floor":27.0},{"not_picked":["Poisoned Stab+1","Backstab+1"],"picked":"Calculated Gamble","floor":30.0},{"not_picked":["Flying Knee+1","Leg Sweep"],"picked":"Backflip","floor":33.0},{"not_picked":["Deflect","Calculated Gamble"],"picked":"Backflip","floor":38.0},{"not_picked":["Choke+1","Blade Dance"],"picked":"Well Laid Plans","floor":39.0},{"not_picked":["Dagger Throw+1","Quick Slash+1","Deadly Poison+1"],"picked":"Singing Bowl","floor":40.0},{"not_picked":["Setup","Doppelganger"],"picked":"Acrobatics","floor":42.0},{"not_picked":["Acrobatics","Cloak And Dagger","Infinite Blades"],"picked":"Singing Bowl","floor":43.0},{"not_picked":["Phantasmal Killer","Storm of Steel"],"picked":"Grand Finale+1","floor":46.0},{"not_picked":["Outmaneuver+1","Deflect+1","Dagger Throw+1"],"picked":"Singing Bowl","floor":48.0},{"not_picked":["Prepared","Flying Knee+1","Calculated Gamble"],"picked":"Singing Bowl","floor":50.0},{"not_picked":["Deflect","Terror"],"picked":"PiercingWail+1","floor":51.0},{"not_picked":["Cloak And Dagger","Catalyst","Bouncing Flask"],"picked":"Singing Bowl","floor":54.0},{"not_picked":["Distraction","Deflect"],"picked":"Choke+1","floor":55.0},{"not_picked":["Tactician","Riddle With Holes+1"],"picked":"Noxious Fumes+1","floor":57.0},{"not_picked":["Endless Agony+1","Riddle With Holes+1","Deadly Poison"],"picked":"Singing Bowl","floor":58.0},{"not_picked":["Poisoned Stab+1","Flying Knee+1","Dagger Throw+1"],"picked":"Singing Bowl","floor":59.0},{"not_picked":["Deadly Poison","Backflip"],"picked":"Footwork+1","floor":60.0},{"not_picked":["Deflect","Dodge and Roll+1","Bane+1"],"picked":"Singing Bowl","floor":61.0},{"not_picked":["Reflex","Blade Dance","Prepared"],"picked":"Singing Bowl","floor":62.0},{"not_picked":["Noxious Fumes","Bane+1"],"picked":"Bouncing Flask+1","floor":68.0}],"player_experience":474468,"relics_obtained":[{"floor":10.0,"key":"PreservedInsect"},{"floor":11.0,"key":"Mummified Hand"},{"floor":14.0,"key":"Molten Egg 2"},{"floor":16.0,"key":"Bottled Lightning"},{"floor":28.0,"key":"Necronomicon"},{"floor":30.0,"key":"Eternal Feather"},{"floor":33.0,"key":"Matryoshka"},{"floor":35.0,"key":"Singing Bowl"},{"floor":35.0,"key":"Paper Crane"},{"floor":36.0,"key":"Ancient Tea Set"},{"floor":36.0,"key":"Bottled Tornado"},{"floor":38.0,"key":"Boot"},{"floor":40.0,"key":"Anchor"},{"floor":54.0,"key":"Happy Flower"},{"floor":58.0,"key":"Art of War"},{"floor":60.0,"key":"Snake Skull"},{"floor":68.0,"key":"Whetstone"}],"event_choices":[{"damage_healed":0.0,"max_hp_gain":0.0,"max_hp_loss":0.0,"gold_gain":150.0,"event_name":"Liars Game","player_choice":"AGREE","floor":2.0,"gold_loss":0.0,"damage_taken":0.0,"cards_obtained":["Doubt"]},{"damage_healed":0.0,"max_hp_gain":0.0,"max_hp_loss":0.0,"gold_gain":0.0,"cards_transformed":["Strike_G"],"event_name":"Transmorgrifier","player_choice":"Transformed","floor":3.0,"gold_loss":0.0,"damage_taken":0.0,"cards_obtained":["Tools of the Trade"]},{"cards_removed":["Doubt"],"damage_healed":0.0,"max_hp_gain":0.0,"max_hp_loss":0.0,"gold_gain":0.0,"event_name":"Purifier","player_choice":"Purged","floor":5.0,"gold_loss":0.0,"damage_taken":0.0},{"damage_healed":0.0,"max_hp_gain":0.0,"max_hp_loss":0.0,"gold_gain":0.0,"event_name":"Scrap Ooze","player_choice":"Success","floor":19.0,"gold_loss":0.0,"damage_taken":11.0,"relics_obtained":["Akabeko"]},{"damage_healed":0.0,"max_hp_gain":0.0,"max_hp_loss":0.0,"gold_gain":0.0,"event_name":"The Library","player_choice":"Read","floor":26.0,"gold_loss":0.0,"damage_taken":0.0,"cards_obtained":["Calculated Gamble"]},{"damage_healed":0.0,"max_hp_gain":0.0,"max_hp_loss":0.0,"gold_gain":0.0,"event_name":"Cursed Tome","player_choice":"Obtained Book","floor":28.0,"gold_loss":0.0,"damage_taken":21.0},{"damage_healed":0.0,"max_hp_gain":0.0,"max_hp_loss":0.0,"gold_gain":0.0,"event_name":"Forgotten Altar","player_choice":"Smashed Altar","floor":34.0,"gold_loss":0.0,"damage_taken":0.0,"cards_obtained":["Decay"]},{"damage_healed":0.0,"max_hp_gain":0.0,"max_hp_loss":0.0,"gold_gain":50.0,"event_name":"Golden Shrine","player_choice":"Pray","floor":37.0,"gold_loss":0.0,"damage_taken":0.0},{"damage_healed":0.0,"max_hp_gain":0.0,"max_hp_loss":0.0,"gold_gain":0.0,"event_name":"The Woman in Blue","player_choice":"Bought 0 Potions","floor":49.0,"gold_loss":0.0,"damage_taken":0.0}],"is_beta":false,"boss_relics":[{"not_picked":["Ectoplasm","Runic Dome"],"picked":"Philosopher\u0027s Stone"},{"not_picked":["Empty Cage","Sozu"],"picked":"Pandora\u0027s Box"}],"items_purged_floors":[25,31,52,67],"is_endless":false,"potions_floor_spawned":[1,4,14,15,33,40,42,43,46,54,55,58,59,60,61],"ascension_level":15}}