{"host":"xp5rvh2jwe2ejyfm","time":1612656996,"event":{"mods":["2.2 Compatiblity","Aspiration","BaseMod","Better Altar","Better Match","Better Note","Better Sensory Stone","Better Skull","BetterRewards","Colored Powertips","Conspire","Downfall","GifTheSpireLib","Gremlin Mod","GungeonMod","Hermit","Hubris","Jorbs\u0027s Wanderer Trilogy","Minty Spire (QoL Compilation)","Potionbrewer","Quick Restart","Replay The Spire","Robot Space Explorer","Shade Mod","Somnambulant","StSLib","The Bug Knight","The Clintock","The Construct","The Cursed","The Disciple","The Forsaken","The Hierophant","The Necromancer","The Runesmith","The Servant 0.9.4","The Valiant","The Witch","TheFirefly","thorton"],"gold_per_floor":[115,35,46,60,78,78,103,119,167,167,181,181,181,198,198,301,301,313,313,313,326,131,131,131,131],"floor_reached":24,"language":"ENG","playtime":807,"items_purged":[],"score":198,"play_id":"0f63216c-a59f-4abc-aff0-b76dbcb20302","local_time":"20210206191636","is_ascension_mode":false,"campfire_choices":[{"data":"MagicFang","floor":6,"key":"SMITH"},{"floor":10,"key":"REST"},{"floor":13,"key":"RECALL"},{"floor":23,"key":"REST"}],"circlet_count":0,"master_deck":["Strike_Witch","Strike_Witch","Strike_Witch","Strike_Witch","Defend_Witch","Defend_Witch","Defend_Witch","Defend_Witch","Hexguard","ZombieSpit","BloodSabbath","Malady","IllOmen","RoilingBarrier","MagicFang+1","Bewitch","Malady","BleedOut","MercuryWand+1","ChosenOfTheMoon","SkullFlask","Decay","PlagueSpreader+1","GhoulTouch"],"relics":["BlackCat","Replay:Multitool","conspire:SpecialSausage","thethorton:BrokenCalculator"],"acts_visited":["Exordium","TheCity"],"potions_floor_usage":[7,8,16,16,21],"damage_taken":[{"damage":5,"enemies":"Cultist","floor":1,"turns":6},{"damage":11,"enemies":"Jaw Worm","floor":3,"turns":3},{"damage":0,"enemies":"Small Slimes","floor":4,"turns":3},{"damage":0,"enemies":"Looter","floor":5,"turns":4},{"damage":25,"enemies":"Lagavulin","floor":7,"turns":7},{"damage":3,"enemies":"Blue Slaver","floor":8,"turns":3},{"damage":5,"enemies":"Exordium Thugs","floor":11,"turns":4},{"damage":1,"enemies":"3 Louse","floor":14,"turns":3},{"damage":24,"enemies":"Hexaghost","floor":16,"turns":11},{"damage":14,"enemies":"Spheric Guardian","floor":18,"turns":5},{"damage":41,"enemies":"3 Byrds","floor":21,"turns":6},{"damage":57,"enemies":"Slavers","floor":24,"turns":4}],"seed_played":"-4714483448366227589","potions_obtained":[{"floor":5,"key":"PowerPotion"},{"floor":7,"key":"potionbrewer:SplittingPotion"},{"floor":8,"key":"Fruit Juice"},{"floor":16,"key":"Swift Potion"}],"is_trial":false,"path_per_floor":["M","$","M","M","M","R","E","M","T","R","M","?","R","M","R","B",null,"M","?","?","M","$","R","E"],"character_chosen":"WITCH","items_purchased":["IllOmen","thethorton:BrokenCalculator","GhoulTouch"],"campfire_rested":2,"item_purchase_floors":[2,22,22],"current_hp_per_floor":[62,62,51,51,51,51,26,28,28,49,44,44,44,43,64,40,72,58,72,72,31,31,52,0,0],"gold":131,"neow_bonus":"ONE_RANDOM_RARE_CARD","is_daily":false,"chose_seed":false,"campfire_upgraded":1,"win_rate":0.0,"timestamp":1612656996,"path_taken":["M","$","?","M","M","R","E","M","T","R","M","?","R","M","R","BOSS","M","?","?","M","$","R","E"],"items_purchased_type":["Card","Relic","Card"],"build_version":"2020-12-22","purchased_purges":0,"victory":false,"max_hp_per_floor":[67,67,67,67,67,67,67,72,72,72,72,72,72,72,72,72,72,72,72,72,72,72,72,72,72],"card_choices":[{"not_picked":["Foresight","WretchedNails"],"picked":"Malady","floor":1},{"not_picked":["Bewitch","Broomstick"],"picked":"RoilingBarrier","floor":3},{"not_picked":["SkullFlask","SaltCircle"],"picked":"MagicFang","floor":4},{"not_picked":["CrystalResonance","Foresight"],"picked":"Bewitch","floor":5},{"not_picked":["RoilingBarrier","Broomstick"],"picked":"Malady","floor":7},{"not_picked":["Broomstick","Atonement"],"picked":"BleedOut","floor":8},{"not_picked":["GnarledBody","BlackShield"],"picked":"Schadenfreude","floor":11},{"not_picked":["WretchedNails","KarmaDrain"],"picked":"MercuryWand","floor":14},{"not_picked":["UnnaturalEnergy","Twitch"],"picked":"ChosenOfTheMoon","floor":16},{"not_picked":["Bewitch","SaltCircle+1"],"picked":"SkullFlask","floor":18},{"not_picked":["Malady","BoneCarving+1"],"picked":"PlagueSpreader+1","floor":21}],"player_experience":453372,"relics_obtained":[{"floor":7,"key":"Replay:Multitool"}],"event_choices":[{"cards_removed":["Schadenfreude"],"damage_healed":14,"gold_gain":0,"player_choice":"Offered Uncommon","damage_taken":0,"max_hp_gain":0,"max_hp_loss":0,"event_name":"Bonfire Elementals","floor":19,"gold_loss":0},{"damage_healed":0,"gold_gain":0,"player_choice":"Cursed","damage_taken":0,"max_hp_gain":0,"max_hp_loss":0,"event_name":"Wheel of Change","floor":20,"gold_loss":0,"cards_obtained":["Decay"]}],"is_beta":false,"boss_relics":[{"not_picked":["hubris:HollowSoul","Philosopher\u0027s Stone"],"picked":"conspire:SpecialSausage"}],"items_purged_floors":[],"is_endless":false,"potions_floor_spawned":[5,7,8,16],"killed_by":"Slavers","ascension_level":0}}