{"host":"lly094a91h6n5nv5","time":1612667042,"event":{"mods":["AchievementEnabler","BaseMod","Block Reminder","Colored Map","Minty Spire (QoL Compilation)"],"gold_per_floor":[117,132,152,169,169,169,200,200,200,216,216,256,256,331,331,331,331],"floor_reached":16,"language":"ENG","playtime":821,"items_purged":[],"score":149,"play_id":"ec94e241-18d9-4475-a6d2-ce9d31f174fb","local_time":"20210206210402","is_ascension_mode":true,"campfire_choices":[{"data":"Judgement","floor":8,"key":"SMITH"},{"data":"Crescendo","floor":11,"key":"SMITH"},{"data":"WaveOfTheHand","floor":13,"key":"SMITH"},{"data":"Perseverance","floor":15,"key":"SMITH"}],"circlet_count":0,"master_deck":["Strike_P","Strike_P","Strike_P","Strike_P","Defend_P","Defend_P","Defend_P","Defend_P","Eruption","Vigilance","Crescendo+1","BowlingBash","Judgement+1","WaveOfTheHand+1","Perseverance+1","MentalFortress","EmptyBody"],"relics":["PureWater","Smiling Mask","Golden Idol","Sundial","TeardropLocket","Nunchaku"],"acts_visited":["Exordium"],"potions_floor_usage":[7,16],"damage_taken":[{"damage":5,"enemies":"Small Slimes","floor":1,"turns":3},{"damage":0,"enemies":"Jaw Worm","floor":2,"turns":3},{"damage":0,"enemies":"2 Louse","floor":3,"turns":2},{"damage":0,"enemies":"2 Fungi Beasts","floor":4,"turns":3},{"damage":22,"enemies":"Lagavulin","floor":7,"turns":7},{"damage":5,"enemies":"Large Slime","floor":10,"turns":4},{"damage":12,"enemies":"3 Sentries","floor":12,"turns":6},{"damage":18,"enemies":"Slime Boss","floor":16,"turns":6}],"seed_played":"6689901298519942095","potions_obtained":[{"floor":2,"key":"SneckoOil"},{"floor":7,"key":"Weak Potion"},{"floor":12,"key":"Strength Potion"}],"is_trial":false,"path_per_floor":["M","M","M","M","?","?","E","R","T","M","R","E","R","?","R","B"],"character_chosen":"WATCHER","items_purchased":[],"campfire_rested":0,"item_purchase_floors":[],"current_hp_per_floor":[60,60,60,60,60,60,38,38,38,33,33,21,21,10,10,0,0],"gold":331,"neow_bonus":"RANDOM_COMMON_RELIC","is_daily":false,"chose_seed":false,"campfire_upgraded":4,"win_rate":0.0,"timestamp":1612667042,"path_taken":["M","M","M","M","?","?","E","R","T","M","R","E","R","?","R","BOSS"],"items_purchased_type":[],"build_version":"2020-12-22","purchased_purges":0,"victory":false,"max_hp_per_floor":[72,72,72,72,67,67,67,67,67,67,67,67,67,67,67,67,67],"card_choices":[{"not_picked":["FollowUp","ClearTheMind"],"picked":"Crescendo","floor":1},{"not_picked":["Crescendo","Prostrate"],"picked":"BowlingBash","floor":2},{"not_picked":["Tantrum","EmptyFist"],"picked":"Judgement","floor":3},{"not_picked":["SashWhip","Adaptation"],"picked":"WaveOfTheHand","floor":4},{"not_picked":["FollowUp","FlurryOfBlows"],"picked":"Perseverance","floor":7},{"not_picked":["EmptyMind","Vengeance"],"picked":"MentalFortress","floor":10},{"not_picked":["Prostrate","Perseverance"],"picked":"EmptyBody","floor":12}],"player_experience":180955,"relics_obtained":[{"floor":7,"key":"Sundial"},{"floor":9,"key":"TeardropLocket"},{"floor":12,"key":"Nunchaku"}],"event_choices":[{"damage_healed":0,"gold_gain":0,"player_choice":"Lose Max HP","damage_taken":0,"relics_obtained":["Golden Idol"],"max_hp_gain":0,"max_hp_loss":5,"event_name":"Golden Idol","floor":5,"gold_loss":0},{"damage_healed":0,"gold_gain":0,"player_choice":"Ignored","damage_taken":0,"max_hp_gain":0,"max_hp_loss":0,"event_name":"Liars Game","floor":6,"gold_loss":0},{"damage_healed":0,"gold_gain":75,"player_choice":"Gather Gold","damage_taken":11,"max_hp_gain":0,"max_hp_loss":0,"event_name":"World of Goop","floor":14,"gold_loss":0}],"is_beta":false,"boss_relics":[],"items_purged_floors":[],"is_endless":false,"potions_floor_spawned":[2,7,12],"killed_by":"Slime Boss","ascension_level":7}}