{"host":"ooa7gbxz3ilj1hm6","time":1612657202,"event":{"mods":["BaseMod","Colored Map","Downfall","Highlight Path","Minty Spire (QoL Compilation)","StSLib"],"gold_per_floor":[0,14,25,41,71,71,96,114,134,44,75,75,75,93,108,212,212,212,231,248,265,215,215,215,232,261,261,271,271,271,271],"floor_reached":29,"language":"ENG","playtime":1477,"items_purged":["Pain"],"score":249,"play_id":"ecfa791f-793b-4423-bc9e-113bac9a7b67","local_time":"20210206172002","is_ascension_mode":false,"campfire_choices":[{"data":"Guardian:StasisStrike","floor":1,"key":"SMITH"},{"data":"Guardian:TimeSifter","floor":18,"key":"SMITH"},{"floor":27,"key":"RECALL"}],"circlet_count":0,"master_deck":["Guardian:Strike_Guardian","Guardian:Strike_Guardian","Guardian:Strike_Guardian","Guardian:Strike_Guardian","Guardian:Defend_Guardian","Guardian:Defend_Guardian","Guardian:Defend_Guardian","Guardian:Defend_Guardian","Guardian:CurlUp","Guardian:TwinSlam","Guardian:StasisStrike+1","Guardian:PiercingHide","Guardian:BronzeOrb","Guardian:Emergency+1","Guardian:Incinerate","Guardian:Suspension+1","Guardian:ShieldCharger+1","Guardian:TimeSifter+1","Guardian:TemporalShield+1","Guardian:Incinerate","Pride","Guardian:FloatingOrbs+1","Guardian:EvasiveProtocol+1","Guardian:Gem_Yellow"],"relics":["Guardian:ModeShifter","Toxic Egg 2","WarpedTongs","Slimebound:StickyStick","Mercury Hourglass","Vajra","Black Star","Slimebound:PreparedRelic","Frozen Egg 2","Peace Pipe","Omamori"],"acts_visited":["Exordium","TheCity"],"potions_floor_usage":[],"damage_taken":[{"damage":4,"enemies":"2 Louse","floor":2,"turns":3},{"damage":0,"enemies":"Cultist","floor":3,"turns":4},{"damage":2,"enemies":"Small Slimes","floor":4,"turns":3},{"damage":12,"enemies":"2 Fungi Beasts","floor":8,"turns":3},{"damage":5,"enemies":"Blue Slaver","floor":9,"turns":4},{"damage":6,"enemies":"downfall:FleeingMerchant","floor":10,"turns":4},{"damage":8,"enemies":"Lagavulin","floor":11,"turns":6},{"damage":3,"enemies":"Gremlin Gang","floor":14,"turns":3},{"damage":6,"enemies":"Exordium Wildlife","floor":15,"turns":3},{"damage":9,"enemies":"DF_ARCHETYPE_STREAMLINE","floor":16,"turns":9},{"damage":2,"enemies":"Shell Parasite","floor":19,"turns":5},{"damage":5,"enemies":"Sentry and Sphere","floor":20,"turns":5},{"damage":23,"enemies":"Snecko","floor":21,"turns":6},{"damage":32,"enemies":"Shelled Parasite and Fungi","floor":25,"turns":7},{"damage":22,"enemies":"Slavers","floor":26,"turns":5},{"damage":10,"enemies":"Chosen and Byrds","floor":28,"turns":5},{"damage":26,"enemies":"Book of Stabbing","floor":29,"turns":3}],"seed_played":"-8463944523348317515","potions_obtained":[{"floor":2,"key":"Energy Potion"},{"floor":3,"key":"SpeedPotion"},{"floor":8,"key":"Ancient Potion"},{"floor":20,"key":"AttackPotion"}],"is_trial":false,"path_per_floor":["R","M","M","M","?","?","T","M","M","$","E","?","?","M","M","B",null,"R","M","M","M","?","?","T","M","E","R","M","E"],"character_chosen":"GUARDIAN","items_purchased":[],"campfire_rested":0,"item_purchase_floors":[],"current_hp_per_floor":[80,76,76,74,74,74,74,62,57,51,43,43,40,37,31,22,80,80,78,73,50,80,80,80,48,26,26,16,0,0,0],"gold":271,"neow_bonus":"THREE_RARE_CARDS","is_daily":false,"chose_seed":false,"campfire_upgraded":2,"win_rate":0.0,"timestamp":1612657202,"path_taken":["R","M","M","M","?","?","T","M","?","$","E","?","?","M","M","BOSS","R","M","M","M","?","?","T","M","E","R","M","E"],"items_purchased_type":[],"build_version":"2020-12-22","purchased_purges":1,"victory":false,"max_hp_per_floor":[80,80,80,80,80,80,80,80,80,80,80,80,80,80,80,80,80,80,80,80,80,80,80,80,80,80,80,80,80,80,80],"card_choices":[{"not_picked":["Guardian:StasisField","Guardian:BaubleBeam"],"picked":"Guardian:StasisStrike","floor":0},{"not_picked":["Guardian:SpikerProtocol","Guardian:Gem_White"],"picked":"Guardian:PiercingHide","floor":2},{"not_picked":["Guardian:RollAttack","Guardian:Planning","Guardian:Reroute"],"picked":"SKIP","floor":3},{"not_picked":["Guardian:DonusPower","Guardian:ShieldSpikes"],"picked":"Guardian:BronzeOrb","floor":4},{"not_picked":["Guardian:PrimingBeam","Guardian:Gem_Lightblue"],"picked":"Guardian:Emergency+1","floor":8},{"not_picked":["Guardian:Gem_Yellow","Guardian:TemporalShield+1"],"picked":"Guardian:Incinerate","floor":9},{"not_picked":["Guardian:WalkerClaw","Guardian:BronzeOrb"],"picked":"Guardian:Suspension+1","floor":10},{"not_picked":["Guardian:Reroute","Guardian:Suspension+1","Guardian:WalkerClaw"],"picked":"SKIP","floor":11},{"not_picked":["Guardian:Gem_Lightblue","Guardian:Reroute"],"picked":"Guardian:Gem_Green","floor":14},{"not_picked":["Guardian:GuardianWhirl","Guardian:RollAttack"],"picked":"Guardian:ShieldCharger+1","floor":15},{"not_picked":["Guardian:RevengeProtocol","Guardian:StasisStrike"],"picked":"Guardian:TimeSifter","floor":16},{"not_picked":["Guardian:CrystalBeam","Guardian:Clone+1"],"picked":"Guardian:TemporalShield+1","floor":19},{"not_picked":["Guardian:PrismaticBarrier+1","Guardian:RollAttack"],"picked":"Guardian:Incinerate","floor":20},{"not_picked":["Guardian:Planning+1","Guardian:ShieldSpikes+1","Guardian:ArmoredProtocol"],"picked":"SKIP","floor":21},{"not_picked":["Guardian:ChargeCore","Guardian:Incinerate"],"picked":"Guardian:FloatingOrbs+1","floor":25},{"not_picked":["Guardian:GatlingBeam","Guardian:Gem_Purple"],"picked":"Guardian:EvasiveProtocol+1","floor":26},{"not_picked":["Guardian:WalkerClaw","Guardian:ShieldSpikes+1"],"picked":"Guardian:Gem_Yellow","floor":28}],"player_experience":60724,"relics_obtained":[{"floor":7,"key":"Slimebound:StickyStick"},{"floor":11,"key":"Mercury Hourglass"},{"floor":24,"key":"Frozen Egg 2"},{"floor":26,"key":"Peace Pipe"},{"floor":26,"key":"Omamori"}],"event_choices":[{"damage_healed":0,"gold_gain":0,"player_choice":"Success","damage_taken":3,"relics_obtained":["Vajra"],"max_hp_gain":0,"max_hp_loss":0,"event_name":"Scrap Ooze","floor":13,"gold_loss":0},{"damage_healed":0,"gold_gain":0,"player_choice":"Stole Relic","damage_taken":0,"relics_obtained":["Slimebound:PreparedRelic"],"max_hp_gain":0,"max_hp_loss":0,"event_name":"Addict","floor":23,"gold_loss":0,"cards_obtained":["Pride"]}],"is_beta":false,"boss_relics":[{"not_picked":["Busted Crown","Velvet Choker"],"picked":"Black Star"}],"items_purged_floors":[10],"is_endless":false,"potions_floor_spawned":[2,3,8,14,19,20,26],"killed_by":"Book of Stabbing","ascension_level":0}}