{"host":"8is2j71l4wmybkoi","time":1612694801,"event":{"mods":["AchievementEnabler","BaseMod","Colored Map","Minty Spire (QoL Compilation)","Rare Cards Sparkle","StSLib","SuperFastMode"],"gold_per_floor":[116,116,116,116,391,431,445,463,463,1,14,14,30,54,54,147,147,168,186,210,100,120,120,163,88,138,153,153,243,278,294,294,294,294],"floor_reached":33,"language":"KOR","playtime":1243,"items_purged":["Regret"],"score":550,"play_id":"23170279-c66a-47ff-b8dd-4909a9c6af0f","local_time":"20210207194641","is_ascension_mode":true,"campfire_choices":[{"floor":12,"key":"REST"},{"data":"Zap","floor":15,"key":"SMITH"},{"floor":23,"key":"REST"},{"floor":28,"key":"REST"},{"floor":32,"key":"REST"}],"circlet_count":0,"master_deck":["AscendersBane","Strike_B","Strike_B","Defend_B","Defend_B+1","Defend_B","Defend_B","Zap+1","Dualcast+1","Gash","BootSequence","Rip and Tear","Rainbow","Conserve Battery+1","Chill","Gash","Multi-Cast","Chaos+1","Compile Driver","Doom and Gloom","Electrodynamics","Capacitor","Coolheaded","Glacier","Force Field+1","Turbo","Machine Learning"],"relics":["Cracked Core","NeowsBlessing","Golden Idol","Turnip","Incense Burner","Medical Kit","Blood Vial","Fusion Hammer","Sundial","Dream Catcher","MealTicket"],"acts_visited":["Exordium","TheCity"],"potions_floor_usage":[11,11,16,20,24,30,31,33],"damage_taken":[{"damage":0,"enemies":"2 Louse","floor":1,"turns":1},{"damage":0,"enemies":"3 Sentries","floor":6,"turns":1},{"damage":0,"enemies":"Small Slimes","floor":7,"turns":1},{"damage":2,"enemies":"Cultist","floor":8,"turns":3},{"damage":8,"enemies":"Gremlin Gang","floor":11,"turns":4},{"damage":1,"enemies":"Exordium Wildlife","floor":13,"turns":5},{"damage":3,"enemies":"Blue Slaver","floor":14,"turns":3},{"damage":10,"enemies":"Slime Boss","floor":16,"turns":9},{"damage":0,"enemies":"Spheric Guardian","floor":18,"turns":4},{"damage":0,"enemies":"Chosen","floor":19,"turns":5},{"damage":9,"enemies":"Snake Plant","floor":20,"turns":4},{"damage":27,"enemies":"Cultist and Chosen","floor":22,"turns":7},{"damage":29,"enemies":"Book of Stabbing","floor":24,"turns":6},{"damage":8,"enemies":"Chosen and Byrds","floor":27,"turns":4},{"damage":8,"enemies":"Slavers","floor":30,"turns":4},{"damage":10,"enemies":"Shelled Parasite and Fungi","floor":31,"turns":6},{"damage":51,"enemies":"Automaton","floor":33,"turns":6}],"seed_played":"-249532280132465643","potions_obtained":[{"floor":6,"key":"LiquidMemories"},{"floor":11,"key":"Block Potion"},{"floor":13,"key":"ColorlessPotion"},{"floor":22,"key":"PowerPotion"},{"floor":24,"key":"FearPotion"},{"floor":31,"key":"SneckoOil"}],"is_trial":false,"path_per_floor":["M","?","?","?","?","E","M","M","T","$","M","R","M","M","R","B",null,"M","M","M","?","M","R","E","?","T","M","R","?","E","M","R","B"],"character_chosen":"DEFECT","items_purchased":["Conserve Battery","Medical Kit","AttackPotion","Blood Vial"],"campfire_rested":4,"item_purchase_floors":[10,10,10,10],"current_hp_per_floor":[64,40,19,19,19,19,19,17,17,17,11,32,33,32,32,24,59,61,63,56,56,31,52,25,25,25,19,40,22,16,8,29,0,0],"gold":294,"neow_bonus":"THREE_ENEMY_KILL","is_daily":false,"chose_seed":false,"campfire_upgraded":1,"win_rate":0.0,"timestamp":1612694801,"path_taken":["M","?","?","?","?","E","M","M","T","$","M","R","M","?","R","BOSS","M","M","?","?","?","R","E","?","T","M","R","?","E","M","R","BOSS"],"items_purchased_type":["Card","Relic","Potion","Relic"],"build_version":"2020-12-22","purchased_purges":1,"victory":false,"max_hp_per_floor":[71,71,71,71,71,71,71,71,71,71,71,71,71,71,71,71,71,71,71,71,71,71,71,71,71,71,71,71,71,71,71,71,71,71],"card_choices":[{"not_picked":["Steam","Hologram"],"picked":"Gash","floor":1},{"not_picked":["Streamline","Storm"],"picked":"BootSequence","floor":6},{"not_picked":["Consume","Go for the Eyes"],"picked":"Rip and Tear","floor":7},{"not_picked":["Leap","Consume"],"picked":"Rainbow","floor":8},{"not_picked":["Streamline","Compile Driver"],"picked":"Chill","floor":11},{"not_picked":["Beam Cell","Rebound"],"picked":"Gash","floor":13},{"not_picked":["Rip and Tear","Conserve Battery","Reprogram"],"picked":"SKIP","floor":14},{"not_picked":["Hyperbeam","Rainbow"],"picked":"Multi-Cast","floor":16},{"not_picked":["Leap","Coolheaded"],"picked":"Chaos+1","floor":18},{"not_picked":["Cold Snap","Redo"],"picked":"Compile Driver","floor":19},{"not_picked":["Undo","Rebound"],"picked":"Doom and Gloom","floor":20},{"not_picked":["Beam Cell+1","Ball Lightning"],"picked":"Electrodynamics","floor":22},{"not_picked":["Thunder Strike","Conserve Battery"],"picked":"Capacitor","floor":24},{"not_picked":["Heatsinks","Ball Lightning"],"picked":"Coolheaded","floor":27},{"not_picked":["Leap","Streamline"],"picked":"Glacier","floor":28},{"not_picked":["Doom and Gloom","Compile Driver"],"picked":"Force Field+1","floor":30},{"not_picked":["Go for the Eyes","Consume"],"picked":"Turbo","floor":31},{"not_picked":["Cold Snap","Genetic Algorithm"],"picked":"Machine Learning","floor":32}],"player_experience":1031508,"relics_obtained":[{"floor":6,"key":"Turnip"},{"floor":9,"key":"Incense Burner"},{"floor":24,"key":"Sundial"},{"floor":26,"key":"Dream Catcher"},{"floor":30,"key":"MealTicket"}],"event_choices":[{"damage_healed":0,"gold_gain":0,"player_choice":"Take Damage","damage_taken":24,"relics_obtained":["Golden Idol"],"max_hp_gain":0,"max_hp_loss":0,"event_name":"Golden Idol","floor":2,"gold_loss":0},{"damage_healed":0,"gold_gain":0,"player_choice":"Entered Light","damage_taken":21,"max_hp_gain":0,"max_hp_loss":0,"event_name":"Shining Light","floor":3,"gold_loss":0,"cards_upgraded":["Defend_B","Dualcast"]},{"damage_healed":0,"gold_gain":0,"player_choice":"Ignored","damage_taken":0,"max_hp_gain":0,"max_hp_loss":0,"event_name":"Liars Game","floor":4,"gold_loss":0},{"damage_healed":0,"gold_gain":275,"player_choice":"Desecrate","damage_taken":0,"max_hp_gain":0,"max_hp_loss":0,"event_name":"Golden Shrine","floor":5,"gold_loss":0,"cards_obtained":["Regret"]},{"cards_removed":["Strike_B"],"damage_healed":0,"gold_gain":0,"player_choice":"Upgrade and Remove","damage_taken":0,"max_hp_gain":0,"max_hp_loss":0,"event_name":"Designer","floor":21,"gold_loss":110,"cards_upgraded":["Conserve Battery"]},{"cards_removed":["Strike_B"],"damage_healed":0,"gold_gain":0,"player_choice":"Gave Gold","damage_taken":0,"max_hp_gain":0,"max_hp_loss":0,"event_name":"Beggar","floor":25,"gold_loss":75},{"damage_healed":0,"gold_gain":90,"player_choice":"POTION GOLD ","damage_taken":18,"max_hp_gain":0,"max_hp_loss":0,"event_name":"Knowing Skull","floor":29,"potions_obtained":["SneckoOil"],"gold_loss":0,"cards_obtained":[]}],"is_beta":false,"boss_relics":[{"not_picked":["Busted Crown","Pandora\u0027s Box"],"picked":"Fusion Hammer"}],"items_purged_floors":[10],"is_endless":false,"potions_floor_spawned":[6,11,13,22,24,31],"killed_by":"Automaton","ascension_level":15}}