{"host":"fl6c84p0pqwjbhud","time":1612695910,"event":{"mods":["AchievementEnabler","BaseMod","Better Altar","Better Match","Better Note","Better Sensory Stone","Better Skull","Better Third Choice","Better Vampires","Better-Laid Plans","Colored Map","Defuse TimeMaze Blight","Displayed Cursed Tome","Energized Spire","Highlight Path","Minty Spire (QoL Compilation)","Permanent Neow","Quick Restart","Relic Sorter","StSLib","Synergy Search","Transform Curses"],"gold_per_floor":[118,43,43,43,43,43,74,74,97,109,148,176,219,231,243,352,364,387,43,43,43,43,43,57,90,90,190,16,16,30,42,42,147,147,157,7,22,22,22,50,77,111,111,131,156,205,233,233,233,233],"floor_reached":51,"language":"ENG","playtime":2095,"items_purged":["Prepared+1","Endless Agony+1","Backstab+1","Adrenaline+1"],"score":1404,"play_id":"0ef6709a-b7f6-4a2e-b3a1-e8d5b2d79c91","local_time":"20210207120510","daily_mods":["SealedDeck","Vintage","Allstar","Heirloom","Flight"],"is_ascension_mode":true,"campfire_choices":[{"data":"Slice","floor":6,"key":"SMITH"},{"data":"Deflect","floor":8,"key":"SMITH"},{"data":"Endless Agony","floor":10,"key":"SMITH"},{"data":"Slice","floor":15,"key":"SMITH"},{"data":"Backstab","floor":23,"key":"SMITH"},{"data":"Adrenaline","floor":32,"key":"SMITH"},{"data":"Slice","floor":49,"key":"SMITH"}],"circlet_count":0,"master_deck":["Slice+1","Deflect+1","Deflect+1","Slice+1","Caltrops+1","Slice","Prepared","Slice+1","Slice","Prepared","Caltrops+1","Deflect+1","Deflect+1","Noxious Fumes+1","Accuracy"],"relics":["Unceasing Top","Molten Egg 2","Toxic Egg 2","Bottled Lightning","Bottled Tornado","Bottled Flame","Shuriken","Ornamental Fan","Kunai","Letter Opener","StoneCalendar","Incense Burner","Paper Crane","Thread and Needle","War Paint","Snake Skull","MawBank","Pear","Dead Branch","Torii","Runic Dome","Dream Catcher","Anchor","Bird Faced Urn","Eternal Feather","Pocketwatch","HornCleat","Question Card","Black Star","Meat on the Bone","Darkstone Periapt","Mercury Hourglass","Pantograph","Ginger","Du-Vu Doll","CaptainsWheel","StrikeDummy"],"acts_visited":["Exordium","TheCity","TheBeyond"],"potions_floor_usage":[13,25,41,41,47,47,47,50],"damage_taken":[{"damage":0,"enemies":"Jaw Worm","floor":1,"turns":1},{"damage":0,"enemies":"3 Sentries","floor":7,"turns":1},{"damage":0,"enemies":"Gremlin Nob","floor":11,"turns":1},{"damage":0,"enemies":"2 Louse","floor":12,"turns":1},{"damage":0,"enemies":"Lagavulin","floor":13,"turns":1},{"damage":22,"enemies":"The Guardian","floor":16,"turns":4},{"damage":0,"enemies":"Chosen","floor":18,"turns":1},{"damage":0,"enemies":"3 Byrds","floor":24,"turns":1},{"damage":0,"enemies":"Slavers","floor":25,"turns":2},{"damage":0,"enemies":"Colosseum Slavers","floor":27,"turns":1},{"damage":0,"enemies":"Colosseum Nobs","floor":27,"turns":2},{"damage":0,"enemies":"Snecko","floor":30,"turns":1},{"damage":0,"enemies":"Sentry and Sphere","floor":31,"turns":1},{"damage":0,"enemies":"Collector","floor":33,"turns":1},{"damage":0,"enemies":"Orb Walker","floor":35,"turns":1},{"damage":0,"enemies":"3 Shapes","floor":37,"turns":1},{"damage":0,"enemies":"Reptomancer","floor":40,"turns":1},{"damage":0,"enemies":"Nemesis","floor":41,"turns":1},{"damage":0,"enemies":"Giant Head","floor":42,"turns":1},{"damage":0,"enemies":"3 Darklings","floor":44,"turns":1},{"damage":0,"enemies":"Nemesis","floor":45,"turns":1},{"damage":0,"enemies":"2 Orb Walkers","floor":46,"turns":1},{"damage":0,"enemies":"Giant Head","floor":47,"turns":1},{"damage":0,"enemies":"Time Eater","floor":50,"turns":7}],"seed_played":"8706063466124978453","potions_obtained":[{"floor":7,"key":"AttackPotion"},{"floor":24,"key":"AttackPotion"},{"floor":27,"key":"Block Potion"},{"floor":31,"key":"Explosive Potion"},{"floor":35,"key":"SkillPotion"},{"floor":37,"key":"ColorlessPotion"},{"floor":44,"key":"Weak Potion"},{"floor":45,"key":"Swift Potion"},{"floor":47,"key":"SkillPotion"}],"is_trial":true,"path_per_floor":["M","$","?","?","?","R","E","R","T","R","E","M","E","T","R","B",null,"M","$","?","?","?","R","M","E","T","?","$","T","M","M","R","B",null,"M","$","M","?","$","E","E","E","T","M","E","?","E","T","R","B",null],"character_chosen":"THE_SILENT","items_purchased":["Bottled Tornado","Prepared"],"campfire_rested":0,"item_purchase_floors":[19,28],"current_hp_per_floor":[70,70,63,63,63,63,63,63,63,63,63,73,73,73,73,51,80,80,80,80,80,80,80,80,80,80,80,80,80,80,80,80,80,80,80,80,80,80,80,80,80,80,80,80,80,80,80,80,80,80],"gold":233,"neow_bonus":"","is_daily":false,"chose_seed":false,"campfire_upgraded":7,"win_rate":0.0,"timestamp":1612695910,"path_taken":["M","$","?","?","?","R","E","R","T","R","E","?","E","?","R","BOSS","M","$","?","?","?","R","?","E","T","?","$","?","M","M","R","BOSS","M","$","?","?","$","E","E","E","T","?","E","?","E","?","R","BOSS"],"items_purchased_type":["Relic","Card"],"build_version":"2020-12-22","purchased_purges":4,"victory":true,"max_hp_per_floor":[70,70,70,70,70,70,70,70,70,70,70,80,80,80,80,80,80,80,80,80,80,80,80,80,80,80,80,80,80,80,80,80,80,80,80,80,80,80,80,80,80,80,80,80,80,80,80,80,80,80],"card_choices":[{"not_picked":["Prepared","Cloak And Dagger"],"picked":"Endless Agony","floor":7},{"not_picked":["Cloak And Dagger","Well Laid Plans"],"picked":"Slice","floor":11},{"not_picked":["Calculated Gamble","Backflip","Catalyst"],"picked":"SKIP","floor":13},{"not_picked":["Wraith Form v2","Storm of Steel"],"picked":"Adrenaline","floor":16},{"not_picked":["Dagger Spray+1","Catalyst","Bouncing Flask"],"picked":"SKIP","floor":25},{"not_picked":["Heel Hook+1","Sucker Punch+1","Leg Sweep+1"],"picked":"Deflect+1","floor":40},{"not_picked":["Setup+1","Acrobatics+1","Bane+1"],"picked":"Deflect+1","floor":41},{"not_picked":["Accuracy","Blur+1","Sucker Punch+1"],"picked":"Noxious Fumes+1","floor":42},{"not_picked":["Dagger Throw+1","Backflip+1","Predator+1","Flying Knee+1"],"picked":"SKIP","floor":45},{"not_picked":["Underhanded Strike+1","Poisoned Stab+1","Sucker Punch+1"],"picked":"Accuracy","floor":47}],"player_experience":488564,"relics_obtained":[{"floor":1,"key":"War Paint"},{"floor":7,"key":"Snake Skull"},{"floor":9,"key":"MawBank"},{"floor":11,"key":"Letter Opener"},{"floor":12,"key":"Pear"},{"floor":13,"key":"Dead Branch"},{"floor":14,"key":"Torii"},{"floor":18,"key":"Dream Catcher"},{"floor":24,"key":"Anchor"},{"floor":25,"key":"Bird Faced Urn"},{"floor":26,"key":"Eternal Feather"},{"floor":27,"key":"Pocketwatch"},{"floor":27,"key":"HornCleat"},{"floor":29,"key":"Molten Egg 2"},{"floor":30,"key":"Question Card"},{"floor":31,"key":"Toxic Egg 2"},{"floor":35,"key":"Kunai"},{"floor":37,"key":"Bottled Flame"},{"floor":40,"key":"Meat on the Bone"},{"floor":40,"key":"StoneCalendar"},{"floor":41,"key":"Darkstone Periapt"},{"floor":41,"key":"Shuriken"},{"floor":42,"key":"Ornamental Fan"},{"floor":42,"key":"Mercury Hourglass"},{"floor":43,"key":"Incense Burner"},{"floor":44,"key":"Pantograph"},{"floor":45,"key":"Ginger"},{"floor":45,"key":"Du-Vu Doll"},{"floor":46,"key":"CaptainsWheel"},{"floor":47,"key":"Paper Crane"},{"floor":47,"key":"Bottled Lightning"},{"floor":48,"key":"StrikeDummy"}],"event_choices":[{"cards_removed":["Prepared"],"damage_healed":0,"gold_gain":0,"player_choice":"Card Removal","damage_taken":7,"max_hp_gain":0,"max_hp_loss":0,"event_name":"Golden Wing","floor":3,"gold_loss":0},{"damage_healed":0,"gold_gain":0,"player_choice":"Grow","damage_taken":0,"max_hp_gain":0,"max_hp_loss":0,"event_name":"Living Wall","floor":4,"gold_loss":0,"cards_upgraded":["Caltrops"]},{"damage_healed":0,"gold_gain":1,"player_choice":"1","damage_taken":0,"max_hp_gain":0,"max_hp_loss":0,"event_name":"betterStone:BetterStone","floor":5,"gold_loss":0},{"damage_healed":0,"gold_gain":0,"player_choice":"Became a vampire","damage_taken":0,"max_hp_gain":0,"max_hp_loss":0,"event_name":"Vampires","floor":20,"gold_loss":0,"cards_obtained":[]},{"damage_healed":0,"gold_gain":0,"player_choice":"Read","damage_taken":0,"max_hp_gain":0,"max_hp_loss":0,"event_name":"The Library","floor":21,"gold_loss":0,"cards_obtained":["Backstab"]},{"damage_healed":0,"gold_gain":0,"player_choice":"Fight","damage_taken":0,"max_hp_gain":0,"max_hp_loss":0,"event_name":"Colosseum","floor":27,"gold_loss":0},{"damage_healed":0,"gold_gain":0,"player_choice":"Fought Nobs","damage_taken":0,"max_hp_gain":0,"max_hp_loss":0,"event_name":"Colosseum","floor":27,"gold_loss":0},{"damage_healed":0,"gold_gain":0,"player_choice":"Copied","damage_taken":0,"max_hp_gain":0,"max_hp_loss":0,"event_name":"Duplicator","floor":38,"gold_loss":0,"cards_obtained":["Caltrops"]},{"damage_healed":0,"gold_gain":0,"player_choice":"Fight","damage_taken":0,"max_hp_gain":0,"max_hp_loss":0,"event_name":"Mysterious Sphere","floor":46,"gold_loss":0}],"is_beta":false,"boss_relics":[{"not_picked":["energizedSpire:NeverEndingSparkler","Busted Crown"],"picked":"Runic Dome"},{"not_picked":["Coffee Dripper","Cursed Key"],"picked":"Black Star"}],"items_purged_floors":[2,19,28,36],"is_endless":false,"potions_floor_spawned":[7,24,27,31,35,37,44,45,47],"ascension_level":1}}