{"host":"bczg3e1yq3rp3pkk","time":1612690081,"event":{"mods":["100% Spire Juice","Act Like it!","Arknights","Aspiration","BaseMod","Conspire","Hermit","KinomotoSakuraMod(木之本樱)","Marisa（F雨　魔理沙）","Minty Spire (QoL Compilation)","Quick Restart","Reliquary","Replay The Spire","RumiaBox-露米娅的神秘盒子","Shop Mod","StSLib","The Administrix","The Bug Knight","The Construct","The Hierophant","The Servant 0.9.4","Warlord Emblem","[GremlinLeader]The Maniac","【遗物卡牌】REMEMod"],"gold_per_floor":[117,130,149,169,169,169,169],"floor_reached":6,"language":"ZHS","playtime":405,"items_purged":[],"score":53,"play_id":"c5856991-24f3-4b34-8666-239ad8a1f1fa","local_time":"20210207172801","is_ascension_mode":true,"campfire_choices":[],"circlet_count":0,"master_deck":["Strike_P","Strike_P","Strike_P","Strike_P","Defend_P","Defend_P","Defend_P","Defend_P","Eruption+1","Vigilance","Tools of the Trade","Crescendo","EmptyFist","FlyingSleeves","Swivel","Regret"],"relics":["PureWater","REME_ComplimentaryCards","Omamori"],"acts_visited":["Exordium"],"potions_floor_usage":[],"damage_taken":[{"damage":0,"enemies":"Small Slimes","floor":1,"turns":3},{"damage":11,"enemies":"conspire:RoseBush","floor":2,"turns":4},{"damage":0,"enemies":"2 Louse","floor":3,"turns":2},{"damage":2,"enemies":"Large Slime","floor":4,"turns":4},{"damage":23,"enemies":"HollowMod:MossKnight","floor":6,"turns":7}],"seed_played":"-3530007181073098675","potions_obtained":[{"floor":1,"key":"Swift Potion"}],"is_trial":false,"path_per_floor":["M","M","M","M","?","E"],"character_chosen":"WATCHER","items_purchased":[],"campfire_rested":0,"item_purchase_floors":[],"current_hp_per_floor":[65,54,54,52,52,29,29],"gold":169,"neow_bonus":"UPGRADE_CARD","is_daily":false,"chose_seed":false,"campfire_upgraded":0,"win_rate":0.0,"timestamp":1612690081,"path_taken":["M","M","M","M","?","E"],"items_purchased_type":[],"build_version":"2020-12-22","purchased_purges":0,"victory":false,"max_hp_per_floor":[72,72,72,72,72,72,72],"card_choices":[{"not_picked":["Replay:DivineShield","CrushJoints"],"picked":"Crescendo","floor":1},{"not_picked":["Replay:ManipulateFuture","Nirvana"],"picked":"EmptyFist","floor":2},{"not_picked":["Crescendo","Collect"],"picked":"FlyingSleeves","floor":3},{"not_picked":["SashWhip","REME_MusicOfDeath"],"picked":"Swivel","floor":4}],"player_experience":394870,"relics_obtained":[],"event_choices":[{"damage_healed":0,"gold_gain":0,"player_choice":"Box","damage_taken":0,"relics_obtained":["Omamori"],"max_hp_gain":0,"max_hp_loss":0,"event_name":"Big Fish","floor":5,"gold_loss":0,"cards_obtained":["Regret"]}],"is_beta":false,"boss_relics":[],"items_purged_floors":[],"is_endless":false,"potions_floor_spawned":[1],"killed_by":"HollowMod:MossKnight","ascension_level":8}}