{"host":"tetk82fuf8thwxol","time":1612706586,"event":{"mods":["AchievementEnabler","BaseMod","BetterRewards","GifTheSpireLib","Hermit","Minty Spire (QoL Compilation)","Permanent Neow","Quick Restart","Shop Mod","Spicy Shops","StSLib","The Bug Knight","The Cursed","The Runesmith"],"gold_per_floor":[112,262,9033,9045,9061,9087,8378,8378,8401,8436,8456,8487,8548,8548,8548,8626,8626,8642,8642,8043,8072,7073,7073,7104,7104,7104,7130,7180,7192,7219,6179,6179,6265,6265,6294,5758,5758,5335,5346,5379,5379,5429,5429,5429,5429,4689,4719,4272,4272,4272,4272,4272,3912,3943,3943],"floor_reached":56,"language":"ENG","playtime":1487,"items_purged":["Doubt","Strike_G","Defend_G","Strike_G","Strike_G","Defend_G","Strike_G","Cloak And Dagger"],"score":2596,"play_id":"40bd6c08-96e6-4e29-accf-933acb44caca","local_time":"20210207080306","is_ascension_mode":true,"campfire_choices":[{"data":"Accuracy","floor":8,"key":"SMITH"},{"floor":15,"key":"REST"},{"data":"Blade Dance","floor":23,"key":"SMITH"},{"data":"Defend_G","floor":25,"key":"PURGE"},{"data":"Choke","floor":32,"key":"SMITH"},{"floor":41,"key":"RECALL"},{"data":"Blade Dance","floor":45,"key":"SMITH"},{"data":"Storm of Steel","floor":49,"key":"SMITH"},{"data":"Cloak And Dagger","floor":52,"key":"SMITH"}],"circlet_count":0,"master_deck":["AscendersBane","Strike_G","Defend_G","Survivor","Cloak And Dagger+1","Cloak And Dagger+1","Accuracy+1","Blade Dance+1","Choke+1","Phantasmal Killer+1","Infinite Blades","Infinite Blades+1","Envenom+1","Blade Dance+1","Caltrops+1","Storm of Steel+1"],"relics":["Ring of the Snake","Ninja Scroll","PreservedInsect","Pen Nib","Kunai","DollysMirror","Ancient Tea Set","Medical Kit","Paper Crane","Bag of Marbles","Dream Catcher","Darkstone Periapt","Blood Vial","WristBlade","Eternal Feather","CeramicFish","HandDrill","Frozen Egg 2","Peace Pipe","HollowMod:PaleOreRelic","Runesmith:Nanobots","Smiling Mask","Shuriken","Vajra","OrangePellets","Bottled Flame","WingedGreaves","Lee\u0027s Waffle","HoveringKite","Bag of Preparation","Juzu Bracelet","Centennial Puzzle","Ginger","Oddly Smooth Stone","Regal Pillow","MealTicket","FossilizedHelix","Membership Card","Lantern","Anchor","Singing Bowl","HollowMod:StagPassRelic","Sundial","Mummified Hand","Gremlin Horn","Strawberry","TwistedFunnel","Happy Flower","Bronze Scales","Bottled Tornado","Ornamental Fan","Nunchaku","White Beast Statue"],"acts_visited":["Exordium","TheCity","TheBeyond","TheEnding"],"potions_floor_usage":[6,16,16,30,50],"damage_taken":[{"damage":1,"enemies":"2 Louse","floor":1,"turns":3},{"damage":0,"enemies":"Small Slimes","floor":4,"turns":3},{"damage":0,"enemies":"Cultist","floor":5,"turns":3},{"damage":11,"enemies":"HollowMod:MossKnight","floor":6,"turns":7},{"damage":0,"enemies":"Gremlin Nob","floor":10,"turns":1},{"damage":0,"enemies":"3 Louse","floor":11,"turns":1},{"damage":0,"enemies":"HollowMod:MossKnight","floor":12,"turns":1},{"damage":0,"enemies":"3 Sentries","floor":13,"turns":3},{"damage":0,"enemies":"Hexaghost","floor":16,"turns":4},{"damage":0,"enemies":"2 Thieves","floor":18,"turns":1},{"damage":4,"enemies":"Sentry and Sphere","floor":21,"turns":3},{"damage":0,"enemies":"HollowMod:Nosk","floor":24,"turns":1},{"damage":0,"enemies":"Book of Stabbing","floor":27,"turns":1},{"damage":0,"enemies":"Centurion and Healer","floor":29,"turns":2},{"damage":0,"enemies":"Slavers","floor":30,"turns":1},{"damage":0,"enemies":"Collector","floor":33,"turns":2},{"damage":0,"enemies":"3 Darklings","floor":35,"turns":1},{"damage":0,"enemies":"Orb Walker","floor":39,"turns":1},{"damage":0,"enemies":"Giant Head","floor":40,"turns":4},{"damage":0,"enemies":"2 Orb Walkers","floor":42,"turns":1},{"damage":0,"enemies":"Nemesis","floor":47,"turns":1},{"damage":8,"enemies":"Donu and Deca","floor":50,"turns":3},{"damage":0,"enemies":"Shield and Spear","floor":54,"turns":1},{"damage":60,"enemies":"The Heart","floor":55,"turns":4}],"seed_played":"3907693288616050211","potions_obtained":[{"floor":0,"key":"Block Potion"},{"floor":0,"key":"SkillPotion"},{"floor":6,"key":"CunningPotion"},{"floor":16,"key":"PowerPotion"},{"floor":18,"key":"SneckoOil"},{"floor":21,"key":"Ancient Potion"},{"floor":30,"key":"SteroidPotion"},{"floor":39,"key":"CunningPotion"}],"is_trial":false,"path_per_floor":["M","?","$","M","M","E","$","R","T","E","M","E","?","?","R","B",null,"M","?","$","M","$","R","E","R","T","E","?","M","E","$","R","B",null,"M","$","?","$","M","E","R","?","T","?","R","$","E","$","R","B",null,"R","$","E","B",null],"character_chosen":"THE_SILENT","items_purchased":["Ninja Scroll","PreservedInsect","Pen Nib","Kunai","DollysMirror","Accuracy","Medical Kit","Paper Crane","Eternal Feather","CeramicFish","HandDrill","Frozen Egg 2","Peace Pipe","Infinite Blades+1","Vajra","OrangePellets","Bottled Flame","WingedGreaves","Lee\u0027s Waffle","Bag of Preparation","Juzu Bracelet","Centennial Puzzle","Ginger","Oddly Smooth Stone","Regal Pillow","Caltrops+1","Membership Card","Lantern","Anchor","Singing Bowl","HollowMod:StagPassRelic","Storm of Steel","Mummified Hand","Gremlin Horn","Strawberry","TwistedFunnel","Happy Flower","Bronze Scales","Bottled Tornado","Ornamental Fan","Nunchaku"],"campfire_rested":1,"item_purchase_floors":[3,3,3,3,3,7,7,7,20,20,22,22,22,22,31,31,31,31,31,36,36,36,38,38,38,38,46,46,46,46,46,46,48,48,48,48,48,53,53,53,53],"current_hp_per_floor":[58,58,58,58,58,47,47,47,47,47,47,47,49,29,48,50,62,64,64,64,62,62,66,66,66,66,66,66,66,66,73,73,73,73,73,73,73,73,73,73,73,73,73,73,73,73,75,82,82,74,80,82,82,84,24],"gold":3943,"neow_bonus":"THREE_SMALL_POTIONS","is_daily":false,"chose_seed":false,"campfire_upgraded":6,"win_rate":0.0,"timestamp":1612706586,"path_taken":["M","?","$","M","M","E","$","R","T","E","M","E","?","?","R","BOSS","M","?","$","M","?","R","E","R","T","E","?","M","E","$","R","BOSS","M","$","?","$","M","E","R","?","T","?","R","?","E","$","R","BOSS","R","$","E","BOSS"],"items_purchased_type":["Relic","Relic","Relic","Relic","Relic","Card","Relic","Relic","Relic","Relic","Relic","Relic","Relic","Card","Relic","Relic","Relic","Relic","Relic","Relic","Relic","Relic","Relic","Relic","Relic","Card","Relic","Relic","Relic","Relic","Relic","Card","Relic","Relic","Relic","Relic","Relic","Relic","Relic","Relic","Relic"],"build_version":"2020-12-22","purchased_purges":8,"victory":true,"max_hp_per_floor":[66,66,66,66,66,66,66,66,66,66,66,66,66,66,66,66,66,66,66,66,66,66,66,66,66,66,66,66,66,66,73,73,73,73,73,73,73,73,73,73,73,73,73,73,73,73,75,82,82,82,82,82,82,84,84],"card_choices":[{"not_picked":["Malaise","Dagger Spray"],"picked":"Cloak And Dagger","floor":1},{"not_picked":["Underhanded Strike","Backstab"],"picked":"Cloak And Dagger","floor":4},{"not_picked":["Dash","Endless Agony","Backflip"],"picked":"SKIP","floor":5},{"not_picked":["Unload","Sucker Punch","Caltrops"],"picked":"SKIP","floor":6},{"not_picked":["Reflex","Slice","Dash"],"picked":"SKIP","floor":10},{"not_picked":["Blur","Backflip"],"picked":"Blade Dance","floor":11},{"not_picked":["Bouncing Flask","Calculated Gamble","Bane"],"picked":"SKIP","floor":12},{"not_picked":["PiercingWail","Calculated Gamble"],"picked":"Choke","floor":13},{"not_picked":["Bullet Time","Venomology"],"picked":"Phantasmal Killer","floor":16},{"not_picked":["Skewer","Underhanded Strike","Eviscerate"],"picked":"SKIP","floor":18},{"not_picked":["Endless Agony","Flying Knee"],"picked":"Infinite Blades","floor":21},{"not_picked":["Dodge and Roll+1","Noxious Fumes+1","Doppelganger"],"picked":"SKIP","floor":24},{"not_picked":["Dagger Throw","Reflex","Choke"],"picked":"SKIP","floor":27},{"not_picked":["Bouncing Flask","Choke","Bane+1"],"picked":"SKIP","floor":29},{"not_picked":["Infinite Blades+1","Escape Plan","Choke"],"picked":"SKIP","floor":30},{"not_picked":["Doppelganger","Glass Knife"],"picked":"Envenom+1","floor":33},{"not_picked":["Flying Knee","PiercingWail"],"picked":"Blade Dance","floor":35},{"not_picked":["Slice","Dagger Spray","Cloak And Dagger"],"picked":"SKIP","floor":39},{"not_picked":["Bane","Skewer","Heel Hook"],"picked":"SKIP","floor":40},{"not_picked":["Terror","Escape Plan","Tactician"],"picked":"Singing Bowl","floor":47},{"not_picked":["Cloak And Dagger","Choke","Prepared"],"picked":"Singing Bowl","floor":54}],"player_experience":303527,"relics_obtained":[{"floor":6,"key":"Ancient Tea Set"},{"floor":9,"key":"Bag of Marbles"},{"floor":10,"key":"Dream Catcher"},{"floor":12,"key":"Darkstone Periapt"},{"floor":24,"key":"HollowMod:PaleOreRelic"},{"floor":26,"key":"Runesmith:Nanobots"},{"floor":27,"key":"Smiling Mask"},{"floor":30,"key":"Shuriken"},{"floor":40,"key":"MealTicket"},{"floor":42,"key":"FossilizedHelix"},{"floor":47,"key":"Sundial"},{"floor":54,"key":"White Beast Statue"}],"event_choices":[{"damage_healed":0,"gold_gain":150,"player_choice":"AGREE","damage_taken":0,"max_hp_gain":0,"max_hp_loss":0,"event_name":"Liars Game","floor":2,"gold_loss":0,"cards_obtained":["Doubt"]},{"damage_healed":0,"gold_gain":0,"player_choice":"Searched \u00273\u0027 times","damage_taken":0,"relics_obtained":["Blood Vial"],"max_hp_gain":0,"max_hp_loss":0,"event_name":"Dead Adventurer","floor":13,"gold_loss":0},{"damage_healed":0,"gold_gain":0,"player_choice":"Entered Light","damage_taken":20,"max_hp_gain":0,"max_hp_loss":0,"event_name":"Shining Light","floor":14,"gold_loss":0,"cards_upgraded":["Cloak And Dagger","Neutralize"]},{"damage_healed":0,"gold_gain":0,"player_choice":"Upgraded","damage_taken":0,"max_hp_gain":0,"max_hp_loss":0,"event_name":"Upgrade Shrine","floor":19,"gold_loss":0,"cards_upgraded":["Phantasmal Killer"]},{"damage_healed":0,"gold_gain":50,"player_choice":"Pray","damage_taken":0,"max_hp_gain":0,"max_hp_loss":0,"event_name":"Golden Shrine","floor":28,"gold_loss":0},{"cards_removed":["Defend_G"],"damage_healed":0,"gold_gain":0,"player_choice":"Purged","damage_taken":0,"max_hp_gain":0,"max_hp_loss":0,"event_name":"Purifier","floor":37,"gold_loss":0},{"damage_healed":0,"gold_gain":0,"player_choice":"Fight","damage_taken":0,"max_hp_gain":0,"max_hp_loss":0,"event_name":"Mysterious Sphere","floor":42,"gold_loss":0},{"cards_removed":["Neutralize"],"damage_healed":0,"gold_gain":0,"player_choice":"Removed Attack","damage_taken":0,"max_hp_gain":0,"max_hp_loss":0,"event_name":"Falling","floor":44,"gold_loss":0}],"is_beta":false,"boss_relics":[{"not_picked":["Cursed Key","Runesmith:UraniumAnvil"],"picked":"WristBlade"},{"not_picked":["Snecko Eye","Velvet Choker"],"picked":"HoveringKite"}],"items_purged_floors":[3,7,7,20,22,31,36,46],"is_endless":false,"potions_floor_spawned":[4,6,13,16,18,21,30,33,35,39],"ascension_level":16}}