{"host":"9bcvatsnbq1a3xq4","time":1612702470,"event":{"mods":["BaseMod","Bestiary","Block Reminder","Highlight Path","Minty Spire (QoL Compilation)","Relic Stats"],"gold_per_floor":[214,226,241,55,20,48,48,60,60,80,90,123,123,141,141,220,220,235,245,245,17,34,34,34],"floor_reached":23,"language":"ENG","playtime":1683,"items_purged":["Strike_B"],"score":460,"play_id":"92ec4302-b8f2-4aba-8cda-b1f80fd4ebbc","local_time":"20210207135430","is_ascension_mode":true,"campfire_choices":[{"data":"Beam Cell","floor":7,"key":"SMITH"},{"data":"Gash","floor":13,"key":"SMITH"},{"data":"Sweeping Beam","floor":15,"key":"SMITH"}],"circlet_count":0,"master_deck":["AscendersBane","Strike_B","Strike_B","Defend_B","Defend_B","Defend_B","Defend_B","Zap","Dualcast","Rebound","Sweeping Beam+1","Gash+1","Beam Cell+1","Gash","Cold Snap","Go for the Eyes","White Noise","Compile Driver","Rip and Tear","Seek","Conserve Battery+1","Fusion+1","Gash"],"relics":["Cracked Core","FossilizedHelix","Matryoshka","Symbiotic Virus","Black Star","Bag of Preparation"],"acts_visited":["Exordium","TheCity"],"potions_floor_usage":[6,12,16,21,23,23],"damage_taken":[{"damage":12,"enemies":"Jaw Worm","floor":1,"turns":3},{"damage":5,"enemies":"2 Louse","floor":2,"turns":3},{"damage":0,"enemies":"Cultist","floor":3,"turns":3},{"damage":25,"enemies":"3 Sentries","floor":6,"turns":8},{"damage":0,"enemies":"Blue Slaver","floor":8,"turns":3},{"damage":0,"enemies":"2 Fungi Beasts","floor":10,"turns":3},{"damage":1,"enemies":"Looter","floor":11,"turns":3},{"damage":0,"enemies":"Gremlin Nob","floor":12,"turns":3},{"damage":3,"enemies":"Exordium Thugs","floor":14,"turns":3},{"damage":21,"enemies":"Hexaghost","floor":16,"turns":6},{"damage":37,"enemies":"3 Byrds","floor":18,"turns":5},{"damage":0,"enemies":"Chosen","floor":19,"turns":3},{"damage":20,"enemies":"Snecko","floor":22,"turns":4},{"damage":11,"enemies":"Slavers","floor":23,"turns":2}],"seed_played":"410420959716828630","potions_obtained":[{"floor":10,"key":"PotionOfCapacity"},{"floor":11,"key":"FearPotion"},{"floor":14,"key":"Fruit Juice"},{"floor":18,"key":"SpeedPotion"}],"is_trial":false,"path_per_floor":["M","M","M","$","?","E","R","M","T","M","M","E","R","M","R","B",null,"M","M","?","$","M","E"],"character_chosen":"DEFECT","items_purchased":["Beam Cell","SteroidPotion","Bag of Preparation","BlessingOfTheForge"],"campfire_rested":0,"item_purchase_floors":[4,4,21,21],"current_hp_per_floor":[52,47,47,47,64,39,39,39,39,39,38,38,38,35,35,14,57,20,20,20,25,5,0,0],"gold":34,"neow_bonus":"HUNDRED_GOLD","is_daily":false,"chose_seed":false,"campfire_upgraded":3,"win_rate":0.0,"timestamp":1612702470,"path_taken":["M","M","M","$","?","E","R","M","T","M","M","E","R","M","R","BOSS","M","M","?","?","M","E"],"items_purchased_type":["Card","Potion","Relic","Potion"],"build_version":"2020-12-22","purchased_purges":1,"victory":false,"max_hp_per_floor":[71,71,71,71,71,71,71,71,71,71,71,71,71,71,71,71,71,71,71,71,76,76,76,76],"relic_stats":{"counters":[14,52],"Black Star":0,"Bag of Preparation":[4],"obtain_stats":[{"Matryoshka":9,"Black Star":17,"Bag of Preparation":21,"Cracked Core":0,"Symbiotic Virus":12,"FossilizedHelix":6},{"Matryoshka":5,"Black Star":10,"Bag of Preparation":12,"Cracked Core":0,"Symbiotic Virus":8,"FossilizedHelix":4},{"Matryoshka":20,"Black Star":38,"Bag of Preparation":46,"Cracked Core":0,"Symbiotic Virus":29,"FossilizedHelix":17}]},"card_choices":[{"not_picked":["Redo","Leap"],"picked":"Rebound","floor":1},{"not_picked":["Compile Driver","Go for the Eyes"],"picked":"Sweeping Beam","floor":2},{"not_picked":["Streamline","Go for the Eyes"],"picked":"Gash","floor":3},{"not_picked":["Beam Cell","Redo"],"picked":"Gash","floor":6},{"not_picked":["Self Repair","Hologram"],"picked":"Cold Snap","floor":8},{"not_picked":["Double Energy","Turbo"],"picked":"Go for the Eyes","floor":10},{"not_picked":["Rebound","Streamline"],"picked":"White Noise","floor":11},{"not_picked":["Reboot","Coolheaded"],"picked":"Compile Driver","floor":12},{"not_picked":["Tempest","Darkness"],"picked":"Rip and Tear","floor":14},{"not_picked":["Amplify","Buffer"],"picked":"Seek","floor":16},{"not_picked":["Sweeping Beam","Leap"],"picked":"Conserve Battery+1","floor":18},{"not_picked":["Capacitor","Beam Cell"],"picked":"Fusion+1","floor":19},{"not_picked":["Steam","Amplify"],"picked":"Gash","floor":22}],"player_experience":809552,"relics_obtained":[{"floor":6,"key":"FossilizedHelix"},{"floor":9,"key":"Matryoshka"},{"floor":12,"key":"Symbiotic Virus"}],"event_choices":[{"damage_healed":17,"gold_gain":0,"player_choice":"Healed","damage_taken":0,"max_hp_gain":0,"max_hp_loss":0,"event_name":"The Cleric","floor":5,"gold_loss":35},{"cards_removed":["Strike_B"],"damage_healed":0,"gold_gain":0,"player_choice":"Card Removal","damage_taken":0,"max_hp_gain":0,"max_hp_loss":0,"event_name":"Wheel of Change","floor":20,"gold_loss":0}],"is_beta":false,"boss_relics":[{"not_picked":["Coffee Dripper","SlaversCollar"],"picked":"Black Star"}],"items_purged_floors":[4],"is_endless":false,"potions_floor_spawned":[10,11,14,18],"killed_by":"Slavers","ascension_level":20}}