{"host":"soyfmymeou4emntr","time":1612722072,"event":{"mods":["BaseMod","Minty Spire (QoL Compilation)","Permanent Neow","Relic Sorter","Relic Stats","StSLib"],"gold_per_floor":[115,115,133,133,148,148,174,174,251,301,329,329,360,9,9,85,85,97,110,125,30,45,45,76,87,87,87,106,131,21,55,67,156,168,193,38,52,9,24,50,50,78,101,136,136,191,201,216,216,216,216,216,216,40,69,69,69],"floor_reached":56,"language":"ENG","playtime":6183,"items_purged":["Strike_P"],"score":2301,"play_id":"8d87f9c2-65cb-423c-97ea-c8fec91e804a","local_time":"20210207112112","is_ascension_mode":true,"campfire_choices":[{"data":"LikeWater","floor":6.0,"key":"SMITH"},{"data":"CrushJoints","floor":8.0,"key":"SMITH"},{"data":"Eruption","floor":12.0,"key":"SMITH"},{"data":"Vigilance","floor":15.0,"key":"SMITH"},{"data":"FlurryOfBlows","floor":23.0,"key":"SMITH"},{"floor":27.0,"key":"RECALL"},{"data":"CarveReality","floor":32.0,"key":"SMITH"},{"floor":41.0,"key":"REST"},{"floor":45.0,"key":"REST"},{"floor":49.0,"key":"REST"},{"floor":53.0,"key":"REST"}],"circlet_count":0,"master_deck":["AscendersBane","Strike_P","Strike_P+1","Defend_P","Defend_P","Defend_P","Defend_P","Eruption+1","Vigilance+1","CarveReality+1","LikeWater+1","FlurryOfBlows+1","CrushJoints+1","Vault+1","Tantrum+1","EmptyBody+1","FlurryOfBlows+1","Brilliance+1","ThirdEye+1","Halt+1","Prostrate+1","Weave+1","EmptyFist+1","Prostrate+1","FlurryOfBlows+1","TalkToTheHand+1","ThirdEye+1","TalkToTheHand+1","Omniscience+1","Ragnarok+1","Indignation+1","Sanctity+1","Fasting2","CutThroughFate+1","EmptyMind+1","Devotion","Pray+1","InnerPeace+1","Wireheading","MentalFortress+1","Evaluate+1"],"relics":["PureWater","Happy Flower","Blue Candle","Meat on the Bone","Pocketwatch","Toxic Egg 2","Orichalcum","Molten Egg 2","White Beast Statue","SacredBark","Ornamental Fan","Eternal Feather","Letter Opener","MawBank","Fusion Hammer","Membership Card","Art of War","Toy Ornithopter","Pear","Calipers","Sling","Lantern"],"acts_visited":["Exordium","TheCity","TheBeyond","TheEnding"],"potions_floor_usage":[55,55,56],"damage_taken":[{"damage":2.0,"enemies":"2 Louse","floor":1.0,"turns":3.0},{"damage":0.0,"enemies":"Cultist","floor":3.0,"turns":3.0},{"damage":2.0,"enemies":"Jaw Worm","floor":5.0,"turns":4.0},{"damage":30.0,"enemies":"3 Sentries","floor":7.0,"turns":7.0},{"damage":0.0,"enemies":"Lagavulin","floor":11.0,"turns":3.0},{"damage":0.0,"enemies":"Gremlin Nob","floor":13.0,"turns":3.0},{"damage":0.0,"enemies":"Slime Boss","floor":16.0,"turns":3.0},{"damage":6.0,"enemies":"2 Thieves","floor":18.0,"turns":3.0},{"damage":5.0,"enemies":"Spheric Guardian","floor":19.0,"turns":3.0},{"damage":0.0,"enemies":"Snecko","floor":20.0,"turns":4.0},{"damage":0.0,"enemies":"Sentry and Sphere","floor":22.0,"turns":2.0},{"damage":2.0,"enemies":"Book of Stabbing","floor":24.0,"turns":2.0},{"damage":0.0,"enemies":"Snake Plant","floor":25.0,"turns":3.0},{"damage":0.0,"enemies":"Snecko","floor":28.0,"turns":3.0},{"damage":3.0,"enemies":"Slavers","floor":29.0,"turns":3.0},{"damage":1.0,"enemies":"Book of Stabbing","floor":31.0,"turns":4.0},{"damage":0.0,"enemies":"Champ","floor":33.0,"turns":7.0},{"damage":10.0,"enemies":"3 Darklings","floor":35.0,"turns":2.0},{"damage":2.0,"enemies":"3 Shapes","floor":37.0,"turns":4.0},{"damage":0.0,"enemies":"3 Darklings","floor":39.0,"turns":4.0},{"damage":26.0,"enemies":"Reptomancer","floor":40.0,"turns":3.0},{"damage":1.0,"enemies":"Giant Head","floor":42.0,"turns":8.0},{"damage":22.0,"enemies":"Reptomancer","floor":44.0,"turns":5.0},{"damage":0.0,"enemies":"2 Orb Walkers","floor":46.0,"turns":3.0},{"damage":0.0,"enemies":"Transient","floor":47.0,"turns":6.0},{"damage":4.0,"enemies":"Maw","floor":48.0,"turns":5.0},{"damage":10.0,"enemies":"Awakened One","floor":50.0,"turns":9.0},{"damage":28.0,"enemies":"Donu and Deca","floor":51.0,"turns":5.0},{"damage":68,"enemies":"Shield and Spear","floor":55,"turns":7},{"damage":37,"enemies":"The Heart","floor":56,"turns":3}],"seed_played":"-3857190336834723472","potions_obtained":[{"floor":1.0,"key":"Weak Potion"},{"floor":13.0,"key":"LiquidMemories"},{"floor":16.0,"key":"LiquidMemories"},{"floor":18.0,"key":"LiquidMemories"},{"floor":20.0,"key":"AttackPotion"},{"floor":24.0,"key":"BlessingOfTheForge"},{"floor":25.0,"key":"Explosive Potion"},{"floor":28.0,"key":"Swift Potion"},{"floor":29.0,"key":"SteroidPotion"},{"floor":33.0,"key":"BlessingOfTheForge"},{"floor":35.0,"key":"BottledMiracle"},{"floor":37.0,"key":"BlessingOfTheForge"},{"floor":39.0,"key":"AttackPotion"},{"floor":40.0,"key":"FearPotion"},{"floor":42.0,"key":"Explosive Potion"},{"floor":44.0,"key":"Swift Potion"},{"floor":46.0,"key":"LiquidBronze"},{"floor":47.0,"key":"DistilledChaos"},{"floor":48.0,"key":"AttackPotion"},{"floor":55,"key":"Energy Potion"}],"is_trial":false,"path_per_floor":["M","?","M","T","M","R","E","R","T","?","E","R","E","$","R","B",null,"M","M","M","$","M","R","E","M","T","R","M","E","?","E","R","B",null,"M","$","M","$","M","E","R","E","T","E","R","?","M","M","R","B","B",null,"R","$","E","B"],"character_chosen":"WATCHER","items_purchased":["EmptyBody+1","FlurryOfBlows+1","White Beast Statue","Weave+1","EmptyFist+1","Membership Card","Fasting2","Sling","Fire Potion","BottledMiracle"],"campfire_rested":4,"item_purchase_floors":[14,14,14,21,21,36,38,54,54,54],"current_hp_per_floor":[59,59,59,59,57,57,39,39,39,39,39,39,39,39,39,39,61,55,50,50,50,50,50,48,48,48,63,63,60,60,59,68,68,68,58,58,56,56,56,42,68,67,67,56,78,78,78,74,78,70,42,69,78,78,32,0,0],"gold":69,"neow_bonus":"RANDOM_COMMON_RELIC","is_daily":false,"chose_seed":false,"campfire_upgraded":6,"win_rate":0.0,"timestamp":1612722072,"path_taken":["M","?","?","?","M","R","E","R","T","?","E","R","E","$","R","BOSS","M","M","?","$","M","R","E","M","T","R","M","E","?","E","R","BOSS","M","$","M","?","M","E","R","E","T","E","R","?","M","M","R","BOSS","BOSS","R","$","E","BOSS"],"items_purchased_type":["Card","Card","Relic","Card","Card","Relic","Card","Relic","Potion","Potion"],"build_version":"2020-12-22","purchased_purges":1,"victory":false,"max_hp_per_floor":[68,68,68,68,68,68,68,68,68,68,68,68,68,68,68,68,68,68,68,68,68,68,68,68,68,68,68,68,68,68,68,68,68,68,68,68,68,68,68,68,68,68,68,78,78,78,78,78,78,78,78,78,78,78,78,78,78],"relic_stats":{"Happy Flower":[41],"counters":[30,124],"Blue Candle":[0],"Eternal Feather":79,"Letter Opener":[202],"Orichalcum":[54],"MawBank":60,"Ornamental Fan":[332],"Art of War":[2],"obtain_stats":[{"Lantern":55,"Pear":44,"Calipers":46,"Happy Flower":0,"Blue Candle":2,"SacredBark":17,"Eternal Feather":26,"Letter Opener":29,"Orichalcum":11,"MawBank":31,"Sling":54,"White Beast Statue":14,"Ornamental Fan":24,"Molten Egg 2":13,"Fusion Hammer":34,"Art of War":40,"Membership Card":36,"PureWater":0,"Toxic Egg 2":9,"Toy Ornithopter":42,"Meat on the Bone":4,"Pocketwatch":7},{"Lantern":29,"Pear":23,"Calipers":24,"Happy Flower":0,"Blue Candle":1,"SacredBark":7,"Eternal Feather":13,"Letter Opener":15,"Orichalcum":5,"MawBank":16,"Sling":28,"White Beast Statue":6,"Ornamental Fan":12,"Molten Egg 2":6,"Fusion Hammer":17,"Art of War":21,"Membership Card":18,"PureWater":0,"Toxic Egg 2":4,"Toy Ornithopter":22,"Meat on the Bone":2,"Pocketwatch":4},{"Lantern":121,"Pear":86,"Calipers":89,"Happy Flower":0,"Blue Candle":3,"SacredBark":26,"Eternal Feather":43,"Letter Opener":49,"Orichalcum":20,"MawBank":53,"Sling":114,"White Beast Statue":23,"Ornamental Fan":40,"Molten Egg 2":23,"Fusion Hammer":60,"Art of War":73,"Membership Card":62,"PureWater":0,"Toxic Egg 2":17,"Toy Ornithopter":81,"Meat on the Bone":6,"Pocketwatch":17}],"Toy Ornithopter":18,"Meat on the Bone":36,"Pocketwatch":[42]},"card_choices":[{"not_picked":["PathToVictory","CrushJoints"],"picked":"CarveReality","floor":1.0},{"not_picked":["ThirdEye","WindmillStrike"],"picked":"LikeWater","floor":3.0},{"not_picked":["FlyingSleeves","Halt"],"picked":"FlurryOfBlows","floor":5.0},{"not_picked":["WaveOfTheHand","ConjureBlade"],"picked":"CrushJoints","floor":7.0},{"not_picked":["BowlingBash","Evaluate+1"],"picked":"Vault+1","floor":11.0},{"not_picked":["BattleHymn","Crescendo+1"],"picked":"Tantrum+1","floor":13.0},{"not_picked":["Establishment","Alpha+1"],"picked":"Brilliance+1","floor":16.0},{"not_picked":["FollowUp+1","CutThroughFate+1"],"picked":"ThirdEye+1","floor":18.0},{"not_picked":["ClearTheMind+1","SignatureMove+1"],"picked":"Halt+1","floor":19.0},{"not_picked":["FlyingSleeves+1","CutThroughFate+1"],"picked":"Prostrate+1","floor":20.0},{"not_picked":["ReachHeaven+1","Pray+1"],"picked":"Prostrate+1","floor":22.0},{"not_picked":["WaveOfTheHand+1","PathToVictory+1"],"picked":"FlurryOfBlows+1","floor":24.0},{"not_picked":["FlurryOfBlows+1","EmptyFist+1"],"picked":"TalkToTheHand+1","floor":25.0},{"not_picked":["SpiritShield+1","Evaluate+1"],"picked":"ThirdEye+1","floor":28.0},{"not_picked":["Protect+1","ClearTheMind+1"],"picked":"TalkToTheHand+1","floor":29.0},{"not_picked":["FlyingSleeves+1","Fasting2"],"picked":"Omniscience+1","floor":31.0},{"not_picked":["DeusExMachina+1","Wish+1"],"picked":"Ragnarok+1","floor":33.0},{"not_picked":["Halt+1","Evaluate+1"],"picked":"Indignation+1","floor":35.0},{"not_picked":["Study","FlyingSleeves+1"],"picked":"Sanctity+1","floor":37.0},{"not_picked":["Halt+1","Brilliance+1"],"picked":"CutThroughFate+1","floor":39.0},{"not_picked":["ReachHeaven+1","Halt+1"],"picked":"EmptyMind+1","floor":40.0},{"not_picked":["FlurryOfBlows+1","BattleHymn"],"picked":"Devotion","floor":42.0},{"not_picked":["EmptyMind+1","JustLucky+1"],"picked":"Pray+1","floor":44.0},{"not_picked":["FlyingSleeves+1","EmptyFist+1"],"picked":"InnerPeace+1","floor":46.0},{"not_picked":["Consecrate+1","Vengeance+1"],"picked":"Wireheading","floor":47.0},{"not_picked":["SandsOfTime+1","SashWhip+1"],"picked":"MentalFortress+1","floor":48.0},{"not_picked":["Conclude+1","Judgement+1"],"picked":"Evaluate+1","floor":55}],"player_experience":3095705,"relics_obtained":[{"floor":4.0,"key":"Meat on the Bone"},{"floor":7.0,"key":"Pocketwatch"},{"floor":9.0,"key":"Toxic Egg 2"},{"floor":11.0,"key":"Orichalcum"},{"floor":13.0,"key":"Molten Egg 2"},{"floor":24.0,"key":"Ornamental Fan"},{"floor":26.0,"key":"Eternal Feather"},{"floor":29.0,"key":"Letter Opener"},{"floor":31.0,"key":"MawBank"},{"floor":40.0,"key":"Art of War"},{"floor":42.0,"key":"Toy Ornithopter"},{"floor":44.0,"key":"Pear"},{"floor":46.0,"key":"Calipers"},{"floor":55,"key":"Lantern"}],"event_choices":[{"damage_healed":0.0,"max_hp_gain":0.0,"max_hp_loss":0.0,"gold_gain":0.0,"event_name":"WeMeetAgain","player_choice":"Gave Potion","floor":2.0,"gold_loss":0.0,"damage_taken":0.0,"relics_obtained":["Blue Candle"]},{"damage_healed":0.0,"max_hp_gain":0.0,"max_hp_loss":0.0,"gold_gain":50.0,"event_name":"Golden Shrine","player_choice":"Pray","floor":10.0,"gold_loss":0.0,"damage_taken":0.0},{"cards_removed":["Strike_P"],"damage_healed":0.0,"max_hp_gain":0.0,"max_hp_loss":0.0,"gold_gain":0.0,"event_name":"Designer","player_choice":"Upgrade and Remove","floor":30.0,"gold_loss":110.0,"damage_taken":0.0,"cards_upgraded":["Strike_P"]},{"damage_healed":0.0,"max_hp_gain":0.0,"max_hp_loss":0.0,"gold_gain":0.0,"event_name":"Mysterious Sphere","player_choice":"Fight","floor":46.0,"gold_loss":0.0,"damage_taken":0.0}],"is_beta":false,"boss_relics":[{"not_picked":["Runic Dome","SlaversCollar"],"picked":"SacredBark"},{"not_picked":["Busted Crown","Calling Bell"],"picked":"Fusion Hammer"}],"items_purged_floors":[54],"is_endless":false,"potions_floor_spawned":[1,13,16,18,19,20,22,24,25,28,29,31,33,35,37,39,40,42,44,46,47,48,55],"killed_by":"The Heart","ascension_level":20}}