{"host":"fxrgx7wt2cpkbhka","time":1612673555,"event":{"mods":["AchievementEnabler","BaseMod","Colored Powertips","Dark Map","Minty Spire (QoL Compilation)","Permanent Neow","Quick Restart","Slay-I","StSLib","Waifu the Spire"],"gold_per_floor":[110,120,39,39,39,39,51,126,126,126,126,139,152,6,6,104,104,120,120,135,135,135,135,148,148,148,165,175,175,190,38,38,38,38],"floor_reached":33,"language":"ENG","playtime":1013,"items_purged":[],"score":356,"play_id":"6cd9d568-8cef-4b7b-a30c-40304d0e5eaf","local_time":"20210206205235","is_ascension_mode":true,"campfire_choices":[{"data":"Dagger Spray","floor":6.0,"key":"SMITH"},{"data":"Deadly Poison","floor":10.0,"key":"SMITH"},{"data":"Neutralize","floor":15.0,"key":"SMITH"},{"data":"Die Die Die","floor":23,"key":"SMITH"},{"data":"Survivor","floor":25,"key":"SMITH"},{"floor":29,"key":"REST"},{"data":"Cloak And Dagger","floor":32,"key":"SMITH"}],"circlet_count":0,"master_deck":["AscendersBane","Strike_G+1","Strike_G+1","Strike_G+1","Strike_G+1","Defend_G+1","Defend_G+1","Defend_G+1","Defend_G+1","Defend_G+1","Survivor+1","Neutralize+1","Deadly Poison+1","Dagger Spray+1","Crippling Poison+1","Cloak And Dagger+1","Caltrops","Deflect","Cloak And Dagger","Die Die Die+1","Blur","Setup+1"],"relics":["Ring of the Snake","Ornamental Fan","Philosopher\u0027s Stone","MutagenicStrength","Bag of Marbles","Lee\u0027s Waffle"],"acts_visited":["Exordium","TheCity"],"potions_floor_usage":[16,33],"damage_taken":[{"damage":0.0,"enemies":"Cultist","floor":1.0,"turns":5.0},{"damage":3.0,"enemies":"Small Slimes","floor":2.0,"turns":4.0},{"damage":0.0,"enemies":"2 Louse","floor":7.0,"turns":2.0},{"damage":0.0,"enemies":"Looter","floor":12.0,"turns":3.0},{"damage":10.0,"enemies":"Red Slaver","floor":13.0,"turns":3.0},{"damage":30,"enemies":"Slime Boss","floor":16,"turns":10},{"damage":3,"enemies":"Chosen","floor":18,"turns":4},{"damage":9,"enemies":"2 Thieves","floor":20,"turns":4},{"damage":10,"enemies":"Shelled Parasite and Fungi","floor":24,"turns":4},{"damage":0,"enemies":"Centurion and Healer","floor":27,"turns":7},{"damage":0,"enemies":"Cultist and Chosen","floor":28,"turns":4},{"damage":6,"enemies":"Shelled Parasite and Fungi","floor":30,"turns":5},{"damage":82,"enemies":"Automaton","floor":33,"turns":12}],"seed_played":"-2476467775453478141","potions_obtained":[{"floor":1.0,"key":"DistilledChaos"},{"floor":2.0,"key":"SteroidPotion"},{"floor":13.0,"key":"FearPotion"},{"floor":16,"key":"AttackPotion"}],"is_trial":false,"path_per_floor":["M","M","$","?","?","R","M","?","T","R","?","M","M","$","R","B",null,"M","?","M","?","$","R","M","R","T","M","M","R","M","$","R","B"],"character_chosen":"THE_SILENT","items_purchased":["Crippling Poison","Caltrops","Deflect","Cloak And Dagger","Lee\u0027s Waffle"],"campfire_rested":1,"item_purchase_floors":[3,14,14,14,31],"current_hp_per_floor":[63,60,60,60,60,60,60,49,49,49,49,49,39,39,39,9,55,52,52,43,43,43,43,33,33,33,33,33,54,48,77,77,0,0],"gold":38,"neow_bonus":"THREE_CARDS","is_daily":false,"chose_seed":false,"campfire_upgraded":6,"win_rate":0.0,"timestamp":1612673555,"path_taken":["M","?","$","?","?","R","?","?","T","R","?","M","M","$","R","BOSS","M","?","M","?","$","R","M","R","T","M","M","R","M","$","R","BOSS"],"items_purchased_type":["Card","Card","Card","Card","Relic"],"build_version":"2020-12-22","purchased_purges":0,"victory":false,"max_hp_per_floor":[70,70,70,70,70,70,70,70,70,70,70,70,70,70,70,70,70,70,70,70,70,70,70,70,70,70,70,70,70,70,77,77,77,77],"card_choices":[{"not_picked":["Sucker Punch","Quick Slash"],"picked":"Deadly Poison","floor":0.0},{"not_picked":["Skewer","Quick Slash","PiercingWail"],"picked":"SKIP","floor":1.0},{"not_picked":["Setup","Choke"],"picked":"Dagger Spray","floor":2.0},{"not_picked":["Dagger Throw","Flying Knee"],"picked":"Cloak And Dagger","floor":7.0},{"not_picked":["Acrobatics","Prepared","Malaise"],"picked":"SKIP","floor":12.0},{"not_picked":["Skewer","Calculated Gamble","Blur"],"picked":"SKIP","floor":13.0},{"not_picked":["Grand Finale","Burst"],"picked":"Die Die Die","floor":16},{"not_picked":["Slice","Sucker Punch"],"picked":"Blur","floor":18},{"not_picked":["Catalyst","Setup","Blade Dance"],"picked":"SKIP","floor":20},{"not_picked":["Crippling Poison","Endless Agony","Infinite Blades"],"picked":"SKIP","floor":24},{"not_picked":["Acrobatics","Well Laid Plans","PiercingWail"],"picked":"SKIP","floor":27},{"not_picked":["Underhanded Strike","Dagger Spray","Deflect+1"],"picked":"SKIP","floor":28},{"not_picked":["Flying Knee","Choke"],"picked":"Setup+1","floor":30}],"player_experience":748791,"relics_obtained":[{"floor":9.0,"key":"Ornamental Fan"},{"floor":26,"key":"Bag of Marbles"}],"event_choices":[{"damage_healed":0.0,"max_hp_gain":0.0,"max_hp_loss":0.0,"gold_gain":0.0,"event_name":"The Cleric","player_choice":"Leave","floor":4.0,"gold_loss":0.0,"damage_taken":0.0},{"damage_healed":0.0,"max_hp_gain":0.0,"max_hp_loss":0.0,"gold_gain":0.0,"event_name":"Upgrade Shrine","player_choice":"Upgraded","floor":5.0,"gold_loss":0.0,"damage_taken":0.0,"cards_upgraded":["Crippling Poison"]},{"damage_healed":0.0,"max_hp_gain":0.0,"max_hp_loss":0.0,"gold_gain":75.0,"event_name":"World of Goop","player_choice":"Gather Gold","floor":8.0,"gold_loss":0.0,"damage_taken":11.0},{"cards_removed":["Strike_G"],"damage_healed":0.0,"max_hp_gain":0.0,"max_hp_loss":0.0,"gold_gain":0.0,"event_name":"Bonfire Elementals","player_choice":"Offered Basic","floor":11.0,"gold_loss":0.0,"damage_taken":0.0},{"damage_healed":0,"gold_gain":0,"player_choice":"Simplicity","damage_taken":0,"max_hp_gain":0,"max_hp_loss":0,"event_name":"Back to Basics","floor":19,"gold_loss":0,"cards_upgraded":["Strike_G","Strike_G","Strike_G","Strike_G","Defend_G","Defend_G","Defend_G","Defend_G","Defend_G"]},{"damage_healed":0,"gold_gain":0,"player_choice":"Inject Mutagens","damage_taken":0,"relics_obtained":["MutagenicStrength"],"max_hp_gain":0,"max_hp_loss":0,"event_name":"Drug Dealer","floor":21,"gold_loss":0}],"is_beta":false,"boss_relics":[{"not_picked":["Runic Dome","Pandora\u0027s Box"],"picked":"Philosopher\u0027s Stone"}],"items_purged_floors":[],"is_endless":false,"potions_floor_spawned":[1,2,13,16,18,27,30],"killed_by":"Automaton","ascension_level":10}}