{"host":"n43wxkei7kulhi8o","time":1612672367,"event":{"mods":["BaseMod","Bestiary","Block Reminder","Colored Map","Colored Powertips","Curses Come First","Custom Start","Dark Map","Highlight Path","Minty Spire (QoL Compilation)","Relic Stats","StSLib"],"gold_per_floor":[117,117,133,133,133,162,7,20,20,40,40,40,58,77,77,180,180,190,38,38,38,63,63,78,78,78,78,110,132,65,81,81,81,81],"floor_reached":33,"language":"ENG","playtime":1018,"items_purged":[],"score":315,"play_id":"99ef49e4-0d1a-4d6c-8923-65e91cc54cd1","local_time":"20210206233247","is_ascension_mode":false,"campfire_choices":[{"data":"Zap","floor":11,"key":"SMITH"},{"data":"Dualcast","floor":15,"key":"SMITH"},{"data":"Barrage","floor":23,"key":"SMITH"},{"data":"Core Surge","floor":25,"key":"SMITH"},{"floor":32,"key":"REST"}],"circlet_count":0,"master_deck":["Defend_B","Defend_B","Defend_B","Zap+1","Dualcast+1","Ball Lightning","Barrage+1","Cold Snap","Melter","Undo","Echo Form","Leap","Core Surge+1","Pain","Fission+1","Turbo+1","Barrage+1","Bite","Bite","Bite","Bite","Bite","Writhe","Cold Snap","Blizzard"],"relics":["Cracked Core","NeowsBlessing","Lantern","Shuriken","Vajra","Tiny Chest","Darkstone Periapt","Astrolabe","Lee\u0027s Waffle","WingedGreaves","Akabeko","Bag of Preparation","MawBank"],"acts_visited":["Exordium","TheCity"],"potions_floor_usage":[16],"damage_taken":[{"damage":0,"enemies":"Small Slimes","floor":1,"turns":1},{"damage":0,"enemies":"2 Louse","floor":3,"turns":1},{"damage":0,"enemies":"Gremlin Nob","floor":6,"turns":1},{"damage":0,"enemies":"Cultist","floor":8,"turns":2},{"damage":10,"enemies":"Looter","floor":10,"turns":2},{"damage":1,"enemies":"Exordium Wildlife","floor":13,"turns":3},{"damage":11,"enemies":"3 Louse","floor":14,"turns":2},{"damage":36,"enemies":"Slime Boss","floor":16,"turns":9},{"damage":7,"enemies":"Chosen","floor":18,"turns":4},{"damage":31,"enemies":"2 Thieves","floor":24,"turns":3},{"damage":33,"enemies":"Gremlin Leader","floor":28,"turns":7},{"damage":0,"enemies":"Snecko","floor":29,"turns":3},{"damage":9,"enemies":"Centurion and Healer","floor":31,"turns":5},{"damage":87,"enemies":"Automaton","floor":33,"turns":6}],"seed_played":"7993128412915898811","potions_obtained":[{"floor":3,"key":"Block Potion"},{"floor":8,"key":"Energy Potion"},{"floor":13,"key":"ColorlessPotion"},{"floor":18,"key":"EssenceOfDarkness"}],"is_trial":false,"path_per_floor":["M","?","M","?","?","E","$","M","T","M","R","$","M","M","R","B",null,"M","$","?","?","T","R","M","R","T","?","E","M","$","M","R","B"],"character_chosen":"DEFECT","items_purchased":["Tiny Chest","Lee\u0027s Waffle","Blizzard"],"campfire_rested":1,"item_purchase_floors":[7,19,30],"current_hp_per_floor":[75,72,72,72,72,72,72,72,72,62,62,62,61,50,50,14,81,74,88,61,67,67,67,44,44,44,44,29,35,35,40,60,0,0],"gold":81,"neow_bonus":"THREE_ENEMY_KILL","is_daily":false,"chose_seed":false,"campfire_upgraded":4,"win_rate":0.0,"timestamp":1612672367,"path_taken":["M","?","M","?","?","E","$","?","T","M","R","$","M","M","R","BOSS","M","$","?","?","?","R","M","R","T","?","E","M","$","M","R","BOSS"],"items_purchased_type":["Relic","Relic","Card"],"build_version":"2020-12-22","purchased_purges":0,"victory":false,"max_hp_per_floor":[75,75,75,75,75,75,75,75,75,75,75,75,75,75,75,75,81,81,88,61,67,67,67,67,67,67,67,67,67,67,67,67,67,67],"relic_stats":{"Darkstone Periapt":12,"Lee\u0027s Waffle":14,"counters":[14,49],"Shuriken":[20],"Astrolabe":["Pain","Fission","Turbo"],"Tiny Chest":1,"Bag of Preparation":[8],"MawBank":24,"obtain_stats":[{"Darkstone Periapt":9,"Lantern":2,"Lee\u0027s Waffle":19,"NeowsBlessing":0,"Astrolabe":17,"Vajra":6,"Bag of Preparation":26,"MawBank":28,"Akabeko":22,"Shuriken":4,"Tiny Chest":7,"WingedGreaves":21,"Cracked Core":0},{"Darkstone Periapt":4,"Lantern":1,"Lee\u0027s Waffle":9,"NeowsBlessing":0,"Astrolabe":8,"Vajra":3,"Bag of Preparation":10,"MawBank":11,"Akabeko":9,"Shuriken":2,"Tiny Chest":3,"WingedGreaves":9,"Cracked Core":0},{"Darkstone Periapt":5,"Lantern":1,"Lee\u0027s Waffle":25,"NeowsBlessing":0,"Astrolabe":21,"Vajra":3,"Bag of Preparation":28,"MawBank":35,"Akabeko":25,"Shuriken":2,"Tiny Chest":3,"WingedGreaves":25,"Cracked Core":0}]},"card_choices":[{"not_picked":["Storm","Barrage"],"picked":"Ball Lightning","floor":1},{"not_picked":["Static Discharge","Turbo"],"picked":"Barrage","floor":3},{"not_picked":["Genetic Algorithm","Static Discharge"],"picked":"Cold Snap","floor":6},{"not_picked":["Hologram","Conserve Battery"],"picked":"Melter","floor":8},{"not_picked":["Turbo","Lockon"],"picked":"Undo","floor":10},{"not_picked":["Redo","Lockon"],"picked":"Echo Form","floor":13},{"not_picked":["Turbo","Hello World"],"picked":"Leap","floor":14},{"not_picked":["Reboot","Multi-Cast"],"picked":"Core Surge","floor":16},{"not_picked":["Redo+1","Rebound"],"picked":"Barrage+1","floor":18},{"not_picked":["Compile Driver","Rip and Tear","Self Repair+1"],"picked":"SKIP","floor":24},{"not_picked":["Ball Lightning","Force Field","Double Energy"],"picked":"SKIP","floor":28},{"not_picked":["Ball Lightning","Force Field","Double Energy"],"picked":"SKIP","floor":28},{"not_picked":["Fission","Recycle"],"picked":"Cold Snap","floor":29},{"not_picked":["Leap","Conserve Battery+1","Rip and Tear"],"picked":"SKIP","floor":31}],"player_experience":683805,"relics_obtained":[{"floor":6,"key":"Vajra"},{"floor":9,"key":"Darkstone Periapt"},{"floor":22,"key":"Akabeko"},{"floor":26,"key":"Bag of Preparation"},{"floor":28,"key":"MawBank"}],"event_choices":[{"damage_healed":0,"gold_gain":0,"player_choice":"Success","damage_taken":3,"relics_obtained":["Lantern"],"max_hp_gain":0,"max_hp_loss":0,"event_name":"Scrap Ooze","floor":2,"gold_loss":0},{"damage_healed":0,"gold_gain":0,"player_choice":"Box","damage_taken":0,"relics_obtained":["Shuriken"],"max_hp_gain":0,"max_hp_loss":0,"event_name":"Big Fish","floor":4,"gold_loss":0,"cards_obtained":["Regret"]},{"damage_healed":0,"gold_gain":0,"player_choice":"Bought 0 Potions","damage_taken":0,"max_hp_gain":0,"max_hp_loss":0,"event_name":"The Woman in Blue","floor":5,"gold_loss":0},{"damage_healed":0,"gold_gain":0,"player_choice":"Became a vampire","damage_taken":0,"max_hp_gain":0,"max_hp_loss":27,"event_name":"Vampires","floor":20,"gold_loss":0,"cards_obtained":["Bite","Bite","Bite","Bite","Bite"]},{"damage_healed":0,"gold_gain":0,"player_choice":"Opened","damage_taken":0,"relics_obtained":["WingedGreaves"],"max_hp_gain":0,"max_hp_loss":0,"event_name":"The Mausoleum","floor":21,"gold_loss":0,"cards_obtained":["Writhe"]}],"is_beta":false,"boss_relics":[{"not_picked":["SacredBark","Runic Dome"],"picked":"Astrolabe"}],"items_purged_floors":[],"is_endless":false,"potions_floor_spawned":[3,8,13,18,28],"killed_by":"Automaton","ascension_level":0}}