{"host":"i0dcpa89fcfo7o2v","time":1612730483,"event":{"mods":["2.2 Compatiblity","AchievementEnabler","Alarm Clock","AlwaysNeverKeys","BaseMod","Better Altar","Better Match","Better Note","Better Sensory Stone","Better Skull","Better Third Choice","Better Vampires","BetterRewards","Block Reminder","Colored Map","Colored Powertips","Conspire","Curses Come First","Defuse TimeMaze Blight","Displayed Cursed Tome","Downfall","Energized Spire","Gold Saver","Halation","Highlight Path","Hubris","Minty Spire (QoL Compilation)","Quick Restart","Relic Stats","Replay The Spire","Shop Mod","Spicy Shops","StSLib","Synergy Search","The Jungle","Transform Curses","Uncapped","Wandering Minibosses"],"gold_per_floor":[1056,1067,1067,495,44,44,44,44,71,71,103,103,103,27,40,137,137,137,151,151,162,162,162,162,186,205,224,224,324,324,324,174,187,288,288,288,299,316,316,316,316,316,316,316,316,316,361,361,388,429,421,449,449,449,492,108,108,108,108],"floor_reached":60,"language":"ENG","playtime":3212,"items_purged":["Clumsy","Writhe","bronze:Strike","bronze:Verify","hubris:Greed","hubris:Greed"],"score":1449,"play_id":"663d8a4e-1d72-4139-adf1-7d1fc7259ca3","local_time":"20210207214123","is_ascension_mode":true,"campfire_choices":[{"floor":1.0,"key":"DIG"},{"data":"Mayhem","floor":8.0,"key":"SMITH"},{"data":"bronze:HardenedForm","floor":10.0,"key":"SMITH"},{"data":"bronze:BronzeArmor","floor":12.0,"key":"SMITH"},{"data":"bronze:Flail","floor":13.0,"key":"SMITH"},{"data":"bronze:HardenedForm+1","floor":31.0,"key":"SMITH"},{"data":"bronze:HardenedForm+2","floor":36.0,"key":"SMITH"},{"data":"bronze:Iterate+1","floor":43.0,"key":"SMITH"},{"data":"bronze:Iterate+2","floor":44.0,"key":"SMITH"},{"data":"expansioncontent:DashGenerateEvil","floor":57.0,"key":"SMITH"}],"circlet_count":0,"master_deck":["bronze:Defend+1","bronze:Defend","bronze:Defend+1","bronze:Replicate","bronze:Goto+1","bronze:Branch+1","bronze:FineTuning","bronze:HardenedForm+3","bronze:InfiniteBeams","expansioncontent:YouAreMine+1","bronze:BronzeArmor","bronze:BronzeArmor+1","bronze:DelayedSlice","bronze:Iterate+1","Mayhem+1","bronze:Flail+1","bronze:CutThrough","bronze:Branch","bronze:FindAndReplace","bronze:Overload+1","bronze:Iterate+3","bronze:BronzeOrb+1","bronze:ClassDefault+1","bronze:Branch+1","bronze:WildBeam","bronze:FineTuning+1","bronze:FindAndReplace+1","Ghostly+1","bronze:Turbo","hubris:Greed","bronze:Fortify+1","bronze:Separator","bronze:Turbo+1","bronze:GetLatest+1","bronze:Optimize+1","bronze:SpaghettiCode+1","bronze:Turbo+1","expansioncontent:DashGenerateEvil+1"],"relics":["bronze:BronzeCore","downfall:HeartBlessingGreen","downfall:HeartBlessingRed","downfall:HeartBlessingBlue","bronze:BottledCode","Membership Card","MerchantsRug","Snack Pack","Slimebound:StickyStick","ReplayTheSpireMod:CursedCoin","halation:VictoryRuler","ClockworkSouvenir","Bottled Flame","hubris:SlimyHat","Pocketwatch","conspire:InfiniteJournal","energizedSpire:EnergizedDie","wanderingMiniBosses:AbyssPearl","Centennial Puzzle","sneckomod:BlankCard","Nunchaku","MutagenicStrength","hubris:EvacipatedBox","halation:HeavySnake","halation:PinkSoulGem","bronze:CableSpool","bronze:BronzeIdol","Replay:Bottled Snecko","Replay:Bottled Eggs","Slimebound:PreparedRelic","champ:DeflectingBracers","FossilizedHelix","Orrery","Replay:Bottled Snecko"],"acts_visited":["Exordium","TheCity","TheBeyond","TheEnding"],"potions_floor_usage":[58],"damage_taken":[{"damage":0.0,"enemies":"Jaw Worm","floor":2.0,"turns":4.0},{"damage":1.0,"enemies":"downfall:FleeingMerchant","floor":4.0,"turns":4.0},{"damage":6.0,"enemies":"downfall:FleeingMerchant","floor":5.0,"turns":4.0},{"damage":18.0,"enemies":"Gremlin Nob","floor":9.0,"turns":3.0},{"damage":20.0,"enemies":"Lagavulin","floor":11.0,"turns":4.0},{"damage":20.0,"enemies":"downfall:FleeingMerchant","floor":14.0,"turns":4.0},{"damage":0.0,"enemies":"Cultist","floor":15.0,"turns":2.0},{"damage":3.0,"enemies":"SI_SHIV_ARCHETYPE","floor":16.0,"turns":4.0},{"damage":0.0,"enemies":"Spheric Guardian","floor":19.0,"turns":1.0},{"damage":28.0,"enemies":"3 Byrds","floor":21.0,"turns":7.0},{"damage":21.0,"enemies":"Gremlin Leader","floor":23.0,"turns":5.0},{"damage":7.0,"enemies":"conspire:HollyBat","floor":26.0,"turns":5.0},{"damage":7.0,"enemies":"Shelled Parasite and Fungi","floor":27.0,"turns":3.0},{"damage":0.0,"enemies":"Snecko","floor":28.0,"turns":3.0},{"damage":6.0,"enemies":"downfall:Augmenter","floor":29.0,"turns":5.0},{"damage":0.0,"enemies":"Snake Plant","floor":33.0,"turns":1.0},{"damage":0.0,"enemies":"IC_MUSHROOM_ARCHETYPE","floor":34.0,"turns":4.0},{"damage":0.0,"enemies":"3 Darklings","floor":37.0,"turns":2.0},{"damage":15.0,"enemies":"3 Shapes","floor":38.0,"turns":2.0},{"damage":0.0,"enemies":"Reptomancer","floor":47.0,"turns":2.0},{"damage":0.0,"enemies":"Spire Growth","floor":48.0,"turns":2.0},{"damage":7.0,"enemies":"R_Hoarder","floor":50.0,"turns":3.0},{"damage":0.0,"enemies":"downfall:FleeingMerchant","floor":51.0,"turns":1.0},{"damage":0.0,"enemies":"Writhing Mass","floor":52.0,"turns":2.0},{"damage":6.0,"enemies":"WA_ARCHETYPE_DIVINITY","floor":53.0,"turns":5.0},{"damage":41.0,"enemies":"downfall:CharBossMerchant","floor":55.0,"turns":5.0},{"damage":0,"enemies":"downfall:NeowBoss","floor":58,"turns":8}],"seed_played":"-8084907021497703197","potions_obtained":[{"floor":9.0,"key":"Elixir"},{"floor":23.0,"key":"Slimebound:ThreeZeroPotion"},{"floor":26.0,"key":"Languid Potion"},{"floor":48.0,"key":"champ:CounterPotion"},{"floor":50.0,"key":"BlessingOfTheForge"},{"floor":55.0,"key":"Adrenaline Potion"}],"is_trial":false,"path_per_floor":["R_BF","M","?","$","$","?","T","R","E","R","E","R","R","$","M","B",null,"R_BF","M","?","M","?","E","E","T","M","M","M","?","$","R","?","M","B",null,"R","M","M","?","?","?","T","R","R","PTL","PTL","E","M","T","E","$","M","B",null,"E","$","R","B","B",null],"character_chosen":"THE_AUTOMATON","items_purchased":["Membership Card","conspire:GiftBox","bronze:InfiniteBeams","MerchantsRug","expansioncontent:YouAreMine","Snack Pack","GamblersBrew","FearPotion","Slimebound:StickyStick","bronze:BronzeArmor","ReplayTheSpireMod:CursedCoin","halation:VictoryRuler","ClockworkSouvenir","Bottled Flame","hubris:SlimyHat","Mango","bronze:Iterate","conspire:InfiniteJournal","hubris:EvacipatedBox","BargainBundle","Replay:Bottled Eggs","Slimebound:PreparedRelic","bronze:Separator","champ:DeflectingBracers","FossilizedHelix","Orrery","expansioncontent:DashGenerateEvil"],"campfire_rested":0,"item_purchase_floors":[4,4,4,4,4,4,4,4,4,4,5,5,5,5,5,5,5,14,30,51,51,51,51,56,56,56,56],"current_hp_per_floor":[59,59,59,58,66,66,66,66,52,52,40,40,40,28,28,31,84,84,84,84,68,68,57,57,57,54,53,57,57,26,26,26,30,40,81,81,81,70,70,70,70,70,70,70,70,70,74,78,78,75,79,81,75,81,40,40,40,52,52],"gold":108,"neow_bonus":"THREE_RARE_CARDS","is_daily":false,"chose_seed":false,"campfire_upgraded":9,"win_rate":0.0,"timestamp":1612730483,"path_taken":["R_BF","M","?","?","$","?","T","R","E","R","E","R","R","$","M","BOSS","R_BF","M","?","M","?","E","E","T","M","?","M","?","?","R","?","M","BOSS","R","M","M","?","?","?","T","R","R","PTL","PTL","E","?","?","E","?","M","BOSS","E","$","R","BOSS","BOSS"],"items_purchased_type":["Relic","Relic","Card","Relic","Card","Relic","Potion","Potion","Relic","Card","Relic","Relic","Relic","Relic","Relic","Relic","Card","Relic","Relic","Relic","Relic","Relic","Card","Relic","Relic","Relic","Card"],"build_version":"2020-12-22","purchased_purges":6,"victory":true,"max_hp_per_floor":[80,80,70,70,84,84,84,84,84,84,84,84,84,84,84,84,84,84,84,84,84,84,84,84,84,84,84,84,81,81,81,81,81,81,81,81,81,81,81,81,81,81,81,81,81,81,81,81,81,81,81,81,81,81,81,81,81,81,81],"relic_stats":{"Centennial Puzzle":[21],"Nunchaku":[17],"counters":[28,96],"obtain_stats":[{"Regal Pillow":11,"bronze:BronzeCore":0,"sneckomod:BlankCard":23,"downfall:HeartBlessingGreen":1,"Mango":5,"wanderingMiniBosses:AbyssPearl":21,"hubris:SlimyHat":5,"hubris:EvacipatedBox":30,"ClockworkSouvenir":5,"conspire:InfiniteJournal":14,"halation:HeavySnake":35,"bronze:CableSpool":42,"Centennial Puzzle":22,"Nunchaku":25,"downfall:HeartBlessingBlue":1,"Slimebound:StickyStick":4,"halation:VictoryRuler":5,"WingedGreaves":7,"Replay:Bottled Snecko":50,"Replay:Bottled Eggs":51,"MerchantsRug":4,"BargainBundle":51,"downfall:HeartBlessingRed":1,"halation:QuantumPhysicsTextbook":1,"ReplayTheSpireMod:CursedCoin":5,"energizedSpire:EnergizedDie":17,"Circlet":51,"halation:IllGainedPizza":55,"champ:DeflectingBracers":56,"War Paint":47,"bronze:BronzeIdol":49,"bronze:BottledCode":3,"conspire:GiftBox":4,"Bottled Flame":5,"MutagenicStrength":29,"Orrery":56,"Slimebound:PreparedRelic":51,"Snack Pack":4,"Membership Card":4,"halation:PinkSoulGem":39,"FossilizedHelix":56,"Pocketwatch":9},{"Regal Pillow":5,"bronze:BronzeCore":0,"sneckomod:BlankCard":11,"downfall:HeartBlessingGreen":0,"Mango":3,"wanderingMiniBosses:AbyssPearl":10,"hubris:SlimyHat":3,"hubris:EvacipatedBox":15,"ClockworkSouvenir":3,"conspire:InfiniteJournal":6,"halation:HeavySnake":17,"bronze:CableSpool":19,"Centennial Puzzle":10,"Nunchaku":11,"downfall:HeartBlessingBlue":0,"Slimebound:StickyStick":2,"halation:VictoryRuler":3,"WingedGreaves":3,"Replay:Bottled Snecko":22,"Replay:Bottled Eggs":23,"MerchantsRug":2,"BargainBundle":23,"downfall:HeartBlessingRed":0,"halation:QuantumPhysicsTextbook":0,"ReplayTheSpireMod:CursedCoin":3,"energizedSpire:EnergizedDie":8,"Circlet":23,"halation:IllGainedPizza":26,"champ:DeflectingBracers":26,"War Paint":20,"bronze:BronzeIdol":21,"bronze:BottledCode":1,"conspire:GiftBox":2,"Bottled Flame":3,"MutagenicStrength":15,"Orrery":26,"Slimebound:PreparedRelic":23,"Snack Pack":2,"Membership Card":2,"halation:PinkSoulGem":19,"FossilizedHelix":26,"Pocketwatch":4},{"Regal Pillow":19,"bronze:BronzeCore":0,"sneckomod:BlankCard":42,"downfall:HeartBlessingGreen":0,"Mango":12,"wanderingMiniBosses:AbyssPearl":37,"hubris:SlimyHat":12,"hubris:EvacipatedBox":58,"ClockworkSouvenir":12,"conspire:InfiniteJournal":23,"halation:HeavySnake":63,"bronze:CableSpool":67,"Centennial Puzzle":37,"Nunchaku":42,"downfall:HeartBlessingBlue":0,"Slimebound:StickyStick":8,"halation:VictoryRuler":12,"WingedGreaves":12,"Replay:Bottled Snecko":74,"Replay:Bottled Eggs":75,"MerchantsRug":8,"BargainBundle":75,"downfall:HeartBlessingRed":0,"halation:QuantumPhysicsTextbook":0,"ReplayTheSpireMod:CursedCoin":12,"energizedSpire:EnergizedDie":29,"Circlet":75,"halation:IllGainedPizza":87,"champ:DeflectingBracers":87,"War Paint":69,"bronze:BronzeIdol":71,"bronze:BottledCode":4,"conspire:GiftBox":8,"Bottled Flame":12,"MutagenicStrength":58,"Orrery":87,"Slimebound:PreparedRelic":75,"Snack Pack":8,"Membership Card":8,"halation:PinkSoulGem":67,"FossilizedHelix":87,"Pocketwatch":15}],"Pocketwatch":[15]},"card_choices":[{"not_picked":["bronze:Assembly","bronze:ShipIt"],"picked":"bronze:Verify","floor":0.0},{"not_picked":["bronze:Overheat","bronze:Shield"],"picked":"bronze:Branch","floor":2.0},{"not_picked":["bronze:WildBeam","bronze:Overload"],"picked":"bronze:FineTuning","floor":4.0},{"not_picked":["bronze:Break","bronze:Library"],"picked":"bronze:HardenedForm","floor":4.0},{"not_picked":["bronze:Shield","bronze:ClassDefault"],"picked":"bronze:DelayedSlice","floor":5.0},{"not_picked":["Poisoned Strike","Midas Touch"],"picked":"Mayhem","floor":6.0},{"not_picked":["bronze:BronzeArmor","bronze:Separator"],"picked":"bronze:Flail","floor":9.0},{"not_picked":["bronze:Safeguard","bronze:Backtrace"],"picked":"bronze:CutThrough","floor":11.0},{"not_picked":["bronze:ShipIt","bronze:Shell"],"picked":"bronze:Branch","floor":14.0},{"not_picked":["bronze:BitShift","bronze:BronzeArmor","bronze:DelayedGuard"],"picked":"SKIP","floor":15.0},{"not_picked":["bronze:Format","bronze:ShipIt"],"picked":"bronze:FindAndReplace","floor":16.0},{"not_picked":["bronze:Philosophize","bronze:DarkDash"],"picked":"bronze:Overload","floor":19.0},{"not_picked":["bronze:Flail","bronze:WildBeam+1"],"picked":"bronze:Iterate+1","floor":21.0},{"not_picked":["bronze:NullPointer","bronze:Refactor"],"picked":"bronze:BronzeOrb","floor":23.0},{"not_picked":["bronze:DarkDash+1","bronze:Turbo"],"picked":"bronze:ClassDefault+1","floor":26.0},{"not_picked":["bronze:BugBarrage","bronze:NullPointer","bronze:Refactor+1"],"picked":"SKIP","floor":27.0},{"not_picked":["bronze:Overload","bronze:InfiniteBeams+1"],"picked":"bronze:Branch+1","floor":28.0},{"not_picked":["bronze:FollowUp","bronze:Separator"],"picked":"bronze:FindAndReplace","floor":29.0},{"not_picked":["bronze:BitShift+1","bronze:Branch","bronze:Overload"],"picked":"SKIP","floor":33.0},{"not_picked":["bronze:BuggyMess+1","bronze:Constructor+1"],"picked":"bronze:Turbo","floor":37.0},{"not_picked":["bronze:OilSpill","bronze:Iterate+1","bronze:Branch+1"],"picked":"SKIP","floor":38.0},{"not_picked":["bronze:Overload","bronze:BugBarrage+1","bronze:Frontload"],"picked":"SKIP","floor":47.0},{"not_picked":["bronze:ClassDefault+1","bronze:Flail+1","bronze:Constructor"],"picked":"SKIP","floor":48.0},{"not_picked":["bronze:Virus","bronze:NullPointer","bronze:DelayedSlice+1"],"picked":"SKIP","floor":50.0},{"not_picked":["bronze:Overload","bronze:CleanCode"],"picked":"bronze:Fortify+1","floor":51.0},{"not_picked":["bronze:Frontload","bronze:Fortify","bronze:Iterate"],"picked":"SKIP","floor":52.0},{"not_picked":["bronze:BugBarrage","bronze:WildBeam"],"picked":"bronze:Turbo+1","floor":55.0},{"not_picked":["bronze:ForceShield+1","bronze:Separator"],"picked":"bronze:GetLatest+1","floor":56.0},{"not_picked":["bronze:BitShift+1","bronze:Overheat"],"picked":"bronze:Optimize+1","floor":56.0},{"not_picked":["bronze:Shield+1","bronze:ChosenStrike+1"],"picked":"bronze:SpaghettiCode","floor":56.0},{"not_picked":["bronze:CutThrough+1","bronze:BugBarrage+1"],"picked":"bronze:Turbo+1","floor":56.0}],"player_experience":224347,"relics_obtained":[{"floor":1.0,"key":"halation:QuantumPhysicsTextbook"},{"floor":7.0,"key":"WingedGreaves"},{"floor":9.0,"key":"Pocketwatch"},{"floor":11.0,"key":"Regal Pillow"},{"floor":21.0,"key":"wanderingMiniBosses:AbyssPearl"},{"floor":23.0,"key":"sneckomod:BlankCard"},{"floor":25.0,"key":"Nunchaku"},{"floor":29.0,"key":"MutagenicStrength"},{"floor":42.0,"key":"bronze:CableSpool"},{"floor":47.0,"key":"War Paint"},{"floor":49.0,"key":"bronze:BronzeIdol"},{"floor":50.0,"key":"Replay:Bottled Snecko"},{"floor":55.0,"key":"halation:IllGainedPizza"}],"event_choices":[{"damage_healed":0.0,"max_hp_gain":0.0,"max_hp_loss":0.0,"gold_gain":1.0,"event_name":"betterStone:BetterStone","player_choice":"1","floor":6.0,"gold_loss":0.0,"damage_taken":0.0},{"damage_healed":0.0,"max_hp_gain":0.0,"max_hp_loss":0.0,"gold_gain":0.0,"event_name":"Addict","player_choice":"Stole Relic","floor":22.0,"gold_loss":0.0,"damage_taken":0.0,"relics_obtained":["Centennial Puzzle"],"cards_obtained":["Pride"]},{"cards_removed":["bronze:Defend"],"damage_healed":0.0,"max_hp_gain":0.0,"max_hp_loss":0.0,"gold_gain":0.0,"event_name":"Falling","player_choice":"Removed Skill","floor":40.0,"gold_loss":0.0,"damage_taken":0.0}],"is_beta":false,"boss_relics":[{"not_picked":["conspire:RoyalGoblet","hubris:BlackHole"],"picked":"energizedSpire:EnergizedDie"},{"not_picked":["expansioncontent:StudyCardRelic","halation:CatFaceCupcake","energizedSpire:RedRose"],"picked":"halation:HeavySnake"}],"items_purged_floors":[5,5,30,30,51,56],"is_endless":false,"potions_floor_spawned":[9,11,23,26,29,33,37,47,48,50,55],"ascension_level":4}}