{"host":"9tzam4717zt8ei1o","time":1612658428,"event":{"mods":["BaseMod","Colored Map","Keyboard Shortcuts","Minty Spire (QoL Compilation)","Quick Restart","StSLib","SuperFastMode"],"gold_per_floor":[114,130,140,151,23,23,35,35,35],"floor_reached":8,"language":"KOR","playtime":120,"items_purged":["Strike_G"],"score":90,"play_id":"3268fdc5-c836-4547-81b2-99efbf57a773","local_time":"20210207094028","is_ascension_mode":true,"campfire_choices":[],"circlet_count":0,"master_deck":["AscendersBane","Strike_G","Strike_G+1","Strike_G+1","Strike_G","Defend_G","Defend_G","Defend_G","Defend_G","Defend_G","Survivor","Neutralize","Blade Dance","Footwork","Cloak And Dagger","Grand Finale","Prepared","Escape Plan"],"relics":["Ring of the Snake","NeowsBlessing"],"acts_visited":["Exordium"],"potions_floor_usage":[8],"damage_taken":[{"damage":0.0,"enemies":"Cultist","floor":1.0,"turns":1.0},{"damage":0.0,"enemies":"Jaw Worm","floor":2.0,"turns":1.0},{"damage":0.0,"enemies":"Small Slimes","floor":3.0,"turns":2.0},{"damage":1.0,"enemies":"Blue Slaver","floor":4.0,"turns":4.0},{"damage":32.0,"enemies":"Large Slime","floor":7.0,"turns":10.0},{"damage":35,"enemies":"Gremlin Nob","floor":8,"turns":3}],"seed_played":"-6054279970603586937","potions_obtained":[{"floor":1.0,"key":"FearPotion"},{"floor":2.0,"key":"PowerPotion"}],"is_trial":false,"path_per_floor":["M","M","M","M","$","?","M","E"],"character_chosen":"THE_SILENT","items_purchased":["Prepared"],"campfire_rested":0,"item_purchase_floors":[5],"current_hp_per_floor":[59,59,59,58,58,38,6,0,0],"gold":35,"neow_bonus":"THREE_ENEMY_KILL","is_daily":false,"chose_seed":false,"campfire_upgraded":0,"win_rate":0.0,"timestamp":1612658428,"path_taken":["M","M","?","M","$","?","M","E"],"items_purchased_type":["Card"],"build_version":"2020-12-22","purchased_purges":1,"victory":false,"max_hp_per_floor":[66,66,66,66,66,66,66,66,66],"card_choices":[{"not_picked":["Caltrops","Concentrate"],"picked":"Blade Dance","floor":1.0},{"not_picked":["Poisoned Stab","Deadly Poison"],"picked":"Footwork","floor":2.0},{"not_picked":["Crippling Poison","Reflex"],"picked":"Cloak And Dagger","floor":3.0},{"not_picked":["Heel Hook","Deflect"],"picked":"Grand Finale","floor":4.0},{"not_picked":["Concentrate","Prepared"],"picked":"Escape Plan","floor":7.0}],"player_experience":122717,"relics_obtained":[],"event_choices":[{"damage_healed":0.0,"max_hp_gain":0.0,"max_hp_loss":0.0,"gold_gain":0.0,"event_name":"Shining Light","player_choice":"Entered Light","floor":6.0,"gold_loss":0.0,"damage_taken":20.0,"cards_upgraded":["Strike_G","Strike_G"]}],"is_beta":false,"boss_relics":[],"items_purged_floors":[5],"is_endless":false,"potions_floor_spawned":[1,2],"killed_by":"Gremlin Nob","ascension_level":16}}