{"host":"3y2rtlgteqp2nuo3","time":1612703058,"event":{"mods":["2.2 Compatiblity","AchievementEnabler","BaseMod","Colored Map","DeckTracker","Highlight Path","Keyboard Shortcuts","Minty Spire (QoL Compilation)","Permanent Neow","Quick Restart","StSLib","SuperFastMode","everything is the same but u backflip on backflip"],"gold_per_floor":[118,132,44,56,70,89,117,117,142,142,62,80,80,100,100,100,100],"floor_reached":16,"language":"KOR","playtime":316,"items_purged":[],"score":208,"play_id":"6e7c1f6f-65b9-4bb0-b69c-2982ab9a2897","local_time":"20210207220418","is_ascension_mode":true,"campfire_choices":[{"floor":8,"key":"REST"},{"data":"Eruption","floor":13,"key":"SMITH"},{"data":"Adaptation","floor":15,"key":"SMITH"}],"circlet_count":0,"master_deck":["AscendersBane","Strike_P","Strike_P","Defend_P","Defend_P","Defend_P+1","Defend_P","Eruption+1","Vigilance+1","InnerPeace","CutThroughFate","Adaptation+1","TalkToTheHand","Judgement","MentalFortress"],"relics":["PureWater","Orichalcum","War Paint"],"acts_visited":["Exordium"],"potions_floor_usage":[7],"damage_taken":[{"damage":0.0,"enemies":"Cultist","floor":1.0,"turns":4.0},{"damage":0.0,"enemies":"2 Louse","floor":2.0,"turns":4.0},{"damage":4.0,"enemies":"Small Slimes","floor":4.0,"turns":3.0},{"damage":38.0,"enemies":"Exordium Wildlife","floor":5.0,"turns":5.0},{"damage":3.0,"enemies":"Blue Slaver","floor":6.0,"turns":2.0},{"damage":6,"enemies":"Gremlin Nob","floor":7,"turns":3},{"damage":0,"enemies":"3 Louse","floor":12,"turns":4},{"damage":10,"enemies":"Exordium Wildlife","floor":14,"turns":5},{"damage":14,"enemies":"The Guardian","floor":16,"turns":2}],"seed_played":"5461547540085240509","potions_obtained":[{"floor":1.0,"key":"SkillPotion"},{"floor":4.0,"key":"SteroidPotion"},{"floor":12,"key":"Block Potion"}],"is_trial":false,"path_per_floor":["M","M","$","M","M","M","E","R","T","?","$","M","R","M","R","B"],"character_chosen":"WATCHER","items_purchased":["Adaptation","MentalFortress"],"campfire_rested":1,"item_purchase_floors":[3,11],"current_hp_per_floor":[61,61,61,57,19,16,10,30,30,23,23,23,23,13,13,0,0],"gold":100,"neow_bonus":"TRANSFORM_CARD","is_daily":false,"chose_seed":false,"campfire_upgraded":2,"win_rate":0.0,"timestamp":1612703058,"path_taken":["M","M","$","?","M","M","E","R","T","?","$","M","R","M","R","BOSS"],"items_purchased_type":["Card","Card"],"build_version":"2020-12-22","purchased_purges":0,"victory":false,"max_hp_per_floor":[68,68,68,68,68,68,68,68,68,68,68,68,68,68,68,68,68],"card_choices":[{"not_picked":["WaveOfTheHand","FlyingSleeves"],"picked":"CutThroughFate","floor":1.0},{"not_picked":["Wallop","JustLucky","Conclude"],"picked":"SKIP","floor":2.0},{"not_picked":["Study","Sanctity"],"picked":"TalkToTheHand","floor":4.0},{"not_picked":["Conclude","Prostrate"],"picked":"Judgement","floor":5.0},{"not_picked":["Vengeance","Halt","Evaluate"],"picked":"SKIP","floor":6.0},{"not_picked":["ClearTheMind","Crescendo","FlurryOfBlows"],"picked":"SKIP","floor":7},{"not_picked":["Prostrate","FlurryOfBlows","Swivel"],"picked":"SKIP","floor":12},{"not_picked":["Study","JustLucky","Prostrate"],"picked":"SKIP","floor":14}],"player_experience":770314,"relics_obtained":[{"floor":7,"key":"Orichalcum"},{"floor":9,"key":"War Paint"}],"event_choices":[{"cards_removed":["Strike_P"],"damage_healed":0,"gold_gain":0,"player_choice":"Card Removal","damage_taken":7,"max_hp_gain":0,"max_hp_loss":0,"event_name":"Golden Wing","floor":10,"gold_loss":0}],"is_beta":false,"boss_relics":[],"items_purged_floors":[],"is_endless":false,"potions_floor_spawned":[1,4,12],"killed_by":"The Guardian","ascension_level":20}}