{"host":"ftkwaqka4srqnjt4","time":1612705946,"event":{"mods":["AchievementEnabler","BaseMod","Downfall","Minty Spire (QoL Compilation)","Permanent Neow","Relic Stats","StSLib","The Jungle"],"gold_per_floor":[99,116,116,116,116,131,201,201,111,11,21,6,32,107,123,226,226,226,241,241,308,408,493,493,509,509,534,548,566,24,56,70,171,171,171,184,199,199,199,214,259,275,275,290,308,319,352,152,172,172,172,204,4,4,4,4,4,4],"floor_reached":56,"language":"ENG","playtime":4925,"items_purged":["downfall:Aged","Injury","downfall:Haunted","downfall:Malfunctioning"],"score":838,"play_id":"4ac5ab36-d755-48fe-b21f-1bc4e0074106","local_time":"20210207145226","is_ascension_mode":true,"campfire_choices":[{"data":"Slimebound:MassFeed","floor":1,"key":"SMITH"},{"floor":8,"key":"RECALL"},{"data":"Slimebound:MassFeed","floor":10,"key":"SMITH"},{"data":"Slimebound:Darklings","floor":18,"key":"SMITH"},{"floor":26,"key":"REST"},{"data":"expansioncontent:DashGenerateEvil","floor":35,"key":"SMITH"},{"data":"Slimebound:LeechLife","floor":43,"key":"SMITH"},{"floor":48,"key":"REST"},{"data":"Slimebound:LivingWall","floor":54,"key":"SMITH"}],"circlet_count":0,"master_deck":["Slimebound:Strike_Slimebound","Slimebound:Strike_Slimebound","Slimebound:Strike_Slimebound","Slimebound:Tackle","Slimebound:Defend_Slimebound","Slimebound:Defend_Slimebound","Slimebound:Defend_Slimebound","Slimebound:Defend_Slimebound","Slimebound:Split","Slimebound:CorrosiveSpit","Slimebound:MassFeed+1","Slimebound:LivingWall+1","Slimebound:MassFeed+1","Slimebound:RollThrough","Slimebound:SplitAcid","Slimebound:GoopTackle","Slimebound:Darklings+1","Slimebound:DisruptingSlam","expansioncontent:DashGenerateEvil+1","Slimebound:Equalize+1","downfall:Haunted","Slimebound:ForwardTackle+1","Slimebound:LeechLife+1","expansioncontent:DashGenerateEvil+1","Regret"],"relics":["Slimebound:AbsorbEndCombat","downfall:ExtraCursedKey","PreservedInsect","Eternal Feather","downfall:HeartBlessingRed","Blue Candle","SlaversCollar","Enchiridion","Dead Branch","Ornamental Fan","Blood Vial","Boot","HandDrill","Mercury Hourglass","Dream Catcher","Slimebound:TarBlob","Juzu Bracelet","downfall:HeartBlessingGreen","downfall:HeartBlessingBlue","InkBottle"],"acts_visited":["Exordium","TheCity","TheBeyond","TheEnding"],"potions_floor_usage":[12,16,21,21,32,32,42,45,46,50,55,55],"damage_taken":[{"damage":5,"enemies":"Jaw Worm","floor":2,"turns":4},{"damage":0,"enemies":"2 Louse","floor":6,"turns":2},{"damage":0,"enemies":"downfall:FleeingMerchant","floor":9,"turns":4},{"damage":9,"enemies":"Cultist","floor":11,"turns":4},{"damage":0,"enemies":"downfall:FleeingMerchant","floor":12,"turns":4},{"damage":26,"enemies":"Lagavulin","floor":13,"turns":6},{"damage":0,"enemies":"3 Louse","floor":15,"turns":1},{"damage":8,"enemies":"SI_SHIV_ARCHETYPE","floor":16,"turns":7},{"damage":6,"enemies":"Chosen","floor":19,"turns":4},{"damage":13,"enemies":"downfall:FleeingMerchant","floor":21,"turns":4},{"damage":10,"enemies":"IC_STATUS_ARCHETYPE","floor":22,"turns":3},{"damage":13,"enemies":"Snecko","floor":25,"turns":3},{"damage":14,"enemies":"Book of Stabbing","floor":27,"turns":3},{"damage":13,"enemies":"3 Cultists","floor":28,"turns":4},{"damage":28,"enemies":"Shelled Parasite and Fungi","floor":29,"turns":4},{"damage":29,"enemies":"Gremlin Leader","floor":31,"turns":4},{"damage":35,"enemies":"Cultist and Chosen","floor":32,"turns":3},{"damage":7,"enemies":"WA_ARCHETYPE_CALM","floor":33,"turns":5},{"damage":23,"enemies":"3 Darklings","floor":36,"turns":3},{"damage":9,"enemies":"Orb Walker","floor":37,"turns":3},{"damage":35,"enemies":"Orb Walker","floor":38,"turns":3},{"damage":10,"enemies":"Sphere and 2 Shapes","floor":40,"turns":4},{"damage":20,"enemies":"Transient","floor":42,"turns":5},{"damage":47,"enemies":"Maw","floor":44,"turns":7},{"damage":34,"enemies":"Writhing Mass","floor":45,"turns":4},{"damage":50,"enemies":"3 Darklings","floor":46,"turns":3},{"damage":42,"enemies":"Nemesis","floor":47,"turns":5},{"damage":19,"enemies":"Maw","floor":49,"turns":6},{"damage":44,"enemies":"DF_ARCHETYPE_ORBS","floor":50,"turns":6},{"damage":30,"enemies":"downfall:CharBossMerchant","floor":52,"turns":4},{"damage":83,"enemies":"downfall:NeowBoss","floor":55,"turns":15},{"damage":182,"enemies":"downfall:NeowBossFinal","floor":56,"turns":8}],"seed_played":"1706506897491436789","potions_obtained":[{"floor":6,"key":"DistilledChaos"},{"floor":13,"key":"Regen Potion"},{"floor":15,"key":"SteroidPotion"},{"floor":16,"key":"DistilledChaos"},{"floor":22,"key":"GamblersBrew"},{"floor":27,"key":"champ:CounterPotion"},{"floor":29,"key":"LiquidMemories"},{"floor":32,"key":"AttackPotion"},{"floor":33,"key":"SkillPotion"},{"floor":42,"key":"FairyPotion"},{"floor":45,"key":"Energy Potion"},{"floor":52,"key":"DistilledChaos"}],"is_trial":false,"path_per_floor":["R","M","?","?","?","M","T","R","$","R","M","$","E","?","M","B",null,"R","M","?","$","?","?","T","M","R","E","M","M","$","E","M","B",null,"R","M","M","?","?","M","T","M","R","M","M","M","E","R","M","B",null,"E","$","R","B","B"],"character_chosen":"SLIMEBOUND","items_purchased":["expansioncontent:DashGenerateEvil","HandDrill","Mercury Hourglass","ColorlessPotion"],"campfire_rested":2,"item_purchase_floors":[21,30,30,53],"current_hp_per_floor":[65,68,68,56,56,65,65,74,76,76,71,76,56,56,68,81,92,92,88,72,71,69,57,57,50,92,82,83,93,93,68,72,83,112,112,95,94,82,82,80,80,80,95,68,58,49,21,86,89,55,134,107,107,122,82,0,0,0],"gold":4,"neow_bonus":"ONE_RANDOM_RARE_CARD","is_daily":false,"chose_seed":false,"campfire_upgraded":6,"win_rate":0.0,"timestamp":1612705946,"path_taken":["R","M","?","?","?","?","T","R","$","R","M","?","E","?","M","BOSS","R","M","?","$","?","?","T","M","R","E","M","?","$","E","M","BOSS","R","M","M","?","?","M","T","M","R","?","M","M","E","R","M","BOSS","E","$","R","BOSS","BOSS"],"items_purchased_type":["Card","Relic","Relic","Potion"],"build_version":"2020-12-22","purchased_purges":4,"victory":false,"max_hp_per_floor":[65,69,69,69,69,76,76,76,76,76,76,76,80,80,92,92,92,92,92,92,96,100,100,100,100,100,100,100,104,104,104,112,112,112,112,112,112,112,112,116,116,116,116,120,124,124,124,134,134,134,134,134,134,134,134,134,134,134],"relic_stats":{"counters":[32,145],"Blue Candle":[39],"Dead Branch":[280],"Eternal Feather":66,"PreservedInsect":408,"Juzu Bracelet":0,"Boot":[31],"Mercury Hourglass":[227],"Blood Vial":38,"Dream Catcher":1,"Ornamental Fan":[168],"HandDrill":[60],"obtain_stats":[{"downfall:HeartBlessingRed":10,"Blue Candle":13,"Dead Branch":22,"Enchiridion":20,"Eternal Feather":7,"downfall:HeartBlessingGreen":48,"PreservedInsect":4,"Juzu Bracelet":47,"Boot":27,"Mercury Hourglass":30,"Slimebound:TarBlob":34,"Blood Vial":24,"SlaversCollar":17,"Dream Catcher":31,"Ornamental Fan":22,"downfall:HeartBlessingBlue":48,"downfall:ExtraCursedKey":3,"Slimebound:AbsorbEndCombat":0,"HandDrill":30,"InkBottle":52},{"downfall:HeartBlessingRed":3,"Blue Candle":6,"Dead Branch":11,"Enchiridion":9,"Eternal Feather":2,"downfall:HeartBlessingGreen":27,"PreservedInsect":1,"Juzu Bracelet":27,"Boot":13,"Mercury Hourglass":15,"Slimebound:TarBlob":18,"Blood Vial":11,"SlaversCollar":8,"Dream Catcher":16,"Ornamental Fan":11,"downfall:HeartBlessingBlue":27,"downfall:ExtraCursedKey":1,"Slimebound:AbsorbEndCombat":0,"HandDrill":15,"InkBottle":30},{"downfall:HeartBlessingRed":10,"Blue Candle":24,"Dead Branch":43,"Enchiridion":36,"Eternal Feather":6,"downfall:HeartBlessingGreen":106,"PreservedInsect":4,"Juzu Bracelet":106,"Boot":49,"Mercury Hourglass":57,"Slimebound:TarBlob":69,"Blood Vial":43,"SlaversCollar":32,"Dream Catcher":61,"Ornamental Fan":43,"downfall:HeartBlessingBlue":106,"downfall:ExtraCursedKey":4,"Slimebound:AbsorbEndCombat":0,"HandDrill":57,"InkBottle":122}],"InkBottle":[14]},"card_choices":[{"not_picked":["Slimebound:Prepare","Slimebound:HungryTackle"],"picked":"Slimebound:LivingWall","floor":2},{"not_picked":["Slimebound:SplitAcid","Slimebound:FlameTackle"],"picked":"Slimebound:RollThrough","floor":6},{"not_picked":["Slimebound:SplitMire","Slimebound:Prepare"],"picked":"Slimebound:SplitAcid","floor":9},{"not_picked":["Slimebound:SamplingLick","Slimebound:SplitMire","Slimebound:Schlurp"],"picked":"SKIP","floor":11},{"not_picked":["Slimebound:PressTheAttack","Slimebound:ComboTackle","Slimebound:TagTeam"],"picked":"SKIP","floor":12},{"not_picked":["Slimebound:GoopSpray","Slimebound:GrowthPunch","Slimebound:ComboTackle"],"picked":"SKIP","floor":13},{"not_picked":["Slimebound:Schlurp","Slimebound:ItLooksTasty"],"picked":"Slimebound:GoopTackle","floor":15},{"not_picked":["Slimebound:TagTeam","Slimebound:OneTwoCombo"],"picked":"Slimebound:Darklings","floor":16},{"not_picked":["Slimebound:SplitLeeching","Slimebound:ForwardTackle"],"picked":"Slimebound:DisruptingSlam","floor":19},{"not_picked":["Slimebound:LivingWall+1","Slimebound:SplitAcid+1","Slimebound:FinishingTackle"],"picked":"SKIP","floor":21},{"not_picked":["Slimebound:DisruptingSlam+1","Slimebound:DivideAndConquer"],"picked":"Slimebound:Equalize+1","floor":22},{"not_picked":["Slimebound:HungryTackle+1","Slimebound:ItLooksTasty","Slimebound:AcidTongue"],"picked":"SKIP","floor":25},{"not_picked":["Slimebound:SpikyOuterGoop","Slimebound:BestDefense","Slimebound:Recollect"],"picked":"SKIP","floor":27},{"not_picked":["Slimebound:SplitSpecialist","Slimebound:SamplingLick+1","Slimebound:PressTheAttack+1"],"picked":"SKIP","floor":28},{"not_picked":["Slimebound:SplitAcid","Slimebound:MegaLick"],"picked":"Slimebound:ForwardTackle+1","floor":29},{"not_picked":["Slimebound:BestDefense","Slimebound:SlimeSpikes+1"],"picked":"Slimebound:LeechLife","floor":31},{"not_picked":["Slimebound:MegaLick","Slimebound:TongueLash","Slimebound:ComboTackle"],"picked":"SKIP","floor":32},{"not_picked":["Slimebound:RollThrough+1","Slimebound:LeechEnergy+1","Slimebound:FinishingTackle+1"],"picked":"SKIP","floor":36},{"not_picked":["Slimebound:Grow+1","Slimebound:Recollect","Slimebound:FinishingTackle"],"picked":"SKIP","floor":37},{"not_picked":["Slimebound:RejuvenatingLick","Slimebound:ItLooksTasty","Slimebound:BestDefense+1"],"picked":"SKIP","floor":40},{"not_picked":["Slimebound:AcidTongue","Slimebound:GoopSpray+1","Slimebound:Schlurp+1"],"picked":"SKIP","floor":42},{"not_picked":["Slimebound:SplitMire","Slimebound:SpikyOuterGoop+1","Slimebound:LeechingTouch+1"],"picked":"SKIP","floor":44},{"not_picked":["Slimebound:SplitMire+1","Slimebound:Dissolve","Slimebound:SplitLeeching+1"],"picked":"SKIP","floor":45},{"not_picked":["Slimebound:GoopSpray","Slimebound:FirmFortitude","Slimebound:RollThrough"],"picked":"SKIP","floor":46},{"not_picked":["Slimebound:RejuvenatingLick","Slimebound:FinishingTackle+1","Slimebound:CheckThePlaybook"],"picked":"SKIP","floor":47},{"not_picked":["Slimebound:SlimeTap","Slimebound:ComboTackle+1","Slimebound:DivideAndConquer"],"picked":"SKIP","floor":49},{"not_picked":["Slimebound:LeadByExample","Slimebound:Dissolve","Slimebound:LeechEnergy"],"picked":"SKIP","floor":52}],"player_experience":557132,"relics_obtained":[{"floor":7,"key":"Eternal Feather"},{"floor":13,"key":"Blue Candle"},{"floor":20,"key":"Enchiridion"},{"floor":22,"key":"Dead Branch"},{"floor":22,"key":"Ornamental Fan"},{"floor":24,"key":"Blood Vial"},{"floor":27,"key":"Boot"},{"floor":31,"key":"Dream Catcher"},{"floor":47,"key":"Juzu Bracelet"},{"floor":52,"key":"InkBottle"}],"event_choices":[{"damage_healed":0,"gold_gain":0,"player_choice":"Success","damage_taken":12,"relics_obtained":["PreservedInsect"],"max_hp_gain":0,"max_hp_loss":0,"event_name":"Scrap Ooze","floor":4,"gold_loss":0},{"cards_removed":["downfall:Bewildered"],"damage_healed":0,"gold_gain":0,"player_choice":"Card Removal","damage_taken":0,"max_hp_gain":0,"max_hp_loss":0,"event_name":"The Cleric","floor":5,"gold_loss":0}],"is_beta":false,"boss_relics":[{"not_picked":["Fusion Hammer","Runic Dome"],"picked":"SlaversCollar"},{"not_picked":["Pandora\u0027s Box","Runic Pyramid"],"picked":"Slimebound:TarBlob"}],"items_purged_floors":[9,21,30,53],"is_endless":false,"potions_floor_spawned":[6,13,15,16,22,27,29,32,33,36,37,42,45,52],"killed_by":"downfall:NeowBossFinal","ascension_level":2}}