{"host":"2yqfi47fogfu1ic4","time":1612701998,"event":{"mods":["AchievementEnabler","BaseMod","Colored Map","Colored Powertips","Highlight Path","Minty Spire (QoL Compilation)","Permanent Neow","Relic Stats","StSLib"],"gold_per_floor":[368,217,230,247,264,292,305,305,328,338,65,83,131,172,172,258,258,284,334,21,47,61,61,98,107,107,107,132,132,168,190,190,190,190],"floor_reached":33,"language":"DEU","playtime":2573,"items_purged":["Injury"],"score":773,"play_id":"90a27d96-c3b8-4a4f-a2d1-41a0467648bf","local_time":"20210207134638","is_ascension_mode":true,"campfire_choices":[{"data":"Backstab","floor":8,"key":"SMITH"},{"data":"Adrenaline","floor":15,"key":"SMITH"},{"floor":23,"key":"REST"},{"data":"Apotheosis","floor":29,"key":"SMITH"},{"floor":32,"key":"REST"}],"circlet_count":0,"master_deck":["AscendersBane","Strike_G","Strike_G","Strike_G","Strike_G","Defend_G","Defend_G","Defend_G","Defend_G","Defend_G","Survivor","Neutralize","Predator","Masterful Stab","Backstab+1","Poisoned Stab","Poisoned Stab","Dagger Throw","PiercingWail","Finisher","Blade Dance","Backstab","Choke","Adrenaline+1","Burst","Acrobatics","Terror","Apotheosis+1","Footwork","Dagger Spray","Crippling Poison","RitualDagger","PiercingWail+1","Backflip","Acrobatics"],"relics":["Ring of the Snake","Boot","Snake Skull","Oddly Smooth Stone","Vajra","CeramicFish","Philosopher\u0027s Stone","Pen Nib","FossilizedHelix","Nunchaku"],"acts_visited":["Exordium","TheCity"],"potions_floor_usage":[6,18,18,33,33],"damage_taken":[{"damage":6,"enemies":"Cultist","floor":1,"turns":6},{"damage":0,"enemies":"2 Louse","floor":3,"turns":2},{"damage":0,"enemies":"Jaw Worm","floor":4,"turns":3},{"damage":3,"enemies":"3 Louse","floor":5,"turns":3},{"damage":9,"enemies":"3 Sentries","floor":6,"turns":8},{"damage":1,"enemies":"Red Slaver","floor":7,"turns":3},{"damage":0,"enemies":"Blue Slaver","floor":10,"turns":3},{"damage":0,"enemies":"Lots of Slimes","floor":12,"turns":1},{"damage":0,"enemies":"Gremlin Nob","floor":14,"turns":2},{"damage":0,"enemies":"Slime Boss","floor":16,"turns":5},{"damage":10,"enemies":"3 Byrds","floor":18,"turns":3},{"damage":0,"enemies":"Chosen","floor":21,"turns":2},{"damage":15,"enemies":"3 Cultists","floor":22,"turns":4},{"damage":6,"enemies":"Gremlin Leader","floor":24,"turns":3},{"damage":2,"enemies":"Centurion and Healer","floor":28,"turns":4},{"damage":6,"enemies":"Slavers","floor":30,"turns":3},{"damage":0,"enemies":"Sentry and Sphere","floor":31,"turns":7},{"damage":78,"enemies":"Collector","floor":33,"turns":8}],"seed_played":"-8308827482877162272","potions_obtained":[{"floor":4,"key":"PowerPotion"},{"floor":6,"key":"ColorlessPotion"},{"floor":7,"key":"DistilledChaos"},{"floor":14,"key":"LiquidBronze"},{"floor":22,"key":"Block Potion"},{"floor":30,"key":"Dexterity Potion"}],"is_trial":false,"path_per_floor":["M","$","M","M","M","E","M","R","T","M","$","M","T","E","R","B",null,"M","?","$","M","M","R","E","?","T","?","M","R","E","M","R","B"],"character_chosen":"THE_SILENT","items_purchased":["Masterful Stab","Blade Dance","Oddly Smooth Stone","Backstab","Terror","Apotheosis","Footwork"],"campfire_rested":2,"item_purchase_floors":[2,11,11,11,20,20,20],"current_hp_per_floor":[53,53,53,53,50,41,40,40,40,40,40,40,40,40,40,40,60,50,44,44,44,29,48,42,36,36,36,34,34,28,28,47,0,0],"gold":190,"neow_bonus":"TWO_FIFTY_GOLD","is_daily":false,"chose_seed":false,"campfire_upgraded":3,"win_rate":0.0,"timestamp":1612701998,"path_taken":["M","$","M","?","M","E","M","R","T","M","$","M","?","E","R","BOSS","M","?","$","?","M","R","E","?","T","?","M","R","E","?","R","BOSS"],"items_purchased_type":["Card","Card","Relic","Card","Card","Card","Card"],"build_version":"2020-12-22","purchased_purges":1,"victory":false,"max_hp_per_floor":[66,66,66,66,66,66,66,66,66,66,66,66,66,66,66,66,66,66,66,66,66,66,66,66,66,66,66,66,66,66,66,66,66,66],"relic_stats":{"Nunchaku":[3],"counters":[18,70],"CeramicFish":108,"Snake Skull":[23],"Pen Nib":[6],"Boot":[34],"obtain_stats":[{"Nunchaku":30,"CeramicFish":14,"Oddly Smooth Stone":11,"Vajra":13,"Philosopher\u0027s Stone":17,"Snake Skull":9,"Pen Nib":24,"Boot":6,"FossilizedHelix":26,"Ring of the Snake":0},{"Nunchaku":16,"CeramicFish":9,"Oddly Smooth Stone":7,"Vajra":8,"Philosopher\u0027s Stone":10,"Snake Skull":6,"Pen Nib":14,"Boot":5,"FossilizedHelix":14,"Ring of the Snake":0},{"Nunchaku":55,"CeramicFish":31,"Oddly Smooth Stone":28,"Vajra":29,"Philosopher\u0027s Stone":36,"Snake Skull":25,"Pen Nib":48,"Boot":22,"FossilizedHelix":48,"Ring of the Snake":0}],"Ring of the Snake":[36]},"card_choices":[{"not_picked":["Blur","Outmaneuver"],"picked":"Predator","floor":1},{"not_picked":["Underhanded Strike","Blade Dance"],"picked":"Backstab","floor":3},{"not_picked":["Deadly Poison","Sucker Punch"],"picked":"Poisoned Stab","floor":4},{"not_picked":["Backflip","Riddle With Holes"],"picked":"Poisoned Stab","floor":5},{"not_picked":["Expertise","Sucker Punch"],"picked":"Dagger Throw","floor":6},{"not_picked":["Noxious Fumes","A Thousand Cuts"],"picked":"PiercingWail","floor":7},{"not_picked":["Outmaneuver","Heel Hook"],"picked":"Finisher","floor":10},{"not_picked":["Prepared","Dagger Throw"],"picked":"Choke","floor":12},{"not_picked":["Poisoned Stab","Blade Dance"],"picked":"Adrenaline","floor":14},{"not_picked":["Unload","Glass Knife"],"picked":"Burst","floor":16},{"not_picked":["Quick Slash","Skewer"],"picked":"Acrobatics","floor":18},{"not_picked":["Setup","Underhanded Strike"],"picked":"Dagger Spray","floor":21},{"not_picked":["Underhanded Strike","Flying Knee","Dagger Spray"],"picked":"SKIP","floor":22},{"not_picked":["All Out Attack","Underhanded Strike"],"picked":"Crippling Poison","floor":24},{"not_picked":["Slice","Outmaneuver+1"],"picked":"PiercingWail+1","floor":28},{"not_picked":["Setup","Dash"],"picked":"Backflip","floor":30},{"not_picked":["Poisoned Stab","Predator+1"],"picked":"Acrobatics","floor":31}],"player_experience":1713695,"relics_obtained":[{"floor":6,"key":"Boot"},{"floor":9,"key":"Snake Skull"},{"floor":13,"key":"Vajra"},{"floor":14,"key":"CeramicFish"},{"floor":24,"key":"Pen Nib"},{"floor":26,"key":"FossilizedHelix"},{"floor":30,"key":"Nunchaku"}],"event_choices":[{"damage_healed":0,"gold_gain":50,"player_choice":"Touch","damage_taken":6,"max_hp_gain":0,"max_hp_loss":0,"event_name":"FaceTrader","floor":19,"gold_loss":0},{"damage_healed":0,"gold_gain":0,"player_choice":"Joined the Cult","damage_taken":6,"max_hp_gain":0,"max_hp_loss":0,"event_name":"Nest","floor":25,"gold_loss":0,"cards_obtained":["RitualDagger"]},{"cards_removed":["Strike_G"],"damage_healed":0,"gold_gain":0,"player_choice":"Purged","damage_taken":0,"max_hp_gain":0,"max_hp_loss":0,"event_name":"Purifier","floor":27,"gold_loss":0}],"is_beta":false,"boss_relics":[{"not_picked":["Velvet Choker","Calling Bell"],"picked":"Philosopher\u0027s Stone"}],"items_purged_floors":[2],"is_endless":false,"potions_floor_spawned":[4,6,7,14,16,22,30,31],"killed_by":"Collector","ascension_level":20}}