{"host":"fuszjwm6fqgjjp4d","time":1612681211,"event":{"mods":["BaseMod","Bestiary","Colored Map","Minty Spire (QoL Compilation)","Permanent Neow","Relic Sorter","Relic Stats","StSLib"],"gold_per_floor":[113,131,69,86,9,9,9,9,9],"floor_reached":8,"language":"ENG","playtime":315,"items_purged":[],"score":92,"play_id":"d1052816-05f1-4dfb-96d2-d5b362d9ce18","local_time":"20210207010011","is_ascension_mode":true,"campfire_choices":[{"data":"Cloak And Dagger","floor":6,"key":"SMITH"}],"circlet_count":0,"master_deck":["AscendersBane","Strike_G","Strike_G","Strike_G","Strike_G","Defend_G","Defend_G","Defend_G","Defend_G","Defend_G","Survivor","Neutralize","Cloak And Dagger+1","Caltrops","Footwork"],"relics":["Sozu","MealTicket"],"acts_visited":["Exordium"],"potions_floor_usage":[],"damage_taken":[{"damage":11,"enemies":"Small Slimes","floor":1,"turns":5},{"damage":0,"enemies":"Cultist","floor":2,"turns":4},{"damage":10,"enemies":"2 Louse","floor":4,"turns":3},{"damage":54,"enemies":"Gremlin Nob","floor":8,"turns":5}],"seed_played":"1052332681213411629","potions_obtained":[],"is_trial":false,"path_per_floor":["M","M","?","M","$","R","?","E"],"character_chosen":"THE_SILENT","items_purchased":["Footwork"],"campfire_rested":0,"item_purchase_floors":[5],"current_hp_per_floor":[48,48,48,38,53,53,46,0,0],"gold":9,"neow_bonus":"BOSS_RELIC","is_daily":false,"chose_seed":false,"campfire_upgraded":1,"win_rate":0.0,"timestamp":1612681211,"path_taken":["M","M","?","?","$","R","?","E"],"items_purchased_type":["Card"],"build_version":"2020-12-22","purchased_purges":0,"victory":false,"max_hp_per_floor":[66,66,66,66,66,66,66,66,66],"relic_stats":{"Sozu":1,"counters":[4,17],"MealTicket":15,"obtain_stats":[{"Sozu":0,"MealTicket":3,"Ring of the Snake":0},{"Sozu":0,"MealTicket":2,"Ring of the Snake":0},{"Sozu":0,"MealTicket":9,"Ring of the Snake":0}]},"card_choices":[{"not_picked":["Accuracy","Footwork"],"picked":"Cloak And Dagger","floor":1},{"not_picked":["Heel Hook","Acrobatics"],"picked":"Caltrops","floor":2},{"not_picked":["Finisher","Endless Agony","Prepared"],"picked":"SKIP","floor":4}],"player_experience":1478881,"relics_obtained":[],"event_choices":[{"damage_healed":0,"gold_gain":0,"player_choice":"Paid Gold","damage_taken":0,"relics_obtained":["MealTicket"],"max_hp_gain":0,"max_hp_loss":0,"event_name":"WeMeetAgain","floor":3,"gold_loss":62},{"cards_removed":["Strike_G"],"damage_healed":0,"gold_gain":0,"player_choice":"Card Removal","damage_taken":7,"max_hp_gain":0,"max_hp_loss":0,"event_name":"Golden Wing","floor":7,"gold_loss":0}],"is_beta":false,"boss_relics":[],"items_purged_floors":[],"is_endless":false,"potions_floor_spawned":[4],"killed_by":"Gremlin Nob","ascension_level":20}}