{"host":"qvcm5n1ry1q9iv9x","time":1612688639,"event":{"mods":["Act Like it!","BaseMod","BetterRewards","Colored Map","Colored Powertips","Downfall","Friendly Minions","Highlight Path","Minty Spire (QoL Compilation)","Quick Restart","Relic Sorter","Shop Mod","StSLib"],"gold_per_floor":[99,99,99,117,9,9,9,21,21,46,58,73,73,25,44,144,144,144,161,161,161,180,197,223,223,240,240,270,282,305,331,343,343,343],"floor_reached":32,"language":"ZHS","playtime":1715,"items_purged":[],"score":244,"play_id":"aec80bc8-c701-4df8-9aaf-e7f8fad30227","local_time":"20210207170359","is_ascension_mode":false,"campfire_choices":[{"data":"hexamod:Sear","floor":1.0,"key":"SMITH"},{"data":"Bandage Up","floor":6.0,"key":"SMITH"},{"data":"hexamod:Float","floor":9.0,"key":"SMITH"},{"floor":13.0,"key":"DIG"},{"floor":18.0,"key":"DIG"},{"floor":25.0,"key":"DIG"},{"floor":27.0,"key":"DIG"},{"floor":29.0,"key":"REST"}],"circlet_count":0,"master_deck":["hexamod:Strike+1","hexamod:Defend+1","hexamod:Defend+1","hexamod:Sear+1","hexamod:Float+1","hexamod:FastForward+1","hexamod:HeatMetal+1","Bandage Up+1","hexamod:RadiantFlame+1","hexamod:BacktrackSmack+1","hexamod:GhostLash+1","hexamod:SpectersWail+1","hexamod:UnlimitedPower+1","hexamod:SoulSteal+1","hexamod:HeatCrush+1","hexamod:SixthSeal","hexamod:SkipABeat+1","hexamod:GhostOfSpireFuture+1","hexamod:CatchUp+1","hexamod:ExtraCrispy+1","hexamod:FastForward+1","hexamod:HauntingEcho+1","hexamod:SixthSeal","hexamod:Rewind+1","hexamod:SwordOfDarkness+1","hexamod:CatchUp+1"],"relics":["hexamod:IceCube","Du-Vu Doll","Molten Egg 2","Shovel","Bag of Preparation","Astrolabe","Art of War","Nilry\u0027s Codex","PreservedInsect","Blue Candle","MawBank"],"acts_visited":["Exordium","TheCity"],"potions_floor_usage":[],"damage_taken":[{"damage":0.0,"enemies":"2 Louse","floor":4.0,"turns":3.0},{"damage":0.0,"enemies":"downfall:FleeingMerchant","floor":5.0,"turns":4.0},{"damage":0.0,"enemies":"Cultist","floor":8.0,"turns":4.0},{"damage":33.0,"enemies":"3 Sentries","floor":10.0,"turns":9.0},{"damage":1.0,"enemies":"Jaw Worm","floor":11.0,"turns":4.0},{"damage":4.0,"enemies":"2 Fungi Beasts","floor":12.0,"turns":3.0},{"damage":10.0,"enemies":"downfall:FleeingMerchant","floor":14.0,"turns":4.0},{"damage":11.0,"enemies":"Exordium Wildlife","floor":15.0,"turns":2.0},{"damage":21.0,"enemies":"IC_STATUS_ARCHETYPE","floor":16.0,"turns":3.0},{"damage":22.0,"enemies":"Spheric Guardian","floor":19.0,"turns":4.0},{"damage":17.0,"enemies":"Centurion and Healer","floor":22.0,"turns":4.0},{"damage":23.0,"enemies":"Shelled Parasite and Fungi","floor":23.0,"turns":4.0},{"damage":20.0,"enemies":"Snecko","floor":26.0,"turns":5.0},{"damage":24.0,"enemies":"Centurion and Healer","floor":28.0,"turns":4.0},{"damage":19.0,"enemies":"Cultist and Chosen","floor":30.0,"turns":7.0},{"damage":15,"enemies":"Snecko","floor":31,"turns":3},{"damage":12,"enemies":"Shelled Parasite and Fungi","floor":32,"turns":1}],"seed_played":"8432240192360199914","potions_obtained":[{"floor":10.0,"key":"Energy Potion"},{"floor":15.0,"key":"EssenceOfSteel"},{"floor":16.0,"key":"LiquidBronze"},{"floor":22.0,"key":"FairyPotion"},{"floor":26.0,"key":"SpeedPotion"},{"floor":28.0,"key":"Fire Potion"}],"is_trial":false,"path_per_floor":["R","?","?","M","$","R","T","M","R","E","M","M","R","$","M","B",null,"R","M","?","?","M","M","T","R","M","R","M","R","M","M","M"],"character_chosen":"THE_SPIRIT","items_purchased":["Bandage Up","hexamod:SoulSteal"],"campfire_rested":1,"item_purchase_floors":[5,14],"current_hp_per_floor":[70,45,45,45,45,45,45,51,51,24,29,25,25,21,16,1,70,70,53,37,37,26,9,9,9,27,27,9,30,17,2,0,0,0],"gold":343,"neow_bonus":"BOSS_RELIC","is_daily":false,"chose_seed":false,"campfire_upgraded":3,"win_rate":0.0,"timestamp":1612688639,"path_taken":["R","?","?","?","?","R","T","M","R","E","M","M","R","$","M","BOSS","R","M","?","?","M","M","T","R","M","R","M","R","M","M","M"],"items_purchased_type":["Card","Card"],"build_version":"2020-12-22","purchased_purges":0,"victory":false,"max_hp_per_floor":[70,70,70,70,70,70,70,70,70,70,70,70,70,70,70,70,70,70,70,70,70,70,70,70,70,70,70,70,70,70,70,70,70,70],"card_choices":[{"not_picked":["hexamod:BurningTouch","hexamod:Hexaguard"],"picked":"hexamod:FastForward","floor":4.0},{"not_picked":["hexamod:GhostShield","hexamod:NightmareGuise"],"picked":"hexamod:HeatMetal","floor":5.0},{"not_picked":["hexamod:ShieldOfDarkness","hexamod:SwordOfDarkness+1"],"picked":"hexamod:RadiantFlame","floor":8.0},{"not_picked":["hexamod:NightmareGuise","hexamod:AdvancingGuard"],"picked":"hexamod:BacktrackSmack+1","floor":10.0},{"not_picked":["hexamod:HeatMetal+1","hexamod:SpectralAdrenaline"],"picked":"hexamod:GhostLash+1","floor":11.0},{"not_picked":["hexamod:BurningTouch","hexamod:NecessarySacrifice"],"picked":"hexamod:SpectersWail+1","floor":12.0},{"not_picked":["hexamod:FastForward","hexamod:RetreatToShadows"],"picked":"hexamod:UnlimitedPower","floor":14.0},{"not_picked":["hexamod:AdvancingGuard","hexamod:HeatMetal+1"],"picked":"hexamod:HeatCrush+1","floor":15.0},{"not_picked":["hexamod:HexaLevel","hexamod:UnleashSpirits+1"],"picked":"hexamod:SixthSeal","floor":16.0},{"not_picked":["hexamod:GhostShield+1","hexamod:Rewind"],"picked":"hexamod:ExtraCrispy+1","floor":19.0},{"not_picked":["hexamod:BurningTouch","hexamod:SwordOfDarkness+1"],"picked":"hexamod:FastForward+1","floor":22.0},{"not_picked":["hexamod:NightmareStrike+1","hexamod:GhostShield"],"picked":"hexamod:HauntingEcho+1","floor":23.0},{"not_picked":["hexamod:GhostShield","hexamod:Again+1"],"picked":"hexamod:SixthSeal","floor":26.0},{"not_picked":["hexamod:BacktrackSmack+1","hexamod:GhostOfSpireFuture+1"],"picked":"hexamod:Rewind","floor":28.0},{"not_picked":["hexamod:StepThrough+1","hexamod:NecessarySacrifice"],"picked":"hexamod:SwordOfDarkness+1","floor":30.0},{"not_picked":["hexamod:AdvancingGuard","hexamod:FastForward"],"picked":"hexamod:CatchUp+1","floor":31}],"player_experience":203853,"relics_obtained":[{"floor":7.0,"key":"Molten Egg 2"},{"floor":10.0,"key":"Shovel"},{"floor":13.0,"key":"Bag of Preparation"},{"floor":18.0,"key":"Art of War"},{"floor":20.0,"key":"Nilry\u0027s Codex"},{"floor":24.0,"key":"PreservedInsect"},{"floor":25.0,"key":"Blue Candle"},{"floor":27.0,"key":"MawBank"}],"event_choices":[{"damage_healed":0.0,"max_hp_gain":0.0,"max_hp_loss":0.0,"gold_gain":0.0,"event_name":"Scrap Ooze","player_choice":"Success","floor":2.0,"gold_loss":0.0,"damage_taken":25.0,"relics_obtained":["Du-Vu Doll"]},{"cards_removed":["hexamod:Strike"],"damage_healed":0.0,"max_hp_gain":0.0,"max_hp_loss":0.0,"gold_gain":0.0,"event_name":"Bonfire Elementals","player_choice":"Offered Basic","floor":3.0,"gold_loss":0.0,"damage_taken":0.0}],"is_beta":false,"boss_relics":[{"not_picked":["Velvet Choker","Runic Dome"],"picked":"Astrolabe"}],"items_purged_floors":[],"is_endless":false,"potions_floor_spawned":[10,15,16,22,26,28,31],"killed_by":"Shelled Parasite and Fungi","ascension_level":0}}