{"host":"Jedit","time":1612659696,"event":{"mods":["BaseMod","Minty Spire (QoL Compilation)","Relic Stats","StSLib"],"gold_per_floor":[110,35,35,51,51,51,80,91,91,91,61,125,125,145,145,221,221,241,516,550,550,550,550,550],"floor_reached":23,"language":"ENG","playtime":835,"items_purged":["Writhe"],"score":374,"play_id":"30db45d4-a6d2-4c80-a1ad-bc2d72a46165","local_time":"20210207010136","is_ascension_mode":true,"campfire_choices":[{"data":"Magnetism","floor":6,"key":"SMITH"},{"data":"Dodge and Roll","floor":10,"key":"SMITH"},{"floor":15,"key":"REST"}],"circlet_count":0,"master_deck":["AscendersBane","Strike_G+1","Strike_G+1","Defend_G","Defend_G","Defend_G","Defend_G","Survivor","Neutralize","Magnetism+1","Slice","Slice","Dodge and Roll+1","Backflip","Acrobatics","Calculated Gamble","Blade Dance","Envenom+1","Infinite Blades+1","Deflect+1","Heel Hook+1","Masterful Stab","Slice"],"relics":["Ring of the Snake","Happy Flower","Frozen Egg 2","Snake Skull","Astrolabe"],"acts_visited":["Exordium","TheCity"],"potions_floor_usage":[7,16],"damage_taken":[{"damage":10,"enemies":"2 Louse","floor":1,"turns":6},{"damage":3,"enemies":"Small Slimes","floor":4,"turns":4},{"damage":11,"enemies":"Lagavulin","floor":7,"turns":10},{"damage":7,"enemies":"Jaw Worm","floor":8,"turns":4},{"damage":24,"enemies":"Gremlin Nob","floor":12,"turns":4},{"damage":0,"enemies":"Large Slime","floor":14,"turns":6},{"damage":38,"enemies":"Slime Boss","floor":16,"turns":8},{"damage":16,"enemies":"Shell Parasite","floor":18,"turns":6},{"damage":26,"enemies":"2 Thieves","floor":20,"turns":4},{"damage":11,"enemies":"Book of Stabbing","floor":23,"turns":5}],"seed_played":"8607459296392842211","potions_obtained":[{"floor":4,"key":"Block Potion"},{"floor":8,"key":"LiquidMemories"},{"floor":12,"key":"FairyPotion"}],"is_trial":false,"path_per_floor":["M","$","?","M","?","R","E","M","T","R","$","?","?","M","R","B",null,"M","?","M","?","?","E"],"character_chosen":"THE_SILENT","items_purchased":["Acrobatics"],"campfire_rested":1,"item_purchase_floors":[11],"current_hp_per_floor":[49,49,29,26,48,48,37,30,30,30,30,6,6,6,25,19,54,38,38,12,12,12,1,1],"gold":550,"neow_bonus":"RANDOM_COLORLESS_2","is_daily":false,"chose_seed":false,"campfire_upgraded":2,"win_rate":0.0,"timestamp":1612659696,"path_taken":["M","$","?","M","?","R","E","M","T","R","$","?","?","?","R","BOSS","M","?","?","?","?","E"],"items_purchased_type":["Card"],"build_version":"2020-12-18","purchased_purges":1,"victory":false,"max_hp_per_floor":[66,66,66,66,66,66,66,66,66,66,66,66,66,66,66,66,66,66,66,66,66,66,66,66],"relic_stats":{"Happy Flower":[12],"counters":[10,57],"Astrolabe":["Infinite Blades","Deflect","Heel Hook"],"Snake Skull":[25],"obtain_stats":[{"Happy Flower":7,"Astrolabe":17,"Snake Skull":12,"Frozen Egg 2":9,"Ring of the Snake":0},{"Happy Flower":3,"Astrolabe":7,"Snake Skull":5,"Frozen Egg 2":4,"Ring of the Snake":0},{"Happy Flower":20,"Astrolabe":42,"Snake Skull":28,"Frozen Egg 2":24,"Ring of the Snake":0}],"Ring of the Snake":[20]},"card_choices":[{"not_picked":["Mayhem","Violence"],"picked":"Magnetism","floor":0},{"not_picked":["Dodge and Roll","Prepared"],"picked":"Slice","floor":1},{"not_picked":["Quick Slash","Flying Knee"],"picked":"Slice","floor":4},{"not_picked":["Underhanded Strike","Finisher"],"picked":"Dodge and Roll","floor":7},{"not_picked":["Outmaneuver","Expertise"],"picked":"Backflip","floor":8},{"not_picked":["Deadly Poison","Heel Hook"],"picked":"Calculated Gamble","floor":12},{"not_picked":["Dagger Throw","Deadly Poison"],"picked":"Blade Dance","floor":14},{"not_picked":["Bullet Time","Doppelganger"],"picked":"Envenom+1","floor":16},{"not_picked":["Predator","Bouncing Flask"],"picked":"Masterful Stab","floor":18},{"not_picked":["Flying Knee","Deadly Poison"],"picked":"Slice","floor":20}],"player_experience":3476060,"relics_obtained":[{"floor":7,"key":"Happy Flower"},{"floor":9,"key":"Frozen Egg 2"},{"floor":12,"key":"Snake Skull"}],"event_choices":[{"damage_healed":0,"gold_gain":0,"player_choice":"Entered Light","damage_taken":20,"max_hp_gain":0,"max_hp_loss":0,"event_name":"Shining Light","floor":3,"gold_loss":0,"cards_upgraded":["Strike_G","Strike_G"]},{"damage_healed":22,"gold_gain":0,"player_choice":"Banana","damage_taken":0,"max_hp_gain":0,"max_hp_loss":0,"event_name":"Big Fish","floor":5,"gold_loss":0},{"damage_healed":0,"gold_gain":0,"player_choice":"Searched \u00271\u0027 times","damage_taken":0,"max_hp_gain":0,"max_hp_loss":0,"event_name":"Dead Adventurer","floor":12,"gold_loss":0},{"cards_removed":["Strike_G"],"damage_healed":0,"gold_gain":0,"player_choice":"Forget","damage_taken":0,"max_hp_gain":0,"max_hp_loss":0,"event_name":"Living Wall","floor":13,"gold_loss":0},{"damage_healed":0,"gold_gain":275,"player_choice":"Desecrate","damage_taken":0,"max_hp_gain":0,"max_hp_loss":0,"event_name":"Golden Shrine","floor":19,"gold_loss":0,"cards_obtained":["Regret"]},{"cards_removed":["Regret"],"damage_healed":0,"gold_gain":0,"player_choice":"Elegance","damage_taken":0,"max_hp_gain":0,"max_hp_loss":0,"event_name":"Back to Basics","floor":21,"gold_loss":0},{"damage_healed":0,"gold_gain":0,"player_choice":"Ignored","damage_taken":0,"max_hp_gain":0,"max_hp_loss":0,"event_name":"Vampires","floor":22,"gold_loss":0}],"is_beta":true,"boss_relics":[{"not_picked":["Ring of the Serpent","Cursed Key"],"picked":"Astrolabe"}],"items_purged_floors":[2],"is_endless":false,"potions_floor_spawned":[4,8,12],"killed_by":"Book of Stabbing","ascension_level":20}}