{"host":"2j5d0uw0vihq8b8w","time":1612703511,"event":{"mods":["2.2 Compatiblity","AchievementEnabler","BaseMod","BetterRewards","Colored Map","Colored Powertips","Custom Start","DeckTracker","Minty Spire (QoL Compilation)","Permanent Neow","Quick Restart","Rare Cards Sparkle","StSLib","SuperFastMode"],"gold_per_floor":[119,136,27,37,49,49,76,76,99,99,127,144,144,162,162,267,267],"floor_reached":16,"language":"KOR","playtime":638,"items_purged":["Strike_R"],"score":243,"play_id":"0dc80ea4-b261-4473-9ea5-4d91abc64520","local_time":"20210207221151","is_ascension_mode":true,"campfire_choices":[{"data":"Apotheosis","floor":6.0,"key":"SMITH"},{"data":"Strike_R","floor":8.0,"key":"PURGE"},{"data":"Strike_R","floor":10.0,"key":"PURGE"},{"floor":15.0,"key":"REST"}],"circlet_count":0,"master_deck":["AscendersBane","Strike_R+1","Strike_R+1","Defend_R","Defend_R","Defend_R","Defend_R","Bash","Apotheosis+1","Metallicize","Twin Strike","Rupture","Rampage","Pommel Strike","True Grit"],"relics":["Burning Blood","Peace Pipe","Omamori","Whetstone","Dream Catcher","Tiny Chest"],"acts_visited":["Exordium"],"potions_floor_usage":[],"damage_taken":[{"damage":2.0,"enemies":"2 Louse","floor":1.0,"turns":2.0},{"damage":4.0,"enemies":"Jaw Worm","floor":2.0,"turns":3.0},{"damage":8.0,"enemies":"Small Slimes","floor":4.0,"turns":4.0},{"damage":8.0,"enemies":"2 Fungi Beasts","floor":5.0,"turns":4.0},{"damage":18.0,"enemies":"3 Sentries","floor":7.0,"turns":9.0},{"damage":20.0,"enemies":"Gremlin Nob","floor":11.0,"turns":4.0},{"damage":3.0,"enemies":"Large Slime","floor":12.0,"turns":3.0},{"damage":17.0,"enemies":"Gremlin Gang","floor":14.0,"turns":7.0},{"damage":21.0,"enemies":"Hexaghost","floor":16.0,"turns":9.0}],"seed_played":"-6500809253656315687","potions_obtained":[{"floor":1.0,"key":"PowerPotion"},{"floor":2.0,"key":"Block Potion"},{"floor":5.0,"key":"SkillPotion"},{"floor":11.0,"key":"EntropicBrew"}],"is_trial":false,"path_per_floor":["M","M","$","M","M","R","E","R","T","R","E","M","?","M","R","B"],"character_chosen":"IRONCLAD","items_purchased":["Apotheosis","Omamori","Rupture"],"campfire_rested":1,"item_purchase_floors":[0,0,3],"current_hp_per_floor":[40,42,42,40,38,38,26,26,26,26,12,15,20,9,34,19,19],"gold":267,"neow_bonus":"","is_daily":false,"chose_seed":false,"campfire_upgraded":1,"win_rate":0.0,"timestamp":1612703511,"path_taken":["M","M","$","M","M","R","E","R","T","R","E","M","?","M","R","BOSS","BOSS"],"items_purchased_type":["Card","Relic","Card"],"build_version":"2020-12-22","purchased_purges":1,"victory":false,"max_hp_per_floor":[80,80,80,80,80,80,80,80,80,80,80,80,85,85,85,85,85],"card_choices":[{"not_picked":["Searing Blow","Heavy Blade"],"picked":"Metallicize","floor":1.0},{"not_picked":["Clothesline","Reckless Charge"],"picked":"Twin Strike","floor":2.0},{"not_picked":["Battle Trance","Iron Wave"],"picked":"Rampage","floor":4.0},{"not_picked":["Thunderclap","Sword Boomerang","Battle Trance"],"picked":"SKIP","floor":5.0},{"not_picked":["Havoc","Impervious"],"picked":"Pommel Strike","floor":7.0},{"not_picked":["Spot Weakness","Carnage","True Grit"],"picked":"SKIP","floor":11.0},{"not_picked":["Twin Strike","Flex"],"picked":"True Grit","floor":12.0},{"not_picked":["Wild Strike","Entrench","Heavy Blade"],"picked":"SKIP","floor":14.0}],"player_experience":661558,"relics_obtained":[{"floor":7.0,"key":"Whetstone"},{"floor":9.0,"key":"Dream Catcher"},{"floor":11.0,"key":"Tiny Chest"}],"event_choices":[{"damage_healed":0.0,"max_hp_gain":5.0,"max_hp_loss":0.0,"gold_gain":0.0,"event_name":"Big Fish","player_choice":"Donut","floor":13.0,"gold_loss":0.0,"damage_taken":0.0}],"is_beta":false,"boss_relics":[],"items_purged_floors":[3],"is_endless":false,"potions_floor_spawned":[1,2,5,11],"killed_by":"Hexaghost","ascension_level":10}}