{"host":"92wx9z21c4p52du4","time":1612736370,"event":{"mods":["Act Like it!","Arknights","Bard","BaseMod","Infinite Spire","Lobotomy","Minty Spire (QoL Compilation)","Reliquary","Robot Space Explorer","StSLib","SuperFastMode","The Blue Laboratory","The Disciple","The Jungle","The Runesmith","TheSurvivalist"],"gold_per_floor":[18,30,30,30,53,53,77,107,107,129,129,129,129,54,54,150,150,160,88,114,127,127,127,127,127],"floor_reached":24,"language":"ENG","playtime":2320,"items_purged":["Defend_Br","Strike_Br"],"score":196,"play_id":"bb53c52c-3c45-4644-b52f-a6eda56f2c6c","local_time":"20210207161930","is_ascension_mode":false,"campfire_choices":[{"data":"LockedWarPaint","floor":6,"key":"SMITH"},{"floor":11,"key":"RECALL"},{"floor":13,"key":"REST"},{"data":"LockedWhetstone","floor":15,"key":"SMITH"}],"circlet_count":0,"master_deck":["Accelerando+1","Allegro+1","Moderato+1","Rallentando","Strike_Br","Defend_Br","Defend_Br","SecondHand","PatternShift","ExoVibe","BeatsPerMinute+1","HandsUpB","LockedWarPaint+1","LockedMawBank","LockedWhetstone+1","ExoVibe","OldTimer","HandsUpC","Flay","Keepsakes","Cuckoo","VestedLegacy","WatchCommand+1","infinitespire:Fortify"],"relics":["Chronometer","infinitespire:BottledMercury","reliquary:Knoch","infinitespire:Cupcake","reliquary:Aerogel"],"acts_visited":["Exordium","Exordium"],"potions_floor_usage":[7,16],"damage_taken":[{"damage":0,"enemies":"Jaw Worm","floor":1,"turns":6},{"damage":6,"enemies":"2 Louse","floor":2,"turns":3},{"damage":5,"enemies":"ats:Genji","floor":5,"turns":7},{"damage":9,"enemies":"Gremlin Gang","floor":7,"turns":8},{"damage":10,"enemies":"3 Sentries","floor":8,"turns":15},{"damage":4,"enemies":"2 Fungi Beasts","floor":10,"turns":3},{"damage":28,"enemies":"The Guardian","floor":16,"turns":12},{"damage":25,"enemies":"theJungle:Flameango_and_Byrd","floor":18,"turns":10},{"damage":9,"enemies":"theJungle:GiantWrat","floor":20,"turns":6},{"damage":12,"enemies":"theJungle:SlimyTreeVines","floor":21,"turns":8},{"damage":41,"enemies":"theJungle:2_Phrogs","floor":24,"turns":3}],"seed_played":"8497954434818895480","potions_obtained":[{"floor":5,"key":"blueLaboratory:BubblePotion"},{"floor":7,"key":"blueLaboratory:LouseDecoction"},{"floor":10,"key":"blueLaboratory:TrueEctoplasm"},{"floor":20,"key":"blueLaboratory:FrostheartPotion"}],"is_trial":false,"path_per_floor":["M","M","?","?","M","R","M","E","T","M","R","?","R","$","R","B",null,"M","$","M","M","AVR","?","E"],"character_chosen":"CHRONO_CLASS","items_purchased":["Cuckoo"],"campfire_rested":1,"item_purchase_floors":[19],"current_hp_per_floor":[65,59,59,59,54,54,45,35,35,31,31,28,47,47,47,19,65,40,40,31,25,25,25,0,0],"gold":127,"neow_bonus":"TRANSFORM_TWO_CARDS","is_daily":false,"chose_seed":false,"campfire_upgraded":2,"win_rate":0.0,"timestamp":1612736370,"path_taken":["M","M","?","?","?","R","M","E","T","?","R","?","R","$","R","BOSS","M","$","M","M","AVR","?","E"],"items_purchased_type":["Card"],"build_version":"2020-12-22","purchased_purges":2,"victory":false,"max_hp_per_floor":[65,65,65,65,65,65,65,65,65,65,65,65,65,65,65,65,65,65,65,65,65,65,65,65,65],"card_choices":[{"not_picked":["ReapSow","LockedTurtyl"],"picked":"HandsUpB","floor":1},{"not_picked":["Keepsakes","EscortCommand"],"picked":"LockedWarPaint","floor":2},{"not_picked":["Backlash","Stagnate"],"picked":"LockedWhetstone","floor":5},{"not_picked":["Echoward","BiteCommand"],"picked":"ExoVibe","floor":7},{"not_picked":["ExoVibe","LockedScales"],"picked":"OldTimer","floor":8},{"not_picked":["HandsUpB","Engulf"],"picked":"HandsUpC","floor":10},{"not_picked":["Pendulum","MasterKey"],"picked":"Flay","floor":16},{"not_picked":["CrunchTime","ShortSighted"],"picked":"Keepsakes","floor":18},{"not_picked":["BiteCommand","Engulf+1"],"picked":"VestedLegacy","floor":20},{"not_picked":["LockedAnchor","HandsUpC"],"picked":"WatchCommand+1","floor":21}],"player_experience":210586,"relics_obtained":[{"floor":8,"key":"infinitespire:BottledMercury"}],"event_choices":[{"damage_healed":0,"gold_gain":0,"cards_transformed":["Strike_Br"],"player_choice":"Change","damage_taken":0,"max_hp_gain":0,"max_hp_loss":0,"event_name":"Living Wall","floor":3,"gold_loss":0,"cards_obtained":["LockedMawBank"]},{"damage_healed":0,"gold_gain":0,"player_choice":"Upgraded","damage_taken":0,"max_hp_gain":0,"max_hp_loss":0,"event_name":"Upgrade Shrine","floor":4,"gold_loss":0,"cards_upgraded":["BeatsPerMinute"]},{"damage_healed":0,"gold_gain":0,"player_choice":"Success","damage_taken":3,"relics_obtained":["reliquary:Knoch"],"max_hp_gain":0,"max_hp_loss":0,"event_name":"Scrap Ooze","floor":12,"gold_loss":0}],"is_beta":false,"boss_relics":[{"not_picked":["Cursed Key","SlaversCollar"],"picked":"infinitespire:Cupcake"}],"items_purged_floors":[14,22],"is_endless":false,"potions_floor_spawned":[5,7,10,20],"killed_by":"theJungle:2_Phrogs","ascension_level":0}}