{"host":"c6xy0a74zz7y4nf6","time":1612676461,"event":{"mods":["BaseMod","Colored Map","Hermit","Minty Spire (QoL Compilation)","Replay The Spire","Robot Space Explorer","StSLib","The Cursed","The Death Knight","The Exalted","The Servant 0.9.4","The Wild Card"],"gold_per_floor":[111,111,111,111,131,131,145,174,200,220,246,246,296,306,306,401,401,413,413,6,26,40,40,40,40],"floor_reached":24,"language":"ENG","playtime":1414,"items_purged":["ReplayTheSpireMod:Splinters"],"score":231,"play_id":"b393358f-f836-4682-8d05-b6cd128e67ea","local_time":"20210206234101","is_ascension_mode":false,"campfire_choices":[{"floor":6,"key":"RECALL"},{"floor":12,"key":"REST"},{"floor":23,"key":"REST"}],"circlet_count":0,"master_deck":["Bromod:Strike_Bro+1","Bromod:Strike_Bro","Bromod:Strike_Bro","Bromod:Defend_Bro","Bromod:Defend_Bro+1","Bromod:Defend_Bro","Bromod:Defend_Bro","Bromod:SlashDash","Bromod:SlashDash","Bromod:SlashDash","Regret","Bromod:Stretch","CommonCold","Bromod:Vitality","Bromod:PressurePoint","Bromod:Rejuvenation","Bromod:SlashDash","Bromod:Flow","Bromod:Serration","Bromod:ContagiousSpread","Bromod:ArchwingLauncher","Bromod:Berserker+1","Bromod:PointStrike+1","Bromod:SlashDash","Bromod:FormaBlueprint+1"],"relics":["Bromod:Ordis","Bromod:AscarisDevice","Gambling Chip","Iron Hammer","Smiling Mask","Blue Doll","Ornamental Fan","Fusion Hammer","Membership Card","Regal Pillow","Gremlin Food"],"acts_visited":["Exordium","TheCity"],"potions_floor_usage":[8,11,16,24],"damage_taken":[{"damage":0,"enemies":"2 Louse","floor":1,"turns":2},{"damage":3,"enemies":"Jaw Worm","floor":5,"turns":4},{"damage":0,"enemies":"Small Slimes","floor":7,"turns":1},{"damage":18,"enemies":"3 Sentries","floor":8,"turns":5},{"damage":2,"enemies":"Exordium Wildlife","floor":10,"turns":4},{"damage":55,"enemies":"Lagavulin","floor":11,"turns":7},{"damage":2,"enemies":"Looter","floor":14,"turns":1},{"damage":31,"enemies":"Hexaghost","floor":16,"turns":11},{"damage":13,"enemies":"3 Byrds","floor":18,"turns":5},{"damage":14,"enemies":"Spheric Guardian","floor":21,"turns":8},{"damage":46,"enemies":"Cultist and Chosen","floor":22,"turns":10},{"damage":70,"enemies":"Book of Stabbing","floor":24,"turns":7}],"seed_played":"-4751351261607846188","potions_obtained":[{"floor":1,"key":"SteroidPotion"},{"floor":8,"key":"DuplicationPotion"},{"floor":11,"key":"Bromod:HealthRestore"},{"floor":16,"key":"Bromod:ShieldRestore"},{"floor":21,"key":"SteroidPotion"}],"is_trial":false,"path_per_floor":["M","?","T","?","M","R","M","E","T","M","E","R","?","M","R_BF","B",null,"M","?","$","M","M","R","E"],"character_chosen":"THE_EXALTED","items_purchased":["Membership Card","Regal Pillow","Gremlin Food","Bromod:PointStrike+1","DuplicationPotion"],"campfire_rested":2,"item_purchase_floors":[20,20,20,20,20],"current_hp_per_floor":[75,75,75,75,72,72,72,54,54,61,13,35,35,33,33,20,75,68,68,68,60,24,61,0,0],"gold":40,"neow_bonus":"RANDOM_EVENT","is_daily":false,"chose_seed":false,"campfire_upgraded":0,"win_rate":0.0,"timestamp":1612676461,"path_taken":["M","?","?","?","M","R","?","E","T","M","E","R","?","M","R_BF","BOSS","M","?","$","M","M","R","E"],"items_purchased_type":["Relic","Relic","Relic","Card","Potion"],"build_version":"2020-12-22","purchased_purges":1,"victory":false,"max_hp_per_floor":[75,75,75,75,75,75,75,75,75,75,75,75,75,75,75,75,75,75,75,75,75,75,75,75,75],"card_choices":[{"not_picked":["Bromod:ShatteringImpact","Bromod:QuickDraw"],"picked":"Bromod:Stretch","floor":1},{"not_picked":["Bromod:QuickDraw","Bromod:KillingBlow"],"picked":"Bromod:Vitality","floor":5},{"not_picked":["Bromod:BriefRespite","Bromod:Reflection"],"picked":"Bromod:PressurePoint","floor":7},{"not_picked":["Bromod:NorthWind","Bromod:QuickDraw"],"picked":"Bromod:Rejuvenation","floor":8},{"not_picked":["Bromod:SlipMagazine","Bromod:Vitality"],"picked":"Bromod:SlashDash","floor":10},{"not_picked":["Bromod:SteelFiber","Bromod:BulletJump"],"picked":"Bromod:Flow","floor":11},{"not_picked":["Bromod:Foundry","Bromod:Reflection"],"picked":"Bromod:Serration","floor":13},{"not_picked":["Bromod:Fury","Bromod:FastHands"],"picked":"Bromod:ContagiousSpread","floor":13},{"not_picked":["Bromod:SeismicWave","Bromod:Provoked"],"picked":"Bromod:ArchwingLauncher","floor":14},{"not_picked":["Bromod:ThermiteRounds","Bromod:Frostbite"],"picked":"Bromod:Berserker","floor":16},{"not_picked":["Bromod:Stretch","Bromod:SlipMagazine","Bromod:Serration"],"picked":"SKIP","floor":18},{"not_picked":["Bromod:ShatteringImpact+1","Bromod:BriefRespite+1"],"picked":"Bromod:SlashDash","floor":21},{"not_picked":["Bromod:ShatteringImpact","Bromod:SteelFiber"],"picked":"Bromod:FormaBlueprint+1","floor":22}],"player_experience":109351,"relics_obtained":[{"floor":3,"key":"Iron Hammer"},{"floor":8,"key":"Smiling Mask"},{"floor":9,"key":"Blue Doll"},{"floor":13,"key":"Ornamental Fan"}],"event_choices":[{"damage_healed":0,"gold_gain":0,"player_choice":"Box","damage_taken":0,"relics_obtained":["Gambling Chip"],"max_hp_gain":0,"max_hp_loss":0,"event_name":"Big Fish","floor":0,"gold_loss":0,"cards_obtained":["Regret"]},{"damage_healed":0,"gold_gain":0,"player_choice":"Ignored","damage_taken":0,"max_hp_gain":0,"max_hp_loss":0,"event_name":"Shining Light","floor":15,"gold_loss":0}],"is_beta":false,"boss_relics":[{"not_picked":["Empty Cage","Replay:Wanted Poster"],"picked":"Fusion Hammer"}],"items_purged_floors":[20],"is_endless":false,"potions_floor_spawned":[1,8,11,16,21],"killed_by":"Book of Stabbing","ascension_level":0}}