{"host":"5uuadjc5gi6cs0xs","time":1612723954,"event":{"mods":["2.2 Compatiblity","Abigail Mod","AchievementEnabler","Act Like it!","BaseMod","BetterRewards","Chen","FTL Soundtrack","Friendly Minions","Hero for Fun","KinomotoSakuraMod(????)","Kiyohime????","Koishi","Marisa????????","Minty Spire (QoL Compilation)","Onozuka Komachi Mod","Permanent Neow","Prisma Mod","Quick Restart","Railgun Mod","Rare Cards Sparkle","Relic Stats","Remilia??????","StSLib","The Administrix","The Animator","The Exalted","The Gatherer","TheSwordswoman","Waifu the Spire","WarShipGirlsR/????R mod","Yohane!","Yuri Mod","Yuyuko"],"gold_per_floor":[126,144,219,219,47,47,47],"floor_reached":6,"language":"DEU","playtime":733,"items_purged":[],"score":36,"play_id":"f3ef7c56-5820-43fa-8e80-0f0628140bc2","local_time":"20210207195234","is_ascension_mode":true,"campfire_choices":[],"circlet_count":0,"master_deck":["animator:Strike_Konosuba","animator:Defend_Konosuba","animator:Strike","animator:Strike","animator:Strike","animator:Defend","animator:Defend","animator:Defend","animator:Kazuma","animator:Aqua+1","animator:ShinjiMatou","animator:Shalltear","animator:Konayuki"],"relics":["animator:LivingPicture","animator:ColorlessFragment"],"acts_visited":["Exordium"],"potions_floor_usage":[],"damage_taken":[{"damage":6,"enemies":"Jaw Worm","floor":1,"turns":5},{"damage":0,"enemies":"2 Louse","floor":2,"turns":4},{"damage":65,"enemies":"Lagavulin","floor":6,"turns":11}],"seed_played":"637123651482149355","potions_obtained":[],"is_trial":false,"path_per_floor":["M","M","?","?","$","E"],"character_chosen":"THE_ANIMATOR","items_purchased":["animator:ColorlessFragment"],"campfire_rested":0,"item_purchase_floors":[5],"current_hp_per_floor":[62,64,53,53,53,0,0],"gold":47,"neow_bonus":"THREE_CARDS","is_daily":false,"chose_seed":false,"campfire_upgraded":0,"win_rate":0.0,"timestamp":1612723954,"path_taken":["M","M","?","?","$","E"],"items_purchased_type":["Relic"],"build_version":"2020-12-22","purchased_purges":0,"victory":false,"max_hp_per_floor":[66,66,66,66,66,66,66],"relic_stats":{"counters":[3,20],"obtain_stats":[{"animator:ColorlessFragment":5,"animator:TheMissingPiece":0,"animator:LivingPicture":0},{"animator:ColorlessFragment":2,"animator:TheMissingPiece":0,"animator:LivingPicture":0},{"animator:ColorlessFragment":9,"animator:TheMissingPiece":0,"animator:LivingPicture":0}]},"card_choices":[{"not_picked":["animator:UneriGinkaku","animator:Aqua"],"picked":"animator:ShinjiMatou","floor":0},{"not_picked":["animator:Viivi","animator:Evileye"],"picked":"animator:Shalltear","floor":1},{"not_picked":["animator:Togame","animator:Hakurou"],"picked":"animator:Konayuki","floor":2}],"player_experience":396147,"relics_obtained":[],"event_choices":[{"damage_healed":0,"gold_gain":75,"player_choice":"Gather Gold","damage_taken":11,"max_hp_gain":0,"max_hp_loss":0,"event_name":"World of Goop","floor":3,"gold_loss":0},{"damage_healed":0,"gold_gain":0,"player_choice":"Grow","damage_taken":0,"max_hp_gain":0,"max_hp_loss":0,"event_name":"Living Wall","floor":4,"gold_loss":0,"cards_upgraded":["animator:Aqua"]}],"is_beta":false,"boss_relics":[],"items_purged_floors":[],"is_endless":false,"potions_floor_spawned":[],"killed_by":"Lagavulin","ascension_level":1}}