{"host":"8z0h4areh8sio1k0","time":1612663836,"event":{"mods":["Act Like it!","Aspiration","BaseMod","Colored Map","Conspire","Hubris","Minty Spire (QoL Compilation)","Replay The Spire","StSLib","TestMod","The Bug Knight","The Cursed"],"gold_per_floor":[112,123,139,152,171,205,205,205,205,29,47,47,78,97,97,194,194,214,234,251,102,119,119,144,144,144,154,11,11,26,57,57,162,212,224,124,124,144,161,161,191,207,259,103,103,118,118,152,152,152],"floor_reached":51,"language":"ZHS","playtime":3475,"items_purged":["TheCursedMod:Defend_TheCursed","TheCursedMod:Strike_TheCursed"],"score":931,"play_id":"ef47e8a6-9926-4797-a3f3-0dae764a04c3","local_time":"20210207101036","is_ascension_mode":false,"campfire_choices":[{"data":"TheCursedMod:CircleOfBlood","floor":8,"key":"SMITH"},{"data":"TheCursedMod:NeowsMight","floor":15,"key":"SMITH"},{"data":"TheCursedMod:EmpowerCircles","floor":23,"key":"SMITH"},{"data":"TheCursedMod:HellfireBreathing","floor":25,"key":"SMITH"},{"data":"TheCursedMod:AbyssShockwave","floor":32,"key":"SMITH"},{"data":"TheCursedMod:CursedSpellbook","floor":40,"key":"SMITH"},{"data":"TheCursedMod:CircleOfCorruption","floor":45,"key":"SMITH"},{"data":"TheCursedMod:CursedWand","floor":47,"key":"SMITH"},{"data":"TheCursedMod:HellsGateOpen","floor":49,"key":"SMITH"}],"circlet_count":0,"master_deck":["TheCursedMod:Strike_TheCursed","TheCursedMod:Strike_TheCursed","TheCursedMod:Strike_TheCursed","TheCursedMod:Defend_TheCursed","TheCursedMod:Defend_TheCursed+1","TheCursedMod:Defend_TheCursed","TheCursedMod:Defend_TheCursed","TheCursedMod:CursedWand+1","TheCursedMod:CleanUpWorkshop+1","TheCursedMod:Dregs","conspire:Blindness","Parasite","Shame","TheCursedMod:TacticalStrike","TheCursedMod:CircleOfBlood+1","TheCursedMod:HellsGateOpen+1","TheCursedMod:CircleOfCorruption+1","TheCursedMod:SurpriseAttack","TheCursedMod:NeowsMight+1","TheCursedMod:SpitefulPlan+1","TheCursedMod:SpitefulStrike","TheCursedMod:DoubleShield","TheCursedMod:AbyssShockwave+1","TheCursedMod:CircleOfAmplification+1","TheCursedMod:SoulReap","TheCursedMod:EmpowerCircles+1","TheCursedMod:HellfireBreathing+1","TheCursedMod:CursedSpellbook+1","TheCursedMod:LuckyCharm","TheCursedMod:SmokeScreen","TheCursedMod:SpitefulPray","TheCursedMod:AshesToAshes+1"],"relics":["TheCursedMod:BlackMagic101","testmod-TestBox","testmod-ObsoleteBoomerang","testmod-Laevatain","aspiration:Lifesprig","Toy Ornithopter","Potion Belt","Philosopher\u0027s Stone","testmod-LifeArmor","War Paint","hubris:SlimyHat","Tiny House","Shovel","HollowMod:PaleOreRelic","hubris:ToyBattleship","MealTicket","testmod-CrystalShield"],"acts_visited":["Exordium","TheCity","TheBeyond"],"potions_floor_usage":[13,27,27,30,35,42,48,50,50,50],"damage_taken":[{"damage":0,"enemies":"2 Louse","floor":1,"turns":2},{"damage":0,"enemies":"Cultist","floor":2,"turns":3},{"damage":1,"enemies":"Jaw Worm","floor":3,"turns":2},{"damage":0,"enemies":"Exordium Wildlife","floor":4,"turns":3},{"damage":10,"enemies":"Looter","floor":5,"turns":3},{"damage":0,"enemies":"Replay:BlueRogue","floor":6,"turns":3},{"damage":0,"enemies":"Lots of Slimes","floor":11,"turns":2},{"damage":0,"enemies":"Gremlin Nob","floor":13,"turns":2},{"damage":8,"enemies":"Red Slaver","floor":14,"turns":2},{"damage":11,"enemies":"Fading Forest","floor":16,"turns":11},{"damage":0,"enemies":"Spheric Guardian","floor":18,"turns":2},{"damage":22,"enemies":"3 Byrds","floor":19,"turns":3},{"damage":18,"enemies":"Snake Plant","floor":20,"turns":3},{"damage":0,"enemies":"conspire:HollyBat","floor":22,"turns":5},{"damage":0,"enemies":"conspire:Head Lice","floor":24,"turns":4},{"damage":9,"enemies":"Centurion and Healer","floor":27,"turns":3},{"damage":9,"enemies":"Snake Plant","floor":30,"turns":3},{"damage":12,"enemies":"HollowMod:Nosk","floor":31,"turns":4},{"damage":0,"enemies":"Collector","floor":33,"turns":4},{"damage":9,"enemies":"3 Darklings","floor":35,"turns":3},{"damage":0,"enemies":"Orb Walker","floor":38,"turns":2},{"damage":8,"enemies":"4 Shapes","floor":39,"turns":3},{"damage":0,"enemies":"conspire:MimicChest","floor":41,"turns":2},{"damage":30,"enemies":"Writhing Mass","floor":42,"turns":4},{"damage":0,"enemies":"Maw","floor":46,"turns":3},{"damage":19,"enemies":"Nemesis","floor":48,"turns":3},{"damage":32,"enemies":"conspire:OrnateMirror","floor":50,"turns":5}],"seed_played":"8876256141162460628","potions_obtained":[{"floor":1,"key":"Adrenaline Potion"},{"floor":4,"key":"SteroidPotion"},{"floor":11,"key":"Dexterity Potion"},{"floor":20,"key":"BlessingOfTheForge"},{"floor":24,"key":"Toxic Potion"},{"floor":27,"key":"Toxic Potion"},{"floor":30,"key":"LiquidBronze"},{"floor":33,"key":"AttackPotion"},{"floor":34,"key":"Dexterity Potion"},{"floor":35,"key":"Strength Potion"},{"floor":41,"key":"PowerPotion"}],"is_trial":false,"path_per_floor":["M","M","M","M","M","E","?","R","T","$","M","$","E","M","R","B",null,"M","M","M","$","M","R","E","R","T","M","$","?","M","E","R","B",null,"M","$","?","M","M","R","?","M","T","$","R","M","R","E","R","B",null],"character_chosen":"THE_CURSED","items_purchased":["TheCursedMod:NeowsMight","TheCursedMod:SpitefulPlan","TheCursedMod:SoulReap","War Paint","MealTicket"],"campfire_rested":0,"item_purchase_floors":[10,10,21,28,44],"current_hp_per_floor":[75,75,74,75,67,71,71,71,71,71,71,71,75,67,67,67,75,75,60,57,57,61,61,75,75,75,75,75,75,66,62,62,75,80,75,75,75,80,80,80,80,57,57,57,57,80,80,66,66,65],"gold":152,"neow_bonus":"ONE_RARE_RELIC","is_daily":false,"chose_seed":false,"campfire_upgraded":9,"win_rate":0.0,"timestamp":1612663836,"path_taken":["M","M","M","M","M","E","?","R","T","$","M","$","E","M","R","BOSS","M","M","?","$","M","R","E","R","T","M","?","?","M","E","R","BOSS","M","$","?","M","M","R","?","M","T","?","R","?","R","E","R","BOSS"],"items_purchased_type":["Card","Card","Card","Relic","Relic"],"build_version":"2020-12-22","purchased_purges":2,"victory":true,"max_hp_per_floor":[75,75,75,75,75,75,75,75,75,75,75,75,75,75,75,75,75,75,75,75,75,75,75,75,75,75,75,75,75,75,75,75,75,80,80,80,80,80,80,80,80,80,80,80,80,80,80,80,80,80],"card_choices":[{"not_picked":["TheCursedMod:Grudge","TheCursedMod:DoubleShield"],"picked":"TheCursedMod:TacticalStrike","floor":1},{"not_picked":["TheCursedMod:Wield","TheCursedMod:DoubleShield"],"picked":"TheCursedMod:CircleOfBlood","floor":2},{"not_picked":["TheCursedMod:SmokeScreen","TheCursedMod:RavingStaff"],"picked":"TheCursedMod:HellsGateOpen","floor":3},{"not_picked":["TheCursedMod:ReleasedStrength","TheCursedMod:LuckyCharm"],"picked":"TheCursedMod:CircleOfCorruption","floor":4},{"not_picked":["TheCursedMod:Obscuration","TheCursedMod:CursedSpellbook"],"picked":"TheCursedMod:SurpriseAttack","floor":5},{"not_picked":["TheCursedMod:CircleOfFocus","TheCursedMod:Obscuration","TheCursedMod:Stigma"],"picked":"SKIP","floor":6},{"not_picked":["TheCursedMod:SpreadPlague","TheCursedMod:ManaCirculation"],"picked":"TheCursedMod:SpitefulStrike","floor":11},{"not_picked":["TheCursedMod:SurpriseAttack","TheCursedMod:SpitefulStrike"],"picked":"TheCursedMod:DoubleShield","floor":13},{"not_picked":["TheCursedMod:DoubleShield","TheCursedMod:ReleasedStrength"],"picked":"TheCursedMod:AbyssShockwave","floor":14},{"not_picked":["TheCursedMod:CursedStaff","TheCursedMod:Stretching+1"],"picked":"TheCursedMod:CircleOfAmplification","floor":18},{"not_picked":["TheCursedMod:HellsGateOpen","TheCursedMod:CircleOfCorruption","TheCursedMod:SpitefulStrike+1"],"picked":"SKIP","floor":19},{"not_picked":["TheCursedMod:SpitefulPlan","TheCursedMod:Hemoplague","TheCursedMod:FleshFromBone"],"picked":"SKIP","floor":20},{"not_picked":["TheCursedMod:CursedAmulet","TheCursedMod:RapidMovement"],"picked":"TheCursedMod:EmpowerCircles","floor":22},{"not_picked":["TheCursedMod:SaltUponWound+1","TheCursedMod:AshesToAshes"],"picked":"TheCursedMod:HellfireBreathing","floor":24},{"not_picked":["TheCursedMod:CursedShiv","TheCursedMod:Stretching","TheCursedMod:Neurasthenia"],"picked":"SKIP","floor":27},{"not_picked":["TheCursedMod:CursedAmulet","TheCursedMod:SurpriseAttack"],"picked":"TheCursedMod:CursedSpellbook","floor":30},{"not_picked":["TheCursedMod:FuryStrike+1","TheCursedMod:SpitefulPlan"],"picked":"TheCursedMod:LuckyCharm","floor":31},{"not_picked":["TheCursedMod:CursedMace","TheCursedMod:RapidMovement"],"picked":"TheCursedMod:SmokeScreen","floor":34},{"not_picked":["TheCursedMod:CircleOfAmplification","TheCursedMod:SoulReap","TheCursedMod:SmokeScreen+1"],"picked":"SKIP","floor":35},{"not_picked":["TheCursedMod:TacticalStrike","TheCursedMod:StingEye+1"],"picked":"TheCursedMod:SpitefulPray","floor":38},{"not_picked":["TheCursedMod:WearCloak","TheCursedMod:CursedBlade","TheCursedMod:CursedAmulet"],"picked":"SKIP","floor":39},{"not_picked":["TheCursedMod:BlessingInDisguise","TheCursedMod:CursedShiv+1"],"picked":"TheCursedMod:AshesToAshes+1","floor":41},{"not_picked":["TheCursedMod:VoidForm","TheCursedMod:HellfireBreathing","TheCursedMod:CursedBlade+1"],"picked":"SKIP","floor":42},{"not_picked":["TheCursedMod:RavingStaff+1","TheCursedMod:VitalStrike+1","TheCursedMod:WearCloak+1"],"picked":"SKIP","floor":46},{"not_picked":["TheCursedMod:Mangle","TheCursedMod:Obscuration+1","TheCursedMod:Stretching+1"],"picked":"SKIP","floor":48}],"player_experience":531880,"relics_obtained":[{"floor":6,"key":"aspiration:Lifesprig"},{"floor":9,"key":"Toy Ornithopter"},{"floor":13,"key":"Potion Belt"},{"floor":24,"key":"Replay:Bottled Flurry"},{"floor":26,"key":"testmod-LifeArmor"},{"floor":31,"key":"hubris:SlimyHat"},{"floor":41,"key":"HollowMod:PaleOreRelic"},{"floor":43,"key":"hubris:ToyBattleship"},{"floor":48,"key":"testmod-CrystalShield"}],"event_choices":[{"cards_removed":["Defend_B"],"damage_healed":0,"gold_gain":0,"player_choice":"Card Removal","damage_taken":0,"max_hp_gain":0,"max_hp_loss":0,"event_name":"Wheel of Change","floor":7,"gold_loss":0},{"damage_healed":0,"gold_gain":0,"player_choice":"Forge","damage_taken":0,"max_hp_gain":0,"max_hp_loss":0,"event_name":"Accursed Blacksmith","floor":29,"gold_loss":0,"cards_upgraded":["TheCursedMod:CircleOfAmplification"]},{"damage_healed":0,"gold_gain":0,"player_choice":"Swap Relic","damage_taken":0,"relics_obtained":["Shovel"],"max_hp_gain":0,"max_hp_loss":0,"event_name":"给自己的盒子","floor":37,"relics_lost":["Replay:Bottled Flurry"],"gold_loss":0}],"is_beta":false,"boss_relics":[{"not_picked":["aspiration:FutureDiary","Pandora\u0027s Box"],"picked":"Philosopher\u0027s Stone"},{"not_picked":["SacredBark","hubris:TerracottaHorce"],"picked":"Tiny House"}],"items_purged_floors":[21,36],"is_endless":false,"potions_floor_spawned":[1,4,11,20,24,27,30,33,35,41],"ascension_level":0}}