{"host":"gttgmv2wah99hzdm","time":1612725478,"event":{"mods":["AchievementEnabler","BaseMod","Bestiary","Block Reminder","Minty Spire (QoL Compilation)","Relic Stats","Weighted Paths","ojb\u0027s Info Mod"],"gold_per_floor":[112,132,152,170,2,2,36,36,89,124,138,138,156,183,183,183,183],"floor_reached":16,"language":"ENG","playtime":1116,"items_purged":[],"score":244,"play_id":"1e45a2fd-9d82-4ed9-8a6c-ac9fa9bde4f7","local_time":"20210207131758","is_ascension_mode":true,"campfire_choices":[{"data":"Calculated Gamble","floor":6,"key":"SMITH"},{"data":"Eviscerate","floor":8,"key":"SMITH"},{"data":"Reflex","floor":12,"key":"SMITH"},{"floor":15,"key":"REST"}],"circlet_count":0,"master_deck":["AscendersBane","Strike_G","Strike_G","Strike_G","Strike_G","Strike_G","Defend_G","Defend_G","Defend_G","Defend_G","Defend_G","Survivor","Neutralize","Eviscerate+1","Terror","Calculated Gamble+1","Adrenaline","Backstab","Reflex+1","Tactician"],"relics":["Ring of the Snake","Sling","Darkstone Periapt","MealTicket","Blood Vial"],"acts_visited":["Exordium"],"potions_floor_usage":[7,16,16],"damage_taken":[{"damage":3,"enemies":"Small Slimes","floor":1,"turns":6},{"damage":3,"enemies":"2 Louse","floor":2,"turns":3},{"damage":1,"enemies":"Cultist","floor":3,"turns":4},{"damage":6,"enemies":"Blue Slaver","floor":4,"turns":7},{"damage":25,"enemies":"3 Sentries","floor":7,"turns":8},{"damage":5,"enemies":"Lagavulin","floor":10,"turns":4},{"damage":0,"enemies":"Exordium Wildlife","floor":11,"turns":3},{"damage":5,"enemies":"Exordium Thugs","floor":13,"turns":3},{"damage":8,"enemies":"Gremlin Nob","floor":14,"turns":3},{"damage":39,"enemies":"Slime Boss","floor":16,"turns":8}],"seed_played":"2807412654980495977","potions_obtained":[{"floor":1,"key":"Strength Potion"},{"floor":4,"key":"Dexterity Potion"},{"floor":13,"key":"SkillPotion"}],"is_trial":false,"path_per_floor":["M","M","M","M","$","R","E","R","T","E","M","R","M","E","R","B"],"character_chosen":"THE_SILENT","items_purchased":["Sling"],"campfire_rested":1,"item_purchase_floors":[5],"current_hp_per_floor":[62,59,58,52,52,52,27,27,27,22,24,24,21,15,36,0,0],"gold":183,"neow_bonus":"TEN_PERCENT_HP_BONUS","is_daily":false,"chose_seed":false,"campfire_upgraded":3,"win_rate":0.0,"timestamp":1612725478,"path_taken":["M","M","M","M","$","R","E","R","T","E","M","R","M","E","R","BOSS"],"items_purchased_type":["Relic"],"build_version":"2020-12-22","purchased_purges":0,"victory":false,"max_hp_per_floor":[72,72,72,72,72,72,72,72,72,72,72,72,72,72,72,72,72],"relic_stats":{"Darkstone Periapt":0,"Blood Vial":8,"counters":[10,49],"MealTicket":0,"obtain_stats":[{"Darkstone Periapt":7,"Blood Vial":10,"MealTicket":9,"Sling":5,"Ring of the Snake":0},{"Darkstone Periapt":5,"Blood Vial":6,"MealTicket":5,"Sling":4,"Ring of the Snake":0},{"Darkstone Periapt":28,"Blood Vial":32,"MealTicket":28,"Sling":20,"Ring of the Snake":0}],"Ring of the Snake":[20]},"card_choices":[{"not_picked":["Dodge and Roll","Deadly Poison"],"picked":"Eviscerate","floor":1},{"not_picked":["Setup","Finisher","Eviscerate"],"picked":"SKIP","floor":2},{"not_picked":["Prepared","Crippling Poison"],"picked":"Terror","floor":3},{"not_picked":["Accuracy","Backflip"],"picked":"Calculated Gamble","floor":4},{"not_picked":["Dagger Spray","Doppelganger"],"picked":"Adrenaline","floor":7},{"not_picked":["Slice","Flechettes"],"picked":"Backstab","floor":10},{"not_picked":["Blade Dance","Distraction"],"picked":"Reflex","floor":11},{"not_picked":["Quick Slash","Caltrops","Crippling Poison"],"picked":"SKIP","floor":13},{"not_picked":["Dagger Throw","Concentrate"],"picked":"Tactician","floor":14}],"player_experience":1108606,"relics_obtained":[{"floor":7,"key":"Darkstone Periapt"},{"floor":9,"key":"MealTicket"},{"floor":10,"key":"Blood Vial"}],"event_choices":[],"is_beta":false,"boss_relics":[],"items_purged_floors":[],"is_endless":false,"potions_floor_spawned":[1,4,13,14],"killed_by":"Slime Boss","ascension_level":20}}