{"host":"9mz6x6ekz95y53i5","time":1612692553,"event":{"mods":["AchievementEnabler","BaseMod","Colored Map","Colored Powertips","Downfall","Energized Spire","Minty Spire (QoL Compilation)","Quick Restart","Reliquary","Replay The Spire","SIMod","Spicy Shops","StSLib","The Bug Knight","UnlockEverythingMod","Warlord Emblem","¡¾ÒÅÎï¿¨ÅÆ¡¿REMEMod"],"gold_per_floor":[118,170,186,198,48,48,76,76,76,76,111,121,134,149,149,250,250,266,279,15,30,46,46,79,79,79,79,90,0,0,0,0,103,103,119,137,13,13,13],"floor_reached":38,"language":"ZHS","playtime":4266,"items_purged":["ReplayTheSpireMod:Splinters","HollowMod:QuickDashStart"],"score":467,"play_id":"79fea067-88fc-40ae-9c1d-bcc794e6b8b5","local_time":"20210207180913","is_ascension_mode":true,"campfire_choices":[{"data":"HollowMod:HuntersJournal","floor":6,"key":"SMITH"},{"data":"HollowMod:NewGlowingWomb","floor":6,"key":"SMITH"},{"data":"HollowMod:FocusHealStart","floor":8,"key":"SMITH"},{"data":"HollowMod:TaintedHusks","floor":8,"key":"SMITH"},{"floor":10,"key":"REST"},{"data":"HollowMod:InfectedAttack","floor":15,"key":"SMITH"},{"data":"HollowMod:MantisMark","floor":15,"key":"SMITH"},{"data":"HollowMod:MothsMistake","floor":23,"key":"SMITH"},{"data":"HollowMod:NewJinnsSoul","floor":23,"key":"SMITH"},{"floor":25,"key":"REST"},{"data":"HollowMod:NewInfectedGuardian","floor":32,"key":"SMITH"},{"data":"HollowMod:SoulStrike","floor":32,"key":"SMITH"}],"circlet_count":0,"master_deck":["HollowMod:NailStrikeStart","HollowMod:NailStrikeStart","HollowMod:NailStrikeStart","HollowMod:NailStrikeStart","HollowMod:QuickDashStart","HollowMod:QuickDashStart","HollowMod:QuickDashStart","HollowMod:FocusHealStart+1","HollowMod:PogoStrike","REME_TheLastStrike","HollowMod:TaintedHusks+1","HollowMod:HowlingWraiths","HollowMod:NewGlowingWomb+1","HollowMod:HuntersJournal+1","HollowMod:GoodIntentions","HollowMod:MantisMark+1","HollowMod:InfectedAttack+1","HollowMod:PureVessel","HollowMod:DungDefenderAura","HollowMod:DreamGate","HollowMod:SoulStrike+1","HollowMod:BaldurShell","HollowMod:NewJinnsSoul+1","HollowMod:MothsMistake+1","HollowMod:NewInfectedGuardian+1","HollowMod:ChannelNail","HollowMod:RadiancesLament","HollowMod:NewGlowingWomb","HollowMod:CrystalDash"],"relics":["HollowMod:VesselMask","REME_ComplimentaryCards","Replay:Arrowhead","Gremlin Horn","TheAbacus","Mummified Hand","Centennial Puzzle","reliquary:RedCape","Membership Card","Happy Flower","Boot","Busted Crown","White Beast Statue"],"acts_visited":["Exordium","TheCity","TheBeyond"],"potions_floor_usage":[11,11,16,16,19,24,24,24,35,36],"damage_taken":[{"damage":1,"enemies":"Cultist","floor":1,"turns":3},{"damage":0,"enemies":"Small Slimes","floor":3,"turns":2},{"damage":7,"enemies":"Jaw Worm","floor":4,"turns":3},{"damage":26,"enemies":"Gremlin Nob","floor":7,"turns":4},{"damage":21,"enemies":"Lagavulin","floor":11,"turns":4},{"damage":13,"enemies":"Large Slime","floor":12,"turns":4},{"damage":0,"enemies":"Exordium Wildlife","floor":13,"turns":2},{"damage":6,"enemies":"Looter","floor":14,"turns":3},{"damage":35,"enemies":"Slime Boss","floor":16,"turns":6},{"damage":11,"enemies":"Chosen","floor":18,"turns":3},{"damage":13,"enemies":"2 Thieves","floor":19,"turns":3},{"damage":16,"enemies":"Cultist and Chosen","floor":21,"turns":4},{"damage":4,"enemies":"Sentry and Sphere","floor":22,"turns":4},{"damage":29,"enemies":"Book of Stabbing","floor":24,"turns":4},{"damage":15,"enemies":"Chosen and Byrds","floor":28,"turns":5},{"damage":49,"enemies":"Automaton","floor":33,"turns":9},{"damage":28,"enemies":"3 Shapes","floor":35,"turns":3},{"damage":0,"enemies":"3 Darklings","floor":36,"turns":4},{"damage":50,"enemies":"Maw","floor":38,"turns":4}],"seed_played":"2979401455471330238","potions_obtained":[{"floor":2,"key":"Block Potion"},{"floor":3,"key":"Strength Potion"},{"floor":7,"key":"Explosive Potion"},{"floor":11,"key":"bronze:BurnAndBuffPotion"},{"floor":12,"key":"Adrenaline Potion"},{"floor":16,"key":"SkillPotion"},{"floor":18,"key":"Dexterity Potion"},{"floor":19,"key":"Fire Potion"},{"floor":21,"key":"Toxic Potion"},{"floor":33,"key":"Explosive Potion"},{"floor":35,"key":"BlessingOfTheForge"},{"floor":36,"key":"Regen Potion"}],"is_trial":false,"path_per_floor":["M","?","M","M","$","R","E","R","T","R","E","M","M","M","R","B",null,"M","M","$","M","M","R","E","R","T","?","M","?","$","?","R","B",null,"M","M","$","M"],"character_chosen":"THE_BUGKNIGHT","items_purchased":["TheAbacus","Membership Card","HollowMod:SoulStrike","HollowMod:BaldurShell","White Beast Statue"],"campfire_rested":2,"item_purchase_floors":[5,20,20,20,37],"current_hp_per_floor":[67,67,68,61,61,61,35,35,35,55,40,37,43,47,47,18,68,63,56,56,50,52,52,29,49,49,49,34,34,34,56,56,13,68,46,56,56,12,12],"gold":13,"neow_bonus":"ONE_RARE_RELIC","is_daily":false,"chose_seed":false,"campfire_upgraded":10,"win_rate":0.0,"timestamp":1612692553,"path_taken":["M","?","M","M","$","R","E","R","T","R","E","M","M","M","R","BOSS","M","M","$","?","M","R","E","R","T","?","M","?","?","?","R","BOSS","M","M","$","M"],"items_purchased_type":["Relic","Relic","Card","Card","Relic"],"build_version":"2020-12-22","purchased_purges":2,"victory":false,"max_hp_per_floor":[68,68,68,68,68,68,68,68,68,68,68,68,68,68,68,68,68,68,68,68,68,68,68,68,68,68,68,68,68,68,68,68,68,68,68,68,68,68,68],"card_choices":[{"not_picked":["HollowMod:SharpenedNail","HollowMod:MonarchWings"],"picked":"HollowMod:TaintedHusks","floor":1},{"not_picked":["HollowMod:BaldurShell","HollowMod:VengefulSpirit"],"picked":"HollowMod:HowlingWraiths","floor":2},{"not_picked":["HollowMod:DoubleDash","HollowMod:CloakDash"],"picked":"HollowMod:NewGlowingWomb","floor":3},{"not_picked":["HollowMod:Grubsong","HollowMod:HeavyBlow"],"picked":"HollowMod:HuntersJournal","floor":4},{"not_picked":["HollowMod:DescendingDark","HollowMod:SiblingsSouls"],"picked":"HollowMod:GoodIntentions","floor":7},{"not_picked":["HollowMod:SiblingsSouls","HollowMod:CrystalDash","HollowMod:AbyssShriek"],"picked":"SKIP","floor":11},{"not_picked":["HollowMod:SiblingsSouls","HollowMod:WraithStrike"],"picked":"HollowMod:MantisMark","floor":12},{"not_picked":["HollowMod:SharpenedShadows","HollowMod:FallenFury","HollowMod:HeavyBlow"],"picked":"SKIP","floor":13},{"not_picked":["HollowMod:HerrahsAnger","HollowMod:FastStrike"],"picked":"HollowMod:InfectedAttack","floor":14},{"not_picked":["HollowMod:RadiancesLament","HollowMod:SlysStrikes"],"picked":"HollowMod:PureVessel","floor":16},{"not_picked":["HollowMod:LifebloodCocoon","HollowMod:MantisMark"],"picked":"HollowMod:DungDefenderAura","floor":18},{"not_picked":["HollowMod:CornifersMapStart","HollowMod:PureNailStrike+1"],"picked":"HollowMod:DreamGate","floor":19},{"not_picked":["HollowMod:HeavyBlow","HollowMod:DoubleDash"],"picked":"HollowMod:NewJinnsSoul","floor":21},{"not_picked":["HollowMod:InfectedAttack","HollowMod:HuntersJournal"],"picked":"HollowMod:MothsMistake","floor":22},{"not_picked":["HollowMod:DreamGate+1","HollowMod:HowlingWraiths"],"picked":"HollowMod:NewInfectedGuardian","floor":24},{"not_picked":["HollowMod:VengefulVoid","HollowMod:WraithStrike+1"],"picked":"HollowMod:ChannelNail","floor":28},{"not_picked":["HollowMod:theNailsmith","HollowMod:HerrahsAnger"],"picked":"HollowMod:RadiancesLament","floor":33},{"not_picked":[],"picked":"HollowMod:NewGlowingWomb","floor":35},{"not_picked":[],"picked":"HollowMod:CrystalDash","floor":36}],"player_experience":268573,"relics_obtained":[{"floor":2,"key":"Gremlin Horn"},{"floor":7,"key":"Mummified Hand"},{"floor":11,"key":"Centennial Puzzle"},{"floor":24,"key":"Happy Flower"},{"floor":26,"key":"Boot"}],"event_choices":[{"damage_healed":0,"gold_gain":0,"player_choice":"Ignored","damage_taken":0,"max_hp_gain":0,"max_hp_loss":0,"event_name":"Vampires","floor":27,"gold_loss":0},{"damage_healed":0,"gold_gain":0,"player_choice":"Paid Fearfully","damage_taken":0,"max_hp_gain":0,"max_hp_loss":0,"event_name":"Masked Bandits","floor":29,"gold_loss":90},{"damage_healed":22,"gold_gain":0,"player_choice":"Heal","damage_taken":0,"max_hp_gain":0,"max_hp_loss":0,"event_name":"The Library","floor":31,"gold_loss":0}],"is_beta":false,"boss_relics":[{"not_picked":["Painkiller Herb","reliquary:Ember"],"picked":"reliquary:RedCape"},{"not_picked":["energizedSpire:HugeHouse","Black Star"],"picked":"Busted Crown"}],"items_purged_floors":[5,20],"is_endless":false,"potions_floor_spawned":[3,7,11,12,16,18,19,21,33,35,36],"killed_by":"Maw","ascension_level":3}}