{"host":"idjwbq71yrpkph1r","time":1612738313,"event":{"mods":["Alarm Clock","BaseMod","Block Reminder","Colored Map","Colored Powertips","Conspire","Curses Come First","Dark Map","Displayed Cursed Tome","Hermit","Hubris","Humility","Minty Spire (QoL Compilation)","Monster B Gone","Morshu Shopkeeper","Rare Cards Sparkle","Relic Stats","StS++","StSLib","Swap Starting Deck Mod","The Blue Laboratory","everything is the same but u backflip on backflip","????"],"gold_per_floor":[114,42,42,42,62,93,93,107,188,188,208,228,228,256,256,358,358,378,378,412,429,44,44,92,17,17,17,17],"floor_reached":27,"language":"ENG","playtime":2184,"items_purged":["hermit:CalledShot"],"score":244,"play_id":"eca61af9-1964-4e21-8741-c938814272da","local_time":"20210207235153","is_ascension_mode":false,"campfire_choices":[{"data":"hermit:Determination","floor":7,"key":"SMITH"},{"data":"hermit:SprayPray","floor":10,"key":"SMITH"},{"floor":15,"key":"REST"},{"floor":23,"key":"REST"}],"circlet_count":0,"master_deck":["hermit:Strike_Hermit","hermit:Strike_Hermit","hermit:Strike_Hermit","hermit:Strike_Hermit","hermit:Defend_Hermit","hermit:Defend_Hermit","hermit:Defend_Hermit","hermit:Defend_Hermit","hermit:Snapshot","hermit:Covet","hermit:Dive","hermit:ShadowCloak","Regret","hermit:FlashPowder","hermit:Determination+1","hermit:SprayPray+1","hermit:PistolWhip","hermit:ShadowCloak","hermit:RoundhouseKick","hermit:HighCaliber","Writhe","hermit:Virtue","Apotheosis","hermit:Roughhouse","hermit:HighCaliber","hermit:Reprieve","hubris:Envy"],"relics":["hermit:Momento","NeowsBlessing","StSpp:WoodenStick","Pantograph","StSpp:SailorCap","White Beast Statue","hubris:Icosahedron","Unceasing Top","Cursed Key","Potion Belt","Red Mask","Oddly Smooth Stone","Sundial"],"acts_visited":["Exordium","TheCity"],"potions_floor_usage":[14,14,14,16,20,20,20,20,24,27,27,27,27,27],"damage_taken":[{"damage":0,"enemies":"2 Louse","floor":1,"turns":1},{"damage":0,"enemies":"Jaw Worm","floor":5,"turns":1},{"damage":0,"enemies":"3 Sentries","floor":6,"turns":3},{"damage":0,"enemies":"Small Slimes","floor":8,"turns":3},{"damage":6,"enemies":"Blue Slaver","floor":11,"turns":4},{"damage":5,"enemies":"conspire:2 RoseBushes","floor":12,"turns":6},{"damage":32,"enemies":"Gremlin Nob","floor":14,"turns":6},{"damage":25,"enemies":"Slime Boss","floor":16,"turns":16},{"damage":9,"enemies":"conspire:FuzzyDice","floor":18,"turns":6},{"damage":43,"enemies":"Masked Bandits","floor":20,"turns":5},{"damage":7,"enemies":"3 Byrds","floor":21,"turns":5},{"damage":40,"enemies":"conspire:MimicChest","floor":24,"turns":10},{"damage":6,"enemies":"3 Cultists","floor":27,"turns":3}],"seed_played":"6836877908516317012","potions_obtained":[{"floor":1,"key":"Weak Potion"},{"floor":5,"key":"StSpp:SecondWindPotion"},{"floor":11,"key":"blueLaboratory:PhilterOfMotion"},{"floor":12,"key":"blueLaboratory:FruitPunch"},{"floor":14,"key":"PowerPotion"},{"floor":16,"key":"SpeedPotion"},{"floor":18,"key":"blueLaboratory:AbyssPotion"},{"floor":20,"key":"StSpp:ScatteredWeakPotion"},{"floor":21,"key":"BlessingOfTheForge"},{"floor":24,"key":"blueLaboratory:BottleOfRum"}],"is_trial":false,"path_per_floor":["M","$","?","T","M","E","R","M","T","R","M","M","?","E","R","B",null,"M","?","?","M","$","R","?","$","T","M"],"character_chosen":"HERMIT","items_purchased":["hermit:ShadowCloak","Apotheosis","hermit:Roughhouse","hermit:Reprieve"],"campfire_rested":2,"item_purchase_floors":[2,22,22,25],"current_hp_per_floor":[75,75,75,75,75,75,75,75,75,75,69,64,64,34,57,52,77,68,68,25,18,18,41,1,1,1,0,0],"gold":17,"neow_bonus":"THREE_ENEMY_KILL","is_daily":false,"chose_seed":false,"campfire_upgraded":2,"win_rate":0.0,"timestamp":1612738313,"path_taken":["M","$","?","?","M","E","R","M","T","R","M","M","?","E","R","BOSS","M","?","?","M","$","R","?","$","T","M"],"items_purchased_type":["Card","Card","Card","Card"],"build_version":"2020-12-22","purchased_purges":1,"victory":false,"max_hp_per_floor":[75,75,75,75,75,75,75,75,75,75,75,75,75,77,77,77,77,77,77,77,77,77,77,77,77,77,77,77],"relic_stats":{"counters":[13,69],"Sundial":[0],"Pantograph":20,"Cursed Key":1,"obtain_stats":[{"Potion Belt":19,"StSpp:SailorCap":6,"NeowsBlessing":0,"Oddly Smooth Stone":24,"Cursed Key":17,"White Beast Statue":9,"hubris:Icosahedron":13,"Sundial":26,"Pantograph":4,"Red Mask":20,"StSpp:WoodenStick":3,"hermit:Momento":0,"Unceasing Top":14},{"Potion Belt":9,"StSpp:SailorCap":3,"NeowsBlessing":0,"Oddly Smooth Stone":12,"Cursed Key":8,"White Beast Statue":4,"hubris:Icosahedron":6,"Sundial":12,"Pantograph":1,"Red Mask":10,"StSpp:WoodenStick":1,"hermit:Momento":0,"Unceasing Top":7},{"Potion Belt":46,"StSpp:SailorCap":5,"NeowsBlessing":0,"Oddly Smooth Stone":66,"Cursed Key":40,"White Beast Statue":8,"hubris:Icosahedron":18,"Sundial":66,"Pantograph":1,"Red Mask":51,"StSpp:WoodenStick":1,"hermit:Momento":0,"Unceasing Top":24}],"Unceasing Top":[3]},"card_choices":[{"not_picked":["hermit:TrackingShot","hermit:Horror"],"picked":"hermit:Dive","floor":1},{"not_picked":["hermit:Coalescence","hermit:HighCaliber"],"picked":"hermit:FlashPowder","floor":5},{"not_picked":["hermit:FromBeyond","hermit:LowProfile"],"picked":"hermit:Determination","floor":6},{"not_picked":["hermit:LuckOfTheDraw","hermit:Quickdraw"],"picked":"hermit:SprayPray","floor":8},{"not_picked":["hermit:Quickdraw","hermit:WideOpen"],"picked":"hermit:PistolWhip","floor":11},{"not_picked":["hermit:Dive","hermit:SprayPray"],"picked":"hermit:ShadowCloak","floor":12},{"not_picked":["hermit:Purgatory","hermit:FlashPowder"],"picked":"hermit:CalledShot","floor":14},{"not_picked":["hermit:Adapt","hermit:DeadOrAlive"],"picked":"hermit:RoundhouseKick","floor":16},{"not_picked":["hermit:WideOpen","hermit:Roulette+1"],"picked":"hermit:HighCaliber","floor":18},{"not_picked":["hermit:TakeAim","hermit:Quickdraw"],"picked":"hermit:Virtue","floor":21},{"not_picked":["hermit:WideOpen","hermit:LoneWolf"],"picked":"hermit:HighCaliber","floor":24}],"player_experience":333808,"relics_obtained":[{"floor":4,"key":"Pantograph"},{"floor":6,"key":"StSpp:SailorCap"},{"floor":9,"key":"White Beast Statue"},{"floor":14,"key":"Unceasing Top"},{"floor":20,"key":"Red Mask"},{"floor":24,"key":"Oddly Smooth Stone"},{"floor":26,"key":"Sundial"}],"event_choices":[{"damage_healed":0,"gold_gain":0,"player_choice":"Box","damage_taken":0,"relics_obtained":["StSpp:WoodenStick"],"max_hp_gain":0,"max_hp_loss":0,"event_name":"Big Fish","floor":3,"gold_loss":0,"cards_obtained":["Regret"]},{"damage_healed":0,"gold_gain":0,"player_choice":"Opened","damage_taken":0,"relics_obtained":["Potion Belt"],"max_hp_gain":0,"max_hp_loss":0,"event_name":"The Mausoleum","floor":19,"gold_loss":0,"cards_obtained":["Writhe"]},{"damage_healed":0,"gold_gain":0,"player_choice":"Fought Bandits","damage_taken":0,"max_hp_gain":0,"max_hp_loss":0,"event_name":"Masked Bandits","floor":20,"gold_loss":0}],"is_beta":false,"boss_relics":[{"not_picked":["hermit:DentedPlate","hubris:VirtuousBlindfold"],"picked":"Cursed Key"}],"items_purged_floors":[22],"is_endless":false,"potions_floor_spawned":[1,5,11,12,14,16,18,20,21,24],"killed_by":"3 Cultists","ascension_level":0,"is_humility":true}}