{"host":"j0e3xzyxe6w4yncp","time":1612717294,"event":{"mods":["2.2 Compatiblity","BaseMod","Colored Map","Colored Powertips","Downfall","Minty Spire (QoL Compilation)","Quick Restart","Shop Mod","StSLib"],"gold_per_floor":[0,16,27,27,41,68,68,84,84,17,17,2,29,44,57,57,57,57],"floor_reached":16,"language":"ENG","playtime":1817,"items_purged":[],"score":112,"play_id":"41391f92-7603-4c3c-a22b-ce0a39df6789","local_time":"20210207120134","is_ascension_mode":false,"campfire_choices":[{"data":"champ:Taunt","floor":1,"key":"SMITH"},{"data":"1","floor":9,"key":"LIFT"},{"floor":11,"key":"REST"}],"circlet_count":0,"master_deck":["champ:Strike","champ:Strike","champ:Defend","champ:Defend","champ:Execute","champ:Taunt+1","champ:SteelEdge","champ:SteelEdge","champ:SwordSigil","champ:SwordSigil","champ:CheapShot","Parasite","champ:Endure","champ:SwordSigil","champ:SwordThrow","champ:Backstep","champ:ShieldWall","champ:StanceDance","champ:SwordThrow","champ:RapidStrikes","champ:AdrenalArmor","champ:Endure"],"relics":["champ:ChampionCrown","Mango","Girya","Ice Cream"],"acts_visited":["Exordium"],"potions_floor_usage":[6,16,16],"damage_taken":[{"damage":18,"enemies":"Small Slimes","floor":2,"turns":3},{"damage":15,"enemies":"Cultist","floor":3,"turns":2},{"damage":12,"enemies":"2 Louse","floor":5,"turns":3},{"damage":79,"enemies":"3 Sentries","floor":6,"turns":6},{"damage":61,"enemies":"Lots of Slimes","floor":8,"turns":6},{"damage":46,"enemies":"downfall:FleeingMerchant","floor":10,"turns":5},{"damage":40,"enemies":"downfall:FleeingMerchant","floor":12,"turns":5},{"damage":58,"enemies":"Gremlin Nob","floor":13,"turns":5},{"damage":45,"enemies":"Large Slime","floor":14,"turns":4},{"damage":28,"enemies":"Red Slaver","floor":15,"turns":4},{"damage":64,"enemies":"DF_ARCHETYPE_STREAMLINE","floor":16,"turns":9}],"seed_played":"2294189938035217011","potions_obtained":[{"floor":2,"key":"Strength Potion"},{"floor":13,"key":"champ:CounterPotion"},{"floor":14,"key":"Block Potion"}],"is_trial":false,"path_per_floor":["R","M","M","?","M","E","T","M","R","$","R","$","E","M","M","B"],"character_chosen":"THE_CHAMP","items_purchased":["champ:StanceDance"],"campfire_rested":1,"item_purchase_floors":[10],"current_hp_per_floor":[90,82,82,82,80,63,63,47,47,47,78,78,65,65,62,0,0,0],"gold":57,"neow_bonus":"TRANSFORM_TWO_CARDS","is_daily":false,"chose_seed":false,"campfire_upgraded":1,"win_rate":0.0,"timestamp":1612717294,"path_taken":["R","M","M","?","M","E","T","M","R","$","R","$","E","?","M","BOSS"],"items_purchased_type":["Card"],"build_version":"2020-12-22","purchased_purges":0,"victory":false,"max_hp_per_floor":[90,90,90,90,90,104,104,104,104,104,104,104,104,104,104,104,104,104],"card_choices":[{"not_picked":["champ:TornadoPunch","champ:PerfectedStrike"],"picked":"champ:SwordSigil","floor":2},{"not_picked":["champ:Parry","champ:FlashCut"],"picked":"champ:SwordSigil","floor":3},{"not_picked":["champ:DefensiveStyle","champ:Haymaker"],"picked":"champ:SwordSigil","floor":5},{"not_picked":["champ:FlashCut","champ:Haymaker"],"picked":"champ:SwordThrow","floor":6},{"not_picked":["champ:DefensiveShout","champ:SkillfulDodge"],"picked":"champ:Backstep","floor":8},{"not_picked":["champ:Parry","champ:EnGarde"],"picked":"champ:ShieldWall","floor":10},{"not_picked":["champ:ShieldSigil","champ:PerfectedStrike"],"picked":"champ:SwordThrow","floor":12},{"not_picked":["champ:Encircle","champ:CrownThrow"],"picked":"champ:RapidStrikes","floor":13},{"not_picked":["champ:CrownThrow","champ:HeartStrike"],"picked":"champ:AdrenalArmor","floor":14},{"not_picked":["champ:Duel","champ:FlashCut"],"picked":"champ:Endure","floor":15}],"player_experience":686911,"relics_obtained":[{"floor":6,"key":"Mango"},{"floor":7,"key":"Girya"},{"floor":13,"key":"Ice Cream"}],"event_choices":[],"is_beta":false,"boss_relics":[],"items_purged_floors":[],"is_endless":false,"potions_floor_spawned":[2,13,14],"killed_by":"DF_ARCHETYPE_STREAMLINE","ascension_level":0}}