{"host":"mnpd8gh7cwxsn5kh","time":1612695098,"event":{"mods":["BaseMod","Bestiary","Block Reminder","Colored Map","Colored Powertips","Highlight Path","Minty Spire (QoL Compilation)","Relic Sorter","Relic Stats"],"gold_per_floor":[368,368,44,64,89,120,120,120,143,143,174,22,40,60,60,185,185,199,199,199,9,24,24,65,3,3,41,41,55,93,111,111,111,111],"floor_reached":33,"language":"ENG","playtime":2614,"items_purged":["Strike_G","Defend_G"],"score":549,"play_id":"1f21b78e-28c7-4329-a6ac-8ec0bbd4df59","local_time":"20210207115138","is_ascension_mode":true,"campfire_choices":[{"data":"All Out Attack","floor":7,"key":"SMITH"},{"data":"Noxious Fumes","floor":10,"key":"SMITH"},{"data":"Backflip","floor":15,"key":"SMITH"},{"data":"Terror","floor":23,"key":"SMITH"},{"data":"Catalyst","floor":28,"key":"SMITH"},{"data":"Night Terror","floor":32,"key":"SMITH"}],"circlet_count":0,"master_deck":["AscendersBane","Defend_G","Defend_G","Defend_G","Defend_G","Survivor","Neutralize","Quick Slash","Cloak And Dagger","Infinite Blades","Noxious Fumes+1","All Out Attack+1","Slice","Backflip+1","Terror+1","PiercingWail","Tools of the Trade+1","PiercingWail","Bite","Bite+1","Bite","Bite+1","Bite","Backstab","Underhanded Strike","Catalyst+1","PiercingWail","Noxious Fumes","Night Terror+1"],"relics":["Ring of the Snake","Golden Idol","Membership Card","Oddly Smooth Stone","Centennial Puzzle","Bag of Marbles","Calipers","Snake Skull","Vajra","Runic Pyramid","Anchor","Nunchaku","Whetstone","Incense Burner","PreservedInsect","Art of War"],"acts_visited":["Exordium","TheCity"],"potions_floor_usage":[11,13,33],"damage_taken":[{"damage":0,"enemies":"Cultist","floor":1,"turns":4},{"damage":2,"enemies":"2 Louse","floor":4,"turns":3},{"damage":4,"enemies":"Jaw Worm","floor":5,"turns":5},{"damage":12,"enemies":"Lagavulin","floor":6,"turns":8},{"damage":8,"enemies":"3 Sentries","floor":11,"turns":3},{"damage":0,"enemies":"Gremlin Gang","floor":13,"turns":1},{"damage":1,"enemies":"3 Louse","floor":14,"turns":3},{"damage":21,"enemies":"Hexaghost","floor":16,"turns":8},{"damage":3,"enemies":"3 Byrds","floor":18,"turns":5},{"damage":1,"enemies":"2 Thieves","floor":22,"turns":2},{"damage":8,"enemies":"Slavers","floor":24,"turns":5},{"damage":2,"enemies":"Gremlin Leader","floor":27,"turns":5},{"damage":0,"enemies":"Centurion and Healer","floor":29,"turns":4},{"damage":0,"enemies":"Slavers","floor":30,"turns":2},{"damage":1,"enemies":"Snecko","floor":31,"turns":4},{"damage":53,"enemies":"Automaton","floor":33,"turns":6}],"seed_played":"-1310214093762519770","potions_obtained":[{"floor":5,"key":"ColorlessPotion"},{"floor":11,"key":"DistilledChaos"},{"floor":13,"key":"Explosive Potion"},{"floor":18,"key":"SteroidPotion"},{"floor":31,"key":"PowerPotion"}],"is_trial":false,"path_per_floor":["M","?","$","M","M","E","R","?","T","R","E","$","M","M","R","B",null,"M","?","?","$","M","R","E","$","T","E","R","M","E","M","R","B"],"character_chosen":"THE_SILENT","items_purchased":["Membership Card","Cloak And Dagger","Infinite Blades","Oddly Smooth Stone","Snake Skull","Vajra","Anchor","Nunchaku","Backstab","PiercingWail"],"campfire_rested":0,"item_purchase_floors":[3,3,3,3,12,12,21,21,21,25],"current_hp_per_floor":[63,58,58,56,52,40,40,45,45,45,37,37,37,36,36,15,51,48,44,44,44,44,44,44,44,44,44,44,44,44,44,44,0,0],"gold":111,"neow_bonus":"TWO_FIFTY_GOLD","is_daily":false,"chose_seed":false,"campfire_upgraded":6,"win_rate":0.0,"timestamp":1612695098,"path_taken":["M","?","$","M","M","E","R","?","T","R","E","?","?","M","R","BOSS","M","?","?","$","?","R","E","?","T","E","R","M","E","?","R","BOSS"],"items_purchased_type":["Relic","Card","Card","Relic","Relic","Relic","Relic","Relic","Card","Card"],"build_version":"2020-12-22","purchased_purges":2,"victory":false,"max_hp_per_floor":[63,58,58,58,58,58,58,63,63,63,63,63,63,63,63,63,63,63,44,44,44,44,44,44,44,44,44,44,44,44,44,44,44,44],"relic_stats":{"Centennial Puzzle":[27],"Nunchaku":[8],"counters":[16,68],"Golden Idol":91,"Snake Skull":[52],"PreservedInsect":42,"Art of War":[0],"Whetstone":["Bite","Bite"],"obtain_stats":[{"Calipers":11,"Golden Idol":2,"Oddly Smooth Stone":3,"Vajra":12,"Snake Skull":12,"PreservedInsect":27,"Incense Burner":26,"Whetstone":24,"Centennial Puzzle":6,"Anchor":21,"Nunchaku":21,"Bag of Marbles":9,"Art of War":30,"Membership Card":3,"Ring of the Snake":0,"Runic Pyramid":17},{"Calipers":5,"Golden Idol":1,"Oddly Smooth Stone":1,"Vajra":5,"Snake Skull":5,"PreservedInsect":12,"Incense Burner":11,"Whetstone":11,"Centennial Puzzle":4,"Anchor":9,"Nunchaku":9,"Bag of Marbles":4,"Art of War":14,"Membership Card":1,"Ring of the Snake":0,"Runic Pyramid":8},{"Calipers":23,"Golden Idol":4,"Oddly Smooth Stone":4,"Vajra":23,"Snake Skull":23,"PreservedInsect":52,"Incense Burner":47,"Whetstone":47,"Centennial Puzzle":20,"Anchor":40,"Nunchaku":40,"Bag of Marbles":20,"Art of War":58,"Membership Card":4,"Ring of the Snake":0,"Runic Pyramid":35}],"Ring of the Snake":[32]},"card_choices":[{"not_picked":["Underhanded Strike","Noxious Fumes"],"picked":"Quick Slash","floor":1},{"not_picked":["Quick Slash","Accuracy"],"picked":"Noxious Fumes","floor":4},{"not_picked":["Setup","Sucker Punch"],"picked":"All Out Attack","floor":5},{"not_picked":["Tactician","Acrobatics"],"picked":"Slice","floor":6},{"not_picked":["Acrobatics","Deadly Poison"],"picked":"Backflip","floor":11},{"not_picked":["Finisher","Distraction"],"picked":"Terror","floor":13},{"not_picked":["Backflip","Leg Sweep"],"picked":"PiercingWail","floor":14},{"not_picked":["Doppelganger","A Thousand Cuts"],"picked":"Tools of the Trade","floor":16},{"not_picked":["Finisher","Bane"],"picked":"PiercingWail","floor":18},{"not_picked":["Bane","Dodge and Roll"],"picked":"Underhanded Strike","floor":22},{"not_picked":["Acrobatics","Heel Hook+1"],"picked":"Catalyst","floor":24},{"not_picked":["Dagger Throw","Well Laid Plans","Terror"],"picked":"SKIP","floor":27},{"not_picked":["Dagger Throw","Sucker Punch"],"picked":"Noxious Fumes","floor":29},{"not_picked":["Reflex","Endless Agony","Tactician"],"picked":"SKIP","floor":30},{"not_picked":["Slice","Escape Plan+1"],"picked":"Night Terror","floor":31}],"player_experience":369536,"relics_obtained":[{"floor":6,"key":"Centennial Puzzle"},{"floor":9,"key":"Bag of Marbles"},{"floor":11,"key":"Calipers"},{"floor":24,"key":"Whetstone"},{"floor":26,"key":"Incense Burner"},{"floor":27,"key":"PreservedInsect"},{"floor":30,"key":"Art of War"}],"event_choices":[{"damage_healed":0,"gold_gain":0,"player_choice":"Lose Max HP","damage_taken":0,"relics_obtained":["Golden Idol"],"max_hp_gain":0,"max_hp_loss":5,"event_name":"Golden Idol","floor":2,"gold_loss":0},{"damage_healed":0,"gold_gain":0,"player_choice":"Donut","damage_taken":0,"max_hp_gain":5,"max_hp_loss":0,"event_name":"Big Fish","floor":8,"gold_loss":0},{"damage_healed":0,"gold_gain":0,"player_choice":"Became a vampire","damage_taken":0,"max_hp_gain":0,"max_hp_loss":19,"event_name":"Vampires","floor":19,"gold_loss":0,"cards_obtained":["Bite","Bite","Bite","Bite","Bite"]},{"damage_healed":0,"gold_gain":0,"player_choice":"Forge","damage_taken":0,"max_hp_gain":0,"max_hp_loss":0,"event_name":"Accursed Blacksmith","floor":20,"gold_loss":0,"cards_upgraded":["Tools of the Trade"]}],"is_beta":false,"boss_relics":[{"not_picked":["Ring of the Serpent","Empty Cage"],"picked":"Runic Pyramid"}],"items_purged_floors":[3,25],"is_endless":false,"potions_floor_spawned":[5,11,13,18,27,31],"killed_by":"Automaton","ascension_level":11}}