{"host":"djoj10dqzzvtkauc","time":1612709341,"event":{"mods":["2.2 Compatiblity","BaseMod","Colored Map","DeckTracker","Highlight Path","Keyboard Shortcuts","Marisa£¨Ùöéë¡¡Øª×âÞÞ£©","Minty Spire (QoL Compilation)","Permanent Neow","Quick Restart","Random Character Button","StSLib","SuperFastMode","everything is the same but u backflip on backflip"],"gold_per_floor":[111,131,131,81,95,95,130,130,154,174,187,206,206,222,222,326,326,340,68,68,83,101,101,128,128,151,171,182,182,211,227,227,331,331,344,86,101,117,131,131,165,0,26,26,57,57,68,85,85,85],"floor_reached":51,"language":"KOR","playtime":2831,"items_purged":["Strike_G"],"score":1033,"play_id":"ca04a171-2e48-4ee3-9f73-c5ee9b046c0f","local_time":"20210207234901","is_ascension_mode":true,"campfire_choices":[{"data":"Poisoned Stab","floor":6.0,"key":"SMITH"},{"floor":13.0,"key":"REST"},{"data":"Predator","floor":15.0,"key":"SMITH"},{"data":"Leg Sweep","floor":23.0,"key":"SMITH"},{"floor":25.0,"key":"REST"},{"data":"Crippling Poison","floor":32.0,"key":"SMITH"},{"data":"Footwork","floor":40.0,"key":"SMITH"},{"data":"Burst","floor":44.0,"key":"SMITH"},{"floor":49.0,"key":"REST"}],"circlet_count":0,"master_deck":["Strike_G","Strike_G","Strike_G","Defend_G","Defend_G+1","Defend_G","Defend_G","Survivor","Neutralize","PiercingWail+1","Poisoned Stab+1","Escape Plan","Die Die Die+1","Dagger Throw","Tools of the Trade","Predator+1","Endless Agony","Burst+1","Catalyst+1","Well Laid Plans","Leg Sweep+1","Backflip+1","Slice","Dagger Throw+1","Deadly Poison","Poisoned Stab+1","Crippling Poison","Bouncing Flask+1","Writhe","Masterful Stab+1","Crippling Poison+1","Venomology","Footwork+1","Acrobatics+1","Deadly Poison+1","Underhanded Strike+1"],"relics":["Ring of the Snake","Blood Vial","Centennial Puzzle","PreservedInsect","Philosopher\u0027s Stone","Orichalcum","Bag of Preparation","Paper Crane","Bottled Tornado","Busted Crown","War Paint","Whetstone","Red Mask","Ancient Tea Set","Bag of Marbles"],"acts_visited":["Exordium","TheCity","TheBeyond"],"potions_floor_usage":[50,50,50,50],"damage_taken":[{"damage":1.0,"enemies":"Jaw Worm","floor":1.0,"turns":9.0},{"damage":0.0,"enemies":"2 Louse","floor":2.0,"turns":3.0},{"damage":0.0,"enemies":"Small Slimes","floor":5.0,"turns":3.0},{"damage":36.0,"enemies":"Gremlin Nob","floor":7.0,"turns":5.0},{"damage":9.0,"enemies":"Blue Slaver","floor":10.0,"turns":4.0},{"damage":5.0,"enemies":"Lots of Slimes","floor":11.0,"turns":2.0},{"damage":0.0,"enemies":"2 Fungi Beasts","floor":12.0,"turns":2.0},{"damage":0.0,"enemies":"Exordium Wildlife","floor":14.0,"turns":2.0},{"damage":17.0,"enemies":"The Guardian","floor":16.0,"turns":14.0},{"damage":3.0,"enemies":"Shell Parasite","floor":18.0,"turns":5.0},{"damage":10.0,"enemies":"Spheric Guardian","floor":21.0,"turns":4.0},{"damage":18.0,"enemies":"Centurion and Healer","floor":22.0,"turns":6.0},{"damage":10.0,"enemies":"Slavers","floor":24.0,"turns":3.0},{"damage":0.0,"enemies":"Snecko","floor":27.0,"turns":5.0},{"damage":4.0,"enemies":"Sentry and Sphere","floor":28.0,"turns":4.0},{"damage":4.0,"enemies":"Book of Stabbing","floor":30.0,"turns":4.0},{"damage":9.0,"enemies":"Shelled Parasite and Fungi","floor":31.0,"turns":5.0},{"damage":38.0,"enemies":"Automaton","floor":33.0,"turns":9.0},{"damage":4.0,"enemies":"Orb Walker","floor":35.0,"turns":3.0},{"damage":4.0,"enemies":"3 Shapes","floor":37.0,"turns":7.0},{"damage":11.0,"enemies":"Transient","floor":38.0,"turns":5.0},{"damage":0.0,"enemies":"Maw","floor":39.0,"turns":5.0},{"damage":5.0,"enemies":"Nemesis","floor":41.0,"turns":5.0},{"damage":5.0,"enemies":"Giant Head","floor":45.0,"turns":6.0},{"damage":7.0,"enemies":"3 Darklings","floor":47.0,"turns":8.0},{"damage":28.0,"enemies":"Spire Growth","floor":48.0,"turns":4.0},{"damage":37,"enemies":"Awakened One","floor":50,"turns":12}],"seed_played":"4746913922924734786","potions_obtained":[{"floor":5.0,"key":"Explosive Potion"},{"floor":7.0,"key":"Ancient Potion"},{"floor":12.0,"key":"SkillPotion"},{"floor":14.0,"key":"PowerPotion"},{"floor":16.0,"key":"SpeedPotion"},{"floor":21.0,"key":"CunningPotion"},{"floor":22.0,"key":"Block Potion"},{"floor":28.0,"key":"EssenceOfSteel"},{"floor":31.0,"key":"Fire Potion"},{"floor":35.0,"key":"Energy Potion"},{"floor":38.0,"key":"GhostInAJar"},{"floor":39.0,"key":"Energy Potion"},{"floor":41.0,"key":"SpeedPotion"},{"floor":46.0,"key":"DistilledChaos"},{"floor":46.0,"key":"DuplicationPotion"},{"floor":48.0,"key":"Block Potion"}],"is_trial":false,"path_per_floor":["M","M","?","?","M","R","E","?","T","M","M","M","R","M","R","B",null,"M","$","?","M","M","R","E","R","T","M","M","?","E","M","R","B",null,"M","$","M","M","M","R","E","?","T","R","E","?","M","M","R","B",null],"character_chosen":"THE_SILENT","items_purchased":["Well Laid Plans","Leg Sweep","Backflip","Slice","Dagger Throw","Footwork","War Paint"],"campfire_rested":3,"item_purchase_floors":[19,19,19,19,19,36,36],"current_hp_per_floor":[64,66,71,71,73,73,39,24,24,17,14,16,38,40,40,25,63,62,62,62,54,38,38,30,52,52,54,52,52,50,43,43,7,58,56,56,69,60,62,62,59,59,59,59,56,56,51,25,47,12],"gold":85,"neow_bonus":"RANDOM_COMMON_RELIC","is_daily":false,"chose_seed":false,"campfire_upgraded":6,"win_rate":0.0,"timestamp":1612709341,"path_taken":["M","M","?","?","M","R","E","?","T","M","M","M","R","M","R","BOSS","M","$","?","M","M","R","E","R","T","M","?","?","E","M","R","BOSS","M","$","M","M","M","R","E","?","T","R","E","?","M","M","R","BOSS"],"items_purchased_type":["Card","Card","Card","Card","Card","Card","Relic"],"build_version":"2020-12-22","purchased_purges":1,"victory":true,"max_hp_per_floor":[70,70,75,75,75,75,75,75,75,75,75,75,75,75,75,75,75,75,75,75,75,75,75,75,75,75,75,75,75,75,75,75,75,75,75,75,75,75,75,75,75,75,75,75,75,75,75,75,75,75],"card_choices":[{"not_picked":["Dagger Throw","Infinite Blades"],"picked":"PiercingWail","floor":1.0},{"not_picked":["Deflect","Blade Dance"],"picked":"Poisoned Stab","floor":2.0},{"not_picked":["Tactician","Backflip"],"picked":"Escape Plan","floor":5.0},{"not_picked":["Dash","Expertise"],"picked":"Die Die Die","floor":7.0},{"not_picked":["Flying Knee","Finisher"],"picked":"Dagger Throw","floor":10.0},{"not_picked":["Poisoned Stab","Escape Plan"],"picked":"Tools of the Trade","floor":11.0},{"not_picked":["Escape Plan","Dagger Throw"],"picked":"Predator","floor":12.0},{"not_picked":["Heel Hook","Choke"],"picked":"Endless Agony","floor":14.0},{"not_picked":["Bullet Time","Storm of Steel"],"picked":"Burst","floor":16.0},{"not_picked":["Cloak And Dagger","Deadly Poison"],"picked":"Catalyst+1","floor":18.0},{"not_picked":["Flechettes","Bane"],"picked":"Deadly Poison","floor":21.0},{"not_picked":["Blade Dance","Quick Slash"],"picked":"Poisoned Stab+1","floor":22.0},{"not_picked":["Flying Knee+1","Bouncing Flask"],"picked":"Crippling Poison","floor":24.0},{"not_picked":["Slice","Expertise","Infinite Blades"],"picked":"SKIP","floor":27.0},{"not_picked":["Outmaneuver","Backflip+1"],"picked":"Bouncing Flask+1","floor":28.0},{"not_picked":["Outmaneuver","Choke+1"],"picked":"Masterful Stab","floor":30.0},{"not_picked":["Backstab","Backflip"],"picked":"Crippling Poison","floor":31.0},{"not_picked":["Storm of Steel","Unload"],"picked":"Venomology","floor":33.0},{"not_picked":["Slice+1"],"picked":"SKIP","floor":35.0},{"not_picked":["Slice"],"picked":"SKIP","floor":37.0},{"not_picked":[],"picked":"Acrobatics+1","floor":38.0},{"not_picked":["Riddle With Holes"],"picked":"SKIP","floor":39.0},{"not_picked":["Masterful Stab"],"picked":"SKIP","floor":41.0},{"not_picked":["Backflip"],"picked":"SKIP","floor":45.0},{"not_picked":[],"picked":"Deadly Poison+1","floor":47.0},{"not_picked":[],"picked":"Underhanded Strike+1","floor":48.0}],"player_experience":191555,"relics_obtained":[{"floor":7.0,"key":"Centennial Puzzle"},{"floor":9.0,"key":"PreservedInsect"},{"floor":24.0,"key":"Orichalcum"},{"floor":26.0,"key":"Bag of Preparation"},{"floor":30.0,"key":"Bottled Tornado"},{"floor":41.0,"key":"Whetstone"},{"floor":43.0,"key":"Ancient Tea Set"},{"floor":45.0,"key":"Bag of Marbles"}],"event_choices":[{"damage_healed":0.0,"max_hp_gain":5.0,"max_hp_loss":0.0,"gold_gain":0.0,"event_name":"Big Fish","player_choice":"Donut","floor":3.0,"gold_loss":0.0,"damage_taken":0.0},{"cards_removed":["Strike_G"],"damage_healed":0.0,"max_hp_gain":0.0,"max_hp_loss":0.0,"gold_gain":0.0,"event_name":"The Cleric","player_choice":"Card Removal","floor":4.0,"gold_loss":50.0,"damage_taken":0.0},{"damage_healed":0.0,"max_hp_gain":0.0,"max_hp_loss":0.0,"gold_gain":0.0,"event_name":"Shining Light","player_choice":"Entered Light","floor":8.0,"gold_loss":0.0,"damage_taken":15.0,"cards_upgraded":["Die Die Die","PiercingWail"]},{"cards_removed":["Defend_G"],"damage_healed":0.0,"max_hp_gain":0.0,"max_hp_loss":0.0,"gold_gain":0.0,"event_name":"Bonfire Elementals","player_choice":"Offered Basic","floor":20.0,"gold_loss":0.0,"damage_taken":0.0},{"damage_healed":0.0,"max_hp_gain":0.0,"max_hp_loss":0.0,"gold_gain":0.0,"event_name":"The Mausoleum","player_choice":"Opened","floor":29.0,"gold_loss":0.0,"damage_taken":0.0,"relics_obtained":["Paper Crane"],"cards_obtained":["Writhe"]},{"damage_healed":0.0,"max_hp_gain":0.0,"max_hp_loss":0.0,"gold_gain":0.0,"event_name":"Tomb of Lord Red Mask","player_choice":"Paid","floor":42.0,"gold_loss":165.0,"damage_taken":0.0,"relics_obtained":["Red Mask"]},{"damage_healed":0.0,"max_hp_gain":0.0,"max_hp_loss":0.0,"gold_gain":0.0,"event_name":"Lab","player_choice":"Got Potions","floor":46.0,"gold_loss":0.0,"damage_taken":0.0}],"is_beta":false,"boss_relics":[{"not_picked":["Velvet Choker","Runic Pyramid"],"picked":"Philosopher\u0027s Stone"},{"not_picked":["Ring of the Serpent","Runic Dome"],"picked":"Busted Crown"}],"items_purged_floors":[36],"is_endless":false,"potions_floor_spawned":[5,7,12,14,16,21,22,28,31,35,38,39,41,48],"ascension_level":7}}