{"host":"i4vlfbz13gs2xtdj","time":1612669394,"event":{"mods":["2.2 Compatiblity","AchievementEnabler","Act Like it!","Arknights","Aspiration","BaseMod","Bestiary","Better Altar","Better Match","Better Note","Better Sensory Stone","Better Skull","Better Third Choice","BetterRewards","CatGirl Mod","Challenge The Spire","Colored Map","Colored Powertips","Curses Come First","Defuse TimeMaze Blight","Elementarium","Energized Spire","Fox Events","Friendly Minions","GifTheSpireLib","Halation","Hubris","Infinite Spire","Jedi Mod","Marked Mod","Minty Spire (QoL Compilation)","Pale of the Ancients","Potionbrewer","Rare Cards Sparkle","Relic Sorter","Relic Stats","Reliquary","Replay The Spire","Shop Mod","Somnambulant","Spicy Shops","Spikes Relics","Spire Arcade","StSLib","Stuff the Spire","The Marked","The Sage","Trackpad","Wandering Minibosses"],"gold_per_floor":[116,135,5,5,5,10,10,23,98,16,49,49,62,80,80,80,80],"floor_reached":16,"language":"ENG","playtime":971,"items_purged":["Defend_B","Strike_B"],"score":125,"play_id":"d0ddb96f-f0a5-45e3-aee5-7d66eea727f7","local_time":"20210206224314","is_ascension_mode":false,"campfire_choices":[{"floor":7,"key":"DIG"},{"floor":15,"key":"DIG"}],"circlet_count":0,"master_deck":["Strike_B","Strike_B","Strike_B","Defend_B","Defend_B","Defend_B","Zap","Dualcast","Cold Snap","Beam Cell","hubris:Insight","hubris:Lust","StuffTheSpire:PlasmaPulse","Creative AI","StuffTheSpire:CuriosityCurse","Fusion","Sweeping Beam"],"relics":["Cracked Core","infinitespire:Freezer","halation:Sosunser","Shovel","MerchantsRug","trackpad:AdjectivePendant","ReplayTheSpireMod:CursedCoin","jedi:fakemustache","StuffTheSpire:ColdMirror","potionbrewer:WarMedal","Replay:Bottled Snecko","StuffTheSpire:OldFever","Boot"],"acts_visited":["Exordium"],"potions_floor_usage":[11,11,16,16,16],"damage_taken":[{"damage":0,"enemies":"Cultist","floor":1,"turns":3},{"damage":0,"enemies":"2 Louse","floor":2,"turns":2},{"damage":3,"enemies":"Small Slimes","floor":8,"turns":2},{"damage":0,"enemies":"Gremlin Nob","floor":11,"turns":2},{"damage":0,"enemies":"Blue Slaver","floor":13,"turns":3},{"damage":0,"enemies":"Large Slime","floor":14,"turns":6},{"damage":35,"enemies":"Hexaghost","floor":16,"turns":9}],"seed_played":"-1191638577420347572","potions_obtained":[{"floor":1,"key":"Toxic Potion"},{"floor":8,"key":"Toxic Potion"},{"floor":13,"key":"potionbrewer:SplittingPotion"}],"is_trial":false,"path_per_floor":["M","M","$","?","?","$","R","M","T","$","E","?","M","M","R","B"],"character_chosen":"DEFECT","items_purchased":["infinitespire:Freezer","halation:Sosunser","MerchantsRug","Strength Potion","hubris:Insight","PowerPotion","ReplayTheSpireMod:CursedCoin","jedi:fakemustache","StuffTheSpire:PlasmaPulse"],"campfire_rested":0,"item_purchase_floors":[0,0,0,0,3,3,6,6,10],"current_hp_per_floor":[40,40,40,40,23,33,33,30,30,35,35,35,35,35,35,0,0],"gold":80,"neow_bonus":"","is_daily":false,"chose_seed":false,"campfire_upgraded":0,"win_rate":0.0,"timestamp":1612669394,"path_taken":["M","?","$","?","?","$","R","?","T","$","E","?","M","M","R","BOSS"],"items_purchased_type":["Relic","Relic","Relic","Potion","Card","Potion","Relic","Relic","Card"],"build_version":"2020-12-22","purchased_purges":2,"victory":false,"max_hp_per_floor":[75,75,75,75,75,75,75,75,75,75,75,75,75,75,75,75,75],"relic_stats":{"Shovel":2,"counters":[87,302],"Boot":[2],"obtain_stats":[{"reliquary:Solitaire":43,"ShockBauble":50,"CeramicFish":25,"Vajra":23,"HoveringKite":17,"infinitespire:Cubic Diamond":2,"trackpad:ByrdBGone":30,"wanderingMiniBosses:OtherGremlinHorn":18,"hubris:MysteriousPyramids":21,"halation:StarCompass":47,"Boot":15,"Ring of Searing":39,"jedi:shrinkray":45,"potionbrewer:PotionKit":2,"Replay:Wanted Poster":36,"Sozu":50,"Lizard Tail":37,"Centennial Puzzle":53,"aspiration:BabyByrd":3,"StuffTheSpire:ColdMirror":7,"HandDrill":20,"trackpad:AdjectivePendant":5,"trackpad:CultistFigurine":26,"Toxic Egg 2":42,"Runic Cube":17,"MerchantsRug":20,"Girya":14,"potionbrewer:WarMedal":9,"Happy Flower":31,"GiantMaggot":0,"ReplayTheSpireMod:CursedCoin":6,"hubris:SphereOfDissonance":46,"Pen Nib":54,"infinitespire:Magic Flask":31,"Akabeko":28,"WarpedTongs":3,"potionbrewer:Torch":9,"infinitespire:EvilPickle":35,"paleoftheancients:Timepiece":50,"jedi:heavyjacket":2,"Replay:Baseball":27,"Elementarium:ElementariumTrophy":33,"Bird Faced Urn":54,"CultistMask":50,"CosmicIsotope":17,"paleoftheancients:SoulOfTheSilent":52,"reliquary:MudwinsCradle":49,"trackpad:WindUpAutoDealer":0,"aspiration:HatOfInfinitePower":58,"StuffTheSpire:OldFever":12,"Pocketwatch":24,"halation:BlackBeret":31,"energizedSpire:PogoStick":34,"aspiration:Lifesprig":26,"halation:Sosunser":0,"BrokenLever":31,"StoneCalendar":36,"jedi:Pinwheel":11,"jedi:archwizardhat":0,"hubris:EmptyBottle":53,"Ancient Tea Set":22,"Pet Ghost":9,"aspiration:StickyExplosives_weak":26,"ClockworkSouvenir":58,"StuffTheSpire:OccultApparatus":19,"StuffTheSpire:Gunfinga":43,"Chameleon Ring":10,"Shovel":0,"StuffTheSpire:HeavyRock":20,"hubris:FunFungus":34,"trackpad:Compendium":6,"hubris:CuriousFeather":24,"Replay:Bottled Snecko":11,"Ring of Panic":39,"InkBottle":44,"Ring of the Snake":53,"paleoftheancients:BlurryLens":53,"Golden Idol":5,"hubris:Towel":22,"halation:SelfBoilingWater":20,"Sandwich":24,"jedi:windupbox":46,"jedi:fakemustache":0,"ats:Originium":11,"jedi:ominousloannote":31,"Snack Pack":43,"aspiration:RitualDagger":34,"PureWater":0,"halation:LostSnail":7,"potionbrewer:Keyblade":0,"halation:PinkSoulGem":32,"ReplayTheSpireMod:Lightbulb":0,"wanderingMiniBosses:Inkheart":29,"hubris:OldNail":0,"infinitespire:Freezer":0},{"reliquary:Solitaire":20,"ShockBauble":26,"CeramicFish":13,"Vajra":36,"HoveringKite":62,"infinitespire:Cubic Diamond":28,"trackpad:ByrdBGone":67,"wanderingMiniBosses:OtherGremlinHorn":35,"hubris:MysteriousPyramids":35,"halation:StarCompass":77,"Boot":86,"Ring of Searing":19,"jedi:shrinkray":21,"potionbrewer:PotionKit":28,"Replay:Wanted Poster":17,"Sozu":52,"Lizard Tail":44,"Centennial Puzzle":78,"aspiration:BabyByrd":1,"StuffTheSpire:ColdMirror":82,"HandDrill":10,"trackpad:AdjectivePendant":82,"trackpad:CultistFigurine":13,"Toxic Egg 2":75,"Runic Cube":34,"MerchantsRug":10,"Girya":33,"potionbrewer:WarMedal":83,"Happy Flower":16,"GiantMaggot":27,"ReplayTheSpireMod:CursedCoin":82,"hubris:SphereOfDissonance":49,"Pen Nib":79,"infinitespire:Magic Flask":39,"Akabeko":14,"WarpedTongs":58,"potionbrewer:Torch":4,"infinitespire:EvilPickle":17,"paleoftheancients:Timepiece":52,"jedi:heavyjacket":58,"Replay:Baseball":14,"Elementarium:ElementariumTrophy":40,"Bird Faced Urn":55,"CultistMask":52,"CosmicIsotope":9,"paleoftheancients:SoulOfTheSilent":54,"reliquary:MudwinsCradle":25,"trackpad:WindUpAutoDealer":27,"aspiration:HatOfInfinitePower":56,"StuffTheSpire:OldFever":84,"Pocketwatch":12,"halation:BlackBeret":16,"energizedSpire:PogoStick":69,"aspiration:Lifesprig":65,"halation:Sosunser":80,"BrokenLever":16,"StoneCalendar":42,"jedi:Pinwheel":6,"jedi:archwizardhat":27,"hubris:EmptyBottle":78,"Ancient Tea Set":63,"Pet Ghost":31,"aspiration:StickyExplosives_weak":37,"ClockworkSouvenir":56,"StuffTheSpire:OccultApparatus":35,"StuffTheSpire:Gunfinga":75,"Chameleon Ring":31,"Shovel":80,"StuffTheSpire:HeavyRock":10,"hubris:FunFungus":16,"trackpad:Compendium":30,"hubris:CuriousFeather":64,"Replay:Bottled Snecko":84,"Ring of Panic":19,"InkBottle":76,"Ring of the Snake":78,"paleoftheancients:BlurryLens":55,"Golden Idol":59,"hubris:Towel":35,"halation:SelfBoilingWater":35,"Sandwich":12,"jedi:windupbox":49,"jedi:fakemustache":57,"ats:Originium":6,"jedi:ominousloannote":16,"Snack Pack":47,"aspiration:RitualDagger":40,"PureWater":0,"halation:LostSnail":30,"potionbrewer:Keyblade":57,"halation:PinkSoulGem":39,"ReplayTheSpireMod:Lightbulb":57,"wanderingMiniBosses:Inkheart":15,"hubris:OldNail":57,"infinitespire:Freezer":80},{"reliquary:Solitaire":63,"ShockBauble":79,"CeramicFish":42,"Vajra":118,"HoveringKite":213,"infinitespire:Cubic Diamond":89,"trackpad:ByrdBGone":233,"wanderingMiniBosses:OtherGremlinHorn":115,"hubris:MysteriousPyramids":115,"halation:StarCompass":264,"Boot":293,"Ring of Searing":59,"jedi:shrinkray":67,"potionbrewer:PotionKit":89,"Replay:Wanted Poster":54,"Sozu":174,"Lizard Tail":148,"Centennial Puzzle":268,"aspiration:BabyByrd":2,"StuffTheSpire:ColdMirror":280,"HandDrill":32,"trackpad:AdjectivePendant":280,"trackpad:CultistFigurine":42,"Toxic Egg 2":260,"Runic Cube":113,"MerchantsRug":32,"Girya":107,"potionbrewer:WarMedal":282,"Happy Flower":50,"GiantMaggot":85,"ReplayTheSpireMod:CursedCoin":280,"hubris:SphereOfDissonance":161,"Pen Nib":271,"infinitespire:Magic Flask":127,"Akabeko":43,"WarpedTongs":197,"potionbrewer:Torch":11,"infinitespire:EvilPickle":54,"paleoftheancients:Timepiece":174,"jedi:heavyjacket":197,"Replay:Baseball":43,"Elementarium:ElementariumTrophy":133,"Bird Faced Urn":187,"CultistMask":174,"CosmicIsotope":28,"paleoftheancients:SoulOfTheSilent":186,"reliquary:MudwinsCradle":77,"trackpad:WindUpAutoDealer":85,"aspiration:HatOfInfinitePower":188,"StuffTheSpire:OldFever":284,"Pocketwatch":39,"halation:BlackBeret":50,"energizedSpire:PogoStick":242,"aspiration:Lifesprig":227,"halation:Sosunser":275,"BrokenLever":50,"StoneCalendar":137,"jedi:Pinwheel":16,"jedi:archwizardhat":85,"hubris:EmptyBottle":268,"Ancient Tea Set":218,"Pet Ghost":97,"aspiration:StickyExplosives_weak":121,"ClockworkSouvenir":188,"StuffTheSpire:OccultApparatus":115,"StuffTheSpire:Gunfinga":260,"Chameleon Ring":97,"Shovel":275,"StuffTheSpire:HeavyRock":32,"hubris:FunFungus":50,"trackpad:Compendium":95,"hubris:CuriousFeather":224,"Replay:Bottled Snecko":284,"Ring of Panic":59,"InkBottle":263,"Ring of the Snake":268,"paleoftheancients:BlurryLens":187,"Golden Idol":200,"hubris:Towel":115,"halation:SelfBoilingWater":115,"Sandwich":39,"jedi:windupbox":161,"jedi:fakemustache":193,"ats:Originium":16,"jedi:ominousloannote":50,"Snack Pack":155,"aspiration:RitualDagger":133,"PureWater":0,"halation:LostSnail":95,"potionbrewer:Keyblade":193,"halation:PinkSoulGem":127,"ReplayTheSpireMod:Lightbulb":193,"wanderingMiniBosses:Inkheart":48,"hubris:OldNail":193,"infinitespire:Freezer":275}]},"card_choices":[{"not_picked":["Fusion","White Noise"],"picked":"Cold Snap","floor":1},{"not_picked":["jedi:BurstLightning","Conserve Battery"],"picked":"Beam Cell","floor":2},{"not_picked":["jedi:BurstFrost","Stack","ReplaySort"],"picked":"SKIP","floor":8},{"not_picked":["Static Discharge","StuffTheSpire:Plugnplay"],"picked":"Creative AI","floor":11},{"not_picked":["jedi:markofdeath","Coolheaded"],"picked":"Fusion","floor":13},{"not_picked":["Hologram","Coolheaded"],"picked":"Sweeping Beam","floor":14}],"player_experience":358871,"relics_obtained":[{"floor":7,"key":"StuffTheSpire:ColdMirror"},{"floor":9,"key":"potionbrewer:WarMedal"},{"floor":11,"key":"Replay:Bottled Snecko"},{"floor":15,"key":"Boot"}],"event_choices":[{"damage_healed":0,"gold_gain":0,"player_choice":"RE ","damage_taken":19,"relics_obtained":["trackpad:AdjectivePendant"],"max_hp_gain":0,"max_hp_loss":0,"event_name":"betterSkull:BetterSkull","floor":5,"gold_loss":0,"cards_upgraded":[]}],"is_beta":false,"boss_relics":[],"items_purged_floors":[0,0],"is_endless":false,"potions_floor_spawned":[1,8,13],"killed_by":"Hexaghost","ascension_level":0}}