{"host":"lzpp66udqthct9jv","time":1612683133,"event":{"mods":["Act Like it!","BaseMod","Better-Laid Plans","Chen","Emptier Cage","Gensokyo","Highlight Path","Koishi","Marisa£®ÏF”Í°°ƒß¿Ì…≥£©","Minty Spire (QoL Compilation)","Pale of the Ancients","Quick Restart","Reimu£®≤©¿ˆ¡È√Œ£©","Remilia£®¿Ÿ√◊¿Ú—«£©","Shop Mod","StSLib","The Administrix","The Servant 0.9.4","Yakumo Yukari mod","Youmu£®ªÍ∆«—˝√Œ£©","Yuyuko","ÛÙª÷∏ƒœ"],"gold_per_floor":[110,110,127,141,64,64,81,81,132,132,159,169,182,211,211,288,288,305,305,98,74,94,94,94,94],"floor_reached":24,"language":"ZHS","playtime":812,"items_purged":["Strike_R"],"score":416,"play_id":"e9fa45e5-c6d9-4367-8033-8c85b9d6107c","local_time":"20210207153213","is_ascension_mode":true,"campfire_choices":[{"data":"Rupture","floor":6.0,"key":"SMITH"},{"data":"Pommel Strike","floor":8.0,"key":"SMITH"},{"data":"Rampage","floor":10.0,"key":"SMITH"},{"data":"Feel No Pain","floor":15.0,"key":"SMITH"},{"data":"Armaments","floor":23.0,"key":"SMITH"}],"circlet_count":0,"master_deck":["AscendersBane","Strike_R","Strike_R","Defend_R","Defend_R","Defend_R","Defend_R","Bash","Shockwave","Rupture+1","Pommel Strike+1","Rampage+1","Bloodletting","Reaper","Battle Trance","Limit Break","Feel No Pain+1","Impervious","Second Wind","Armaments+1","Dark Embrace","Shrug It Off","Whirlwind"],"relics":["Burning Blood","Ancient Tea Set","WingedGreaves","Black Star"],"acts_visited":["Exordium","TheCity"],"potions_floor_usage":[],"damage_taken":[{"damage":3.0,"enemies":"Small Slimes","floor":1.0,"turns":6.0},{"damage":1.0,"enemies":"Cultist","floor":3.0,"turns":3.0},{"damage":9.0,"enemies":"Jaw Worm","floor":4.0,"turns":4.0},{"damage":18.0,"enemies":"Red Slaver","floor":7.0,"turns":3.0},{"damage":29.0,"enemies":"3 Sentries","floor":11.0,"turns":4.0},{"damage":9.0,"enemies":"Looter","floor":12.0,"turns":3.0},{"damage":5.0,"enemies":"2 Fungi Beasts","floor":13.0,"turns":3.0},{"damage":37.0,"enemies":"Gremlin Nob","floor":14.0,"turns":5.0},{"damage":12.0,"enemies":"Slime Boss","floor":16.0,"turns":7.0},{"damage":19.0,"enemies":"Spheric Guardian","floor":18.0,"turns":4.0},{"damage":29.0,"enemies":"2 Thieves","floor":21.0,"turns":4.0},{"damage":22.0,"enemies":"Centurion and Healer","floor":22.0,"turns":6.0},{"damage":61,"enemies":"Book of Stabbing","floor":24,"turns":6}],"seed_played":"3782444938599994374","potions_obtained":[{"floor":3.0,"key":"AttackPotion"},{"floor":7.0,"key":"SkillPotion"},{"floor":11.0,"key":"Ancient Potion"},{"floor":14.0,"key":"Fire Potion"},{"floor":21.0,"key":"PanachePotion"}],"is_trial":false,"path_per_floor":["M","?","M","M","$","R","M","R","T","R","E","M","M","E","R","B",null,"M","?","$","M","M","R","E"],"character_chosen":"IRONCLAD","items_purchased":["Reaper","Armaments","Dark Embrace"],"campfire_rested":0,"item_purchase_floors":[5,20,20],"current_hp_per_floor":[68,68,68,65,65,65,53,53,53,53,54,60,61,36,36,45,62,53,53,53,34,54,54,0,0],"gold":94,"neow_bonus":"TRANSFORM_TWO_CARDS","is_daily":false,"chose_seed":false,"campfire_upgraded":5,"win_rate":0.0,"timestamp":1612683133,"path_taken":["M","?","M","M","$","R","?","R","T","R","E","M","M","E","R","BOSS","M","?","$","M","M","R","E"],"items_purchased_type":["Card","Card","Card"],"build_version":"2020-12-22","purchased_purges":1,"victory":false,"max_hp_per_floor":[68,68,68,68,68,68,68,68,68,68,68,68,68,68,68,68,68,68,68,68,68,68,68,68,68],"card_choices":[{"not_picked":["Cleave","Flex"],"picked":"Pommel Strike","floor":1.0},{"not_picked":["Twin Strike","Body Slam","Cleave"],"picked":"SKIP","floor":3.0},{"not_picked":["Armaments","Corruption"],"picked":"Bloodletting","floor":4.0},{"not_picked":["Rampage","Havoc","Sword Boomerang"],"picked":"SKIP","floor":7.0},{"not_picked":["Flex","Havoc","Pommel Strike"],"picked":"SKIP","floor":11.0},{"not_picked":["Clash","Carnage"],"picked":"Battle Trance","floor":12.0},{"not_picked":["Anger","Entrench"],"picked":"Limit Break","floor":13.0},{"not_picked":["Iron Wave","Inflame"],"picked":"Feel No Pain","floor":14.0},{"not_picked":["Brutality","Limit Break"],"picked":"Impervious","floor":16.0},{"not_picked":["Warcry","Disarm"],"picked":"Second Wind","floor":18.0},{"not_picked":["Blood for Blood","Sever Soul"],"picked":"Shrug It Off","floor":21.0},{"not_picked":["Intimidate","Wild Strike"],"picked":"Whirlwind","floor":22.0}],"player_experience":1853042,"relics_obtained":[{"floor":11.0,"key":"Ancient Tea Set"},{"floor":14.0,"key":"WingedGreaves"}],"event_choices":[{"damage_healed":0.0,"max_hp_gain":0.0,"max_hp_loss":0.0,"gold_gain":0.0,"event_name":"Match and Keep!","player_choice":"1 cards matched","floor":2.0,"gold_loss":0.0,"damage_taken":0.0,"cards_obtained":["Rampage"]},{"damage_healed":0.0,"max_hp_gain":0.0,"max_hp_loss":0.0,"gold_gain":0.0,"event_name":"The Mausoleum","player_choice":"Ignored","floor":19.0,"gold_loss":0.0,"damage_taken":0.0}],"is_beta":false,"boss_relics":[{"not_picked":["Tiny House","Ectoplasm"],"picked":"Black Star"}],"items_purged_floors":[20],"is_endless":false,"potions_floor_spawned":[3,7,11,12,14,21],"killed_by":"Book of Stabbing","ascension_level":20}}