{"host":"d85gwtocd8go8gx0","time":1612672192,"event":{"mods":["AchievementEnabler","BaseMod","Better Altar","Better Skull","Better Third Choice","Block Reminder","Colored Powertips","Curses Come First","Dark Map","Filter the Spire","Highlight Path","Minty Spire (QoL Compilation)","Permanent Neow","Quick Restart","Shop Mod","StSLib","SuperFastMode","UnlockEverythingMod"],"gold_per_floor":[117,134,147,157,157,182,182,182,182,207,151,167,65,83,83,160,160,204,244,244,1,1,1,58,58,58,58,93,8,8,24,24,100,100,114,169,187,197,215,215,22,22,22],"floor_reached":42,"language":"ENG","playtime":2583,"items_purged":["Decay","Strike_P"],"score":942,"play_id":"c81ae9d8-9796-4b3e-8946-527624b1d325","local_time":"20210206202952","is_ascension_mode":true,"campfire_choices":[{"floor":7.0,"key":"REST"},{"floor":15.0,"key":"REST"},{"data":"Wish","floor":23.0,"key":"SMITH"},{"data":"Blasphemy","floor":25.0,"key":"SMITH"},{"data":"Wallop","floor":32.0,"key":"SMITH"}],"circlet_count":0,"master_deck":["AscendersBane","Defend_P","Defend_P","Defend_P","Eruption+1","Vigilance","Judgement+1","Swivel","DeceiveReality","BowlingBash","Evaluate","WheelKick","Protect","Wallop+1","Wallop","ClearTheMind","Vengeance","Wish+1","CutThroughFate","EmptyMind","Collect","FlyingSleeves","Blasphemy+1","Wallop","FearNoEvil","Conclude","Alpha","CutThroughFate","Protect","CrushJoints+1","FollowUp","ReachHeaven"],"relics":["PureWater","Calipers","TungstenRod","Gambling Chip","Snecko Eye","Regal Pillow","Pantograph","Ancient Tea Set","Incense Burner","MerchantsRug"],"acts_visited":["Exordium","TheCity","TheBeyond"],"potions_floor_usage":[39],"damage_taken":[{"damage":1.0,"enemies":"Cultist","floor":1.0,"turns":4.0},{"damage":0.0,"enemies":"2 Louse","floor":2.0,"turns":2.0},{"damage":3.0,"enemies":"Small Slimes","floor":3.0,"turns":4.0},{"damage":6.0,"enemies":"Looter","floor":4.0,"turns":4.0},{"damage":36.0,"enemies":"Gremlin Nob","floor":6.0,"turns":4.0},{"damage":18.0,"enemies":"3 Sentries","floor":10.0,"turns":10.0},{"damage":14.0,"enemies":"Large Slime","floor":12.0,"turns":3.0},{"damage":0.0,"enemies":"2 Fungi Beasts","floor":14.0,"turns":2.0},{"damage":28.0,"enemies":"The Guardian","floor":16.0,"turns":11.0},{"damage":0.0,"enemies":"3 Byrds","floor":18.0,"turns":4.0},{"damage":7.0,"enemies":"Shell Parasite","floor":19.0,"turns":8.0},{"damage":9.0,"enemies":"Slavers","floor":24.0,"turns":6.0},{"damage":0.0,"enemies":"Book of Stabbing","floor":28.0,"turns":3.0},{"damage":0.0,"enemies":"Snecko","floor":31.0,"turns":4.0},{"damage":13.0,"enemies":"Champ","floor":33.0,"turns":11.0},{"damage":0.0,"enemies":"Orb Walker","floor":35.0,"turns":3.0},{"damage":0.0,"enemies":"Mind Bloom Boss Battle","floor":36.0,"turns":7.0},{"damage":9.0,"enemies":"3 Shapes","floor":37.0,"turns":2.0},{"damage":24,"enemies":"3 Darklings","floor":38,"turns":6},{"damage":43,"enemies":"Transient","floor":39,"turns":6},{"damage":26,"enemies":"Giant Head","floor":42,"turns":5}],"seed_played":"-2718040200825984585","potions_obtained":[{"floor":1.0,"key":"DuplicationPotion"},{"floor":4.0,"key":"Regen Potion"},{"floor":6.0,"key":"GamblersBrew"},{"floor":12.0,"key":"EntropicBrew"},{"floor":18.0,"key":"PowerPotion"},{"floor":33.0,"key":"SteroidPotion"},{"floor":37.0,"key":"FairyPotion"},{"floor":39,"key":"SmokeBomb"}],"is_trial":false,"path_per_floor":["M","M","M","M","?","E","R","?","T","E","$","M","$","M","R","B",null,"M","M","?","$","?","R","E","R","T","?","E","?","$","M","R","B",null,"M","?","M","M","M","?","$","E"],"character_chosen":"WATCHER","items_purchased":["Protect","Wallop","ClearTheMind","OrangePellets","MerchantsRug","ReachHeaven"],"campfire_rested":2,"item_purchase_floors":[11,13,13,21,41,41],"current_hp_per_floor":[60,60,57,51,51,15,35,35,35,17,17,3,3,3,23,10,54,54,47,47,47,47,47,38,38,38,38,38,38,38,38,38,50,64,64,68,59,35,20,20,20,0,0],"gold":22,"neow_bonus":"ONE_RANDOM_RARE_CARD","is_daily":false,"chose_seed":false,"campfire_upgraded":3,"win_rate":0.0,"timestamp":1612672192,"path_taken":["M","M","M","M","?","E","R","?","T","E","$","?","$","M","R","BOSS","M","M","?","$","?","R","E","R","T","?","E","?","?","M","R","BOSS","M","?","M","M","M","?","$","E"],"items_purchased_type":["Card","Card","Card","Relic","Relic","Card"],"build_version":"2020-12-22","purchased_purges":2,"victory":false,"max_hp_per_floor":[68,68,68,68,68,68,68,68,68,68,68,68,68,68,68,68,68,68,68,68,68,68,68,68,68,68,68,68,68,68,68,68,68,68,68,68,68,68,68,68,68,68,68],"card_choices":[{"not_picked":["Sanctity","Pray"],"picked":"Swivel","floor":1.0},{"not_picked":["ThirdEye","Halt"],"picked":"DeceiveReality","floor":2.0},{"not_picked":["Consecrate","TalkToTheHand"],"picked":"BowlingBash","floor":3.0},{"not_picked":["Vengeance","EmptyFist"],"picked":"Evaluate","floor":4.0},{"not_picked":["EmptyFist","Establishment"],"picked":"Halt","floor":6.0},{"not_picked":["Adaptation","JustLucky"],"picked":"WheelKick","floor":10.0},{"not_picked":["Protect","FollowUp"],"picked":"Wallop","floor":12.0},{"not_picked":["Establishment","PathToVictory"],"picked":"Vengeance","floor":14.0},{"not_picked":["Devotion","Alpha"],"picked":"Wish","floor":16.0},{"not_picked":["Consecrate","JustLucky"],"picked":"CutThroughFate","floor":18.0},{"not_picked":["MasterReality","EmptyFist"],"picked":"EmptyMind","floor":19.0},{"not_picked":["ThirdEye","EmptyFist"],"picked":"Blasphemy","floor":24.0},{"not_picked":["EmptyFist","Consecrate"],"picked":"FearNoEvil","floor":28.0},{"not_picked":["FlyingSleeves","BowlingBash"],"picked":"Conclude","floor":31.0},{"not_picked":["DeusExMachina","LessonLearned"],"picked":"Alpha","floor":33.0},{"not_picked":["FlyingSleeves","CrushJoints"],"picked":"CutThroughFate","floor":35.0},{"not_picked":["Consecrate","Pray"],"picked":"Protect","floor":36.0},{"not_picked":["Wireheading+1","Evaluate"],"picked":"CrushJoints+1","floor":37.0},{"not_picked":["WaveOfTheHand+1","BowlingBash"],"picked":"FollowUp","floor":38},{"not_picked":["ForeignInfluence","PathToVictory","BowlingBash"],"picked":"SKIP","floor":39}],"player_experience":45585,"relics_obtained":[{"floor":6.0,"key":"Calipers"},{"floor":9.0,"key":"TungstenRod"},{"floor":10.0,"key":"Gambling Chip"},{"floor":24.0,"key":"Regal Pillow"},{"floor":26.0,"key":"Pantograph"},{"floor":28.0,"key":"Ancient Tea Set"},{"floor":36.0,"key":"Incense Burner"}],"event_choices":[{"damage_healed":0.0,"max_hp_gain":0.0,"max_hp_loss":0.0,"gold_gain":0.0,"event_name":"Living Wall","player_choice":"Grow","floor":5.0,"gold_loss":0.0,"damage_taken":0.0,"cards_upgraded":["Judgement"]},{"damage_healed":0.0,"max_hp_gain":0.0,"max_hp_loss":0.0,"gold_gain":0.0,"event_name":"Upgrade Shrine","player_choice":"Upgraded","floor":8.0,"gold_loss":0.0,"damage_taken":0.0,"cards_upgraded":["Eruption"]},{"damage_healed":0.0,"max_hp_gain":0.0,"max_hp_loss":0.0,"gold_gain":0.0,"event_name":"betterAltar:BetterAltar","player_choice":" Defy","floor":20.0,"gold_loss":0.0,"damage_taken":0.0,"cards_obtained":["Decay"]},{"damage_healed":0.0,"max_hp_gain":0.0,"max_hp_loss":0.0,"gold_gain":0.0,"cards_transformed":["Halt","Defend_P"],"event_name":"Drug Dealer","player_choice":"Became Test Subject","floor":22.0,"gold_loss":0.0,"damage_taken":0.0,"cards_obtained":["Collect","FlyingSleeves"]},{"damage_healed":0.0,"max_hp_gain":0.0,"max_hp_loss":0.0,"gold_gain":0.0,"event_name":"The Library","player_choice":"Read","floor":27.0,"gold_loss":0.0,"damage_taken":0.0,"cards_obtained":["Wallop"]},{"damage_healed":0.0,"max_hp_gain":0.0,"max_hp_loss":0.0,"gold_gain":0.0,"event_name":"Addict","player_choice":"Obtained Relic","floor":29.0,"gold_loss":85.0,"damage_taken":0.0,"relics_obtained":["Mummified Hand"]},{"damage_healed":0.0,"max_hp_gain":0.0,"max_hp_loss":0.0,"gold_gain":0.0,"event_name":"MindBloom","player_choice":"Fight","floor":36.0,"gold_loss":0.0,"damage_taken":0.0},{"cards_removed":["Strike_P"],"damage_healed":0,"gold_gain":0,"player_choice":"Removed Attack","damage_taken":0,"max_hp_gain":0,"max_hp_loss":0,"event_name":"Falling","floor":40,"gold_loss":0}],"is_beta":false,"boss_relics":[{"not_picked":["Coffee Dripper","Busted Crown"],"picked":"Snecko Eye"},{"not_picked":["SacredBark","Tiny House"],"picked":"Empty Cage"}],"items_purged_floors":[21,41],"is_endless":false,"potions_floor_spawned":[1,4,6,12,18,19,33,36,37,39],"killed_by":"Giant Head","ascension_level":20}}