{"host":"hpn0uxah5qjr7pa6","time":1612736386,"event":{"mods":["2.2 Compatiblity","Act Like it!","Aspiration","BaseMod","Better Third Choice","BetterRewards","Challenge The Spire","Colored Powertips","Conspire","DeckTracker","Downfall","Energized Spire","Hallownest","Hermit","Highlight Path","Hubris","Infinite Spire","Minty Spire (QoL Compilation)","Permanent Neow","Quick Restart","Rare Cards Sparkle","Replay The Spire","Spicy Shops","StSLib","The Bug Knight","The Jungle"],"gold_per_floor":[109,60,76,76,76,105,119,119,119,119,139,158,158,172,172,268,268,285,20,20,34,46,74,74,74,98,98,43,56,73,73,73,177,127,147,147,161,175,175,175,186,186,258,258,258,6,18,33,33,33,33,33],"floor_reached":50,"language":"ENG","playtime":1360,"items_purged":["bronze:DelayedGuard"],"score":564,"play_id":"3ccad5c2-681c-47f7-84b4-ea31b46f9411","local_time":"20210207141946","daily_mods":["SealedDeck"],"is_ascension_mode":false,"campfire_choices":[{"data":"bronze:ChosenStrike","floor":8,"key":"SMITH"},{"data":"bronze:ChosenStrike","floor":10,"key":"SMITH"},{"data":"bronze:ChosenStrike","floor":15,"key":"SMITH"},{"data":"bronze:ChosenStrike","floor":25,"key":"SMITH"},{"data":"bronze:Branch","floor":27,"key":"SMITH"},{"floor":32,"key":"REST"},{"data":"bronze:ChosenStrike","floor":40,"key":"SMITH"},{"data":"bronze:Branch","floor":42,"key":"SMITH"},{"data":"bronze:DelayedSlice","floor":44,"key":"SMITH"}],"circlet_count":0,"master_deck":["bronze:ChosenStrike+1","bronze:DigitalCarnage","bronze:DelayedSlice","bronze:DelayedSlice+1","bronze:Branch+1","bronze:Branch+1","bronze:WhirlingStrike","bronze:DelayedSlice+1","bronze:OilSpill","bronze:ChosenStrike+1","bronze:ChosenStrike+1","bronze:DelayedSlice+1","bronze:ChosenStrike+1","bronze:Branch+1","bronze:ChosenStrike+1","bronze:Strike","bronze:ChosenStrike+1","bronze:DelayedSlice+1"],"relics":["bronze:BronzeCore","Whetstone","Meat on the Bone","ReplayFunnel","Pet Ghost","ReplayTheSpireMod:Lightbulb","Ancient Tea Set","Blue Doll","infinitespire:Broken Mirror","energizedSpire:HugeHouse","aspiration:ChemicalBlood","ReplayTheSpireMod:Ninjato","aspiration:SeaSaltIceCream","Pear"],"acts_visited":["Exordium","TheCity","TheBeyond"],"potions_floor_usage":[12,33,38,38,50,50,50,50,50,50,50],"damage_taken":[{"damage":0,"enemies":"Jaw Worm","floor":1,"turns":1},{"damage":0,"enemies":"Cultist","floor":3,"turns":2},{"damage":1,"enemies":"3 Sentries","floor":6,"turns":3},{"damage":0,"enemies":"2 Louse","floor":7,"turns":1},{"damage":0,"enemies":"Red Slaver","floor":11,"turns":1},{"damage":0,"enemies":"Exordium Thugs","floor":12,"turns":1},{"damage":0,"enemies":"Exordium Wildlife","floor":14,"turns":1},{"damage":0,"enemies":"Slime Boss","floor":16,"turns":4},{"damage":0,"enemies":"3 Byrds","floor":18,"turns":2},{"damage":0,"enemies":"Shell Parasite","floor":21,"turns":2},{"damage":0,"enemies":"Snecko","floor":22,"turns":2},{"damage":11,"enemies":"Book of Stabbing","floor":23,"turns":3},{"damage":0,"enemies":"Sentry and Sphere","floor":29,"turns":2},{"damage":11,"enemies":"Snake Plant","floor":30,"turns":2},{"damage":13,"enemies":"conspire:MysteriousRune","floor":33,"turns":5},{"damage":0,"enemies":"3 Darklings","floor":35,"turns":2},{"damage":6,"enemies":"3 Shapes","floor":37,"turns":2},{"damage":3,"enemies":"Writhing Mass","floor":38,"turns":2},{"damage":0,"enemies":"Transient","floor":41,"turns":5},{"damage":0,"enemies":"Sphere and 2 Shapes","floor":47,"turns":1},{"damage":0,"enemies":"Jaw Worm Horde","floor":48,"turns":2},{"damage":82,"enemies":"Awakened One","floor":50,"turns":6}],"seed_played":"-3234582296384371761","potions_obtained":[{"floor":3,"key":"Regen Potion"},{"floor":7,"key":"Doom Potion"},{"floor":11,"key":"Fire Potion"},{"floor":16,"key":"Explosive Potion"},{"floor":33,"key":"champ:CounterPotion"},{"floor":37,"key":"SkillPotion"},{"floor":47,"key":"Swift Potion"},{"floor":48,"key":"LifebloodPotion"}],"is_trial":true,"path_per_floor":["M","$","M","?","?","E","M","R","T","R","M","M","$","M","R","B",null,"M","$","?","M","M","E","AVR","R","T","R","?","M","M","T","R","B",null,"M","AVR","M","M","?","R","M","R","T","R","?","$","M","M","R","B"],"character_chosen":"THE_AUTOMATON","items_purchased":["bronze:ChosenStrike","ReplayFunnel","bronze:ChosenStrike+1","aspiration:SeaSaltIceCream"],"campfire_rested":1,"item_purchase_floors":[2,19,19,46],"current_hp_per_floor":[70,70,70,70,70,69,69,69,69,69,69,69,69,69,69,69,70,70,70,73,73,73,62,62,62,62,62,62,62,51,51,72,59,68,68,68,62,64,64,64,64,64,64,64,64,74,74,74,78,0,0,0],"gold":33,"neow_bonus":"","is_daily":false,"chose_seed":false,"campfire_upgraded":8,"win_rate":0.0,"timestamp":1612736386,"path_taken":["M","$","M","?","?","E","M","R","T","R","M","M","$","M","R","BOSS","M","$","?","M","M","E","AVR","R","T","R","?","?","M","?","R","BOSS","M","AVR","M","M","?","R","M","R","T","R","?","$","M","M","R","BOSS"],"items_purchased_type":["Card","Relic","Card","Relic"],"build_version":"2020-12-22","purchased_purges":1,"victory":false,"max_hp_per_floor":[70,70,70,70,70,70,70,70,70,70,70,70,70,70,70,70,70,70,70,73,73,73,73,73,73,73,73,73,73,73,73,73,73,68,68,68,68,68,68,68,68,68,68,68,68,78,78,78,78,78,78,78],"card_choices":[{"not_picked":["bronze:DarkDash","bronze:Flail","bronze:Iterate"],"picked":"SKIP","floor":1},{"not_picked":["bronze:Turbo","bronze:Shield"],"picked":"bronze:DelayedSlice","floor":3},{"not_picked":["bronze:Repair","bronze:NullPointer"],"picked":"bronze:ChosenStrike","floor":6},{"not_picked":["bronze:BugBarrage","bronze:WhirlingStrike"],"picked":"bronze:Branch","floor":7},{"not_picked":["bronze:WhirlingStrike","bronze:CutThrough","bronze:ChildClass"],"picked":"SKIP","floor":11},{"not_picked":["bronze:Frontload","bronze:Iterate","bronze:Shell"],"picked":"SKIP","floor":12},{"not_picked":["bronze:WhirlingStrike","bronze:BitShift","bronze:Invalidate"],"picked":"SKIP","floor":14},{"not_picked":["bronze:Invalidate","bronze:FollowUp","bronze:Shield"],"picked":"SKIP","floor":18},{"not_picked":["bronze:DelayedGuard","bronze:Deprecate","bronze:Refactor+1"],"picked":"SKIP","floor":21},{"not_picked":["bronze:FineTuning","bronze:BitShift+1","bronze:Separator"],"picked":"SKIP","floor":22},{"not_picked":["bronze:Turbo","bronze:BuggyMess","bronze:Iterate"],"picked":"SKIP","floor":23},{"not_picked":["bronze:BugBarrage","bronze:GetLatest","bronze:ForLoop+1"],"picked":"SKIP","floor":29},{"not_picked":["bronze:WildBeam","bronze:ThunderWave","bronze:Separator+1"],"picked":"SKIP","floor":30},{"not_picked":["bronze:BitShift+1","bronze:NullPointer+1","bronze:Shield+1"],"picked":"SKIP","floor":35},{"not_picked":["bronze:Terminator+1","bronze:BuggyMess+1","bronze:ChildClass+1"],"picked":"SKIP","floor":37},{"not_picked":["bronze:BitShift","bronze:NullPointer+1"],"picked":"bronze:ChosenStrike","floor":38},{"not_picked":["bronze:Optimize+1","bronze:BitShift"],"picked":"bronze:DelayedSlice+1","floor":41},{"not_picked":["bronze:Flail+1","bronze:WhirlingStrike+1","bronze:Constructor"],"picked":"SKIP","floor":47},{"not_picked":["bronze:BuggyMess+1","bronze:Fortify+1","bronze:Shield"],"picked":"SKIP","floor":48}],"player_experience":201218,"relics_obtained":[{"floor":6,"key":"Whetstone"},{"floor":9,"key":"Meat on the Bone"},{"floor":23,"key":"Pet Ghost"},{"floor":26,"key":"Ancient Tea Set"},{"floor":31,"key":"infinitespire:Broken Mirror"},{"floor":43,"key":"ReplayTheSpireMod:Ninjato"}],"event_choices":[{"damage_healed":0,"gold_gain":0,"player_choice":"Leave","damage_taken":0,"max_hp_gain":0,"max_hp_loss":0,"event_name":"conspire:Investor","floor":4,"gold_loss":0},{"damage_healed":0,"gold_gain":0,"player_choice":"Leave","damage_taken":0,"max_hp_gain":0,"max_hp_loss":0,"event_name":"FaceTrader","floor":5,"gold_loss":0},{"damage_healed":0,"gold_gain":0,"player_choice":"Paid Gold","damage_taken":0,"relics_obtained":["Blue Doll"],"max_hp_gain":0,"max_hp_loss":0,"event_name":"WeMeetAgain","floor":28,"gold_loss":55}],"is_beta":false,"boss_relics":[{"not_picked":["Snecko Eye","Replay:Fungal Core","ReplayTheSpireMod:DimensionalGlitch"]},{"not_picked":["hubris:TerracottaHorce","bronze:MakeshiftBattery"],"picked":"energizedSpire:HugeHouse"}],"items_purged_floors":[36],"is_endless":false,"potions_floor_spawned":[3,7,11,16,22,29,33,37,47,48],"killed_by":"Awakened One","ascension_level":0}}