{"host":"1hzg86ju9fvxh562","time":1612721025,"event":{"mods":["AchievementEnabler","Act Like it!","AlwaysNeverKeys","BaseMod","Bestiary","Better Altar","Better Match","Better Note","Better Sensory Stone","Better Skull","Better Third Choice","Colored Map","Colored Powertips","Curses Come First","Displayed Cursed Tome","Filter the Spire","Highlight Path","Keyboard Shortcuts","Minty Spire (QoL Compilation)","Rare Cards Sparkle","Relic Sorter","Relic Stats","ShortenTheSpire","Spicy Shops","StSLib","everything is the same but u backflip on backflip","slay the spire mod where everything is the same but ironclad has a cowboy hat"],"gold_per_floor":[119,133,152,171,181,213,213,243,269,269,319,319,28,39,39,138,138,157,171,86,100,115,142,142,171,223,33,68,87,117,131,131,236,236,255,269,288,83,101,128,128,146,146,156,194,194,194,214,214,214,214,214,1,32,32],"floor_reached":56,"language":"ENG","playtime":5611,"items_purged":["Rupture"],"score":2253,"play_id":"677dff1b-e136-440e-9e44-1470065930ec","local_time":"20210207160345","is_ascension_mode":true,"campfire_choices":[{"floor":7.0,"key":"REST"},{"floor":12.0,"key":"REST"},{"data":"Fiend Fire","floor":15.0,"key":"SMITH"},{"data":"Feel No Pain","floor":32.0,"key":"SMITH"},{"floor":41.0,"key":"DIG"},{"floor":47.0,"key":"RECALL"},{"floor":49.0,"key":"DIG"},{"floor":52.0,"key":"DIG"}],"circlet_count":0,"master_deck":["AscendersBane","Bash","True Grit","Cleave","Burning Pact","Fiend Fire+1","Shrug It Off","Spot Weakness","Pommel Strike","True Grit","Battle Trance","Feel No Pain+1","Immolate","Headbutt","True Grit","Havoc","Intimidate","True Grit","Power Through","Spot Weakness","Bloodletting","Sentinel+1","Armaments+1","Second Wind","Disarm+1","Dark Embrace","Exhume","Disarm","Offering","Sentinel","Pommel Strike+1"],"relics":["Mark of Pain","Dream Catcher","Pantograph","Pen Nib","Blood Vial","Potion Belt","Dead Branch","Pandora\u0027s Box","Toy Ornithopter","White Beast Statue","Matryoshka","Gremlin Horn","Akabeko","Membership Card","Shovel","Torii","SacredBark","FossilizedHelix","Meat on the Bone","Lantern","CeramicFish","Regal Pillow","Mercury Hourglass","Paper Frog","Bronze Scales","Medical Kit","ClockworkSouvenir","Pear"],"acts_visited":["Exordium","TheCity","TheBeyond","TheEnding"],"potions_floor_usage":[55,55],"damage_taken":[{"damage":0.0,"enemies":"Cultist","floor":1.0,"turns":4.0},{"damage":2.0,"enemies":"2 Louse","floor":2.0,"turns":3.0},{"damage":2.0,"enemies":"Jaw Worm","floor":3.0,"turns":3.0},{"damage":13.0,"enemies":"Large Slime","floor":4.0,"turns":6.0},{"damage":6.0,"enemies":"2 Fungi Beasts","floor":5.0,"turns":4.0},{"damage":42.0,"enemies":"3 Sentries","floor":6.0,"turns":14.0},{"damage":19.0,"enemies":"Gremlin Nob","floor":8.0,"turns":4.0},{"damage":9.0,"enemies":"Gremlin Gang","floor":14.0,"turns":4.0},{"damage":24.0,"enemies":"Hexaghost","floor":16.0,"turns":10.0},{"damage":0.0,"enemies":"Spheric Guardian","floor":18.0,"turns":1.0},{"damage":5.0,"enemies":"Chosen","floor":19.0,"turns":4.0},{"damage":0.0,"enemies":"3 Cultists","floor":21.0,"turns":3.0},{"damage":0.0,"enemies":"Centurion and Healer","floor":22.0,"turns":2.0},{"damage":0.0,"enemies":"Gremlin Leader","floor":23.0,"turns":4.0},{"damage":6.0,"enemies":"Book of Stabbing","floor":25.0,"turns":6.0},{"damage":13.0,"enemies":"Slavers","floor":28.0,"turns":4.0},{"damage":4.0,"enemies":"Snecko","floor":29.0,"turns":4.0},{"damage":3.0,"enemies":"Book of Stabbing","floor":30.0,"turns":4.0},{"damage":0.0,"enemies":"Snake Plant","floor":31.0,"turns":1.0},{"damage":0.0,"enemies":"Collector","floor":33.0,"turns":4.0},{"damage":7.0,"enemies":"Orb Walker","floor":35.0,"turns":2.0},{"damage":1.0,"enemies":"3 Shapes","floor":36.0,"turns":4.0},{"damage":16.0,"enemies":"Writhing Mass","floor":37.0,"turns":3.0},{"damage":6.0,"enemies":"Maw","floor":39.0,"turns":6.0},{"damage":0.0,"enemies":"Nemesis","floor":40.0,"turns":5.0},{"damage":10.0,"enemies":"4 Shapes","floor":42.0,"turns":2.0},{"damage":22.0,"enemies":"Spire Growth","floor":44.0,"turns":3.0},{"damage":3.0,"enemies":"Reptomancer","floor":45.0,"turns":1.0},{"damage":0.0,"enemies":"Jaw Worm Horde","floor":48.0,"turns":1.0},{"damage":3.0,"enemies":"Donu and Deca","floor":50.0,"turns":4.0},{"damage":13.0,"enemies":"Shield and Spear","floor":54.0,"turns":3.0},{"damage":34,"enemies":"The Heart","floor":55,"turns":5}],"seed_played":"-3514090642361200456","potions_obtained":[{"floor":5.0,"key":"SpeedPotion"},{"floor":6.0,"key":"Explosive Potion"},{"floor":21.0,"key":"PowerPotion"},{"floor":23.0,"key":"SteroidPotion"},{"floor":25.0,"key":"ColorlessPotion"},{"floor":28.0,"key":"DuplicationPotion"},{"floor":29.0,"key":"ElixirPotion"},{"floor":30.0,"key":"LiquidBronze"},{"floor":31.0,"key":"Strength Potion"},{"floor":33.0,"key":"FearPotion"},{"floor":35.0,"key":"Block Potion"},{"floor":36.0,"key":"ElixirPotion"},{"floor":37.0,"key":"FairyPotion"},{"floor":39.0,"key":"BloodPotion"},{"floor":40.0,"key":"Explosive Potion"},{"floor":42.0,"key":"CultistPotion"},{"floor":44.0,"key":"Fruit Juice"},{"floor":45.0,"key":"LiquidBronze"},{"floor":54.0,"key":"Fire Potion"}],"is_trial":false,"path_per_floor":["M","M","M","M","M","E","R","E","T","?","T","R","$","M","R","B",null,"M","M","?","M","M","E","?","E","T","$","E","M","E","M","R","B",null,"M","M","M","$","M","E","R","M","T","M","E","?","R","M","R","B",null,"R","$","E","B",null],"character_chosen":"IRONCLAD","items_purchased":["Dead Branch","Membership Card","Dark Embrace","Sentinel","FossilizedHelix","Bronze Scales","Medical Kit","ClockworkSouvenir","SteroidPotion"],"campfire_rested":2,"item_purchase_floors":[13,27,27,38,38,53,53,53,53],"current_hp_per_floor":[72,70,68,55,49,7,31,12,12,12,12,36,36,29,29,32,68,70,67,67,69,71,78,70,66,66,66,55,58,57,64,64,80,80,73,79,64,64,60,80,80,70,70,65,64,64,64,66,66,82,84,84,84,82,61],"gold":32,"neow_bonus":"BOSS_RELIC","is_daily":false,"chose_seed":false,"campfire_upgraded":2,"win_rate":0.0,"timestamp":1612721025,"path_taken":["M","?","M","M","M","E","R","E","T","?","?","R","$","M","R","BOSS","M","M","?","M","M","E","?","E","T","$","E","M","E","M","R","BOSS","M","?","M","$","M","E","R","M","T","M","E","?","R","M","R","BOSS","R","$","E","BOSS"],"items_purchased_type":["Relic","Relic","Card","Card","Relic","Relic","Relic","Relic","Potion"],"build_version":"2020-12-22","purchased_purges":1,"victory":true,"max_hp_per_floor":[80,80,80,80,80,80,80,80,80,80,80,80,80,80,80,80,80,80,80,80,80,80,80,80,80,80,80,80,80,80,80,80,80,80,80,80,80,80,80,80,80,80,80,90,90,85,85,85,85,85,85,85,85,95,95],"relic_stats":{"Regal Pillow":0,"Gremlin Horn":[9,10],"Torii":0,"counters":[32,128],"Dead Branch":[446],"CeramicFish":9,"Pen Nib":[16],"Medical Kit":[10],"Mercury Hourglass":[42],"Blood Vial":44,"Dream Catcher":2,"Shovel":3,"Pantograph":67,"Bronze Scales":[57],"Pandora\u0027s Box":["Headbutt","True Grit","Havoc","Intimidate","True Grit","Rupture","Power Through","Spot Weakness","Bloodletting"],"obtain_stats":[{"Lantern":41,"Regal Pillow":45,"Gremlin Horn":26,"Torii":30,"SacredBark":34,"CeramicFish":43,"Burning Blood":0,"ClockworkSouvenir":53,"Blood Vial":10,"Dream Catcher":6,"Matryoshka":25,"Shovel":28,"Pantograph":8,"Paper Frog":52,"Potion Belt":11,"Pear":54,"Dead Branch":13,"Pen Nib":9,"Medical Kit":53,"White Beast Statue":23,"Akabeko":26,"Mercury Hourglass":49,"Bronze Scales":53,"Pandora\u0027s Box":17,"Mark of Pain":0,"Membership Card":27,"Toy Ornithopter":20,"FossilizedHelix":38,"Meat on the Bone":40},{"Lantern":25,"Regal Pillow":28,"Gremlin Horn":15,"Torii":18,"SacredBark":20,"CeramicFish":26,"Burning Blood":0,"ClockworkSouvenir":30,"Blood Vial":7,"Dream Catcher":6,"Matryoshka":15,"Shovel":16,"Pantograph":7,"Paper Frog":30,"Potion Belt":7,"Pear":31,"Dead Branch":7,"Pen Nib":7,"Medical Kit":30,"White Beast Statue":14,"Akabeko":15,"Mercury Hourglass":29,"Bronze Scales":30,"Pandora\u0027s Box":9,"Mark of Pain":0,"Membership Card":15,"Toy Ornithopter":11,"FossilizedHelix":23,"Meat on the Bone":25},{"Lantern":109,"Regal Pillow":115,"Gremlin Horn":72,"Torii":84,"SacredBark":89,"CeramicFish":111,"Burning Blood":0,"ClockworkSouvenir":120,"Blood Vial":38,"Dream Catcher":34,"Matryoshka":72,"Shovel":76,"Pantograph":38,"Paper Frog":120,"Potion Belt":38,"Pear":123,"Dead Branch":38,"Pen Nib":38,"Medical Kit":120,"White Beast Statue":66,"Akabeko":72,"Mercury Hourglass":116,"Bronze Scales":120,"Pandora\u0027s Box":52,"Mark of Pain":0,"Membership Card":72,"Toy Ornithopter":57,"FossilizedHelix":98,"Meat on the Bone":109}],"Toy Ornithopter":25,"Meat on the Bone":0},"card_choices":[{"not_picked":["Warcry","Twin Strike"],"picked":"True Grit","floor":1.0},{"not_picked":["Sword Boomerang","Entrench"],"picked":"Cleave","floor":2.0},{"not_picked":["Havoc","Twin Strike"],"picked":"Burning Pact","floor":3.0},{"not_picked":["Anger","Clothesline"],"picked":"Fiend Fire","floor":4.0},{"not_picked":["Combust","Sever Soul"],"picked":"Shrug It Off","floor":5.0},{"not_picked":["Flame Barrier","Headbutt"],"picked":"Spot Weakness","floor":6.0},{"not_picked":["Dropkick","Blood for Blood"],"picked":"Pommel Strike","floor":7.0},{"not_picked":["Spot Weakness","Clash"],"picked":"True Grit","floor":8.0},{"not_picked":["Twin Strike","Pommel Strike"],"picked":"Battle Trance","floor":12.0},{"not_picked":["Body Slam","Power Through"],"picked":"Feel No Pain","floor":14.0},{"not_picked":["Exhume","Reaper"],"picked":"Immolate","floor":16.0},{"not_picked":["Reckless Charge+1","Sword Boomerang+1","Iron Wave+1"],"picked":"SKIP","floor":18.0},{"not_picked":["Havoc+1","Sword Boomerang+1"],"picked":"Sentinel+1","floor":19.0},{"not_picked":["Intimidate","Rage"],"picked":"Armaments+1","floor":21.0},{"not_picked":["Clash+1","Havoc+1","Twin Strike"],"picked":"SKIP","floor":22.0},{"not_picked":["Sever Soul","Dual Wield"],"picked":"Second Wind","floor":23.0},{"not_picked":["Searing Blow+1","Metallicize"],"picked":"Disarm+1","floor":25.0},{"not_picked":["Clash","Body Slam+1"],"picked":"Exhume","floor":28.0},{"not_picked":["Perfected Strike","Cleave","Ghostly Armor+1"],"picked":"SKIP","floor":29.0},{"not_picked":["Perfected Strike","Twin Strike"],"picked":"Disarm","floor":30.0},{"not_picked":["Disarm","Whirlwind+1","Shrug It Off+1"],"picked":"SKIP","floor":31.0},{"not_picked":["Demon Form","Feed"],"picked":"Offering","floor":33.0},{"not_picked":["Twin Strike","Flame Barrier","Metallicize"],"picked":"SKIP","floor":35.0},{"not_picked":["Clash+1","Heavy Blade","Armaments+1"],"picked":"SKIP","floor":36.0},{"not_picked":["Body Slam+1","Intimidate","Iron Wave"],"picked":"SKIP","floor":37.0},{"not_picked":["Shockwave+1","Headbutt+1","Cleave+1"],"picked":"SKIP","floor":39.0},{"not_picked":["Metallicize+1","Perfected Strike+1","Pummel"],"picked":"SKIP","floor":40.0},{"not_picked":["Clash","Iron Wave","Wild Strike"],"picked":"SKIP","floor":42.0},{"not_picked":["Bludgeon","Shrug It Off","Cleave"],"picked":"SKIP","floor":44.0},{"not_picked":["Cleave+1","Thunderclap"],"picked":"Pommel Strike+1","floor":45.0},{"not_picked":["Bloodletting","Clothesline","Pommel Strike+1"],"picked":"SKIP","floor":48.0},{"not_picked":["Entrench+1","Havoc+1","Reaper"],"picked":"SKIP","floor":54.0}],"player_experience":524055,"relics_obtained":[{"floor":6.0,"key":"Dream Catcher"},{"floor":8.0,"key":"Pantograph"},{"floor":9.0,"key":"Pen Nib"},{"floor":11.0,"key":"Potion Belt"},{"floor":23.0,"key":"White Beast Statue"},{"floor":25.0,"key":"Matryoshka"},{"floor":26.0,"key":"Gremlin Horn"},{"floor":26.0,"key":"Akabeko"},{"floor":28.0,"key":"Shovel"},{"floor":30.0,"key":"Torii"},{"floor":40.0,"key":"Meat on the Bone"},{"floor":41.0,"key":"Lantern"},{"floor":43.0,"key":"CeramicFish"},{"floor":45.0,"key":"Regal Pillow"},{"floor":49.0,"key":"Mercury Hourglass"},{"floor":52.0,"key":"Paper Frog"},{"floor":54.0,"key":"Pear"}],"event_choices":[{"damage_healed":0.0,"max_hp_gain":0.0,"max_hp_loss":0.0,"gold_gain":0.0,"event_name":"Dead Adventurer","player_choice":"Searched \u00271\u0027 times","floor":10.0,"gold_loss":0.0,"damage_taken":0.0,"relics_obtained":["Blood Vial"]},{"damage_healed":0.0,"max_hp_gain":0.0,"max_hp_loss":0.0,"gold_gain":0.0,"event_name":"Addict","player_choice":"Obtained Relic","floor":20.0,"gold_loss":85.0,"damage_taken":0.0,"relics_obtained":["Toy Ornithopter"]},{"damage_healed":0.0,"max_hp_gain":0.0,"max_hp_loss":0.0,"gold_gain":0.0,"event_name":"Wheel of Change","player_choice":"Damaged","floor":24.0,"gold_loss":0.0,"damage_taken":8.0},{"damage_healed":0.0,"max_hp_gain":0.0,"max_hp_loss":5.0,"gold_gain":0.0,"event_name":"Winding Halls","player_choice":"Max HP","floor":46.0,"gold_loss":0.0,"damage_taken":0.0}],"is_beta":false,"boss_relics":[{"not_picked":["Tiny House","Busted Crown"],"picked":"Pandora\u0027s Box"},{"not_picked":["Calling Bell","Cursed Key"],"picked":"SacredBark"}],"items_purged_floors":[38],"is_endless":false,"potions_floor_spawned":[5,6,21,23,25,28,29,30,31,33,35,36,37,39,40,42,44,45,48,54],"ascension_level":11}}