{"host":"t7mx8yfj1no5p62f","time":1612709533,"event":{"mods":["BaseMod","Colored Map","Colored Powertips","Curses Come First","Minty Spire (QoL Compilation)","Relic Stats","StSLib"],"gold_per_floor":[109,11,11,23,41,73,73,101,150,150,164,164,197,5,5,83,83,98,109,135,152,152,185,196,231,231,251,277,294,326,336,336,407,407,417,437,87,112,112,141,141,167,167,202,202,257,479,491,491,491,491,491,491,29,60,60],"floor_reached":57,"language":"ENG","playtime":3585,"items_purged":["Slice"],"score":3251,"play_id":"c5e67dfc-e67d-4889-ac41-95ee60b11be4","local_time":"20210207095213","is_ascension_mode":true,"campfire_choices":[{"data":"Wraith Form v2","floor":7,"key":"SMITH"},{"data":"Night Terror","floor":10,"key":"SMITH"},{"data":"Panacea","floor":15,"key":"SMITH"},{"floor":32,"key":"REST"},{"floor":49,"key":"RECALL"},{"floor":53,"key":"REST"}],"circlet_count":0,"master_deck":["AscendersBane","Survivor+1","Neutralize","Wraith Form v2+1","Night Terror+1","Noxious Fumes","Flying Knee","Die Die Die","Deadly Poison","Sucker Punch","Deflect","Panacea+1","PiercingWail+1","Dash","Leg Sweep+1","Wraith Form v2+1","Outmaneuver+1","Corpse Explosion+1","Acrobatics+1","Cloak And Dagger+1","Deflect+1","Well Laid Plans","Backflip+1","Catalyst+1","Acrobatics+1","Backflip+1","PiercingWail+1","Night Terror+1","CurseOfTheBell","Prepared+1","Catalyst+1","Well Laid Plans+1","Secret Technique+1","Backflip+1","Catalyst+1"],"relics":["Pandora\u0027s Box","Paper Crane","Juzu Bracelet","Oddly Smooth Stone","Toxic Egg 2","DollysMirror","Fusion Hammer","Red Mask","Toy Ornithopter","Molten Egg 2","Bag of Preparation","Pen Nib","Calling Bell","Snake Skull","Shuriken","Ginger","HornCleat","Pocketwatch","Regal Pillow","War Paint","Frozen Egg 2","The Specimen","Gambling Chip","ClockworkSouvenir","Nunchaku"],"acts_visited":["Exordium","TheCity","TheBeyond","TheEnding"],"potions_floor_usage":[20,28,50,56,56,56,56],"damage_taken":[{"damage":1,"enemies":"Jaw Worm","floor":1,"turns":3},{"damage":0,"enemies":"Cultist","floor":4,"turns":3},{"damage":2,"enemies":"2 Louse","floor":5,"turns":3},{"damage":27,"enemies":"Lagavulin","floor":6,"turns":5},{"damage":7,"enemies":"3 Sentries","floor":8,"turns":8},{"damage":0,"enemies":"Blue Slaver","floor":11,"turns":2},{"damage":4,"enemies":"Gremlin Nob","floor":13,"turns":5},{"damage":23,"enemies":"Hexaghost","floor":16,"turns":11},{"damage":1,"enemies":"Shell Parasite","floor":18,"turns":4},{"damage":4,"enemies":"Chosen","floor":19,"turns":7},{"damage":0,"enemies":"Masked Bandits","floor":20,"turns":2},{"damage":1,"enemies":"Snake Plant","floor":21,"turns":6},{"damage":4,"enemies":"Book of Stabbing","floor":23,"turns":7},{"damage":0,"enemies":"Centurion and Healer","floor":24,"turns":6},{"damage":3,"enemies":"Gremlin Leader","floor":25,"turns":9},{"damage":0,"enemies":"Snecko","floor":27,"turns":7},{"damage":7,"enemies":"Slavers","floor":28,"turns":2},{"damage":0,"enemies":"3 Cultists","floor":29,"turns":3},{"damage":6,"enemies":"Book of Stabbing","floor":30,"turns":7},{"damage":0,"enemies":"Snake Plant","floor":31,"turns":6},{"damage":14,"enemies":"Automaton","floor":33,"turns":9},{"damage":0,"enemies":"3 Shapes","floor":35,"turns":4},{"damage":1,"enemies":"Orb Walker","floor":36,"turns":5},{"damage":0,"enemies":"Mind Bloom Boss Battle","floor":38,"turns":6},{"damage":0,"enemies":"Nemesis","floor":40,"turns":9},{"damage":0,"enemies":"Reptomancer","floor":42,"turns":6},{"damage":0,"enemies":"Nemesis","floor":44,"turns":5},{"damage":0,"enemies":"2 Orb Walkers","floor":46,"turns":4},{"damage":0,"enemies":"4 Shapes","floor":48,"turns":4},{"damage":6,"enemies":"Awakened One","floor":50,"turns":19},{"damage":0,"enemies":"Time Eater","floor":51,"turns":5},{"damage":0,"enemies":"Shield and Spear","floor":55,"turns":6},{"damage":33,"enemies":"The Heart","floor":56,"turns":11}],"seed_played":"8422170528934686612","potions_obtained":[{"floor":1,"key":"SmokeBomb"},{"floor":6,"key":"Dexterity Potion"},{"floor":13,"key":"AttackPotion"},{"floor":16,"key":"DistilledChaos"},{"floor":20,"key":"EntropicBrew"},{"floor":33,"key":"Strength Potion"},{"floor":35,"key":"LiquidMemories"}],"is_trial":false,"path_per_floor":["M","$","?","M","M","E","R","E","T","R","M","?","E","$","R","B",null,"M","M","?","M","?","E","M","E","T","M","E","M","E","M","R","B",null,"M","M","$","?","?","E","?","E","T","E","?","?","?","M","R","B","B",null,"R","$","E","B",null],"character_chosen":"THE_SILENT","items_purchased":["Panacea","DollysMirror","Outmaneuver+1","HornCleat","ClockworkSouvenir","Secret Technique+1","Weak Potion","Backflip+1"],"campfire_rested":2,"item_purchase_floors":[2,14,14,37,54,54,54,54],"current_hp_per_floor":[58,58,58,58,56,29,29,22,22,22,22,66,62,62,62,39,59,58,54,54,53,53,49,49,46,46,46,44,44,38,38,57,43,60,60,59,59,59,59,59,49,49,49,49,49,49,49,49,49,48,48,59,63,63,63,50],"gold":60,"neow_bonus":"BOSS_RELIC","is_daily":false,"chose_seed":false,"campfire_upgraded":3,"win_rate":0.0,"timestamp":1612709533,"path_taken":["M","$","?","M","M","E","R","E","T","R","M","?","E","$","R","BOSS","M","M","?","M","?","E","M","E","T","M","E","M","E","M","R","BOSS","M","M","$","?","?","E","?","E","T","E","?","?","?","M","R","BOSS","BOSS","R","$","E","BOSS"],"items_purchased_type":["Card","Relic","Card","Relic","Relic","Card","Potion","Card"],"build_version":"2020-12-22","purchased_purges":1,"victory":true,"max_hp_per_floor":[66,66,66,66,66,66,66,66,66,66,66,66,66,66,66,66,66,66,66,66,66,66,66,66,66,66,66,66,66,66,66,66,66,66,66,66,66,66,63,63,63,63,63,63,63,63,63,63,63,63,63,63,63,63,63,63],"relic_stats":{"Regal Pillow":0,"counters":[33,199],"Pen Nib":[9],"Snake Skull":[95],"Juzu Bracelet":3,"Bag of Preparation":[32],"Ginger":[4],"War Paint":["Survivor","PiercingWail"],"Nunchaku":[0],"Shuriken":[5],"Gambling Chip":[21],"Pandora\u0027s Box":["Wraith Form v2","Night Terror","Glass Knife","Noxious Fumes","Riddle With Holes","Slice","Flying Knee","Die Die Die","Deadly Poison","Sucker Punch"],"obtain_stats":[{"Regal Pillow":40,"Snake Skull":34,"Juzu Bracelet":8,"Bag of Preparation":28,"Ginger":34,"ClockworkSouvenir":54,"Nunchaku":55,"HornCleat":37,"DollysMirror":14,"Gambling Chip":46,"Fusion Hammer":17,"Red Mask":20,"Toxic Egg 2":13,"Ring of the Snake":0,"The Specimen":44,"Oddly Smooth Stone":9,"Pen Nib":30,"Paper Crane":6,"War Paint":42,"Frozen Egg 2":43,"Calling Bell":34,"Shuriken":34,"Pandora\u0027s Box":0,"Molten Egg 2":25,"Toy Ornithopter":23,"Pocketwatch":38},{"Regal Pillow":25,"Snake Skull":21,"Juzu Bracelet":5,"Bag of Preparation":17,"Ginger":21,"ClockworkSouvenir":31,"Nunchaku":32,"HornCleat":23,"DollysMirror":7,"Gambling Chip":28,"Fusion Hammer":8,"Red Mask":11,"Toxic Egg 2":7,"Ring of the Snake":0,"The Specimen":27,"Oddly Smooth Stone":5,"Pen Nib":19,"Paper Crane":4,"War Paint":26,"Frozen Egg 2":26,"Calling Bell":21,"Shuriken":21,"Pandora\u0027s Box":0,"Molten Egg 2":15,"Toy Ornithopter":13,"Pocketwatch":24},{"Regal Pillow":139,"Snake Skull":115,"Juzu Bracelet":22,"Bag of Preparation":90,"Ginger":115,"ClockworkSouvenir":182,"Nunchaku":188,"HornCleat":124,"DollysMirror":29,"Gambling Chip":154,"Fusion Hammer":40,"Red Mask":53,"Toxic Egg 2":29,"Ring of the Snake":0,"The Specimen":150,"Oddly Smooth Stone":22,"Pen Nib":100,"Paper Crane":14,"War Paint":145,"Frozen Egg 2":145,"Calling Bell":115,"Shuriken":115,"Pandora\u0027s Box":0,"Molten Egg 2":81,"Toy Ornithopter":66,"Pocketwatch":130}],"Toy Ornithopter":30,"Pocketwatch":[144]},"card_choices":[{"not_picked":["Blade Dance","Infinite Blades"],"picked":"Deflect","floor":1},{"not_picked":["Prepared","Eviscerate","Underhanded Strike"],"picked":"SKIP","floor":4},{"not_picked":["All Out Attack","Choke"],"picked":"PiercingWail","floor":5},{"not_picked":["Malaise","Dagger Throw"],"picked":"Dash","floor":6},{"not_picked":["Sucker Punch","Skewer","Dodge and Roll"],"picked":"SKIP","floor":8},{"not_picked":["Dagger Spray","Concentrate","Caltrops"],"picked":"SKIP","floor":11},{"not_picked":["Deadly Poison+1","Deflect+1"],"picked":"Leg Sweep+1","floor":13},{"not_picked":["Envenom","Die Die Die"],"picked":"Corpse Explosion+1","floor":16},{"not_picked":["Masterful Stab+1","Cloak And Dagger+1"],"picked":"Acrobatics+1","floor":18},{"not_picked":["Quick Slash","Dash"],"picked":"Cloak And Dagger+1","floor":19},{"not_picked":["Choke","PiercingWail+1"],"picked":"Deflect+1","floor":20},{"not_picked":["Sucker Punch+1","Quick Slash","Finisher+1"],"picked":"SKIP","floor":21},{"not_picked":["Bane","Quick Slash"],"picked":"Backflip+1","floor":23},{"not_picked":["Blur+1","Terror+1","Dash"],"picked":"SKIP","floor":24},{"not_picked":["Dagger Spray+1","Accuracy"],"picked":"Catalyst+1","floor":25},{"not_picked":["Slice+1","Underhanded Strike+1"],"picked":"Acrobatics+1","floor":27},{"not_picked":["Sucker Punch+1","Storm of Steel+1","Dagger Throw+1"],"picked":"SKIP","floor":28},{"not_picked":["Slice+1","Dagger Throw+1"],"picked":"Backflip+1","floor":29},{"not_picked":["Dagger Spray+1","Concentrate+1"],"picked":"PiercingWail+1","floor":30},{"not_picked":["Masterful Stab+1","Infinite Blades","Noxious Fumes"],"picked":"SKIP","floor":31},{"not_picked":["Tools of the Trade","Venomology+1"],"picked":"Night Terror+1","floor":33},{"not_picked":["Escape Plan+1","Sucker Punch+1","Finisher+1"],"picked":"SKIP","floor":35},{"not_picked":["Bouncing Flask+1","Skewer+1","Sucker Punch+1"],"picked":"SKIP","floor":36},{"not_picked":["Expertise+1","Underhanded Strike+1"],"picked":"Prepared+1","floor":38},{"not_picked":["Deadly Poison+1","All Out Attack+1","Caltrops"],"picked":"SKIP","floor":40},{"not_picked":["Underhanded Strike+1","Caltrops+1"],"picked":"Catalyst+1","floor":42},{"not_picked":["Blade Dance+1","Footwork+1","Riddle With Holes+1"],"picked":"SKIP","floor":44},{"not_picked":["Noxious Fumes+1","Setup+1"],"picked":"Well Laid Plans+1","floor":46},{"not_picked":["Cloak And Dagger+1","Masterful Stab+1","Reflex+1"],"picked":"SKIP","floor":48},{"not_picked":["Deflect+1","Poisoned Stab+1"],"picked":"Catalyst+1","floor":55}],"player_experience":1953639,"relics_obtained":[{"floor":6,"key":"Paper Crane"},{"floor":8,"key":"Juzu Bracelet"},{"floor":9,"key":"Oddly Smooth Stone"},{"floor":13,"key":"Toxic Egg 2"},{"floor":20,"key":"Red Mask"},{"floor":23,"key":"Toy Ornithopter"},{"floor":25,"key":"Molten Egg 2"},{"floor":28,"key":"Bag of Preparation"},{"floor":30,"key":"Pen Nib"},{"floor":34,"key":"Snake Skull"},{"floor":34,"key":"Shuriken"},{"floor":34,"key":"Ginger"},{"floor":38,"key":"Pocketwatch"},{"floor":40,"key":"Regal Pillow"},{"floor":42,"key":"War Paint"},{"floor":43,"key":"Frozen Egg 2"},{"floor":44,"key":"The Specimen"},{"floor":46,"key":"Gambling Chip"},{"floor":55,"key":"Nunchaku"}],"event_choices":[{"damage_healed":0,"gold_gain":0,"player_choice":"Leave","damage_taken":0,"max_hp_gain":0,"max_hp_loss":0,"event_name":"FaceTrader","floor":3,"gold_loss":0},{"cards_removed":["Riddle With Holes"],"damage_healed":44,"gold_gain":0,"player_choice":"Offered Uncommon","damage_taken":0,"max_hp_gain":0,"max_hp_loss":0,"event_name":"Bonfire Elementals","floor":12,"gold_loss":0},{"damage_healed":0,"gold_gain":0,"player_choice":"Fought Bandits","damage_taken":0,"max_hp_gain":0,"max_hp_loss":0,"event_name":"Masked Bandits","floor":20,"gold_loss":0},{"damage_healed":0,"gold_gain":0,"player_choice":"Read","damage_taken":0,"max_hp_gain":0,"max_hp_loss":0,"event_name":"The Library","floor":22,"gold_loss":0,"cards_obtained":["Well Laid Plans"]},{"damage_healed":0,"gold_gain":0,"player_choice":"Fight","damage_taken":0,"max_hp_gain":0,"max_hp_loss":0,"event_name":"MindBloom","floor":38,"gold_loss":0},{"damage_healed":0,"gold_gain":0,"player_choice":"Max HP","damage_taken":0,"max_hp_gain":0,"max_hp_loss":3,"event_name":"Winding Halls","floor":39,"gold_loss":0},{"damage_healed":0,"gold_gain":0,"player_choice":"Memory 3","damage_taken":10,"max_hp_gain":0,"max_hp_loss":0,"event_name":"SensoryStone","floor":41,"gold_loss":0},{"cards_removed":["Glass Knife"],"damage_healed":0,"gold_gain":0,"player_choice":"Removed Attack","damage_taken":0,"max_hp_gain":0,"max_hp_loss":0,"event_name":"Falling","floor":45,"gold_loss":0},{"damage_healed":0,"gold_gain":0,"player_choice":"Fight","damage_taken":0,"max_hp_gain":0,"max_hp_loss":0,"event_name":"Mysterious Sphere","floor":46,"gold_loss":0},{"damage_healed":0,"gold_gain":222,"player_choice":"Wore Mask","damage_taken":0,"max_hp_gain":0,"max_hp_loss":0,"event_name":"Tomb of Lord Red Mask","floor":47,"gold_loss":0}],"is_beta":false,"boss_relics":[{"not_picked":["SacredBark","Tiny House"],"picked":"Fusion Hammer"},{"not_picked":["Runic Dome","Sozu"],"picked":"Calling Bell"}],"items_purged_floors":[37],"is_endless":false,"potions_floor_spawned":[1,6,13,16,19,20,24,27,33,35,38,42,44,55],"ascension_level":20}}