{"host":"l5zfpd2l2htson6l","time":1612691333,"event":{"mods":["AchievementEnabler","BaseMod","Colored Map","Colored Powertips","Minty Spire (QoL Compilation)","Permanent Neow","Quick Restart","Rare Cards Sparkle","Relic Stats","SuperFastMode"],"gold_per_floor":[113,131,148,161,173,199,199,219,219,219,239,270,270,293,293,370,370,381,296,221,221,237,237,253,253,278,290,320,364,376,388,400,484,496,527,550,579,591,603,615,661,673,739,751,793,831,861,883,895,907,907],"floor_reached":50,"language":"ENG","playtime":3605,"items_purged":[],"score":1349,"play_id":"45d7f52d-ec7a-47b3-b3f7-62d89fb94c7f","local_time":"20210207014853","is_ascension_mode":true,"campfire_choices":[{"data":"Uppercut","floor":7.0,"key":"SMITH"},{"data":"Disarm","floor":10.0,"key":"SMITH"},{"data":"Shockwave","floor":15.0,"key":"SMITH"},{"data":"Feed","floor":23.0,"key":"SMITH"},{"data":"Whirlwind","floor":25.0,"key":"SMITH"},{"floor":30,"key":"REST"},{"floor":32,"key":"REST"},{"floor":40,"key":"REST"},{"floor":42,"key":"REST"},{"floor":49,"key":"REST"}],"circlet_count":0,"master_deck":["AscendersBane","Strike_R","Strike_R","Strike_R","Strike_R","Defend_R","Defend_R","Defend_R","Defend_R","Bash","Inflame","Uppercut+1","Disarm+1","Fiend Fire","Battle Trance","Spot Weakness","Disarm+1","Shrug It Off","Shockwave+1","Feed+1","Whirlwind+1","Havoc","Brutality","Feed","Dark Embrace","Shrug It Off","Battle Trance","Entrench+1","Demon Form","Burning Pact"],"relics":["Burning Blood","Pocketwatch","Nunchaku","Thread and Needle","Dead Branch","Odd Mushroom","Philosopher\u0027s Stone","TungstenRod","MawBank","WingedGreaves","Snecko Eye","Smiling Mask","Bronze Scales","Pear"],"acts_visited":["Exordium","TheCity","TheBeyond"],"potions_floor_usage":[47,50,50],"damage_taken":[{"damage":5.0,"enemies":"Small Slimes","floor":1.0,"turns":3.0},{"damage":8.0,"enemies":"2 Louse","floor":2.0,"turns":4.0},{"damage":1.0,"enemies":"Cultist","floor":3.0,"turns":3.0},{"damage":14.0,"enemies":"Exordium Thugs","floor":4.0,"turns":5.0},{"damage":19.0,"enemies":"Gremlin Gang","floor":5.0,"turns":4.0},{"damage":0.0,"enemies":"Gremlin Nob","floor":6.0,"turns":2.0},{"damage":16.0,"enemies":"3 Louse","floor":8.0,"turns":4.0},{"damage":7.0,"enemies":"Exordium Wildlife","floor":11.0,"turns":5.0},{"damage":0.0,"enemies":"Lagavulin","floor":12.0,"turns":3.0},{"damage":13.0,"enemies":"The Mushroom Lair","floor":14.0,"turns":4.0},{"damage":0.0,"enemies":"Hexaghost","floor":16.0,"turns":6.0},{"damage":15.0,"enemies":"Shell Parasite","floor":18.0,"turns":5.0},{"damage":9.0,"enemies":"Spheric Guardian","floor":22.0,"turns":5.0},{"damage":17.0,"enemies":"Centurion and Healer","floor":24.0,"turns":12.0},{"damage":1.0,"enemies":"Chosen and Byrds","floor":28.0,"turns":5.0},{"damage":54,"enemies":"Slavers","floor":29,"turns":7},{"damage":57,"enemies":"Automaton","floor":33,"turns":7},{"damage":0,"enemies":"3 Darklings","floor":35,"turns":3},{"damage":51,"enemies":"3 Shapes","floor":36,"turns":7},{"damage":14,"enemies":"3 Darklings","floor":37,"turns":5},{"damage":22,"enemies":"Nemesis","floor":41,"turns":13},{"damage":40,"enemies":"Reptomancer","floor":45,"turns":6},{"damage":62,"enemies":"Nemesis","floor":46,"turns":5},{"damage":28,"enemies":"4 Shapes","floor":47,"turns":6},{"damage":14,"enemies":"Writhing Mass","floor":48,"turns":2},{"damage":56,"enemies":"Awakened One","floor":50,"turns":9}],"seed_played":"2814598156438913229","potions_obtained":[{"floor":1.0,"key":"DistilledChaos"},{"floor":3.0,"key":"EntropicBrew"},{"floor":5.0,"key":"Strength Potion"},{"floor":12.0,"key":"Swift Potion"},{"floor":48,"key":"PowerPotion"}],"is_trial":false,"path_per_floor":["M","M","M","M","M","E","R","M","T","R","M","E","?","?","R","B",null,"M","?","?","?","M","R","M","R","T","?","M","E","R","$","R","B",null,"M","M","M","?","$","R","E","R","T","$","E","E","M","M","R","B"],"character_chosen":"IRONCLAD","items_purchased":[],"campfire_rested":5,"item_purchase_floors":[],"current_hp_per_floor":[69,67,72,64,51,57,57,47,47,47,46,52,52,45,45,51,69,63,63,63,63,63,63,56,56,56,56,65,21,48,48,75,24,76,86,41,33,33,33,61,45,73,73,73,39,48,26,18,50,0,0],"gold":907,"neow_bonus":"ONE_RARE_RELIC","is_daily":false,"chose_seed":false,"campfire_upgraded":5,"win_rate":0.0,"timestamp":1612691333,"path_taken":["M","M","M","M","M","E","R","M","T","R","M","E","?","?","R","BOSS","M","?","?","?","M","R","M","R","T","?","M","E","R","$","R","BOSS","M","M","M","?","?","R","E","R","T","$","E","E","?","M","R","BOSS"],"items_purchased_type":[],"build_version":"2020-12-22","purchased_purges":0,"victory":false,"max_hp_per_floor":[75,75,75,75,75,75,75,75,75,75,75,75,75,75,75,75,75,78,78,78,78,81,81,85,85,85,85,89,93,93,93,93,93,93,97,97,97,94,94,94,94,94,94,94,94,108,108,108,108,108,108],"relic_stats":{"Nunchaku":[16],"counters":[26,140],"Dead Branch":[257],"Bronze Scales":[65],"Snecko Eye":[108,138,126,111],"MawBank":288,"Smiling Mask":0,"obtain_stats":[{"Pear":46,"Dead Branch":12,"Thread and Needle":9,"Odd Mushroom":14,"MawBank":26,"Smiling Mask":41,"Burning Blood":0,"Nunchaku":6,"Bronze Scales":45,"Snecko Eye":34,"Philosopher\u0027s Stone":17,"WingedGreaves":29,"TungstenRod":19,"Pocketwatch":0},{"Pear":23,"Dead Branch":9,"Thread and Needle":7,"Odd Mushroom":10,"MawBank":14,"Smiling Mask":21,"Burning Blood":0,"Nunchaku":6,"Bronze Scales":22,"Snecko Eye":17,"Philosopher\u0027s Stone":11,"WingedGreaves":16,"TungstenRod":12,"Pocketwatch":0},{"Pear":123,"Dead Branch":33,"Thread and Needle":25,"Odd Mushroom":37,"MawBank":65,"Smiling Mask":112,"Burning Blood":0,"Nunchaku":21,"Bronze Scales":118,"Snecko Eye":84,"Philosopher\u0027s Stone":43,"WingedGreaves":77,"TungstenRod":48,"Pocketwatch":0}],"Burning Blood":150,"TungstenRod":101,"Pocketwatch":[157]},"card_choices":[{"not_picked":["Warcry","Iron Wave"],"picked":"Inflame","floor":1.0},{"not_picked":["Shrug It Off","Sentinel"],"picked":"Uppercut","floor":2.0},{"not_picked":["Pommel Strike","Headbutt"],"picked":"Disarm","floor":3.0},{"not_picked":["Clothesline","Perfected Strike"],"picked":"Fiend Fire","floor":4.0},{"not_picked":["Thunderclap","Warcry","Pommel Strike"],"picked":"SKIP","floor":5.0},{"not_picked":["Shrug It Off","Cleave"],"picked":"Battle Trance","floor":6.0},{"not_picked":["Rage","Clash"],"picked":"Spot Weakness","floor":8.0},{"not_picked":["Clothesline","Feel No Pain"],"picked":"Disarm","floor":11.0},{"not_picked":["Entrench","Rampage"],"picked":"Shrug It Off","floor":12.0},{"not_picked":["Headbutt","Perfected Strike"],"picked":"Shockwave","floor":14.0},{"not_picked":["Double Tap","Fiend Fire"],"picked":"Feed","floor":16.0},{"not_picked":["Entrench","Shrug It Off"],"picked":"Whirlwind","floor":18.0},{"not_picked":["True Grit","Perfected Strike","Armaments"],"picked":"SKIP","floor":22.0},{"not_picked":["Wild Strike","Rupture","Warcry"],"picked":"SKIP","floor":24.0},{"not_picked":["Immolate","Shrug It Off","Sword Boomerang"],"picked":"SKIP","floor":28.0},{"not_picked":["Thunderclap+1","Body Slam"],"picked":"Brutality","floor":29},{"not_picked":["Juggernaut","Demon Form"],"picked":"Feed","floor":33},{"not_picked":["Entrench","Clothesline"],"picked":"Dark Embrace","floor":35},{"not_picked":["Sword Boomerang+1","Perfected Strike"],"picked":"Shrug It Off","floor":36},{"not_picked":["Perfected Strike","Clothesline"],"picked":"Battle Trance","floor":37},{"not_picked":["Armaments","Blood for Blood"],"picked":"Entrench+1","floor":41},{"not_picked":["Sword Boomerang","Shrug It Off+1"],"picked":"Demon Form","floor":45},{"not_picked":["Armaments","Power Through"],"picked":"Burning Pact","floor":46},{"not_picked":["Cleave","True Grit","Reckless Charge"],"picked":"SKIP","floor":47},{"not_picked":["Thunderclap+1","Flex","Body Slam+1"],"picked":"SKIP","floor":48}],"player_experience":937047,"relics_obtained":[{"floor":6.0,"key":"Nunchaku"},{"floor":9.0,"key":"Thread and Needle"},{"floor":12.0,"key":"Dead Branch"},{"floor":14.0,"key":"Odd Mushroom"},{"floor":26.0,"key":"MawBank"},{"floor":29,"key":"WingedGreaves"},{"floor":41,"key":"Smiling Mask"},{"floor":45,"key":"Bronze Scales"},{"floor":46,"key":"Pear"}],"event_choices":[{"damage_healed":0.0,"max_hp_gain":0.0,"max_hp_loss":0.0,"gold_gain":0.0,"event_name":"Living Wall","player_choice":"Grow","floor":13.0,"gold_loss":0.0,"damage_taken":0.0,"cards_upgraded":["Disarm"]},{"damage_healed":0.0,"max_hp_gain":0.0,"max_hp_loss":0.0,"gold_gain":0.0,"event_name":"Mushrooms","player_choice":"Fought Mushrooms","floor":14.0,"gold_loss":0.0,"damage_taken":0.0},{"damage_healed":0.0,"max_hp_gain":0.0,"max_hp_loss":0.0,"gold_gain":0.0,"event_name":"Addict","player_choice":"Obtained Relic","floor":19.0,"gold_loss":85.0,"damage_taken":0.0,"relics_obtained":["TungstenRod"]},{"cards_removed":["Strike_R"],"damage_healed":0.0,"max_hp_gain":0.0,"max_hp_loss":0.0,"gold_gain":0.0,"event_name":"Beggar","player_choice":"Gave Gold","floor":20.0,"gold_loss":75.0,"damage_taken":0.0},{"damage_healed":0.0,"max_hp_gain":0.0,"max_hp_loss":0.0,"gold_gain":0.0,"event_name":"The Library","player_choice":"Read","floor":21.0,"gold_loss":0.0,"damage_taken":0.0,"cards_obtained":["Havoc"]},{"damage_healed":0.0,"max_hp_gain":0.0,"max_hp_loss":0.0,"gold_gain":0.0,"event_name":"Forgotten Altar","player_choice":"Smashed Altar","floor":27.0,"gold_loss":0.0,"damage_taken":0.0,"cards_obtained":["Decay"]},{"cards_removed":["Decay","Parasite"],"damage_healed":0,"gold_gain":0,"player_choice":"Removed Curses","damage_taken":0,"max_hp_gain":0,"max_hp_loss":0,"event_name":"Fountain of Cleansing","floor":38,"gold_loss":0}],"is_beta":false,"boss_relics":[{"not_picked":["Pandora\u0027s Box","Calling Bell"],"picked":"Philosopher\u0027s Stone"},{"not_picked":["Tiny House","Coffee Dripper"],"picked":"Snecko Eye"}],"items_purged_floors":[],"is_endless":false,"potions_floor_spawned":[1,3,4,5,12,16,24,29,35,37,47,48],"killed_by":"Awakened One","ascension_level":20}}