{"host":"5h6e4l6hpn0p5lap","time":1612719652,"event":{"mods":["AchievementEnabler","BaseMod","Better Altar","Better Match","Better Sensory Stone","Better Skull","Better Third Choice","Colored Map","Filter the Spire","Minty Spire (QoL Compilation)","StSLib"],"gold_per_floor":[118,118,132,145,155,185,150,150,201,201,231,231,244,45,45,141,141,154,154,154,172,26,26,26,51,51,70,70,99,99,109,109,205,205,215,215,235,111,21,21,51,64,113,113,13,13,68,97,97,97],"floor_reached":51,"language":"ENG","playtime":2814,"items_purged":["Strike_P","Strike_P"],"score":1136,"play_id":"433066f4-6e51-4e2b-8c7b-9c03fb2395e6","local_time":"20210207124052","is_ascension_mode":true,"campfire_choices":[{"floor":10,"key":"REST"},{"floor":12,"key":"REST"},{"floor":15,"key":"REST"},{"floor":23,"key":"RECALL"},{"floor":28,"key":"REST"},{"floor":30,"key":"REST"},{"floor":32,"key":"REST"},{"floor":40,"key":"REST"},{"floor":44,"key":"REST"},{"floor":46,"key":"REST"},{"floor":49,"key":"REST"}],"circlet_count":0,"master_deck":["Strike_P+1","Strike_P","Defend_P","Defend_P","Defend_P","Defend_P","Eruption","Vigilance","Indignation","CutThroughFate","Tantrum","TalkToTheHand","Fasting2","WaveOfTheHand+1","FlurryOfBlows+1","Apotheosis+1","EmptyBody+1","Scrawl+1","Halt+1","RitualDagger","Swift Strike","Discovery+1","Wireheading","Meditate+1","Sanctity+1","LessonLearned","CrushJoints+1","EmptyMind+1","ThirdEye+1","WreathOfFlame+1","Halt+1","InnerPeace+1","TalkToTheHand","SpiritShield+1"],"relics":["Fusion Hammer","Toxic Egg 2","Akabeko","Anchor","Meat on the Bone","Runic Dome","Whetstone","Pear","Question Card","Darkstone Periapt","VioletLotus","Shuriken","Art of War","Bag of Marbles","Prayer Wheel","Molten Egg 2"],"acts_visited":["Exordium","TheCity","TheBeyond"],"potions_floor_usage":[6,6,29,29,31,42,48,50],"damage_taken":[{"damage":0,"enemies":"Small Slimes","floor":1,"turns":3},{"damage":0,"enemies":"Jaw Worm","floor":3,"turns":3},{"damage":0,"enemies":"2 Louse","floor":4,"turns":2},{"damage":0,"enemies":"Large Slime","floor":5,"turns":2},{"damage":34,"enemies":"Lagavulin","floor":6,"turns":3},{"damage":19,"enemies":"3 Sentries","floor":11,"turns":6},{"damage":6,"enemies":"Looter","floor":13,"turns":4},{"damage":23,"enemies":"Hexaghost","floor":16,"turns":6},{"damage":0,"enemies":"Shell Parasite","floor":18,"turns":5},{"damage":0,"enemies":"Spheric Guardian","floor":21,"turns":3},{"damage":2,"enemies":"Book of Stabbing","floor":25,"turns":6},{"damage":11,"enemies":"3 Cultists","floor":27,"turns":6},{"damage":42,"enemies":"Gremlin Leader","floor":29,"turns":9},{"damage":12,"enemies":"Chosen and Byrds","floor":31,"turns":6},{"damage":70,"enemies":"Collector","floor":33,"turns":12},{"damage":0,"enemies":"Orb Walker","floor":35,"turns":2},{"damage":20,"enemies":"3 Darklings","floor":37,"turns":4},{"damage":47,"enemies":"Nemesis","floor":41,"turns":10},{"damage":0,"enemies":"Transient","floor":42,"turns":5},{"damage":0,"enemies":"2 Orb Walkers","floor":47,"turns":2},{"damage":0,"enemies":"Giant Head","floor":48,"turns":5},{"damage":39,"enemies":"Donu and Deca","floor":50,"turns":9}],"seed_played":"7702103959516992765","potions_obtained":[{"floor":4,"key":"Regen Potion"},{"floor":5,"key":"SkillPotion"},{"floor":16,"key":"BlessingOfTheForge"},{"floor":18,"key":"Fire Potion"},{"floor":21,"key":"FearPotion"},{"floor":29,"key":"StancePotion"},{"floor":37,"key":"DuplicationPotion"},{"floor":47,"key":"FearPotion"},{"floor":48,"key":"Fruit Juice"}],"is_trial":false,"path_per_floor":["M","?","M","M","M","E","?","?","T","R","E","R","M","$","R","B",null,"M","?","?","M","$","R","?","E","T","M","R","E","R","M","R","B",null,"M","?","M","$","$","R","E","M","T","R","$","R","?","E","R","B",null],"character_chosen":"WATCHER","items_purchased":["Apotheosis+1","EmptyBody+1","Whetstone","ThirdEye+1","WreathOfFlame+1","Halt+1"],"campfire_rested":10,"item_purchase_floors":[14,14,22,38,39,39],"current_hp_per_floor":[65,70,70,70,70,41,60,48,48,71,52,75,69,69,77,54,71,71,65,65,65,65,65,65,73,73,62,87,45,71,59,85,27,72,72,72,52,52,52,78,43,55,55,81,81,87,87,92,92,53],"gold":97,"neow_bonus":"BOSS_RELIC","is_daily":false,"chose_seed":false,"campfire_upgraded":0,"win_rate":0.0,"timestamp":1612719652,"path_taken":["M","?","M","M","M","E","?","?","T","R","E","R","M","$","R","BOSS","M","?","?","M","$","R","?","E","T","?","R","E","R","M","R","BOSS","M","?","M","?","$","R","E","?","T","R","?","R","?","E","R","BOSS"],"items_purchased_type":["Card","Card","Relic","Card","Card","Card"],"build_version":"2020-12-22","purchased_purges":2,"victory":true,"max_hp_per_floor":[72,77,77,77,77,77,77,77,77,77,77,77,77,77,77,77,77,77,77,77,77,77,77,77,87,87,87,87,87,87,87,87,87,87,87,87,87,87,87,87,87,87,87,87,87,87,87,92,92,92],"card_choices":[{"not_picked":["BowlingBash","Weave"],"picked":"Indignation","floor":1},{"not_picked":["ClearTheMind","ThirdEye"],"picked":"CutThroughFate","floor":3},{"not_picked":["FlyingSleeves","WreathOfFlame"],"picked":"Tantrum","floor":4},{"not_picked":["EmptyFist","Study"],"picked":"TalkToTheHand","floor":5},{"not_picked":["ClearTheMind+1","Protect+1"],"picked":"Fasting2","floor":6},{"not_picked":["JustLucky","FlyingSleeves"],"picked":"WaveOfTheHand+1","floor":11},{"not_picked":["ClearTheMind+1","JustLucky"],"picked":"FlurryOfBlows","floor":13},{"not_picked":["ConjureBlade+1","Omniscience+1"],"picked":"Scrawl+1","floor":16},{"not_picked":["SignatureMove","BowlingBash"],"picked":"Halt+1","floor":18},{"not_picked":["Impatience+1","Forethought+1"],"picked":"Swift Strike","floor":20},{"not_picked":["Secret Technique+1","Violence+1"],"picked":"Discovery+1","floor":20},{"not_picked":["SignatureMove","SashWhip","Crescendo+1"],"picked":"SKIP","floor":21},{"not_picked":["Protect+1","EmptyFist"],"picked":"Wireheading","floor":25},{"not_picked":["CutThroughFate","CrushJoints","PathToVictory+1","Evaluate+1"],"picked":"SKIP","floor":27},{"not_picked":["SashWhip","DevaForm","ForeignInfluence+1"],"picked":"Meditate+1","floor":29},{"not_picked":["Consecrate","FlyingSleeves","Evaluate+1"],"picked":"Sanctity+1","floor":31},{"not_picked":["ConjureBlade+1","DeusExMachina+1","Omniscience+1"],"picked":"LessonLearned","floor":33},{"not_picked":["SashWhip+1","Weave","EmptyFist+1"],"picked":"CrushJoints+1","floor":35},{"not_picked":["FlyingSleeves","Perseverance+1","EmptyFist"],"picked":"EmptyMind+1","floor":37},{"not_picked":["Crescendo+1","ForeignInfluence+1","CutThroughFate"],"picked":"InnerPeace+1","floor":41},{"not_picked":["CrushJoints+1","Halt+1","SashWhip+1","FlyingSleeves+1"],"picked":"SKIP","floor":42},{"not_picked":["PathToVictory+1","Prostrate+1","Crescendo+1"],"picked":"TalkToTheHand","floor":47},{"not_picked":["CutThroughFate+1","Consecrate+1","Halt+1"],"picked":"SpiritShield+1","floor":48}],"player_experience":1072134,"relics_obtained":[{"floor":6,"key":"Toxic Egg 2"},{"floor":9,"key":"Anchor"},{"floor":11,"key":"Meat on the Bone"},{"floor":25,"key":"Pear"},{"floor":26,"key":"Question Card"},{"floor":29,"key":"Darkstone Periapt"},{"floor":41,"key":"Art of War"},{"floor":43,"key":"Bag of Marbles"},{"floor":47,"key":"Prayer Wheel"},{"floor":48,"key":"Molten Egg 2"}],"event_choices":[{"damage_healed":0,"gold_gain":0,"player_choice":"Donut","damage_taken":0,"max_hp_gain":5,"max_hp_loss":0,"event_name":"Big Fish","floor":2,"gold_loss":0},{"damage_healed":19,"gold_gain":0,"player_choice":"Healed","damage_taken":0,"max_hp_gain":0,"max_hp_loss":0,"event_name":"The Cleric","floor":7,"gold_loss":35},{"damage_healed":0,"gold_gain":0,"player_choice":"Relic ","damage_taken":12,"max_hp_gain":0,"max_hp_loss":0,"event_name":"betterThird:BetterScrap","floor":8,"gold_loss":0,"cards_obtained":["Endless Agony"]},{"damage_healed":0,"gold_gain":0,"player_choice":"Dagger","damage_taken":6,"max_hp_gain":0,"max_hp_loss":0,"event_name":"betterThird:BetterNest","floor":19,"gold_loss":0,"cards_obtained":["RitualDagger"]},{"damage_healed":0,"gold_gain":2,"player_choice":"1","damage_taken":0,"max_hp_gain":0,"max_hp_loss":0,"event_name":"betterStone:BetterStone","floor":20,"gold_loss":0},{"damage_healed":0,"gold_gain":0,"player_choice":"Ignored","damage_taken":0,"max_hp_gain":0,"max_hp_loss":0,"event_name":"Cursed Tome","floor":24,"gold_loss":0},{"damage_healed":0,"gold_gain":0,"player_choice":"Gave Potion","damage_taken":0,"relics_obtained":["Shuriken"],"max_hp_gain":0,"max_hp_loss":0,"event_name":"WeMeetAgain","floor":36,"gold_loss":0},{"damage_healed":0,"gold_gain":0,"player_choice":"Fight","damage_taken":0,"max_hp_gain":0,"max_hp_loss":0,"event_name":"Mysterious Sphere","floor":47,"gold_loss":0}],"is_beta":false,"boss_relics":[{"not_picked":["Coffee Dripper","SacredBark"],"picked":"Runic Dome"},{"not_picked":["Cursed Key","Pandora\u0027s Box"],"picked":"VioletLotus"}],"items_purged_floors":[38,45],"is_endless":false,"potions_floor_spawned":[4,5,16,18,21,29,37,47,48],"ascension_level":9}}