{"host":"s41rn2jhghpwfrvz","time":1612679332,"event":{"mods":["BaseMod","Minty Spire (QoL Compilation)","Quick Restart","Relic Stats","SuperFastMode"],"gold_per_floor":[115,115,115,115,130,165,165,190,190,206,241,260,280,292,292,366,366,385,385,385,404,404,404],"floor_reached":22,"language":"ENG","playtime":901,"items_purged":[],"score":612,"play_id":"4deaff14-7da7-4a05-9041-67ff8c90eb08","local_time":"20210207082852","daily_mods":["SealedDeck","Diverse","DeadlyEvents"],"is_ascension_mode":true,"campfire_choices":[{"data":"Turbo","floor":7,"key":"SMITH"},{"data":"Backflip","floor":15,"key":"SMITH"}],"circlet_count":0,"master_deck":["AscendersBane","Deflect","Self Repair","Go for the Eyes","Turbo+1","Acrobatics","Acrobatics+1","Chill","Rage+1","Body Slam+1","Evolve","Backflip+1","Reboot","Reflex"],"relics":["Burning Blood","Pear","Darkstone Periapt","Mercury Hourglass","Runic Dome"],"acts_visited":["Exordium","TheCity"],"potions_floor_usage":[6,11],"damage_taken":[{"damage":0.0,"enemies":"2 Louse","floor":1.0,"turns":4.0},{"damage":0.0,"enemies":"Small Slimes","floor":5.0,"turns":3.0},{"damage":37,"enemies":"3 Sentries","floor":6,"turns":10},{"damage":0,"enemies":"Lagavulin","floor":8,"turns":6},{"damage":0,"enemies":"Cultist","floor":10,"turns":4},{"damage":0,"enemies":"Gremlin Nob","floor":11,"turns":4},{"damage":6,"enemies":"Looter","floor":12,"turns":3},{"damage":0,"enemies":"3 Louse","floor":13,"turns":3},{"damage":0,"enemies":"Blue Slaver","floor":14,"turns":3},{"damage":0,"enemies":"The Guardian","floor":16,"turns":5},{"damage":4,"enemies":"Shell Parasite","floor":18,"turns":4},{"damage":0,"enemies":"Spheric Guardian","floor":21,"turns":2},{"damage":34,"enemies":"Snecko","floor":22,"turns":7}],"seed_played":"7224381679979700008","potions_obtained":[{"floor":1.0,"key":"FearPotion"},{"floor":10,"key":"Weak Potion"},{"floor":12,"key":"Block Potion"},{"floor":13,"key":"Fire Potion"}],"is_trial":true,"path_per_floor":["M","?","?","?","M","E","R","E","T","M","E","M","M","M","R","B",null,"M","?","?","M","M"],"character_chosen":"IRONCLAD","items_purchased":[],"campfire_rested":0,"item_purchase_floors":[],"current_hp_per_floor":[75,68,45,45,58,44,44,57,57,70,83,85,85,85,85,85,85,85,85,85,85,51,51],"gold":404,"neow_bonus":"","is_daily":false,"chose_seed":false,"campfire_upgraded":2,"win_rate":0.0,"timestamp":1612679332,"path_taken":["M","?","?","?","M","E","R","E","T","M","E","M","M","M","R","BOSS","M","?","?","M","M"],"items_purchased_type":[],"build_version":"2020-12-22","purchased_purges":0,"victory":false,"max_hp_per_floor":[75,75,75,75,75,85,85,85,85,85,85,85,85,85,85,85,85,85,85,85,85,85,85],"relic_stats":{"Darkstone Periapt":0,"counters":[13,58],"obtain_stats":[{"Darkstone Periapt":8,"Runic Dome":17,"Pear":6,"Burning Blood":0,"Mercury Hourglass":11},{"Darkstone Periapt":4,"Runic Dome":10,"Pear":3,"Burning Blood":0,"Mercury Hourglass":6},{"Darkstone Periapt":23,"Runic Dome":45,"Pear":17,"Burning Blood":0,"Mercury Hourglass":31}],"Burning Blood":46,"Mercury Hourglass":[72]},"card_choices":[{"not_picked":["Compile Driver","EmptyBody","Leap"],"picked":"SKIP","floor":1.0},{"not_picked":["Sentinel","Rage","Sucker Punch"],"picked":"SKIP","floor":5.0},{"not_picked":["Metallicize","PathToVictory","Leg Sweep"],"picked":"SKIP","floor":6},{"not_picked":["Setup","JustLucky"],"picked":"Evolve","floor":8},{"not_picked":["Sweeping Beam","Clothesline","Thunderclap"],"picked":"SKIP","floor":10},{"not_picked":["Dual Wield","Bouncing Flask"],"picked":"Backflip","floor":11},{"not_picked":["Sweeping Beam","FlurryOfBlows","Disarm"],"picked":"SKIP","floor":12},{"not_picked":["Meditate","Armaments","Skewer"],"picked":"SKIP","floor":13},{"not_picked":["Consecrate","CrushJoints","Flex"],"picked":"SKIP","floor":14},{"not_picked":["Omniscience","Berserk"],"picked":"Reboot","floor":16},{"not_picked":["ThirdEye","Hemokinesis"],"picked":"Reflex","floor":18},{"not_picked":["Adaptation","Wallop","Perfected Strike"],"picked":"SKIP","floor":21}],"player_experience":1884448,"relics_obtained":[{"floor":6,"key":"Pear"},{"floor":8,"key":"Darkstone Periapt"},{"floor":11,"key":"Mercury Hourglass"}],"event_choices":[{"cards_removed":["Accuracy"],"damage_healed":0.0,"max_hp_gain":0.0,"max_hp_loss":0.0,"gold_gain":0.0,"event_name":"Golden Wing","player_choice":"Card Removal","floor":2.0,"gold_loss":0.0,"damage_taken":7.0},{"damage_healed":0.0,"max_hp_gain":0.0,"max_hp_loss":0.0,"gold_gain":0.0,"event_name":"Shining Light","player_choice":"Entered Light","floor":3.0,"gold_loss":0.0,"damage_taken":23.0,"cards_upgraded":["Body Slam","Acrobatics"]},{"damage_healed":0.0,"max_hp_gain":0.0,"max_hp_loss":0.0,"gold_gain":0.0,"event_name":"Living Wall","player_choice":"Grow","floor":4.0,"gold_loss":0.0,"damage_taken":0.0,"cards_upgraded":["Rage"]},{"damage_healed":0,"gold_gain":0,"player_choice":"Ignored","damage_taken":0,"max_hp_gain":0,"max_hp_loss":0,"event_name":"The Mausoleum","floor":19,"gold_loss":0},{"damage_healed":0,"gold_gain":0,"player_choice":"Ignored","damage_taken":0,"max_hp_gain":0,"max_hp_loss":0,"event_name":"Ghosts","floor":20,"gold_loss":0}],"is_beta":false,"boss_relics":[{"not_picked":["Mark of Pain","Velvet Choker"],"picked":"Runic Dome"}],"items_purged_floors":[],"is_endless":false,"potions_floor_spawned":[1,10,12,13,21],"killed_by":"Snecko","ascension_level":20}}