{"host":"uc8wz0q199a7d901","time":1612691796,"event":{"mods":["2.2 Compatiblity","BaseMod","Colored Map","DeckTracker","Highlight Path","Minty Spire (QoL Compilation)","Permanent Neow","Quick Restart","SuperFastMode"],"gold_per_floor":[113,133,133,212,225,18,18,48,6,31,45,45,45,45,61,61,61,61],"floor_reached":17,"language":"KOR","playtime":389,"items_purged":["Strike_R"],"score":210,"play_id":"dda9dd90-0d98-476e-a8cc-45344c05efd7","local_time":"20210207185636","is_ascension_mode":true,"campfire_choices":[{"floor":7,"key":"REST"},{"floor":12,"key":"REST"},{"floor":16,"key":"REST"}],"circlet_count":0,"master_deck":["AscendersBane","Strike_R","Strike_R","Strike_R","Strike_R","Defend_R","Defend_R","Defend_R","Defend_R","Bash","Panacea","Fire Breathing","Blood for Blood","Offering","Rupture","Battle Trance","Rupture","Bloodletting","Headbutt"],"relics":["Burning Blood","Blood Vial","MealTicket","Regal Pillow","Strawberry"],"acts_visited":["Exordium"],"potions_floor_usage":[11,11,17],"damage_taken":[{"damage":12,"enemies":"2 Louse","floor":1,"turns":3},{"damage":29,"enemies":"Cultist","floor":2,"turns":6},{"damage":24,"enemies":"Blue Slaver","floor":5,"turns":5},{"damage":41,"enemies":"Lagavulin","floor":8,"turns":7},{"damage":20,"enemies":"Large Slime","floor":11,"turns":5},{"damage":25,"enemies":"Lots of Slimes","floor":15,"turns":4},{"damage":64,"enemies":"Hexaghost","floor":17,"turns":7}],"seed_played":"7182447649677755221","potions_obtained":[{"floor":8,"key":"BloodPotion"},{"floor":11,"key":"Block Potion"},{"floor":15,"key":"LiquidMemories"}],"is_trial":false,"path_per_floor":["M","M","M","?","M","$","R","E","$","T","M","R","?","?","M","R","B"],"character_chosen":"IRONCLAD","items_purchased":["Rupture","Explosive Potion","Rupture"],"campfire_rested":3,"item_purchase_floors":[6,6,9],"current_hp_per_floor":[62,39,39,39,21,21,43,8,8,8,11,33,33,40,23,62,0,0],"gold":61,"neow_bonus":"RANDOM_COLORLESS","is_daily":false,"chose_seed":false,"campfire_upgraded":0,"win_rate":0.0,"timestamp":1612691796,"path_taken":["M","M","M","?","M","$","R","E","$","T","M","R","?","?","?","R","BOSS"],"items_purchased_type":["Card","Potion","Card"],"build_version":"2020-12-22","purchased_purges":1,"victory":false,"max_hp_per_floor":[75,75,75,75,75,75,75,75,75,75,75,75,75,82,82,82,82,82],"card_choices":[{"not_picked":["Madness","Good Instincts"],"picked":"Panacea","floor":0},{"not_picked":["True Grit","Dual Wield"],"picked":"Fire Breathing","floor":1},{"not_picked":["Anger","Headbutt"],"picked":"Blood for Blood","floor":2},{"not_picked":["Spot Weakness","Ghostly Armor"],"picked":"Offering","floor":5},{"not_picked":["Iron Wave","Twin Strike"],"picked":"Battle Trance","floor":8},{"not_picked":["Warcry","Infernal Blade"],"picked":"Bloodletting","floor":11},{"not_picked":["Feel No Pain","Cleave"],"picked":"Headbutt","floor":15}],"player_experience":732285,"relics_obtained":[{"floor":8,"key":"Blood Vial"},{"floor":10,"key":"MealTicket"}],"event_choices":[{"damage_healed":0,"gold_gain":79,"player_choice":"Gained Gold","damage_taken":0,"max_hp_gain":0,"max_hp_loss":0,"event_name":"Golden Wing","floor":4,"gold_loss":0},{"damage_healed":0,"gold_gain":0,"player_choice":"Searched \u00272\u0027 times","damage_taken":0,"relics_obtained":["Regal Pillow"],"max_hp_gain":0,"max_hp_loss":0,"event_name":"Dead Adventurer","floor":13,"gold_loss":0},{"damage_healed":0,"gold_gain":0,"player_choice":"Gave Potion","damage_taken":0,"relics_obtained":["Strawberry"],"max_hp_gain":0,"max_hp_loss":0,"event_name":"WeMeetAgain","floor":14,"gold_loss":0}],"is_beta":false,"boss_relics":[],"items_purged_floors":[6],"is_endless":false,"potions_floor_spawned":[8,11,15],"killed_by":"Hexaghost","ascension_level":20}}