{"host":"1dj9npbb6xcuhhm7","time":1612731967,"event":{"mods":["BaseMod","Colored Map","Colored Powertips","Downfall","Highlight Path","Marisa????????","Minty Spire (QoL Compilation)","StSLib"],"gold_per_floor":[110,17,17,38,38,38,62,62,88,128,128,168,207,257,257,396,396,428,428,136,154,187,187,187,234,289,10,54,54,54,101,101,101,101],"floor_reached":33,"language":"ENG","playtime":1457,"items_purged":["Strike_B"],"score":327,"play_id":"366b75b7-2b59-4886-9d61-e5caa156a196","local_time":"20210207150607","daily_mods":["Flight"],"is_ascension_mode":false,"campfire_choices":[{"data":"Zap","floor":6,"key":"SMITH"},{"data":"Dualcast","floor":8,"key":"SMITH"},{"data":"Go for the Eyes","floor":11,"key":"SMITH"},{"data":"Self Repair","floor":15,"key":"SMITH"},{"data":"Defragment","floor":23,"key":"SMITH"},{"data":"Defragment","floor":29,"key":"SMITH"},{"data":"Biased Cognition","floor":30,"key":"SMITH"},{"data":"Genetic Algorithm","floor":32,"key":"SMITH"}],"circlet_count":0,"master_deck":["Strike_B","Strike_B","Strike_B","Defend_B","Defend_B+1","Defend_B","Defend_B","Zap+1","Dualcast+1","Undo+1","Self Repair+1","Go for the Eyes+1","Cold Snap","Reboot","Conserve Battery","Stack+1","Force Field","Electrodynamics","Ball Lightning","Biased Cognition+1","Defragment+1","Turbo","Defragment+1","Stack+1","Genetic Algorithm+1"],"relics":["Cracked Core","Golden Idol","CeramicFish","Nunchaku","Peace Pipe","Bottled Tornado","Letter Opener","SlaversCollar","champ:Barbells","Orichalcum","Boot","HornCleat","Juzu Bracelet","Bottled Lightning"],"acts_visited":["Exordium","TheCity"],"potions_floor_usage":[13,16,28],"damage_taken":[{"damage":1,"enemies":"Cultist","floor":1,"turns":4},{"damage":6,"enemies":"Jaw Worm","floor":4,"turns":3},{"damage":0,"enemies":"Small Slimes","floor":7,"turns":2},{"damage":16,"enemies":"Lagavulin","floor":10,"turns":6},{"damage":7,"enemies":"3 Sentries","floor":12,"turns":7},{"damage":13,"enemies":"Gremlin Nob","floor":13,"turns":5},{"damage":6,"enemies":"Lagavulin","floor":14,"turns":8},{"damage":47,"enemies":"Hexaghost","floor":16,"turns":16},{"damage":5,"enemies":"Spheric Guardian","floor":18,"turns":5},{"damage":1,"enemies":"Chosen","floor":21,"turns":5},{"damage":17,"enemies":"Shelled Parasite and Fungi","floor":22,"turns":9},{"damage":7,"enemies":"Book of Stabbing","floor":25,"turns":6},{"damage":24,"enemies":"Slavers","floor":28,"turns":3},{"damage":9,"enemies":"Gremlin Leader","floor":31,"turns":6},{"damage":52,"enemies":"Champ","floor":33,"turns":8}],"seed_played":"-4238795374721367146","potions_obtained":[{"floor":5,"key":"Explosive Potion"},{"floor":5,"key":"Fire Potion"},{"floor":5,"key":"Slimebound:ThreeZeroPotion"},{"floor":13,"key":"ColorlessPotion"},{"floor":14,"key":"SteroidPotion"},{"floor":16,"key":"GamblersBrew"}],"is_trial":true,"path_per_floor":["M","$","?","M","?","R","M","R","T","E","R","E","E","E","R","B",null,"M","?","$","M","M","R","?","E","T","$","E","R","R","E","R","B"],"character_chosen":"DEFECT","items_purchased":["Self Repair","Go for the Eyes","champ:Barbells","Biased Cognition","Defragment","HornCleat"],"campfire_rested":0,"item_purchase_floors":[2,2,20,20,27,27],"current_hp_per_floor":[74,74,69,69,69,69,69,69,69,60,60,60,54,55,55,18,69,69,69,69,69,62,62,62,65,65,65,51,51,51,52,52,0,0],"gold":101,"neow_bonus":"","is_daily":false,"chose_seed":false,"campfire_upgraded":8,"win_rate":0.0,"timestamp":1612731967,"path_taken":["M","$","?","M","?","R","?","R","T","E","R","E","E","E","R","BOSS","M","?","$","M","?","R","?","E","T","$","E","R","R","E","R","BOSS"],"items_purchased_type":["Card","Card","Relic","Card","Card","Relic"],"build_version":"2020-12-22","purchased_purges":1,"victory":false,"max_hp_per_floor":[75,75,69,69,69,69,69,69,69,69,69,69,69,69,69,69,69,69,69,69,69,69,69,69,69,69,69,69,69,69,69,69,69,69],"card_choices":[{"not_picked":["Beam Cell","Redo"],"picked":"Undo","floor":1},{"not_picked":["Gash","Leap"],"picked":"Cold Snap","floor":4},{"not_picked":["Reprogram","Sweeping Beam"],"picked":"Reboot","floor":7},{"not_picked":["Coolheaded","Barrage"],"picked":"Conserve Battery","floor":10},{"not_picked":["Tempest","Hologram"],"picked":"Stack","floor":12},{"not_picked":["Stack","Chill","Compile Driver"],"picked":"SKIP","floor":13},{"not_picked":["Turbo","Steam"],"picked":"Force Field","floor":14},{"not_picked":["Reboot","Fission"],"picked":"Electrodynamics","floor":16},{"not_picked":["Redo","Barrage"],"picked":"Ball Lightning","floor":18},{"not_picked":["Redo","Hello World","Undo"],"picked":"SKIP","floor":21},{"not_picked":["Steam","Blizzard"],"picked":"Defragment","floor":22},{"not_picked":["Beam Cell","Compile Driver+1"],"picked":"Turbo","floor":25},{"not_picked":["Streamline","Doom and Gloom+1"],"picked":"Stack+1","floor":28},{"not_picked":["Conserve Battery","Reboot"],"picked":"Genetic Algorithm","floor":31}],"player_experience":27990,"relics_obtained":[{"floor":9,"key":"CeramicFish"},{"floor":10,"key":"Nunchaku"},{"floor":12,"key":"Peace Pipe"},{"floor":13,"key":"Bottled Tornado"},{"floor":14,"key":"Letter Opener"},{"floor":25,"key":"Orichalcum"},{"floor":26,"key":"Boot"},{"floor":28,"key":"Juzu Bracelet"},{"floor":31,"key":"Bottled Lightning"}],"event_choices":[{"damage_healed":0,"gold_gain":0,"player_choice":"Lose Max HP","damage_taken":0,"relics_obtained":["Golden Idol"],"max_hp_gain":0,"max_hp_loss":6,"event_name":"Golden Idol","floor":3,"gold_loss":0},{"damage_healed":0,"gold_gain":0,"player_choice":"Got Potions","damage_taken":0,"max_hp_gain":0,"max_hp_loss":0,"event_name":"Lab","floor":5,"gold_loss":0},{"damage_healed":0,"gold_gain":0,"player_choice":"Bought 0 Potions","damage_taken":0,"max_hp_gain":0,"max_hp_loss":0,"event_name":"The Woman in Blue","floor":19,"gold_loss":0}],"is_beta":false,"boss_relics":[{"not_picked":["Snecko Eye","Runic Pyramid"],"picked":"SlaversCollar"}],"items_purged_floors":[20],"is_endless":true,"potions_floor_spawned":[12,13,14,16,18,21],"killed_by":"Champ","ascension_level":0}}