{"host":"bz6w3lfmpwgz81o3","time":1612727661,"event":{"mods":["BaseMod","Downfall","Hermit","Minty Spire (QoL Compilation)","StSLib"],"gold_per_floor":[99,110,120,139,42,52,52,82,82,101,117,117,135,235,245,348,348,348,360,270,283,283,315,315,328,328,346,346,360,379,391,406,406,406,406],"floor_reached":33,"language":"ENG","playtime":1944,"items_purged":["Slimebound:Strike_Slimebound"],"score":302,"play_id":"bcf8138a-9f12-43be-a51a-3f9d28e4528f","local_time":"20210207205421","is_ascension_mode":false,"campfire_choices":[{"data":"Slimebound:CorrosiveSpit","floor":1.0,"key":"SMITH"},{"data":"Slimebound:MassRepurpose","floor":9.0,"key":"SMITH"},{"data":"Slimebound:RainOfGoop","floor":12.0,"key":"SMITH"},{"data":"Slimebound:SelfFormingGoo","floor":18,"key":"SMITH"},{"floor":26,"key":"RECALL"},{"data":"Slimebound:AcidTongue","floor":28,"key":"SMITH"}],"circlet_count":0,"master_deck":["Slimebound:Tackle","Slimebound:Defend_Slimebound","Slimebound:Defend_Slimebound","Slimebound:Defend_Slimebound","Slimebound:Defend_Slimebound","Slimebound:Split","Slimebound:CorrosiveSpit+1","Slimebound:LivingWall","Slimebound:SplitLeeching","Slimebound:GoopTackle","Slimebound:MassRepurpose+1","Slimebound:RainOfGoop+1","Slimebound:LivingWall","Slimebound:LeechingTouch","Slimebound:RainOfGoop","Slimebound:ForwardTackle","Slimebound:RallyTheTroops","Slimebound:SelfFormingGoo+1","Slimebound:SlimeTap","Slimebound:LeadByExample","Slimebound:Tackle+1","Slimebound:Tackle+1","Slimebound:Tackle+1","Slimebound:RollThrough+1","Slimebound:AcidTongue+1","Slimebound:ForwardTackle+1","Slimebound:SplitBruiser"],"relics":["Slimebound:AbsorbEndCombat","Slimebound:MaxSlimesRelic","Mummified Hand","Cursed Key","Molten Egg 2"],"acts_visited":["Exordium","TheCity"],"potions_floor_usage":[20,27,33,33],"damage_taken":[{"damage":5.0,"enemies":"2 Louse","floor":2.0,"turns":3.0},{"damage":6.0,"enemies":"Cultist","floor":3.0,"turns":4.0},{"damage":0.0,"enemies":"Small Slimes","floor":4.0,"turns":3.0},{"damage":12.0,"enemies":"downfall:FleeingMerchant","floor":5.0,"turns":4.0},{"damage":3.0,"enemies":"2 Fungi Beasts","floor":6.0,"turns":3.0},{"damage":6.0,"enemies":"Lagavulin","floor":8.0,"turns":5.0},{"damage":0.0,"enemies":"Lots of Slimes","floor":10.0,"turns":2.0},{"damage":6.0,"enemies":"Exordium Thugs","floor":11.0,"turns":4.0},{"damage":16.0,"enemies":"Large Slime","floor":13.0,"turns":4.0},{"damage":0.0,"enemies":"Blue Slaver","floor":15.0,"turns":4.0},{"damage":2.0,"enemies":"WA_ARCHETYPE_RETAIN","floor":16.0,"turns":6.0},{"damage":3,"enemies":"Shell Parasite","floor":19,"turns":4},{"damage":3,"enemies":"downfall:FleeingMerchant","floor":20,"turns":4},{"damage":6,"enemies":"Spheric Guardian","floor":21,"turns":3},{"damage":19,"enemies":"Gremlin Leader","floor":23,"turns":5},{"damage":0,"enemies":"Centurion and Healer","floor":25,"turns":4},{"damage":1,"enemies":"3 Cultists","floor":27,"turns":3},{"damage":3,"enemies":"Snake Plant","floor":29,"turns":3},{"damage":16,"enemies":"Cultist and Chosen","floor":30,"turns":5},{"damage":15,"enemies":"Sentry and Sphere","floor":31,"turns":2},{"damage":2,"enemies":"Centurion and Healer","floor":32,"turns":4},{"damage":57,"enemies":"DF_ARCHETYPE_CLAW","floor":33,"turns":6}],"seed_played":"2427347945527342104","potions_obtained":[{"floor":6.0,"key":"ColorlessPotion"},{"floor":8.0,"key":"Explosive Potion"},{"floor":11.0,"key":"LiquidMemories"},{"floor":15.0,"key":"Swift Potion"},{"floor":19,"key":"LiquidMemories"},{"floor":23,"key":"SteroidPotion"},{"floor":25,"key":"LiquidBronze"},{"floor":31,"key":"Dexterity Potion"},{"floor":32,"key":"Strength Potion"}],"is_trial":false,"path_per_floor":["R","M","M","M","$","M","T","E","R","M","M","R","M","?","M","B",null,"R","M","$","M","?","E","T","M","R","M","R","M","M","M","M","B"],"character_chosen":"SLIMEBOUND","items_purchased":["Slimebound:RainOfGoop"],"campfire_rested":0,"item_purchase_floors":[5],"current_hp_per_floor":[71,68,66,68,60,61,61,57,57,59,55,55,43,43,47,49,71,71,68,69,71,71,58,58,64,64,70,70,69,59,44,46,0,0,0],"gold":406,"neow_bonus":"TEN_PERCENT_HP_BONUS","is_daily":false,"chose_seed":false,"campfire_upgraded":5,"win_rate":0.0,"timestamp":1612727661,"path_taken":["R","M","M","M","$","M","T","E","R","M","M","R","M","?","M","BOSS","R","M","$","M","?","E","T","M","R","M","R","M","M","M","M","BOSS"],"items_purchased_type":["Card"],"build_version":"2020-12-22","purchased_purges":1,"victory":false,"max_hp_per_floor":[71,71,71,71,71,71,71,71,71,71,71,71,71,71,71,71,71,71,71,71,71,71,71,71,71,71,71,71,71,71,71,71,71,71,71],"card_choices":[{"not_picked":["Slimebound:RollThrough","Slimebound:SplitMire"],"picked":"Slimebound:LivingWall","floor":2.0},{"not_picked":["Slimebound:SlimeSpikes","Slimebound:SamplingLick"],"picked":"Slimebound:SplitLeeching","floor":3.0},{"not_picked":["Slimebound:SlimeSpikes","Slimebound:SplitMire"],"picked":"Slimebound:GoopTackle","floor":4.0},{"not_picked":["Slimebound:Gluttony","Slimebound:PressTheAttack"],"picked":"Slimebound:MassRepurpose","floor":5.0},{"not_picked":["Slimebound:ProtectTheBoss","Slimebound:Dissolve"],"picked":"Slimebound:LivingWall","floor":6.0},{"not_picked":["Slimebound:SplitBruiser","Slimebound:GoopTackle","Slimebound:GrowthPunch"],"picked":"SKIP","floor":8.0},{"not_picked":["Slimebound:FinishingTackle","Slimebound:RollThrough"],"picked":"Slimebound:LeechingTouch","floor":10.0},{"not_picked":["Slimebound:SplitAcid","Slimebound:HauntingLick"],"picked":"Slimebound:RainOfGoop","floor":11.0},{"not_picked":["Slimebound:Dissolve","Slimebound:Gluttony"],"picked":"Slimebound:ForwardTackle","floor":13.0},{"not_picked":["Slimebound:SplitMire","Slimebound:Prepare"],"picked":"Slimebound:RallyTheTroops","floor":15.0},{"not_picked":["Slimebound:Overexert","Slimebound:Teamwork"],"picked":"Slimebound:SelfFormingGoo","floor":16.0},{"not_picked":["Slimebound:FinishingTackle+1","Slimebound:RainOfGoop"],"picked":"Slimebound:SlimeTap","floor":19},{"not_picked":["Slimebound:ItLooksTasty","Slimebound:GoopTackle","Slimebound:FormOfPuddle+1"],"picked":"SKIP","floor":20},{"not_picked":["Slimebound:TongueLash+1","Slimebound:ComboTackle+1"],"picked":"Slimebound:LeadByExample","floor":21},{"not_picked":["Slimebound:SplitBruiser","Slimebound:MegaLick+1"],"picked":"Slimebound:RollThrough+1","floor":23},{"not_picked":["Slimebound:LivingWall","Slimebound:FinishingTackle+1","Slimebound:SlimeSpikes+1"],"picked":"SKIP","floor":25},{"not_picked":["Slimebound:Replication+1","Slimebound:GrowthPunch+1"],"picked":"Slimebound:AcidTongue","floor":27},{"not_picked":["Slimebound:FormOfPuddle","Slimebound:FinishingTackle+1"],"picked":"Slimebound:ForwardTackle+1","floor":29},{"not_picked":["Slimebound:ItLooksTasty+1","Slimebound:Replication+1"],"picked":"Slimebound:SplitBruiser","floor":30},{"not_picked":["Slimebound:SlimeSpikes","Slimebound:HauntingLick","Slimebound:Equalize+1"],"picked":"SKIP","floor":31},{"not_picked":["Slimebound:LivingWall","Slimebound:PressTheAttack+1","Slimebound:MegaLick"],"picked":"SKIP","floor":32}],"player_experience":3562,"relics_obtained":[{"floor":7.0,"key":"Slimebound:MaxSlimesRelic"},{"floor":8.0,"key":"Mummified Hand"},{"floor":23,"key":"Molten Egg 2"}],"event_choices":[],"is_beta":false,"boss_relics":[{"not_picked":["Black Star","Runic Dome"],"picked":"Cursed Key"}],"items_purged_floors":[20],"is_endless":false,"potions_floor_spawned":[6,8,11,15,19,23,25,31,32],"killed_by":"DF_ARCHETYPE_CLAW","ascension_level":0}}