{"host":"oigynbtg272c19pw","time":1612699404,"event":{"mods":["BaseMod","Colored Map","Minty Spire (QoL Compilation)","Relic Stats","Slay the Relics Exporter","StSLib"],"gold_per_floor":[114,130,130,144,154,154,184,184,232,260,282,369,381,318,330,419,431,460,387,418,430,430],"floor_reached":21,"playtime":824,"items_purged":[],"score":378,"play_id":"115fdfdd-cee0-4c3d-bb95-7e34cacf2cf5","local_time":"20210207130324","is_ascension_mode":true,"campfire_choices":[{"floor":6.0,"key":"REST"},{"floor":8.0,"key":"REST"},{"floor":13.0,"key":"REST"},{"data":"TalkToTheHand","floor":15.0,"key":"SMITH"}],"circlet_count":0,"master_deck":["AscendersBane","Strike_P","Strike_P","Strike_P","Defend_P","Defend_P","Defend_P+1","Defend_P+1","Eruption+1","Vigilance+1","Adaptation","Consecrate+1","LessonLearned","Weave","SandsOfTime+1","Meditate+1","TalkToTheHand+1","DevaForm","ThirdEye","Adaptation"],"relics":["PureWater","NeowsBlessing","Kunai","Nunchaku","MawBank","SlaversCollar","CeramicFish"],"acts_visited":["Exordium","TheCity"],"potions_floor_usage":[],"damage_taken":[{"damage":0.0,"enemies":"Cultist","floor":1.0,"turns":1.0},{"damage":0.0,"enemies":"Jaw Worm","floor":2.0,"turns":1.0},{"damage":6.0,"enemies":"2 Louse","floor":4.0,"turns":3.0},{"damage":38.0,"enemies":"Exordium Wildlife","floor":5.0,"turns":5.0},{"damage":22.0,"enemies":"Lagavulin","floor":7.0,"turns":8.0},{"damage":29.0,"enemies":"3 Sentries","floor":10.0,"turns":8.0},{"damage":9.0,"enemies":"3 Louse","floor":11.0,"turns":4.0},{"damage":5.0,"enemies":"The Guardian","floor":16.0,"turns":12.0},{"damage":22.0,"enemies":"3 Byrds","floor":18.0,"turns":6.0},{"damage":24,"enemies":"2 Thieves","floor":20,"turns":4},{"damage":18,"enemies":"Centurion and Healer","floor":21,"turns":1}],"seed_played":"-3980785982649291125","potions_obtained":[{"floor":1.0,"key":"FairyPotion"},{"floor":2.0,"key":"SteroidPotion"},{"floor":5.0,"key":"LiquidMemories"},{"floor":11.0,"key":"BottledMiracle"},{"floor":16.0,"key":"Strength Potion"}],"is_trial":false,"path_per_floor":["M","M","?","M","M","R","E","R","T","E","M","?","R","?","R","B",null,"M","?","M","M"],"character_chosen":"WATCHER","items_purchased":[],"campfire_rested":3,"item_purchase_floors":[],"current_hp_per_floor":[61,61,61,55,17,37,15,35,35,6,20,9,29,29,29,24,57,35,35,11,0,0],"gold":430,"neow_bonus":"THREE_ENEMY_KILL","is_daily":false,"chose_seed":false,"campfire_upgraded":1,"win_rate":0.0,"timestamp":1612699404,"path_taken":["M","M","?","?","M","R","E","R","T","E","M","?","R","?","R","BOSS","M","?","M","M"],"items_purchased_type":[],"build_version":"2020-12-13","purchased_purges":0,"victory":false,"max_hp_per_floor":[68,68,68,68,68,68,68,68,68,68,68,68,68,68,68,68,68,68,68,68,68,68],"relic_stats":{"Nunchaku":[7],"counters":[11,53],"CeramicFish":9,"Kunai":[14],"MawBank":132,"obtain_stats":[{"SlaversCollar":17,"Nunchaku":9,"NeowsBlessing":0,"CeramicFish":19,"Kunai":7,"PureWater":0,"MawBank":10},{"SlaversCollar":8,"Nunchaku":5,"NeowsBlessing":0,"CeramicFish":9,"Kunai":5,"PureWater":0,"MawBank":6},{"SlaversCollar":42,"Nunchaku":18,"NeowsBlessing":0,"CeramicFish":48,"Kunai":18,"PureWater":0,"MawBank":26}]},"card_choices":[{"not_picked":["Protect","EmptyFist"],"picked":"Adaptation","floor":1.0},{"not_picked":["ThirdEye","CrushJoints"],"picked":"Consecrate","floor":2.0},{"not_picked":["FollowUp","BowlingBash"],"picked":"Weave","floor":4.0},{"not_picked":["Perseverance","EmptyBody"],"picked":"SandsOfTime","floor":5.0},{"not_picked":["CutThroughFate","Worship"],"picked":"Meditate","floor":7.0},{"not_picked":["Pray","Collect"],"picked":"TalkToTheHand","floor":10.0},{"not_picked":["Evaluate","BattleHymn","ThirdEye"],"picked":"SKIP","floor":11.0},{"not_picked":["ConjureBlade","Omniscience"],"picked":"DevaForm","floor":16.0},{"not_picked":["FlurryOfBlows","Weave"],"picked":"ThirdEye","floor":18.0},{"not_picked":["Prostrate","SashWhip"],"picked":"Adaptation","floor":20}],"player_experience":1556562,"relics_obtained":[{"floor":7.0,"key":"Kunai"},{"floor":9.0,"key":"Nunchaku"},{"floor":10.0,"key":"MawBank"}],"event_choices":[{"damage_healed":0.0,"max_hp_gain":0.0,"max_hp_loss":0.0,"gold_gain":0.0,"event_name":"Match and Keep!","player_choice":"1 cards matched","floor":3.0,"gold_loss":0.0,"damage_taken":0.0,"cards_obtained":["LessonLearned"]},{"damage_healed":0.0,"max_hp_gain":0.0,"max_hp_loss":0.0,"gold_gain":75.0,"event_name":"World of Goop","player_choice":"Gather Gold","floor":12.0,"gold_loss":0.0,"damage_taken":11.0},{"cards_removed":["Strike_P"],"damage_healed":0.0,"max_hp_gain":0.0,"max_hp_loss":0.0,"gold_gain":0.0,"event_name":"The Cleric","player_choice":"Card Removal","floor":14.0,"gold_loss":75.0,"damage_taken":0.0},{"damage_healed":0.0,"max_hp_gain":0.0,"max_hp_loss":0.0,"gold_gain":0.0,"event_name":"Addict","player_choice":"Obtained Relic","floor":19.0,"gold_loss":85.0,"damage_taken":0.0,"relics_obtained":["CeramicFish"]}],"is_beta":false,"boss_relics":[{"not_picked":["Tiny House","Calling Bell"],"picked":"SlaversCollar"}],"items_purged_floors":[],"is_endless":false,"potions_floor_spawned":[1,2,5,11,16],"killed_by":"Centurion and Healer","ascension_level":20}}