{"host":"x5w9zppki4gdwvc7","time":1612695289,"event":{"mods":["AchievementEnabler","BaseMod","Colored Powertips","DeckTracker","Minty Spire (QoL Compilation)"],"gold_per_floor":[115,125,140,160,180,180,255,255,255,281,281,291,291,324,324,427,427,445,445,445,465,483,509,209,209,236,236,263,301,338,195,195,295,295,323,354,354,354,431,431,474,501,524,524,242,262,303,334,334,334],"floor_reached":51,"language":"ENG","playtime":2246,"items_purged":[],"score":882,"play_id":"7dec7710-f26d-442b-840a-3d1b6c2dc2be","local_time":"20210207115449","is_ascension_mode":false,"campfire_choices":[{"data":"Perfected Strike","floor":6,"key":"SMITH"},{"data":"Barricade","floor":8,"key":"SMITH"},{"floor":13,"key":"REST"},{"data":"Twin Strike","floor":15,"key":"SMITH"},{"data":"Shockwave","floor":25,"key":"SMITH"},{"floor":27,"key":"REST"},{"data":"Perfected Strike","floor":32,"key":"SMITH"},{"data":"Fiend Fire","floor":40,"key":"SMITH"},{"data":"Demon Form","floor":44,"key":"SMITH"},{"data":"Seeing Red","floor":49,"key":"SMITH"}],"circlet_count":0,"master_deck":["Strike_R","Strike_R","Strike_R","Strike_R","Strike_R","Defend_R","Defend_R","Defend_R","Defend_R","Bash","Fiend Fire+1","Perfected Strike+1","Barricade+1","Twin Strike+1","Shockwave+1","Shrug It Off","Pommel Strike+1","Shrug It Off","Evolve+1","Pommel Strike","Demon Form+1","Rage","Perfected Strike+1","Wild Strike+1","Perfected Strike+1","Rage","Pommel Strike+1","Twin Strike+1","Wild Strike+1","Perfected Strike+1","Twin Strike","Twin Strike","Dual Wield","Seeing Red+1","Seeing Red+1"],"relics":["Burning Blood","StrikeDummy","Omamori","Prayer Wheel","SlaversCollar","Matryoshka","Vajra","DollysMirror","HornCleat","Strawberry","CeramicFish","ClockworkSouvenir","Runic Pyramid","Mummified Hand","Singing Bowl","Incense Burner","Bag of Marbles","Bottled Tornado","Peace Pipe"],"acts_visited":["Exordium","TheCity","TheBeyond"],"potions_floor_usage":[16,16,30,33,33,47],"damage_taken":[{"damage":1,"enemies":"2 Louse","floor":1,"turns":3},{"damage":6,"enemies":"Jaw Worm","floor":2,"turns":2},{"damage":2,"enemies":"Small Slimes","floor":3,"turns":3},{"damage":20,"enemies":"Exordium Wildlife","floor":4,"turns":5},{"damage":26,"enemies":"2 Fungi Beasts","floor":5,"turns":4},{"damage":22,"enemies":"3 Sentries","floor":10,"turns":6},{"damage":6,"enemies":"Blue Slaver","floor":12,"turns":3},{"damage":18,"enemies":"Lagavulin","floor":14,"turns":4},{"damage":11,"enemies":"Slime Boss","floor":16,"turns":9},{"damage":23,"enemies":"3 Byrds","floor":18,"turns":6},{"damage":5,"enemies":"Chosen","floor":21,"turns":4},{"damage":0,"enemies":"Snecko","floor":22,"turns":3},{"damage":44,"enemies":"Gremlin Leader","floor":23,"turns":10},{"damage":16,"enemies":"Slavers","floor":28,"turns":5},{"damage":16,"enemies":"Snake Plant","floor":29,"turns":2},{"damage":8,"enemies":"3 Cultists","floor":30,"turns":5},{"damage":57,"enemies":"Champ","floor":33,"turns":9},{"damage":9,"enemies":"Orb Walker","floor":35,"turns":2},{"damage":0,"enemies":"3 Shapes","floor":36,"turns":3},{"damage":14,"enemies":"Reptomancer","floor":41,"turns":6},{"damage":13,"enemies":"Spire Growth","floor":42,"turns":4},{"damage":6,"enemies":"Sphere and 2 Shapes","floor":46,"turns":5},{"damage":6,"enemies":"Giant Head","floor":47,"turns":5},{"damage":9,"enemies":"3 Darklings","floor":48,"turns":3},{"damage":3,"enemies":"Time Eater","floor":50,"turns":5}],"seed_played":"-4872029873804947059","potions_obtained":[{"floor":2,"key":"Weak Potion"},{"floor":3,"key":"FairyPotion"},{"floor":10,"key":"Weak Potion"},{"floor":12,"key":"Ancient Potion"},{"floor":21,"key":"SkillPotion"},{"floor":23,"key":"BloodPotion"},{"floor":30,"key":"Fruit Juice"},{"floor":35,"key":"Energy Potion"},{"floor":42,"key":"AttackPotion"},{"floor":48,"key":"Fruit Juice"}],"is_trial":false,"path_per_floor":["M","M","M","M","M","R","?","R","T","E","$","M","R","E","R","B",null,"M","?","?","M","M","E","$","R","T","R","E","M","M","$","R","B",null,"M","M","?","?","T","R","E","M","T","R","$","M","E","M","R","B",null],"character_chosen":"IRONCLAD","items_purchased":["Vajra","DollysMirror","ClockworkSouvenir","Bottled Tornado","Twin Strike"],"campfire_rested":2,"item_purchase_floors":[24,24,31,45,45],"current_hp_per_floor":[80,80,80,66,46,46,35,35,35,19,19,19,43,31,31,26,80,63,63,63,64,70,32,32,32,39,65,55,45,60,60,60,14,92,89,92,92,92,92,92,84,79,79,79,79,83,83,80,80,83],"gold":334,"neow_bonus":"ONE_RANDOM_RARE_CARD","is_daily":false,"chose_seed":false,"campfire_upgraded":8,"win_rate":0.0,"timestamp":1612695289,"path_taken":["M","M","M","M","M","R","?","R","T","E","$","M","R","E","R","BOSS","M","?","?","M","M","E","$","R","T","R","E","M","M","?","R","BOSS","M","M","?","?","?","R","E","M","T","R","$","M","E","M","R","BOSS"],"items_purchased_type":["Relic","Relic","Relic","Relic","Card"],"build_version":"2020-12-22","purchased_purges":0,"victory":true,"max_hp_per_floor":[80,80,80,80,80,80,80,80,80,80,80,80,80,80,80,80,80,80,80,80,80,80,80,80,80,87,87,87,87,87,87,87,92,92,92,92,92,92,92,92,92,94,94,94,94,98,98,98,98,98],"card_choices":[{"not_picked":["Warcry","Disarm"],"picked":"Perfected Strike","floor":1},{"not_picked":["Intimidate","Havoc","Thunderclap"],"picked":"SKIP","floor":2},{"not_picked":["Heavy Blade","Thunderclap"],"picked":"Barricade","floor":3},{"not_picked":["Reckless Charge","Thunderclap","Flame Barrier"],"picked":"SKIP","floor":4},{"not_picked":["Flame Barrier","Warcry"],"picked":"Twin Strike","floor":5},{"not_picked":["Clothesline","Burning Pact"],"picked":"Shockwave","floor":10},{"not_picked":["Battle Trance","Seeing Red"],"picked":"Shrug It Off","floor":12},{"not_picked":["Cleave","Carnage","Feel No Pain"],"picked":"SKIP","floor":14},{"not_picked":["Inflame","Wild Strike"],"picked":"Pommel Strike+1","floor":18},{"not_picked":["Iron Wave","Carnage"],"picked":"Shrug It Off","floor":18},{"not_picked":["Shrug It Off","Armaments"],"picked":"Evolve+1","floor":21},{"not_picked":["Anger","Sentinel"],"picked":"Pommel Strike","floor":21},{"not_picked":["Body Slam+1","Rampage"],"picked":"Demon Form","floor":22},{"not_picked":["True Grit","Whirlwind","Havoc+1"],"picked":"SKIP","floor":22},{"not_picked":["Cleave","Hemokinesis+1"],"picked":"Rage","floor":23},{"not_picked":["Flex","Clash","Armaments"],"picked":"SKIP","floor":28},{"not_picked":["Clash","Anger+1"],"picked":"Wild Strike+1","floor":29},{"not_picked":["Barricade","Heavy Blade"],"picked":"Perfected Strike","floor":29},{"not_picked":["Armaments","Fire Breathing"],"picked":"Rage","floor":30},{"not_picked":["Dropkick","Flex"],"picked":"Shrug It Off+1","floor":30},{"not_picked":["Searing Blow","Thunderclap+1"],"picked":"Pommel Strike+1","floor":35},{"not_picked":["Anger","Reckless Charge+1","Flex"],"picked":"SKIP","floor":35},{"not_picked":["Flex","Entrench+1"],"picked":"Twin Strike+1","floor":36},{"not_picked":["Infernal Blade+1","Fire Breathing+1"],"picked":"Wild Strike+1","floor":36},{"not_picked":["Fiend Fire","Warcry+1"],"picked":"Perfected Strike+1","floor":41},{"not_picked":["Uppercut","Warcry+1","Clash"],"picked":"Singing Bowl","floor":42},{"not_picked":["Headbutt","Wild Strike+1"],"picked":"Twin Strike","floor":42},{"not_picked":["Sword Boomerang","Havoc+1","Flex+1"],"picked":"Singing Bowl","floor":46},{"not_picked":["Combust+1","Burning Pact+1","Bloodletting"],"picked":"Singing Bowl","floor":46},{"not_picked":["Headbutt+1","Sentinel"],"picked":"Dual Wield","floor":47},{"not_picked":["Cleave+1","Shrug It Off+1"],"picked":"Seeing Red+1","floor":48},{"not_picked":["Cleave","Uppercut"],"picked":"Seeing Red","floor":48}],"player_experience":548818,"relics_obtained":[{"floor":9,"key":"StrikeDummy"},{"floor":10,"key":"Omamori"},{"floor":14,"key":"Prayer Wheel"},{"floor":23,"key":"Matryoshka"},{"floor":26,"key":"HornCleat"},{"floor":26,"key":"Strawberry"},{"floor":28,"key":"CeramicFish"},{"floor":39,"key":"Mummified Hand"},{"floor":39,"key":"Singing Bowl"},{"floor":41,"key":"Incense Burner"},{"floor":43,"key":"Bag of Marbles"},{"floor":47,"key":"Peace Pipe"}],"event_choices":[{"damage_healed":0,"gold_gain":75,"player_choice":"Gather Gold","damage_taken":11,"max_hp_gain":0,"max_hp_loss":0,"event_name":"World of Goop","floor":7,"gold_loss":0},{"damage_healed":0,"gold_gain":0,"player_choice":"Ignored","damage_taken":0,"max_hp_gain":0,"max_hp_loss":0,"event_name":"Ghosts","floor":19,"gold_loss":0},{"damage_healed":0,"gold_gain":0,"player_choice":"Ignored","damage_taken":0,"max_hp_gain":0,"max_hp_loss":0,"event_name":"Vampires","floor":20,"gold_loss":0},{"cards_removed":["Shrug It Off"],"damage_healed":0,"gold_gain":0,"player_choice":"Removed Skill","damage_taken":0,"max_hp_gain":0,"max_hp_loss":0,"event_name":"Falling","floor":37,"gold_loss":0},{"damage_healed":0,"gold_gain":0,"player_choice":"Ignored","damage_taken":0,"max_hp_gain":0,"max_hp_loss":0,"event_name":"Mysterious Sphere","floor":38,"gold_loss":0}],"is_beta":false,"boss_relics":[{"not_picked":["Ectoplasm","Black Blood"],"picked":"SlaversCollar"},{"not_picked":["Runic Dome","Empty Cage"],"picked":"Runic Pyramid"}],"items_purged_floors":[],"is_endless":false,"potions_floor_spawned":[2,3,10,12,21,23,28,30,35,42,48],"ascension_level":0}}