{"host":"fnndj664xgd3vavt","time":1612660678,"event":{"mods":["AchievementEnabler","BaseMod","Better Note","Colored Powertips","DeckTracker","Downfall","Highlight Path","Infinite Spire","Minty Spire (QoL Compilation)","Quick Restart","Random Character Button","Replay The Spire","StSLib"],"gold_per_floor":[99,111,123,134,134,134,150,183,256,272,372,372,392,73,88,105,118,118,118,118],"floor_reached":18,"language":"ENG","playtime":812,"items_purged":["Slimebound:Defend_Slimebound"],"score":118,"play_id":"25f1880b-d6b9-49c0-a07f-c415bfcaf08f","local_time":"20210206201758","is_ascension_mode":false,"campfire_choices":[{"data":"Slimebound:OneTwoCombo","floor":12,"key":"SMITH"}],"circlet_count":0,"master_deck":["Slimebound:Strike_Slimebound","Slimebound:Strike_Slimebound","Slimebound:Strike_Slimebound+1","Slimebound:Tackle","Slimebound:Defend_Slimebound","Slimebound:Defend_Slimebound","Slimebound:Defend_Slimebound+1","Slimebound:Split","Slimebound:CorrosiveSpit","Slimebound:OneTwoCombo+1","Slimebound:GoopSpray","Slimebound:TongueLash","Slimebound:RejuvenatingLick","Slimebound:LevelUp","Slimebound:RejuvenatingLick","Slimebound:SplitAcid+1","Slimebound:HauntingLick+1","Slimebound:RollThrough","Slimebound:SlimeBarrage","Slimebound:RejuvenatingLick+1","Slimebound:Equalize","Slimebound:SplitBruiser+1"],"relics":["Slimebound:AbsorbEndCombat","Toxic Egg 2","BranchBurnRelic","Simple Rune"],"acts_visited":["Exordium"],"potions_floor_usage":[],"damage_taken":[{"damage":4,"enemies":"2 Louse","floor":2,"turns":2},{"damage":1,"enemies":"Cultist","floor":3,"turns":3},{"damage":3,"enemies":"Jaw Worm","floor":4,"turns":4},{"damage":17,"enemies":"Gremlin Gang","floor":7,"turns":5},{"damage":26,"enemies":"Gremlin Nob","floor":8,"turns":4},{"damage":11,"enemies":"Exordium Thugs","floor":10,"turns":5},{"damage":8,"enemies":"Exordium Wildlife","floor":13,"turns":3},{"damage":8,"enemies":"downfall:FleeingMerchant","floor":14,"turns":4},{"damage":0,"enemies":"2 Fungi Beasts","floor":15,"turns":3},{"damage":4,"enemies":"Blue Slaver","floor":16,"turns":2},{"damage":13,"enemies":"3 Louse","floor":17,"turns":2},{"damage":43,"enemies":"WA_ARCHETYPE_RETAIN","floor":18,"turns":4}],"seed_played":"-2773371612568651994","potions_obtained":[{"floor":4,"key":"Ancient Potion"},{"floor":8,"key":"Adrenaline Potion"},{"floor":16,"key":"Elixir"}],"is_trial":false,"path_per_floor":["R","M","M","M","PTL","PTL","M","E","T","M","?","R","M","$","M","M","M","B"],"character_chosen":"SLIMEBOUND","items_purchased":["Slimebound:SlimeBarrage","Simple Rune"],"campfire_rested":0,"item_purchase_floors":[14,14],"current_hp_per_floor":[70,68,70,70,70,70,59,39,39,36,36,36,39,37,41,39,28,0,0,0],"gold":118,"neow_bonus":"ONE_RANDOM_RARE_CARD","is_daily":false,"chose_seed":false,"campfire_upgraded":1,"win_rate":0.0,"timestamp":1612660678,"path_taken":["R","M","M","M","PTL","PTL","M","E","T","M","?","R","?","$","M","M","M","BOSS"],"items_purchased_type":["Card","Relic"],"build_version":"2020-12-22","purchased_purges":1,"victory":false,"max_hp_per_floor":[70,70,70,70,70,70,70,70,70,70,70,70,70,70,70,70,70,70,70,70],"card_choices":[{"not_picked":["Slimebound:SamplingLick","Slimebound:LeechEnergy"],"picked":"Slimebound:GoopSpray","floor":2},{"not_picked":["Slimebound:SamplingLick","Slimebound:SpikyOuterGoop"],"picked":"Slimebound:TongueLash","floor":3},{"not_picked":["Slimebound:ForwardTackle","Slimebound:ComboTackle"],"picked":"Slimebound:RejuvenatingLick","floor":4},{"not_picked":["Slimebound:SlimeBrawl","Slimebound:Dissolve"],"picked":"Slimebound:LevelUp","floor":7},{"not_picked":["Slimebound:GrowthPunch","Slimebound:RainOfGoop"],"picked":"Slimebound:RejuvenatingLick","floor":8},{"not_picked":["Slimebound:GoopTackle","Slimebound:GoopSpray+1"],"picked":"Slimebound:SplitAcid+1","floor":10},{"not_picked":["Slimebound:ComboTackle","Slimebound:FirmFortitude+1"],"picked":"Slimebound:HauntingLick+1","floor":13},{"not_picked":["Slimebound:LeechingTouch","Slimebound:LivingWall+1"],"picked":"Slimebound:RollThrough","floor":14},{"not_picked":["Slimebound:LivingWall+1","Slimebound:ComboTackle"],"picked":"Slimebound:RejuvenatingLick+1","floor":15},{"not_picked":["Slimebound:Schlurp+1","Slimebound:ForwardTackle"],"picked":"Slimebound:Equalize","floor":16},{"not_picked":["Slimebound:ProtectTheBoss","Slimebound:Equalize"],"picked":"Slimebound:SplitBruiser+1","floor":17}],"player_experience":250816,"relics_obtained":[{"floor":8,"key":"Dead Branch"},{"floor":9,"key":"Toxic Egg 2"}],"event_choices":[{"damage_healed":0,"gold_gain":0,"player_choice":"Donut","damage_taken":0,"max_hp_gain":5,"max_hp_loss":0,"event_name":"Big Fish","floor":1,"gold_loss":0}],"is_beta":false,"boss_relics":[],"items_purged_floors":[14],"is_endless":false,"potions_floor_spawned":[4,8,16,17],"killed_by":"WA_ARCHETYPE_RETAIN","ascension_level":0}}