{"host":"4rvakrj1idbgia3f","time":1612689543,"event":{"mods":["BaseMod","Colored Map","Colored Powertips","DeckTracker","Highlight Path","Minty Spire (QoL Compilation)","Random Character Button","StSLib"],"gold_per_floor":[119,119,139,139,152,152,186,186,213,232,69,87,122,190,190,264,264,274,274,274,189,202,202,202,202],"floor_reached":24,"language":"JPN","playtime":1861,"items_purged":[],"score":408,"play_id":"49d1ed63-b24b-481e-854e-7aba56b26cc0","local_time":"20210207181903","is_ascension_mode":true,"campfire_choices":[{"data":"Dagger Spray","floor":6,"key":"SMITH"},{"data":"Dagger Spray","floor":8,"key":"SMITH"},{"data":"Envenom","floor":15,"key":"SMITH"},{"data":"Doppelganger","floor":23,"key":"SMITH"}],"circlet_count":0,"master_deck":["AscendersBane","Strike_G","Strike_G","Defend_G","Defend_G","Defend_G","Defend_G","Survivor","Neutralize","Poisoned Stab+1","After Image","Escape Plan","Dagger Spray+1","Dagger Spray+1","Footwork","Adrenaline","Leg Sweep","Envenom+1","Doppelganger+1","Prepared","Flying Knee","Choke","PiercingWail"],"relics":["Ring of the Snake","Anchor","Happy Flower","Smiling Mask","Question Card","SlaversCollar","The Courier"],"acts_visited":["Exordium","TheCity"],"potions_floor_usage":[7,7,18],"damage_taken":[{"damage":0,"enemies":"2 Louse","floor":1,"turns":2},{"damage":0,"enemies":"Jaw Worm","floor":3,"turns":6},{"damage":2,"enemies":"Small Slimes","floor":5,"turns":3},{"damage":8,"enemies":"3 Sentries","floor":7,"turns":4},{"damage":0,"enemies":"2 Fungi Beasts","floor":10,"turns":2},{"damage":0,"enemies":"3 Louse","floor":12,"turns":2},{"damage":17,"enemies":"Gremlin Nob","floor":13,"turns":5},{"damage":8,"enemies":"Hexaghost","floor":16,"turns":9},{"damage":11,"enemies":"Spheric Guardian","floor":18,"turns":10},{"damage":2,"enemies":"Shell Parasite","floor":22,"turns":6},{"damage":22,"enemies":"Chosen and Byrds","floor":24,"turns":6}],"seed_played":"-5340097423562775559","potions_obtained":[{"floor":3,"key":"Swift Potion"},{"floor":5,"key":"SkillPotion"},{"floor":10,"key":"Weak Potion"},{"floor":13,"key":"Swift Potion"},{"floor":18,"key":"Fire Potion"}],"is_trial":false,"path_per_floor":["M","?","M","?","M","R","E","R","T","M","$","M","E","T","R","B",null,"M","?","?","?","M","R","M"],"character_chosen":"THE_SILENT","items_purchased":["Adrenaline"],"campfire_rested":0,"item_purchase_floors":[11],"current_hp_per_floor":[44,44,44,44,42,42,34,34,34,34,34,34,17,17,17,9,52,41,41,41,41,39,39,17,17],"gold":202,"neow_bonus":"TRANSFORM_TWO_CARDS","is_daily":false,"chose_seed":false,"campfire_upgraded":4,"win_rate":0.0,"timestamp":1612689543,"path_taken":["M","?","M","?","M","R","E","R","T","M","?","M","E","?","R","BOSS","M","?","?","?","M","R","M"],"items_purchased_type":["Card"],"build_version":"2020-12-22","purchased_purges":0,"victory":false,"max_hp_per_floor":[66,66,66,66,66,66,66,66,66,66,66,66,66,66,66,66,66,66,66,66,66,66,66,66,66],"card_choices":[{"not_picked":["Prepared","Underhanded Strike"],"picked":"Escape Plan","floor":1},{"not_picked":["Deflect","Blur"],"picked":"Dagger Spray","floor":3},{"not_picked":["Riddle With Holes","Distraction"],"picked":"Dagger Spray","floor":5},{"not_picked":["Acrobatics","Concentrate"],"picked":"Footwork","floor":7},{"not_picked":["Riddle With Holes","Underhanded Strike","Quick Slash"],"picked":"SKIP","floor":10},{"not_picked":["Masterful Stab","Flying Knee"],"picked":"Leg Sweep","floor":12},{"not_picked":["Calculated Gamble","Concentrate"],"picked":"Envenom","floor":13},{"not_picked":["Phantasmal Killer","Die Die Die","Night Terror"],"picked":"Doppelganger","floor":16},{"not_picked":["Leg Sweep","Deflect","Prepared","Choke"],"picked":"SKIP","floor":18},{"not_picked":["Leg Sweep","Deflect","Choke"],"picked":"Prepared","floor":18},{"not_picked":["Outmaneuver","Finisher","Dagger Throw"],"picked":"PiercingWail","floor":22}],"player_experience":2227604,"relics_obtained":[{"floor":7,"key":"Anchor"},{"floor":9,"key":"Happy Flower"},{"floor":13,"key":"Smiling Mask"},{"floor":14,"key":"Question Card"}],"event_choices":[{"damage_healed":0,"gold_gain":0,"player_choice":"Ignored","damage_taken":0,"max_hp_gain":0,"max_hp_loss":0,"event_name":"Liars Game","floor":2,"gold_loss":0},{"damage_healed":0,"gold_gain":0,"player_choice":"Grow","damage_taken":0,"max_hp_gain":0,"max_hp_loss":0,"event_name":"Living Wall","floor":4,"gold_loss":0,"cards_upgraded":["Poisoned Stab"]},{"damage_healed":0,"gold_gain":0,"cards_transformed":["Strike_G","Strike_G"],"player_choice":"Became Test Subject","damage_taken":0,"max_hp_gain":0,"max_hp_loss":0,"event_name":"Drug Dealer","floor":19,"gold_loss":0,"cards_obtained":["Flying Knee","Choke"]},{"damage_healed":0,"gold_gain":0,"player_choice":"Ignored","damage_taken":0,"max_hp_gain":0,"max_hp_loss":0,"event_name":"The Mausoleum","floor":20,"gold_loss":0},{"damage_healed":0,"gold_gain":0,"player_choice":"Obtained Relic","damage_taken":0,"relics_obtained":["The Courier"],"max_hp_gain":0,"max_hp_loss":0,"event_name":"Addict","floor":21,"gold_loss":85}],"is_beta":false,"boss_relics":[{"not_picked":["Empty Cage","Black Star"],"picked":"SlaversCollar"}],"items_purged_floors":[],"is_endless":false,"potions_floor_spawned":[3,5,10,13,18],"killed_by":"Chosen and Byrds","ascension_level":20}}