{"host":"fuszjwm6fqgjjp4d","time":1612663000,"event":{"mods":["BaseMod","Bestiary","Colored Map","Minty Spire (QoL Compilation)","Permanent Neow","Relic Sorter","Relic Stats","StSLib"],"gold_per_floor":[11,11,11,29,29,29,52,70,70,70,93,112,148,148,148,242,242,267,267,290,69,0,0],"floor_reached":22,"language":"ENG","playtime":495,"items_purged":[],"score":368,"play_id":"4a45f3d6-096d-44b6-8db4-553b314ebf69","local_time":"20210206195640","is_ascension_mode":true,"campfire_choices":[{"data":"Dagger Spray","floor":6.0,"key":"SMITH"},{"data":"Infinite Blades","floor":10.0,"key":"SMITH"},{"data":"Predator","floor":15.0,"key":"SMITH"}],"circlet_count":0,"master_deck":["AscendersBane","Survivor","Neutralize","Dagger Spray+1","Flying Knee","Infinite Blades+1","Blur","Predator+1","Quick Slash","Blade Dance","Storm of Steel","Footwork","Dagger Throw","Footwork","Glass Knife","Caltrops","Masterful Stab","Backstab","Unload","Grand Finale","Cloak And Dagger","Cloak And Dagger","Dodge and Roll","Blade Dance","Blur"],"relics":["Ring of the Snake","Turnip","Golden Idol","Letter Opener","Pantograph","Pandora\u0027s Box","Lantern","Orrery"],"acts_visited":["Exordium","TheCity"],"potions_floor_usage":[16,22],"damage_taken":[{"damage":1.0,"enemies":"2 Louse","floor":1.0,"turns":4.0},{"damage":2.0,"enemies":"Small Slimes","floor":4.0,"turns":3.0},{"damage":0.0,"enemies":"Jaw Worm","floor":7.0,"turns":4.0},{"damage":12.0,"enemies":"Large Slime","floor":8.0,"turns":6.0},{"damage":0.0,"enemies":"Blue Slaver","floor":11.0,"turns":5.0},{"damage":3.0,"enemies":"Exordium Wildlife","floor":12.0,"turns":3.0},{"damage":22.0,"enemies":"Gremlin Nob","floor":13.0,"turns":4.0},{"damage":18,"enemies":"Hexaghost","floor":16,"turns":7},{"damage":39,"enemies":"Shell Parasite","floor":18,"turns":4},{"damage":12,"enemies":"2 Thieves","floor":22,"turns":2}],"seed_played":"-2286061750538923167","potions_obtained":[{"floor":8.0,"key":"SkillPotion"},{"floor":12.0,"key":"CultistPotion"},{"floor":16,"key":"FearPotion"},{"floor":18,"key":"Block Potion"}],"is_trial":false,"path_per_floor":["M","?","?","M","$","R","M","M","T","R","M","M","E","?","R","B",null,"M","?","T","$","M"],"character_chosen":"THE_SILENT","items_purchased":["Cloak And Dagger","Orrery"],"campfire_rested":0,"item_purchase_floors":[21,21],"current_hp_per_floor":[58,58,51,49,49,49,49,37,37,37,37,34,12,12,12,19,50,11,11,11,11,0,0],"gold":0,"neow_bonus":"ONE_RARE_RELIC","is_daily":false,"chose_seed":false,"campfire_upgraded":3,"win_rate":0.0,"timestamp":1612663000,"path_taken":["M","?","?","M","?","R","M","M","T","R","M","M","E","?","R","BOSS","M","?","?","?","?"],"items_purchased_type":["Card","Relic"],"build_version":"2020-12-22","purchased_purges":0,"victory":false,"max_hp_per_floor":[66,60,60,60,60,60,60,60,60,60,60,60,60,60,60,60,60,60,60,60,60,60,60],"relic_stats":{"counters":[10,42],"Golden Idol":53,"Pantograph":25,"Pandora\u0027s Box":["Footwork","Dagger Throw","Footwork","Glass Knife","Caltrops","Masterful Stab","Backstab","Unload","Grand Finale"],"Turnip":[2],"Letter Opener":[20],"obtain_stats":[{"Lantern":20,"Golden Idol":2,"Pantograph":13,"Orrery":21,"Pandora\u0027s Box":17,"Turnip":0,"Letter Opener":9,"Ring of the Snake":0},{"Lantern":9,"Golden Idol":1,"Pantograph":7,"Orrery":9,"Pandora\u0027s Box":8,"Turnip":0,"Letter Opener":4,"Ring of the Snake":0},{"Lantern":40,"Golden Idol":4,"Pantograph":29,"Orrery":40,"Pandora\u0027s Box":36,"Turnip":0,"Letter Opener":17,"Ring of the Snake":0}],"Ring of the Snake":[20]},"card_choices":[{"not_picked":["Backflip","Flechettes"],"picked":"Dagger Spray","floor":1.0},{"not_picked":["Heel Hook","PiercingWail"],"picked":"Flying Knee","floor":4.0},{"not_picked":["Dagger Throw","Dagger Spray"],"picked":"Infinite Blades","floor":7.0},{"not_picked":["Dagger Spray","Bane"],"picked":"Blur","floor":8.0},{"not_picked":["Riddle With Holes","Deadly Poison"],"picked":"Predator","floor":11.0},{"not_picked":["Underhanded Strike","Sucker Punch"],"picked":"Quick Slash","floor":12.0},{"not_picked":["Storm of Steel","Deflect"],"picked":"Blade Dance","floor":13.0},{"not_picked":["Bullet Time","Unload"],"picked":"Storm of Steel","floor":16},{"not_picked":["Backflip","Expertise","Heel Hook"],"picked":"SKIP","floor":18},{"not_picked":["Catalyst","Bane"],"picked":"Dodge and Roll","floor":21},{"not_picked":["Quick Slash","Dagger Spray"],"picked":"Blade Dance","floor":21},{"not_picked":["PiercingWail","Backflip"],"picked":"Blur","floor":21}],"player_experience":1477273,"relics_obtained":[{"floor":9.0,"key":"Letter Opener"},{"floor":13.0,"key":"Pantograph"},{"floor":20,"key":"Lantern"}],"event_choices":[{"damage_healed":0.0,"max_hp_gain":0.0,"max_hp_loss":6.0,"gold_gain":0.0,"event_name":"Golden Idol","player_choice":"Lose Max HP","floor":2.0,"gold_loss":0.0,"damage_taken":0.0,"relics_obtained":["Golden Idol"]},{"cards_removed":["Strike_G"],"damage_healed":0.0,"max_hp_gain":0.0,"max_hp_loss":0.0,"gold_gain":0.0,"event_name":"Golden Wing","player_choice":"Card Removal","floor":3.0,"gold_loss":0.0,"damage_taken":7.0},{"damage_healed":0.0,"max_hp_gain":0.0,"max_hp_loss":0.0,"gold_gain":0.0,"event_name":"Scrap Ooze","player_choice":"Fled","floor":14.0,"gold_loss":0.0,"damage_taken":0.0},{"damage_healed":0,"gold_gain":0,"player_choice":"Read","damage_taken":0,"max_hp_gain":0,"max_hp_loss":0,"event_name":"The Library","floor":19,"gold_loss":0,"cards_obtained":["Cloak And Dagger"]}],"is_beta":false,"boss_relics":[{"not_picked":["Sozu","Philosopher\u0027s Stone"],"picked":"Pandora\u0027s Box"}],"items_purged_floors":[],"is_endless":false,"potions_floor_spawned":[8,12,16,18],"killed_by":"2 Thieves","ascension_level":20}}