{"host":"4nqeo0vu1vuav7gg","time":1612725381,"event":{"mods":["AchievementEnabler","BaseMod","Block Reminder","Colored Map","Colored Powertips","Highlight Path","Minty Spire (QoL Compilation)","Quick Restart","Rare Cards Sparkle","Relic Relevance Reorder","StSLib"],"gold_per_floor":[209,209,209,22,40,80,104,104,104,122,122,142,172,14,14,14,14],"floor_reached":16,"language":"ENG","playtime":588,"items_purged":["Injury"],"score":200,"play_id":"8a31fd78-87ec-4362-8d4c-c5ce4bd942c6","local_time":"20210207201621","is_ascension_mode":true,"campfire_choices":[{"floor":8.0,"key":"REST"},{"floor":11.0,"key":"REST"},{"floor":15.0,"key":"REST"}],"circlet_count":0,"master_deck":["AscendersBane","Strike_B","Strike_B","Strike_B","Strike_B","Defend_B","Defend_B","Defend_B","Defend_B","Zap","Dualcast","Go for the Eyes","Genetic Algorithm","Static Discharge","Sweeping Beam","Chill","Defragment"],"relics":["Cracked Core","Blue Candle","Lantern","Odd Mushroom","Sundial","PreservedInsect","Golden Idol"],"acts_visited":["Exordium"],"potions_floor_usage":[16],"damage_taken":[{"damage":1.0,"enemies":"Cultist","floor":1.0,"turns":3.0},{"damage":0.0,"enemies":"2 Louse","floor":5.0,"turns":2.0},{"damage":27.0,"enemies":"Lagavulin","floor":6.0,"turns":8.0},{"damage":2.0,"enemies":"Jaw Worm","floor":7.0,"turns":4.0},{"damage":28.0,"enemies":"Lots of Slimes","floor":10.0,"turns":4.0},{"damage":14.0,"enemies":"Exordium Wildlife","floor":12.0,"turns":4.0},{"damage":22.0,"enemies":"The Mushroom Lair","floor":13.0,"turns":3.0},{"damage":32,"enemies":"Slime Boss","floor":16,"turns":9}],"seed_played":"-8897579873206864698","potions_obtained":[{"floor":7.0,"key":"EssenceOfSteel"},{"floor":10.0,"key":"Fruit Juice"},{"floor":13.0,"key":"Weak Potion"}],"is_trial":false,"path_per_floor":["M","?","?","$","M","E","M","R","T","M","R","M","?","$","R","B"],"character_chosen":"DEFECT","items_purchased":["Fruit Juice","PreservedInsect"],"campfire_rested":3,"item_purchase_floors":[4,14],"current_hp_per_floor":[63,45,45,50,50,23,21,43,43,20,44,30,8,8,32,0,0],"gold":14,"neow_bonus":"HUNDRED_GOLD","is_daily":false,"chose_seed":false,"campfire_upgraded":0,"win_rate":0.0,"timestamp":1612725381,"path_taken":["M","?","?","?","M","E","M","R","T","M","R","?","?","$","R","BOSS"],"items_purchased_type":["Potion","Relic"],"build_version":"2020-12-22","purchased_purges":1,"victory":false,"max_hp_per_floor":[71,71,71,76,76,76,76,76,76,81,81,81,81,81,81,81,81],"card_choices":[{"not_picked":["Coolheaded","Hologram"],"picked":"Go for the Eyes","floor":1.0},{"not_picked":["Compile Driver","Redo"],"picked":"Genetic Algorithm","floor":5.0},{"not_picked":["Aggregate","Hologram"],"picked":"Static Discharge","floor":6.0},{"not_picked":["Hologram","Leap","Beam Cell"],"picked":"SKIP","floor":7.0},{"not_picked":["Steam","Hologram"],"picked":"Sweeping Beam","floor":10.0},{"not_picked":["Conserve Battery","Melter"],"picked":"Chill","floor":12.0},{"not_picked":["Beam Cell","Biased Cognition"],"picked":"Defragment","floor":13.0}],"player_experience":1094826,"relics_obtained":[{"floor":6.0,"key":"Lantern"},{"floor":9.0,"key":"Blue Candle"},{"floor":13.0,"key":"Odd Mushroom"}],"event_choices":[{"damage_healed":0.0,"max_hp_gain":0.0,"max_hp_loss":0.0,"gold_gain":0.0,"event_name":"Scrap Ooze","player_choice":"Success","floor":2.0,"gold_loss":0.0,"damage_taken":18.0,"relics_obtained":["Sundial"]},{"damage_healed":0.0,"max_hp_gain":0.0,"max_hp_loss":0.0,"gold_gain":0.0,"event_name":"Golden Idol","player_choice":"Take Wound","floor":3.0,"gold_loss":0.0,"damage_taken":0.0,"relics_obtained":["Golden Idol"],"cards_obtained":["Injury"]},{"damage_healed":0.0,"max_hp_gain":0.0,"max_hp_loss":0.0,"gold_gain":0.0,"event_name":"Mushrooms","player_choice":"Fought Mushrooms","floor":13.0,"gold_loss":0.0,"damage_taken":0.0}],"is_beta":false,"boss_relics":[],"items_purged_floors":[4],"is_endless":false,"potions_floor_spawned":[7,10,13],"killed_by":"Slime Boss","ascension_level":20}}