{"host":"xp5rvh2jwe2ejyfm","time":1612732844,"event":{"mods":["2.2 Compatiblity","Aspiration","BaseMod","Better Altar","Better Match","Better Note","Better Sensory Stone","Better Skull","BetterRewards","Colored Powertips","Conspire","Downfall","GifTheSpireLib","Gremlin Mod","GungeonMod","Hermit","Hubris","Jorbs\u0027s Wanderer Trilogy","Minty Spire (QoL Compilation)","Potionbrewer","Quick Restart","Replay The Spire","Robot Space Explorer","Shade Mod","Somnambulant","StSLib","The Bug Knight","The Clintock","The Construct","The Cursed","The Disciple","The Forsaken","The Hierophant","The Necromancer","The Runesmith","The Servant 0.9.4","The Valiant","The Witch","TheFirefly","thorton"],"gold_per_floor":[113,126,126,137,170,170,170],"floor_reached":6,"language":"ENG","playtime":220,"items_purged":[],"score":36,"play_id":"76927c05-0a80-4306-b367-9cccb48ad225","local_time":"20210207162044","is_ascension_mode":false,"campfire_choices":[],"circlet_count":0,"master_deck":["DemoMod:Strike_Huntress","DemoMod:Strike_Huntress","DemoMod:Strike_Huntress","DemoMod:Defend_Huntress","DemoMod:Defend_Huntress","DemoMod:Defend_Huntress","DemoMod:Defend_Huntress","DemoMod:Roll","DemoMod:ManualReload","DemoMod:RustySidearm","DemoMod:CrossBow","DemoMod:JK47","DemoMod:ConditionalReflex","DemoMod:StickyCrossBow","DemoMod:PotionOfGunFriendShip","DemoMod:BoxingGlove"],"relics":["DemoMod:Dog","NeowsBlessing","Replay:Baseball"],"acts_visited":["Exordium"],"potions_floor_usage":[5,5],"damage_taken":[{"damage":0,"enemies":"2 Louse","floor":1,"turns":1},{"damage":0,"enemies":"Small Slimes","floor":2,"turns":1},{"damage":0,"enemies":"Jaw Worm","floor":4,"turns":1},{"damage":10,"enemies":"Large Slime","floor":5,"turns":5},{"damage":61,"enemies":"Lagavulin","floor":6,"turns":6}],"seed_played":"1090159355744149898","potions_obtained":[{"floor":1,"key":"Explosive Potion"},{"floor":2,"key":"AttackPotion"}],"is_trial":false,"path_per_floor":["M","M","?","M","?","E"],"character_chosen":"HUNTRESS","items_purchased":[],"campfire_rested":0,"item_purchase_floors":[],"current_hp_per_floor":[70,70,70,70,60,0,0],"gold":170,"neow_bonus":"THREE_ENEMY_KILL","is_daily":false,"chose_seed":false,"campfire_upgraded":0,"win_rate":0.0,"timestamp":1612732844,"path_taken":["M","M","?","M","?","E"],"items_purchased_type":[],"build_version":"2020-12-22","purchased_purges":0,"victory":false,"max_hp_per_floor":[70,70,70,70,70,70,70],"card_choices":[{"not_picked":["DemoMod:GunShield","DemoMod:HighKaliber"],"picked":"DemoMod:JK47","floor":1},{"not_picked":["DemoMod:Ejector","DemoMod:Purify"],"picked":"DemoMod:ConditionalReflex","floor":2},{"not_picked":["DemoMod:GunstockTap","DemoMod:SniperShot"],"picked":"DemoMod:StickyCrossBow","floor":4},{"not_picked":["DemoMod:BattleInHaste","DemoMod:FastSwitch"],"picked":"DemoMod:PotionOfGunFriendShip","floor":4},{"not_picked":["DemoMod:Ejector","DemoMod:FastSwitch"],"picked":"DemoMod:BoxingGlove","floor":5}],"player_experience":464853,"relics_obtained":[{"floor":5,"key":"Replay:Baseball"}],"event_choices":[{"damage_healed":0,"gold_gain":0,"player_choice":"Ignored","damage_taken":0,"max_hp_gain":0,"max_hp_loss":0,"event_name":"Golden Wing","floor":3,"gold_loss":0}],"is_beta":false,"boss_relics":[],"items_purged_floors":[],"is_endless":false,"potions_floor_spawned":[1,2],"killed_by":"Lagavulin","ascension_level":0}}