{"host":"q8mjpf3krl0t4p3x","time":1612673560,"event":{"mods":["BaseMod","Colored Map","Colored Powertips","Googly Eyes","Minty Spire (QoL Compilation)","Quick Restart","StSLib","everything is the same but u backflip on backflip","slay the spire mod where everything is the same but ironclad has a cowboy hat"],"gold_per_floor":[110,110,129,199,43,68,68,83,83,83,100,100,114,147,147,147,147],"floor_reached":16,"language":"ENG","playtime":691,"items_purged":[],"score":176,"play_id":"1a5c46c1-612b-4abe-bf7d-e6ce1ae6f77d","local_time":"20210206205240","is_ascension_mode":true,"campfire_choices":[{"data":"Double Tap","floor":7,"key":"SMITH"},{"data":"Wild Strike","floor":10,"key":"SMITH"},{"floor":15,"key":"REST"}],"circlet_count":0,"master_deck":["AscendersBane","Strike_R","Strike_R","Strike_R","Strike_R","Defend_R","Defend_R","Defend_R","Defend_R","Bash","Wild Strike+1","Double Tap+1","Battle Trance","Clothesline","True Grit","Bash","Flex"],"relics":["Burning Blood","Paper Frog","Nunchaku","Ice Cream","Turnip","Champion Belt"],"acts_visited":["Exordium"],"potions_floor_usage":[14,16],"damage_taken":[{"damage":11,"enemies":"Small Slimes","floor":1,"turns":4},{"damage":1,"enemies":"Cultist","floor":3,"turns":3},{"damage":45,"enemies":"Lagavulin","floor":6,"turns":6},{"damage":6,"enemies":"2 Louse","floor":8,"turns":2},{"damage":1,"enemies":"Exordium Thugs","floor":11,"turns":3},{"damage":19,"enemies":"Blue Slaver","floor":13,"turns":3},{"damage":31,"enemies":"3 Sentries","floor":14,"turns":7},{"damage":22,"enemies":"Slime Boss","floor":16,"turns":6}],"seed_played":"-2145301445788578342","potions_obtained":[{"floor":6,"key":"SpeedPotion"},{"floor":8,"key":"EssenceOfSteel"},{"floor":11,"key":"CultistPotion"},{"floor":14,"key":"EssenceOfSteel"}],"is_trial":false,"path_per_floor":["M","?","M","T","$","E","R","M","T","R","M","?","M","E","R","B"],"character_chosen":"IRONCLAD","items_purchased":["Nunchaku"],"campfire_rested":1,"item_purchase_floors":[5],"current_hp_per_floor":[75,75,80,80,80,41,41,41,41,41,46,46,33,8,34,12,12],"gold":147,"neow_bonus":"TEN_PERCENT_HP_BONUS","is_daily":false,"chose_seed":false,"campfire_upgraded":2,"win_rate":0.0,"timestamp":1612673560,"path_taken":["M","?","?","?","$","E","R","M","T","R","M","?","M","E","R","BOSS"],"items_purchased_type":["Relic"],"build_version":"2020-12-22","purchased_purges":0,"victory":false,"max_hp_per_floor":[88,88,88,88,88,88,88,88,88,88,88,88,88,88,88,88,88],"card_choices":[{"not_picked":["True Grit","Thunderclap"],"picked":"Wild Strike","floor":1},{"not_picked":["Sword Boomerang","Flex"],"picked":"Battle Trance","floor":3},{"not_picked":["Feel No Pain","Battle Trance"],"picked":"Clothesline","floor":6},{"not_picked":["Shrug It Off","Armaments"],"picked":"True Grit","floor":8},{"not_picked":["Disarm","Burning Pact","Twin Strike"],"picked":"SKIP","floor":11},{"not_picked":["Burning Pact","Sentinel","Clothesline"],"picked":"SKIP","floor":13},{"not_picked":["Heavy Blade","Sever Soul"],"picked":"Flex","floor":14}],"player_experience":327410,"relics_obtained":[{"floor":4,"key":"Paper Frog"},{"floor":6,"key":"Ice Cream"},{"floor":9,"key":"Turnip"},{"floor":14,"key":"Champion Belt"}],"event_choices":[{"damage_healed":0,"gold_gain":0,"cards_transformed":["Strike_R"],"player_choice":"Transformed","damage_taken":0,"max_hp_gain":0,"max_hp_loss":0,"event_name":"Transmorgrifier","floor":2,"gold_loss":0,"cards_obtained":["Double Tap"]},{"damage_healed":0,"gold_gain":0,"player_choice":"1 cards matched","damage_taken":0,"max_hp_gain":0,"max_hp_loss":0,"event_name":"Match and Keep!","floor":12,"gold_loss":0,"cards_obtained":["Bash"]}],"is_beta":false,"boss_relics":[],"items_purged_floors":[],"is_endless":false,"potions_floor_spawned":[6,8,11,14],"killed_by":"Slime Boss","ascension_level":12}}