{"host":"6azrrw3tf7wb0f4b","time":1612689846,"event":{"mods":["BaseMod","DeckTracker","Minty Spire (QoL Compilation)","SuperFastMode"],"gold_per_floor":[113,125,140,61,81,81,94,94,163,163,197,213,227,227,227,303,303,319,319,339,264,91,110,143,143,143,143,143,143,156,187,187,265,265,280,300,300,327,194,194,144,159,159,172,197,197,197],"floor_reached":46,"language":"KOR","playtime":1235,"items_purged":["Zap","Gash"],"score":927,"play_id":"2538a99a-3246-4bd3-ad6b-54abba73ad6e","local_time":"20210207182406","is_ascension_mode":true,"campfire_choices":[{"data":"Chaos","floor":6.0,"key":"SMITH"},{"data":"Recycle","floor":10.0,"key":"SMITH"},{"floor":15.0,"key":"REST"},{"floor":25,"key":"REST"},{"floor":29,"key":"REST"},{"floor":32,"key":"REST"},{"floor":40,"key":"REST"}],"circlet_count":0,"master_deck":["AscendersBane","Defend_B","Dualcast+1","White Noise","Undo","Recycle+1","Loop","Chaos+1","Glacier+1","Hello World","Echo Form","Steam Power+1","Coolheaded+1","Storm+1","Ball Lightning","Turbo+1","Amplify","Scrape","Streamline","Consume","Seek","Turbo+1","Recycle+1","Capacitor","Self Repair"],"relics":["Cracked Core","NeowsBlessing","InkBottle","Girya","Astrolabe","War Paint","Smiling Mask","Shovel","Letter Opener","DataDisk","Fusion Hammer","Eternal Feather","Lantern"],"acts_visited":["Exordium","TheCity","TheBeyond"],"potions_floor_usage":[31,33,45,46],"damage_taken":[{"damage":0.0,"enemies":"Cultist","floor":1.0,"turns":1.0},{"damage":0.0,"enemies":"Jaw Worm","floor":2.0,"turns":1.0},{"damage":0.0,"enemies":"2 Louse","floor":3.0,"turns":1.0},{"damage":14.0,"enemies":"Looter","floor":5.0,"turns":4.0},{"damage":7.0,"enemies":"Exordium Wildlife","floor":7.0,"turns":5.0},{"damage":2.0,"enemies":"Lagavulin","floor":11.0,"turns":6.0},{"damage":8.0,"enemies":"Blue Slaver","floor":12.0,"turns":4.0},{"damage":1.0,"enemies":"Lots of Slimes","floor":13.0,"turns":5.0},{"damage":17.0,"enemies":"Hexaghost","floor":16.0,"turns":9.0},{"damage":5.0,"enemies":"Chosen","floor":18.0,"turns":5.0},{"damage":22.0,"enemies":"Spheric Guardian","floor":20.0,"turns":5.0},{"damage":0,"enemies":"Snake Plant","floor":23,"turns":5},{"damage":16,"enemies":"Slavers","floor":24,"turns":4},{"damage":10,"enemies":"Snecko","floor":30,"turns":4},{"damage":26,"enemies":"Gremlin Leader","floor":31,"turns":8},{"damage":2,"enemies":"Champ","floor":33,"turns":9},{"damage":22,"enemies":"Orb Walker","floor":35,"turns":4},{"damage":15,"enemies":"3 Shapes","floor":36,"turns":4},{"damage":19,"enemies":"3 Darklings","floor":42,"turns":3},{"damage":0,"enemies":"Spire Growth","floor":44,"turns":4},{"damage":10,"enemies":"Giant Head","floor":45,"turns":10},{"damage":20,"enemies":"Writhing Mass","floor":46,"turns":3}],"seed_played":"-4567307911503112640","potions_obtained":[{"floor":2.0,"key":"SkillPotion"},{"floor":7.0,"key":"SteroidPotion"},{"floor":13.0,"key":"SkillPotion"},{"floor":20,"key":"PotionOfCapacity"},{"floor":24,"key":"FocusPotion"},{"floor":31,"key":"EntropicBrew"},{"floor":33,"key":"Fire Potion"}],"is_trial":false,"path_per_floor":["M","M","M","$","M","R","M","?","T","R","E","M","M","?","R","B",null,"M","?","M","?","$","M","E","R","T","?","T","R","M","E","R","B",null,"M","M","?","T","$","R","$","M","T","M","E","M"],"character_chosen":"DEFECT","items_purchased":["Loop","War Paint","Capacitor"],"campfire_rested":5,"item_purchase_floors":[4,22,39],"current_hp_per_floor":[64,64,64,64,50,50,43,22,22,22,20,12,11,4,25,8,55,50,50,28,28,28,28,12,33,33,33,33,54,44,18,39,37,63,41,26,26,26,26,46,46,27,27,27,17,0,0],"gold":197,"neow_bonus":"THREE_ENEMY_KILL","is_daily":false,"chose_seed":false,"campfire_upgraded":2,"win_rate":0.0,"timestamp":1612689846,"path_taken":["M","?","M","$","M","R","M","?","T","R","E","M","M","?","R","BOSS","M","?","M","?","$","M","E","R","T","?","?","R","M","E","R","BOSS","M","?","?","?","$","R","?","M","T","M","E","M"],"items_purchased_type":["Card","Relic","Card"],"build_version":"2020-12-22","purchased_purges":2,"victory":false,"max_hp_per_floor":[71,71,71,71,71,71,71,71,71,71,71,71,71,71,71,71,71,71,71,71,71,71,71,71,71,71,71,71,71,71,71,71,71,71,71,71,67,67,67,67,67,67,67,67,67,67,67],"card_choices":[{"not_picked":["Steam","Sweeping Beam"],"picked":"White Noise","floor":1.0},{"not_picked":["Hologram","Steam Power"],"picked":"Undo","floor":2.0},{"not_picked":["Hologram","Compile Driver"],"picked":"Recycle","floor":3.0},{"not_picked":["Double Energy","Cold Snap"],"picked":"Chaos","floor":5.0},{"not_picked":["Coolheaded","Loop"],"picked":"Glacier","floor":7.0},{"not_picked":["Scrape","Fission","Reprogram"],"picked":"SKIP","floor":11.0},{"not_picked":["Gash","Rebound"],"picked":"Hello World","floor":12.0},{"not_picked":["Chaos","Cold Snap","Stack"],"picked":"SKIP","floor":13.0},{"not_picked":["Rainbow","All For One"],"picked":"Echo Form","floor":16.0},{"not_picked":["Redo","Compile Driver+1"],"picked":"Ball Lightning","floor":18.0},{"not_picked":["Ball Lightning","Steam"],"picked":"Turbo","floor":20},{"not_picked":["Redo","Fission","Skim+1"],"picked":"SKIP","floor":23},{"not_picked":["Force Field","Doom and Gloom"],"picked":"Amplify","floor":24},{"not_picked":["Beam Cell","Double Energy"],"picked":"Consume","floor":30},{"not_picked":["Coolheaded","Gash","Beam Cell"],"picked":"SKIP","floor":31},{"not_picked":["Coolheaded","Beam Cell"],"picked":"Gash","floor":31},{"not_picked":["All For One","Reboot"],"picked":"Seek","floor":33},{"not_picked":["Skim","Coolheaded"],"picked":"Turbo+1","floor":35},{"not_picked":["Auto Shields","Chill"],"picked":"Recycle+1","floor":36},{"not_picked":["Sunder","Conserve Battery","Sweeping Beam"],"picked":"SKIP","floor":42},{"not_picked":["Aggregate+1","Cold Snap","Barrage"],"picked":"SKIP","floor":44},{"not_picked":["Beam Cell","Hologram"],"picked":"Self Repair","floor":45}],"player_experience":761288,"relics_obtained":[{"floor":9.0,"key":"InkBottle"},{"floor":11.0,"key":"Girya"},{"floor":24,"key":"Smiling Mask"},{"floor":26,"key":"Shovel"},{"floor":28,"key":"Letter Opener"},{"floor":31,"key":"DataDisk"},{"floor":43,"key":"Eternal Feather"},{"floor":45,"key":"Lantern"}],"event_choices":[{"damage_healed":0.0,"max_hp_gain":0.0,"max_hp_loss":0.0,"gold_gain":0.0,"event_name":"Shining Light","player_choice":"Entered Light","floor":8.0,"gold_loss":0.0,"damage_taken":21.0,"cards_upgraded":["Strike_B","Dualcast"]},{"cards_removed":["Defend_B"],"damage_healed":0.0,"max_hp_gain":0.0,"max_hp_loss":0.0,"gold_gain":0.0,"event_name":"Golden Wing","player_choice":"Card Removal","floor":14.0,"gold_loss":0.0,"damage_taken":7.0},{"damage_healed":0.0,"max_hp_gain":0.0,"max_hp_loss":0.0,"gold_gain":0.0,"event_name":"Vampires","player_choice":"Ignored","floor":19.0,"gold_loss":0.0,"damage_taken":0.0},{"cards_removed":["Defend_B"],"damage_healed":0,"gold_gain":0,"player_choice":"Gave Gold","damage_taken":0,"max_hp_gain":0,"max_hp_loss":0,"event_name":"Beggar","floor":21,"gold_loss":75},{"damage_healed":0,"gold_gain":0,"cards_transformed":["Strike_B","Defend_B"],"player_choice":"Became Test Subject","damage_taken":0,"max_hp_gain":0,"max_hp_loss":0,"event_name":"Drug Dealer","floor":27,"gold_loss":0,"cards_obtained":["Scrape","Streamline"]},{"damage_healed":0,"gold_gain":0,"player_choice":"Max HP","damage_taken":0,"max_hp_gain":0,"max_hp_loss":4,"event_name":"Winding Halls","floor":37,"gold_loss":0}],"is_beta":false,"boss_relics":[{"not_picked":["SacredBark","FrozenCore"],"picked":"Astrolabe"},{"not_picked":["Philosopher\u0027s Stone","Empty Cage"],"picked":"Fusion Hammer"}],"items_purged_floors":[39,41],"is_endless":false,"potions_floor_spawned":[2,7,13,20,24,30,31,33,42,44,45],"killed_by":"Writhing Mass","ascension_level":16}}