{"host":"wuernuywc9gl215o","time":1612730392,"event":{"mods":["AchievementEnabler","BaseMod","Block Reminder","Highlight Path","Key Reminder","Minty Spire (QoL Compilation)","Permanent Neow","Potion Indicator Mod","Quick Restart","Relic Stats"],"gold_per_floor":[113,130,145,145,159,194,213,228,228,228,247,247,10,24,24,101,101,119,150,161,132,145,145,168,196,221,252,264,264],"floor_reached":28,"language":"ENG","playtime":1275,"items_purged":["Strike_R"],"score":538,"play_id":"3bde65b4-6989-4f5b-bbd0-23411e7eb5f6","local_time":"20210207203952","is_ascension_mode":true,"campfire_choices":[{"floor":10.0,"key":"REST"},{"data":"Whirlwind","floor":12.0,"key":"SMITH"},{"data":"Shockwave","floor":15.0,"key":"SMITH"},{"floor":23.0,"key":"REST"}],"circlet_count":0,"master_deck":["AscendersBane","Strike_R","Strike_R","Defend_R","Defend_R","Defend_R","Defend_R","Bash","Ghostly Armor","Twin Strike","Spot Weakness","Carnage","Whirlwind+1","True Grit","Clothesline","Shockwave+1","Sword Boomerang","Limit Break","Shrug It Off","Havoc+1","Warcry+1","Armaments","Feed","Reaper","Inflame"],"relics":["SlaversCollar","Vajra","Shuriken","Bottled Flame","Chemical X","Empty Cage","Red Mask","Omamori","Ancient Tea Set","MawBank"],"acts_visited":["Exordium","TheCity"],"potions_floor_usage":[],"damage_taken":[{"damage":6.0,"enemies":"Jaw Worm","floor":1.0,"turns":5.0},{"damage":2.0,"enemies":"Cultist","floor":2.0,"turns":4.0},{"damage":4.0,"enemies":"Small Slimes","floor":3.0,"turns":4.0},{"damage":6.0,"enemies":"Blue Slaver","floor":5.0,"turns":4.0},{"damage":0.0,"enemies":"Lagavulin","floor":6.0,"turns":3.0},{"damage":13.0,"enemies":"Red Slaver","floor":7.0,"turns":4.0},{"damage":0.0,"enemies":"Looter","floor":8.0,"turns":3.0},{"damage":0.0,"enemies":"Blue Slaver","floor":11.0,"turns":4.0},{"damage":0.0,"enemies":"Large Slime","floor":14.0,"turns":5.0},{"damage":9.0,"enemies":"Hexaghost","floor":16.0,"turns":6.0},{"damage":23.0,"enemies":"2 Thieves","floor":18.0,"turns":4.0},{"damage":0.0,"enemies":"Masked Bandits","floor":19.0,"turns":1.0},{"damage":22.0,"enemies":"Shell Parasite","floor":20.0,"turns":5.0},{"damage":0.0,"enemies":"Chosen and Byrds","floor":22.0,"turns":2.0},{"damage":24.0,"enemies":"Gremlin Leader","floor":25.0,"turns":7.0},{"damage":0.0,"enemies":"Snecko","floor":27.0,"turns":2.0},{"damage":55,"enemies":"Shelled Parasite and Fungi","floor":28,"turns":5}],"seed_played":"-1842729828827527879","potions_obtained":[{"floor":2.0,"key":"ColorlessPotion"},{"floor":5.0,"key":"FearPotion"},{"floor":8.0,"key":"EssenceOfSteel"},{"floor":11.0,"key":"PowerPotion"},{"floor":19.0,"key":"SteroidPotion"},{"floor":25.0,"key":"FearPotion"}],"is_trial":false,"path_per_floor":["M","M","M","?","M","E","M","M","T","R","M","R","$","M","R","B",null,"M","?","M","$","M","R","T","E","T","M","M"],"character_chosen":"IRONCLAD","items_purchased":["Chemical X","Armaments"],"campfire_rested":2,"item_purchase_floors":[13,21],"current_hp_per_floor":[62,60,56,21,15,15,2,2,2,24,24,24,24,24,24,15,60,37,37,15,15,15,37,37,13,13,13,0,0],"gold":264,"neow_bonus":"BOSS_RELIC","is_daily":false,"chose_seed":false,"campfire_upgraded":2,"win_rate":0.0,"timestamp":1612730392,"path_taken":["M","M","M","?","M","E","M","M","T","R","M","R","?","M","R","BOSS","M","?","M","?","M","R","?","E","T","M","M"],"items_purchased_type":["Relic","Card"],"build_version":"2020-12-22","purchased_purges":1,"victory":false,"max_hp_per_floor":[75,75,75,75,75,75,75,75,75,75,75,75,75,75,75,75,75,75,75,75,75,75,75,75,75,75,75,75,75],"relic_stats":{"counters":[17,68],"Shuriken":[1],"Chemical X":[12],"MawBank":24,"obtain_stats":[{"SlaversCollar":0,"Bottled Flame":9,"Shuriken":6,"Vajra":4,"Red Mask":19,"Omamori":24,"Chemical X":13,"Empty Cage":17,"Ancient Tea Set":25,"MawBank":26,"Burning Blood":0},{"SlaversCollar":0,"Bottled Flame":7,"Shuriken":5,"Vajra":3,"Red Mask":12,"Omamori":14,"Chemical X":8,"Empty Cage":10,"Ancient Tea Set":15,"MawBank":15,"Burning Blood":0},{"SlaversCollar":0,"Bottled Flame":27,"Shuriken":20,"Vajra":13,"Red Mask":47,"Omamori":54,"Chemical X":31,"Empty Cage":42,"Ancient Tea Set":61,"MawBank":61,"Burning Blood":0}]},"card_choices":[{"not_picked":["Headbutt","Heavy Blade"],"picked":"Ghostly Armor","floor":1.0},{"not_picked":["Headbutt","Metallicize"],"picked":"Twin Strike","floor":2.0},{"not_picked":["Body Slam","Clash"],"picked":"Spot Weakness","floor":3.0},{"not_picked":["Demon Form","Thunderclap"],"picked":"Carnage","floor":5.0},{"not_picked":["Sword Boomerang","Iron Wave"],"picked":"Whirlwind","floor":6.0},{"not_picked":["Headbutt","Intimidate"],"picked":"True Grit","floor":7.0},{"not_picked":["Burning Pact","Searing Blow"],"picked":"Clothesline","floor":8.0},{"not_picked":["Warcry","Headbutt"],"picked":"Shockwave","floor":11.0},{"not_picked":["Wild Strike","Impervious"],"picked":"Sword Boomerang","floor":14.0},{"not_picked":["Bludgeon","Barricade"],"picked":"Limit Break","floor":16.0},{"not_picked":["Metallicize","Warcry+1"],"picked":"Shrug It Off","floor":18.0},{"not_picked":["Uppercut","Power Through"],"picked":"Havoc+1","floor":19.0},{"not_picked":["Cleave","True Grit"],"picked":"Warcry+1","floor":20.0},{"not_picked":["Havoc+1","Perfected Strike"],"picked":"Feed","floor":22.0},{"not_picked":["Heavy Blade","Sword Boomerang"],"picked":"Reaper","floor":25.0},{"not_picked":["Clothesline","Body Slam"],"picked":"Inflame","floor":27.0}],"player_experience":861585,"relics_obtained":[{"floor":6.0,"key":"Shuriken"},{"floor":9.0,"key":"Bottled Flame"},{"floor":19.0,"key":"Red Mask"},{"floor":24.0,"key":"Omamori"},{"floor":25.0,"key":"Ancient Tea Set"},{"floor":26.0,"key":"MawBank"}],"event_choices":[{"damage_healed":0.0,"max_hp_gain":0.0,"max_hp_loss":0.0,"gold_gain":0.0,"event_name":"Scrap Ooze","player_choice":"Success","floor":4.0,"gold_loss":0.0,"damage_taken":35.0,"relics_obtained":["Vajra"]},{"damage_healed":0.0,"max_hp_gain":0.0,"max_hp_loss":0.0,"gold_gain":0.0,"event_name":"Masked Bandits","player_choice":"Fought Bandits","floor":19.0,"gold_loss":0.0,"damage_taken":0.0}],"is_beta":false,"boss_relics":[{"not_picked":["Black Star","Calling Bell"],"picked":"Empty Cage"}],"items_purged_floors":[13],"is_endless":false,"potions_floor_spawned":[2,5,8,11,19,25],"killed_by":"Shelled Parasite and Fungi","ascension_level":20}}