{"host":"rygf0m8z92bga31f","time":1612714354,"event":{"mods":["BaseMod","Colored Map","Colored Powertips","Dark Map","Filter the Spire","Minty Spire (QoL Compilation)","Rare Cards Sparkle","Relic Stats","StSLib","Waifu the Spire"],"gold_per_floor":[169,181,181,194,212,212,243,243,269,279,299,20,46,60,60,162,162,175,175,90,103,116,148,148,163,186,186,211,265,265,46,46,144,144,154,154,204,214,225,250,19,19,19,53,76,76,89,106,106,106,106,106,8,34,34],"floor_reached":56,"language":"ENG","playtime":3263,"items_purged":["Strike_G","Bite","Bite","Decay"],"score":1461,"play_id":"55e56e5c-6297-4fc5-8cf0-f6dcd0512fa2","local_time":"20210207181234","is_ascension_mode":true,"campfire_choices":[{"data":"Predator","floor":6,"key":"SMITH"},{"data":"Neutralize","floor":8,"key":"SMITH"},{"data":"Footwork","floor":15,"key":"SMITH"},{"data":"Adrenaline","floor":24,"key":"SMITH"},{"data":"After Image","floor":30,"key":"SMITH"},{"data":"Well Laid Plans","floor":32,"key":"SMITH"},{"data":"Ghostly","floor":42,"key":"SMITH"},{"floor":46,"key":"RECALL"},{"data":"Ghostly","floor":49,"key":"SMITH"},{"data":"Footwork","floor":52,"key":"SMITH"}],"circlet_count":0,"master_deck":["Defend_G","Defend_G","Defend_G","Defend_G+1","Defend_G","Survivor","Neutralize+1","Dagger Throw","Backstab","All Out Attack","Blade Dance","Predator+1","Acrobatics","Crippling Poison","Adrenaline+1","Footwork+1","Infinite Blades","Night Terror","Die Die Die","Caltrops","Ghostly+1","Ghostly+1","Ghostly","Ghostly","Ghostly","Noxious Fumes","Dodge and Roll+1","After Image+1","Bite","Bite","Bite","Blade Dance","Well Laid Plans+1","After Image","Prepared","Concentrate+1","Calculated Gamble+1","Catalyst","Bullet Time","Footwork+1","Backflip","Finisher","Footwork+1","Terror","Sucker Punch+1"],"relics":["Tiny House","Dream Catcher","Akabeko","Boot","SlaversCollar","Turnip","Nunchaku","Tiny Chest","Art of War","Runic Pyramid","Bird Faced Urn","Centennial Puzzle","Lantern","Anchor","Smiling Mask","Eternal Feather"],"acts_visited":["Exordium","TheCity","TheBeyond","TheEnding"],"potions_floor_usage":[7,22,25,25,33,33,39,50,55,55],"damage_taken":[{"damage":3,"enemies":"2 Louse","floor":1,"turns":3},{"damage":0,"enemies":"Cultist","floor":2,"turns":3},{"damage":7,"enemies":"Small Slimes","floor":4,"turns":2},{"damage":0,"enemies":"Looter","floor":5,"turns":3},{"damage":14,"enemies":"Gremlin Nob","floor":7,"turns":3},{"damage":0,"enemies":"3 Louse","floor":10,"turns":2},{"damage":0,"enemies":"Exordium Wildlife","floor":11,"turns":2},{"damage":3,"enemies":"Lagavulin","floor":13,"turns":5},{"damage":0,"enemies":"2 Fungi Beasts","floor":14,"turns":2},{"damage":33,"enemies":"Slime Boss","floor":16,"turns":11},{"damage":18,"enemies":"2 Thieves","floor":18,"turns":4},{"damage":6,"enemies":"Shell Parasite","floor":21,"turns":6},{"damage":3,"enemies":"Shelled Parasite and Fungi","floor":22,"turns":7},{"damage":6,"enemies":"Book of Stabbing","floor":23,"turns":7},{"damage":0,"enemies":"Chosen and Byrds","floor":25,"turns":7},{"damage":0,"enemies":"Slavers","floor":28,"turns":5},{"damage":0,"enemies":"Collector","floor":33,"turns":9},{"damage":6,"enemies":"Orb Walker","floor":35,"turns":5},{"damage":0,"enemies":"Mind Bloom Boss Battle","floor":37,"turns":9},{"damage":1,"enemies":"3 Darklings","floor":38,"turns":8},{"damage":19,"enemies":"4 Shapes","floor":39,"turns":8},{"damage":0,"enemies":"Nemesis","floor":40,"turns":9},{"damage":0,"enemies":"Giant Head","floor":44,"turns":12},{"damage":0,"enemies":"Spire Growth","floor":47,"turns":10},{"damage":0,"enemies":"Transient","floor":48,"turns":5},{"damage":12,"enemies":"Awakened One","floor":50,"turns":21},{"damage":0,"enemies":"Shield and Spear","floor":54,"turns":9},{"damage":20,"enemies":"The Heart","floor":55,"turns":14}],"seed_played":"-1248118274158309047","potions_obtained":[{"floor":0,"key":"DuplicationPotion"},{"floor":1,"key":"PowerPotion"},{"floor":5,"key":"Block Potion"},{"floor":7,"key":"Energy Potion"},{"floor":22,"key":"DistilledChaos"},{"floor":37,"key":"FairyPotion"},{"floor":38,"key":"Poison Potion"},{"floor":47,"key":"DuplicationPotion"},{"floor":54,"key":"Fire Potion"}],"is_trial":false,"path_per_floor":["M","M","?","M","M","R","E","R","T","M","M","$","E","M","R","B",null,"M","?","?","M","M","E","R","M","T","?","E","T","R","$","R","B",null,"M","?","?","M","M","E","$","R","T","E","T","R","M","M","R","B",null,"R","$","E","B",null],"character_chosen":"THE_SILENT","items_purchased":["Adrenaline","Footwork","Well Laid Plans","Energy Potion","Footwork","Backflip","AttackPotion"],"campfire_rested":0,"item_purchase_floors":[12,12,31,31,41,41,53],"current_hp_per_floor":[72,72,72,65,65,65,51,51,51,51,51,51,48,48,48,15,75,57,37,37,31,28,22,22,22,22,22,25,25,25,25,25,25,25,25,24,24,24,13,24,24,24,24,24,24,24,24,24,24,20,24,24,24,24,11],"gold":34,"neow_bonus":"BOSS_RELIC","is_daily":false,"chose_seed":false,"campfire_upgraded":9,"win_rate":0.0,"timestamp":1612714354,"path_taken":["M","M","?","?","M","R","E","R","T","M","?","?","E","?","R","BOSS","M","?","?","M","M","E","R","M","T","?","E","?","R","$","R","BOSS","M","?","?","M","M","E","$","R","T","E","?","R","M","?","R","BOSS","R","$","E","BOSS"],"items_purchased_type":["Card","Card","Card","Potion","Card","Card","Potion"],"build_version":"2020-12-22","purchased_purges":4,"victory":true,"max_hp_per_floor":[75,75,75,75,75,75,75,75,75,75,75,75,75,75,75,75,75,75,37,37,37,37,37,37,37,37,25,25,25,25,25,25,25,25,25,24,24,24,24,24,24,24,24,24,24,24,24,24,24,24,24,24,24,24,24],"relic_stats":{"Dream Catcher":0,"Nunchaku":[34],"Centennial Puzzle":[6],"counters":[28,191],"Bird Faced Urn":[19],"Tiny Chest":1,"Eternal Feather":0,"Turnip":[9],"Art of War":[25],"Boot":[260],"Smiling Mask":100,"obtain_stats":[{"Lantern":43,"Tiny House":0,"Eternal Feather":54,"Boot":13,"Smiling Mask":45,"Akabeko":9,"SlaversCollar":17,"Dream Catcher":7,"Nunchaku":23,"Centennial Puzzle":40,"Anchor":44,"Bird Faced Urn":37,"Tiny Chest":28,"Turnip":20,"Art of War":29,"Ring of the Snake":0,"Runic Pyramid":34},{"Lantern":22,"Tiny House":0,"Eternal Feather":27,"Boot":8,"Smiling Mask":23,"Akabeko":5,"SlaversCollar":10,"Dream Catcher":5,"Nunchaku":14,"Centennial Puzzle":22,"Anchor":23,"Bird Faced Urn":19,"Tiny Chest":16,"Turnip":11,"Art of War":16,"Ring of the Snake":0,"Runic Pyramid":17},{"Lantern":120,"Tiny House":0,"Eternal Feather":177,"Boot":23,"Smiling Mask":132,"Akabeko":14,"SlaversCollar":36,"Dream Catcher":14,"Nunchaku":60,"Centennial Puzzle":120,"Anchor":132,"Bird Faced Urn":95,"Tiny Chest":72,"Turnip":40,"Art of War":72,"Ring of the Snake":0,"Runic Pyramid":81}]},"card_choices":[{"not_picked":["Bouncing Flask","Quick Slash"],"picked":"Dagger Throw","floor":0},{"not_picked":["Bane","Concentrate"],"picked":"Backstab","floor":1},{"not_picked":["Distraction","Concentrate"],"picked":"All Out Attack","floor":2},{"not_picked":["Outmaneuver","Expertise"],"picked":"Blade Dance","floor":4},{"not_picked":["Expertise","Dodge and Roll"],"picked":"Predator","floor":5},{"not_picked":["Slice","Dodge and Roll"],"picked":"Acrobatics","floor":7},{"not_picked":["Slice","Flying Knee","Dodge and Roll"],"picked":"SKIP","floor":10},{"not_picked":["Deadly Poison","Expertise"],"picked":"Crippling Poison","floor":11},{"not_picked":["Sucker Punch","Cloak And Dagger"],"picked":"Infinite Blades","floor":13},{"not_picked":["Sucker Punch","Eviscerate"],"picked":"Night Terror","floor":14},{"not_picked":["Night Terror","Bullet Time"],"picked":"Die Die Die","floor":16},{"not_picked":["Setup","Sucker Punch"],"picked":"Caltrops","floor":18},{"not_picked":["Dodge and Roll","Dagger Spray"],"picked":"Noxious Fumes","floor":21},{"not_picked":["Poisoned Stab+1","Riddle With Holes+1"],"picked":"Dodge and Roll+1","floor":22},{"not_picked":["Flying Knee","Setup","Eviscerate"],"picked":"SKIP","floor":23},{"not_picked":["Prepared","Terror"],"picked":"After Image","floor":25},{"not_picked":["Skewer+1","Blade Dance","Expertise"],"picked":"SKIP","floor":28},{"not_picked":["Skewer+1","Expertise"],"picked":"Blade Dance","floor":28},{"not_picked":["A Thousand Cuts","Glass Knife"],"picked":"After Image","floor":33},{"not_picked":["Expertise","Masterful Stab+1"],"picked":"Prepared","floor":35},{"not_picked":["All Out Attack+1","Blade Dance"],"picked":"Concentrate+1","floor":37},{"not_picked":["Backflip","Dodge and Roll+1"],"picked":"Calculated Gamble+1","floor":38},{"not_picked":["Bane","Dodge and Roll+1"],"picked":"Catalyst","floor":39},{"not_picked":["Backflip+1","Choke"],"picked":"Bullet Time","floor":40},{"not_picked":["Flying Knee","Deflect+1"],"picked":"Finisher","floor":44},{"not_picked":["Eviscerate","Bane+1"],"picked":"Footwork+1","floor":47},{"not_picked":["Deflect+1","PiercingWail"],"picked":"Terror","floor":48},{"not_picked":["PiercingWail+1","Heel Hook"],"picked":"Sucker Punch+1","floor":54}],"player_experience":1944112,"relics_obtained":[{"floor":7,"key":"Dream Catcher"},{"floor":9,"key":"Akabeko"},{"floor":13,"key":"Boot"},{"floor":23,"key":"Nunchaku"},{"floor":28,"key":"Tiny Chest"},{"floor":29,"key":"Art of War"},{"floor":37,"key":"Bird Faced Urn"},{"floor":40,"key":"Centennial Puzzle"},{"floor":43,"key":"Lantern"},{"floor":44,"key":"Anchor"},{"floor":45,"key":"Smiling Mask"},{"floor":54,"key":"Eternal Feather"}],"event_choices":[{"damage_healed":0,"gold_gain":0,"player_choice":"Cursed","damage_taken":0,"max_hp_gain":0,"max_hp_loss":0,"event_name":"Wheel of Change","floor":3,"gold_loss":0,"cards_obtained":["Decay"]},{"damage_healed":0,"gold_gain":0,"player_choice":"Became a Ghost","damage_taken":0,"max_hp_gain":0,"max_hp_loss":38,"event_name":"Ghosts","floor":19,"gold_loss":0,"cards_obtained":["Ghostly","Ghostly","Ghostly","Ghostly","Ghostly"]},{"damage_healed":0,"gold_gain":0,"player_choice":"Obtained Relic","damage_taken":0,"relics_obtained":["Turnip"],"max_hp_gain":0,"max_hp_loss":0,"event_name":"Addict","floor":20,"gold_loss":85},{"damage_healed":0,"gold_gain":0,"player_choice":"Became a vampire","damage_taken":0,"max_hp_gain":0,"max_hp_loss":12,"event_name":"Vampires","floor":27,"gold_loss":0,"cards_obtained":["Bite","Bite","Bite","Bite","Bite"]},{"damage_healed":0,"gold_gain":0,"player_choice":"Max HP","damage_taken":0,"max_hp_gain":0,"max_hp_loss":1,"event_name":"Winding Halls","floor":36,"gold_loss":0},{"damage_healed":0,"gold_gain":0,"player_choice":"Fight","damage_taken":0,"max_hp_gain":0,"max_hp_loss":0,"event_name":"MindBloom","floor":37,"gold_loss":0}],"is_beta":false,"boss_relics":[{"not_picked":["Pandora\u0027s Box","Busted Crown"],"picked":"SlaversCollar"},{"not_picked":["SacredBark","Snecko Eye"],"picked":"Runic Pyramid"}],"items_purged_floors":[12,31,41,53],"is_endless":false,"potions_floor_spawned":[1,5,7,11,13,14,18,21,22,37,38,47,54],"ascension_level":1}}