{"host":"y6zg4wwu39otf01a","time":1612731622,"event":{"mods":["Act Like it!","Aspiration","BaseMod","Better Altar","Better Match","Better Note","Better Sensory Stone","Better Skull","Better Third Choice","Challenge The Spire","Colored Map","Colored Powertips","Conspire","GifTheSpireLib","Glutton Mod","Halation","Hermit","Highlight Path","Hubris","Infinite Spire","Mimic Mod","Minty Spire (QoL Compilation)","Quick Restart","Random Character Button","Rare Cards Sparkle","Replay The Spire","Retaliation","Spicy Shops","Spire Arcade","StSLib","Stuff the Spire","The Blue Laboratory","The Jungle"],"gold_per_floor":[114,114,129,144,69,69,89,214,289,289,414,414,439,459,459,569,569,589,103,128,128,148,148,148,148,148,73,73,203,203,328,328,443,443,458,458,483,483,508,508,508,508,551,551,551,149,174,199,199,204],"floor_reached":51,"language":"ENG","playtime":3432,"items_purged":[],"score":818,"play_id":"cc9f4ad0-ee4a-495e-84d4-2539408a5145","local_time":"20210207150022","daily_mods":["Heirloom","Purple Cards","Lethality"],"is_ascension_mode":false,"campfire_choices":[{"data":"hermit:Glare","floor":6,"key":"SMITH"},{"data":"hermit:Covet","floor":10,"key":"SMITH"},{"data":"hermit:Snipe","floor":23,"key":"SMITH"},{"data":"hermit:FatalDesire","floor":28,"key":"SMITH"},{"data":"hermit:EyeOfTheStorm","floor":30,"key":"SMITH"},{"data":"Panache","floor":32,"key":"SMITH"},{"data":"hermit:FromBeyond","floor":40,"key":"SMITH"},{"data":"Warcry","floor":42,"key":"SMITH"},{"data":"hermit:LoneWolf","floor":44,"key":"SMITH"}],"circlet_count":0,"master_deck":["hermit:Strike_Hermit","hermit:Strike_Hermit","hermit:Strike_Hermit","hermit:Strike_Hermit","hermit:Defend_Hermit","hermit:Defend_Hermit","hermit:Defend_Hermit","hermit:Defend_Hermit","hermit:Snapshot","hermit:Covet+1","hermit:Glare+1","hermit:Scavenge+1","hermit:Scavenge","hermit:ShadowCloak","hermit:Snipe+1","hermit:Scavenge","hermit:Roughhouse","Regret","hermit:FatalDesire+1","hermit:Quickdraw","Panache+1","hermit:EyeOfTheStorm+1","hermit:FromBeyond+1","CommonCold","hermit:Gambit","hermit:Malice+1","AscendersBane","Warcry+1","Regret","hermit:LoneWolf+1","Violence"],"relics":["Glutton:EternalHunger","halation:VictoryRuler","Nunchaku","StuffTheSpire:TintedRock","Meat on the Bone","hubris:BottledRain","hubris:CrystalStatue","infinitespire:Cubic Diamond","Mirror","Cursed Key","WingedGreaves","Torii","StuffTheSpire:CocoNut","Replay:Rubber Ducky","StuffTheSpire:RubySignet","Replay:WaspNest","hubris:BundleOfHerbs","Replay:Baseball","hubris:ToyBattleship"],"acts_visited":["Exordium","TheCity","TheBeyond"],"potions_floor_usage":[8,16,29,50],"damage_taken":[{"damage":0,"enemies":"Small Slimes","floor":1,"turns":2},{"damage":0,"enemies":"2 Louse","floor":3,"turns":1},{"damage":5,"enemies":"Jaw Worm","floor":4,"turns":2},{"damage":1,"enemies":"conspire:2 RoseBushes","floor":7,"turns":4},{"damage":26,"enemies":"3 Sentries","floor":8,"turns":7},{"damage":18,"enemies":"Replay:BlueRogue","floor":11,"turns":5},{"damage":3,"enemies":"Large Slime","floor":13,"turns":3},{"damage":10,"enemies":"Red Slaver","floor":14,"turns":2},{"damage":5,"enemies":"Slime Boss","floor":16,"turns":5},{"damage":6,"enemies":"Chosen","floor":18,"turns":3},{"damage":3,"enemies":"Spheric Guardian","floor":20,"turns":3},{"damage":9,"enemies":"conspire:HollyBat","floor":22,"turns":4},{"damage":30,"enemies":"Slavers","floor":29,"turns":4},{"damage":4,"enemies":"Replay:Snechameleon","floor":31,"turns":4},{"damage":17,"enemies":"Collector","floor":33,"turns":6},{"damage":20,"enemies":"3 Shapes","floor":35,"turns":3},{"damage":32,"enemies":"3 Darklings","floor":37,"turns":3},{"damage":13,"enemies":"Maw","floor":39,"turns":6},{"damage":4,"enemies":"Spire Growth","floor":43,"turns":4},{"damage":19,"enemies":"Spire Growth","floor":47,"turns":4},{"damage":16,"enemies":"Jaw Worm Horde","floor":48,"turns":2},{"damage":52,"enemies":"hubris:GrandSnecko","floor":50,"turns":9}],"seed_played":"8884597751285247366","potions_obtained":[{"floor":3,"key":"FairyPotion"},{"floor":7,"key":"blueLaboratory:PhilterOfMotion"},{"floor":14,"key":"blueLaboratory:ExaltedPotion"},{"floor":22,"key":"SkillPotion"},{"floor":37,"key":"blueLaboratory:AbyssPotion"},{"floor":47,"key":"Fire Potion"}],"is_trial":false,"path_per_floor":["M","?","M","M","$","R","M","E","T","R","E","?","M","M","R_BF","B",null,"M","$","M","?","M","R","R","?","T","$","R","E","R","E","R","B",null,"M","?","M","AVR","M","R","?","R","MIM","R","?","$","M","M","R_BF","B",null],"character_chosen":"HERMIT","items_purchased":["StuffTheSpire:TintedRock","Panache","WingedGreaves","Torii","Replay:Rubber Ducky","Replay:Baseball","Violence","hubris:ToyBattleship"],"campfire_rested":0,"item_purchase_floors":[5,19,19,19,27,46,46,46],"current_hp_per_floor":[75,75,75,70,70,70,69,43,43,43,37,37,46,48,48,43,75,69,69,66,74,65,65,65,65,72,72,72,42,42,52,52,49,82,62,70,50,50,49,49,49,49,78,78,78,78,59,43,67,31],"gold":204,"neow_bonus":"","is_daily":true,"chose_seed":false,"campfire_upgraded":9,"win_rate":0.0,"timestamp":1612731622,"path_taken":["M","?","M","M","$","R","M","E","T","R","E","?","M","?","R_BF","BOSS","M","?","?","?","?","R","R","?","T","?","R","E","R","E","R","BOSS","M","?","?","AVR","M","R","?","R","MIM","R","?","$","M","?","R_BF","BOSS"],"items_purchased_type":["Relic","Card","Relic","Relic","Relic","Relic","Card","Relic"],"build_version":"2020-12-22","purchased_purges":0,"victory":true,"max_hp_per_floor":[75,75,75,75,75,75,75,75,75,75,75,75,75,75,75,75,75,75,75,75,75,75,75,75,75,82,82,82,82,82,82,82,82,82,82,82,82,82,82,82,82,82,82,82,82,82,82,82,82,82],"card_choices":[{"not_picked":["hermit:HoleUp","hermit:BodyArmor"],"picked":"hermit:Glare","floor":1},{"not_picked":["hermit:Feint","hermit:Coalescence","hermit:Vantage"],"picked":"SKIP","floor":3},{"not_picked":["hermit:Vantage","hermit:TakeCover"],"picked":"hermit:Scavenge","floor":4},{"not_picked":["hermit:Snipe","hermit:WideOpen"],"picked":"hermit:Scavenge","floor":7},{"not_picked":["hermit:Grudge","hermit:Snipe"],"picked":"hermit:ShadowCloak","floor":8},{"not_picked":["hermit:Coalescence","hermit:SprayPray"],"picked":"hermit:Snipe","floor":11},{"not_picked":["hermit:TrackingShot","hermit:Feint"],"picked":"hermit:Scavenge","floor":13},{"not_picked":["hermit:Grudge","hermit:Snipe"],"picked":"hermit:Roughhouse","floor":14},{"not_picked":["hermit:Roughhouse","hermit:FinalCanter"],"picked":"hermit:FatalDesire","floor":16},{"not_picked":["hermit:Grudge","hermit:HighCaliber"],"picked":"hermit:Quickdraw","floor":18},{"not_picked":["hermit:LowProfile","hermit:Ricochet","hermit:HoleUp"],"picked":"SKIP","floor":20},{"not_picked":["hermit:TakeAim","hermit:Glare"],"picked":"hermit:EyeOfTheStorm","floor":22},{"not_picked":["hermit:Shortfuse","hermit:Glare","hermit:Dissolve"],"picked":"SKIP","floor":29},{"not_picked":["hermit:Glare+1","hermit:Desperado","hermit:Dive+1"],"picked":"SKIP","floor":31},{"not_picked":["hermit:FinalCanter","hermit:HighNoon"],"picked":"hermit:Gambit","floor":33},{"not_picked":["hermit:Feint","hermit:BodyArmor","hermit:Misfire"],"picked":"SKIP","floor":35},{"not_picked":["hermit:Maintenance+1","hermit:TakeAim","hermit:Cheat+1"],"picked":"SKIP","floor":37},{"not_picked":["hermit:WideOpen+1","hermit:Manifest+1"],"picked":"hermit:Malice+1","floor":39},{"not_picked":["hermit:Spite+1","hermit:Brawl+1"],"picked":"hermit:LoneWolf","floor":43},{"not_picked":["hermit:Desperado+1","hermit:WideOpen","hermit:Virtue"],"picked":"SKIP","floor":47},{"not_picked":["hermit:HoleUp+1","hermit:Combo+1","hermit:FatalDesire"],"picked":"SKIP","floor":48}],"player_experience":725616,"relics_obtained":[{"floor":8,"key":"Meat on the Bone"},{"floor":9,"key":"hubris:BottledRain"},{"floor":11,"key":"hubris:CrystalStatue"},{"floor":26,"key":"StuffTheSpire:CocoNut"},{"floor":29,"key":"StuffTheSpire:RubySignet"},{"floor":31,"key":"Replay:WaspNest"}],"event_choices":[{"damage_healed":0,"gold_gain":0,"player_choice":"Box","damage_taken":0,"relics_obtained":["Mirror"],"max_hp_gain":0,"max_hp_loss":0,"event_name":"Big Fish","floor":15,"gold_loss":0,"cards_obtained":["Regret"]},{"damage_healed":0,"gold_gain":0,"player_choice":"Read","damage_taken":0,"max_hp_gain":0,"max_hp_loss":0,"event_name":"The Library","floor":25,"gold_loss":0,"cards_obtained":["hermit:FromBeyond"]},{"damage_healed":0,"gold_gain":3,"player_choice":"3","damage_taken":0,"max_hp_gain":0,"max_hp_loss":0,"event_name":"betterStone:BetterStone","floor":41,"gold_loss":0,"cards_obtained":["Warcry"]},{"damage_healed":0,"gold_gain":0,"player_choice":"Ignored","damage_taken":0,"max_hp_gain":0,"max_hp_loss":0,"event_name":"Purifier","floor":45,"gold_loss":0}],"is_beta":false,"boss_relics":[{"not_picked":["hubris:BlackHole","aspiration:SilentSkillbook"],"picked":"Cursed Key"},{"not_picked":["halation:HeavySnake","Velvet Choker","conspire:SeveredTorchhead"]}],"items_purged_floors":[],"is_endless":false,"potions_floor_spawned":[3,7,14,22,37,47],"ascension_level":0}}