{"host":"9slw7l0ws16384qq","time":1612688045,"event":{"mods":["A Penny For Your Troubles","BaseMod","Colored Map","Downfall","Evolution","Hubris","Minty Spire (QoL Compilation)","Replay The Spire","StS++","StSLib"],"gold_per_floor":[99,119,119,119,129,142,168,184,203,203,235,235,235,250,267,267,267,267],"floor_reached":16,"language":"FRA","playtime":750,"items_purged":[],"score":114,"play_id":"02b1c465-f3a3-4234-ba8c-1e080d670697","local_time":"20210207095405","is_ascension_mode":true,"campfire_choices":[{"floor":1.0,"key":"DIG"},{"data":"champ:Taunt","floor":10.0,"key":"SMITH"},{"floor":13,"key":"RECALL"}],"circlet_count":0,"master_deck":["champ:BladeFlurry","champ:Strike","champ:Strike","champ:Strike","champ:Defend","champ:Defend","champ:Defend","champ:Defend","champ:Execute","champ:Taunt+1","champ:HeavySlash","champ:FanOfKnives","champ:AdrenalArmor"],"relics":["champ:ChampionCrown","EVO:Axolotl","Gambling Chip","hubris:Towel","Orichalcum","Ancient Tea Set","champ:LiftRelic"],"acts_visited":["Exordium"],"potions_floor_usage":[16,16,16],"damage_taken":[{"damage":10.0,"enemies":"Small Slimes","floor":2.0,"turns":5.0},{"damage":20.0,"enemies":"Cultist","floor":5.0,"turns":5.0},{"damage":10.0,"enemies":"Jaw Worm","floor":6.0,"turns":3.0},{"damage":38.0,"enemies":"Blue Slaver","floor":8.0,"turns":5.0},{"damage":35.0,"enemies":"Large Slime","floor":9.0,"turns":6.0},{"damage":63,"enemies":"Lagavulin","floor":11,"turns":8},{"damage":0,"enemies":"3 Louse","floor":14,"turns":1},{"damage":11,"enemies":"Exordium Wildlife","floor":15,"turns":3},{"damage":80,"enemies":"WA_ARCHETYPE_RETAIN","floor":16,"turns":7}],"seed_played":"-115763041012870669","potions_obtained":[{"floor":2.0,"key":"Guardian:BlockOnCardUsePotion"},{"floor":5.0,"key":"SpeedPotion"},{"floor":15,"key":"SkillPotion"}],"is_trial":false,"path_per_floor":["R_BF","M","?","?","M","M","T","M","M","R","E","?","R","M","M","B"],"character_chosen":"THE_CHAMP","items_purchased":[],"campfire_rested":0,"item_purchase_floors":[],"current_hp_per_floor":[81,81,81,81,71,71,71,63,58,58,35,35,35,35,34,0,0,0],"gold":267,"neow_bonus":"THREE_RARE_CARDS","is_daily":false,"chose_seed":false,"campfire_upgraded":1,"win_rate":0.0,"timestamp":1612688045,"path_taken":["R_BF","M","?","?","M","M","T","?","M","R","E","?","R","M","M","BOSS"],"items_purchased_type":[],"build_version":"2020-12-22","purchased_purges":0,"victory":false,"max_hp_per_floor":[81,81,81,81,81,81,81,81,81,81,81,81,81,81,81,81,81,81],"card_choices":[{"not_picked":["champ:Devastate","champ:LastStand"],"picked":"champ:HeavySlash","floor":0.0},{"not_picked":["champ:GutPunch","champ:DefensiveShout"],"picked":"champ:FanOfKnives","floor":2.0},{"not_picked":["champ:HeartStrike","champ:StrikeOfGenius","champ:Parry"],"picked":"SKIP","floor":5.0},{"not_picked":["champ:SkillfulDodge","champ:FlashCut"],"picked":"champ:AdrenalArmor","floor":6.0},{"not_picked":["champ:RecklessLeap","champ:BladeFlurry","champ:FlashCut"],"picked":"SKIP","floor":8.0},{"not_picked":["champ:CrownThrow","champ:ShieldSigil","champ:RecklessLeap"],"picked":"SKIP","floor":9.0},{"not_picked":["champ:CalledShot","champ:UltimateStance","champ:TornadoPunch"],"picked":"SKIP","floor":11},{"not_picked":["champ:StanceDance","champ:PreemptiveStrike","champ:ShieldSigil"],"picked":"SKIP","floor":14},{"not_picked":["champ:ArenaPreparation","champ:FaceSlap","champ:DefensiveShout"],"picked":"SKIP","floor":15}],"player_experience":1656495,"relics_obtained":[{"floor":1.0,"key":"Gambling Chip"},{"floor":7.0,"key":"Orichalcum"},{"floor":11,"key":"Ancient Tea Set"}],"event_choices":[],"is_beta":false,"boss_relics":[],"items_purged_floors":[],"is_endless":false,"potions_floor_spawned":[2,5,15],"killed_by":"WA_ARCHETYPE_RETAIN","ascension_level":2}}