{"host":"4c7oxphrh4ok8x7u","time":1612715166,"event":{"mods":["100% Spire Juice","2.2 Compatiblity","Act Like it!","Arknights","Aspiration","BaseMod","Beaked The Cultist","Better Skull","Better Vampires","BetterRewards","Challenge The Spire","Conjunction","Conspire","Custom Start","Dota2Spire","Ekko","Evolution","Fiend Mod","Friendly Minions","FruityMod","GifTheSpireLib","Good Game Mod","Halation","Hermit","HololiveMod","Hubris","Hyrulean Relics","Jedi Mod","Jess\u0027s Bottle","Kratos Character Expansion","Minty Spire (QoL Compilation)","MostiFishMod","Permanent Neow","Poor People Problems","Prisma Mod","Quarter Circle Forward PUNCH!","RatMod","Reliquary","Replay The Spire","Robot Space Explorer","SCP261 Mod","Shade Mod","Slay the Relics Exporter","Small Relic Pack","Spicy Shops","Spikes Relics","Spires And Sneckos","StS++","StSLib","Stuff the Spire","The Animator","The Blue Laboratory","The Death Knight","The Edgeheg","The Exalted","The Fake Hero","The Necromancer","The Servant 0.9.4","The Trickster","The Wild Card","TheVacant","TheWitcher","Wandering Minibosses","WarShipGirlsR/????R mod"],"gold_per_floor":[119,131,144,144,7,7,19,19,46,74,74,102,116,133,133,236,236,252,24,123,123,140,140,152,152,175,85,0,0,0],"floor_reached":29,"language":"RUS","playtime":1375,"items_purged":["Shame"],"score":308,"play_id":"a0599efa-37e3-4478-aacb-16b6b5144fff","local_time":"20210207192606","is_ascension_mode":false,"campfire_choices":[{"data":"RobotSpaceExplorer:ExhaustFan","floor":6,"key":"SMITH"},{"data":"RobotSpaceExplorer:Explosion","floor":11,"key":"SMITH"},{"data":"RobotSpaceExplorer:ExhaustFan","floor":15,"key":"SMITH"},{"data":"RobotSpaceExplorer:TrailblazerForm","floor":23,"key":"SMITH"},{"data":"LessonLearned","floor":25,"key":"SMITH"}],"circlet_count":0,"master_deck":["RobotSpaceExplorer:GlueShot+1","RobotSpaceExplorer:IronShell","RobotSpaceExplorer:Explosion+1","RobotSpaceExplorer:TrailblazerForm","RobotSpaceExplorer:ExhaustFan+1","RobotSpaceExplorer:FranticSearch+1","RobotSpaceExplorer:PowerCollector","RobotSpaceExplorer:ScrapShield","RobotSpaceExplorer:Pulsar+1","RobotSpaceExplorer:LuckyStrike","RobotSpaceExplorer:Discharger","RobotSpaceExplorer:ExhaustFan+1","LessonLearned+1","RobotSpaceExplorer:Calculate","RobotSpaceExplorer:RigExplosive","RobotSpaceExplorer:ExhaustFan+1","RobotSpaceExplorer:PowerGlove","RobotSpaceExplorer:ScrapMissile","RobotSpaceExplorer:TrailblazerForm+1","AbeCurse","RobotSpaceExplorer:PlasmaMissile","RobotSpaceExplorer:Pulsar","RobotSpaceExplorer:StarDust"],"relics":["EVO:Axolotl","DaveBox","REME:ComplimentaryCards","FixedStarFall","SynthV:TestCard","halation:EternalFortune","reliquary:PorcupineQuills","Potion Belt","Dota2Spire:MagicBottle","Abe\u0027s Treasure","SynthV","Bromod:ArcaneConsequence","hubris:Towel","reliquary:TatteredRug","Medical Kit","Regal Pillow"],"acts_visited":["Exordium","TheCity"],"potions_floor_usage":[12,12,13,13,14,16,16,18,22,24,24,24,24,24],"damage_taken":[{"damage":3,"enemies":"ats:Genji","floor":1,"turns":5},{"damage":7,"enemies":"2 Louse","floor":2,"turns":5},{"damage":10,"enemies":"Small Slimes","floor":3,"turns":7},{"damage":32,"enemies":"3 Louse","floor":7,"turns":5},{"damage":0,"enemies":"Lagavulin","floor":10,"turns":6},{"damage":13,"enemies":"Gremlin Nob","floor":12,"turns":3},{"damage":13,"enemies":"Red Slaver","floor":13,"turns":5},{"damage":5,"enemies":"Looter","floor":14,"turns":4},{"damage":0,"enemies":"Hexaghost","floor":16,"turns":9},{"damage":33,"enemies":"2 Thieves","floor":18,"turns":4},{"damage":33,"enemies":"3 Byrds","floor":22,"turns":7},{"damage":7,"enemies":"Snake Plant","floor":24,"turns":6},{"damage":12,"enemies":"Centurion and Healer","floor":29,"turns":1}],"seed_played":"4531155528729190275","potions_obtained":[{"floor":1,"key":"jedi:StrikingPotion"},{"floor":12,"key":"StSpp:ScatteredWeakPotion"},{"floor":13,"key":"LiquidBronze"},{"floor":18,"key":"blueLaboratory:PhilterOfMotion"},{"floor":27,"key":"SCP261:ThunderBarPotion"}],"is_trial":false,"path_per_floor":["M","M","M","?","$","R","M","?","T","E","R","E","M","M","R","B",null,"M","$","?","?","M","R","M","R","T","?","$","M"],"character_chosen":"RobotSpaceExplorer","items_purchased":["reliquary:PorcupineQuills","SynthV","Bromod:ArcaneConsequence","Medical Kit","Regal Pillow"],"campfire_rested":0,"item_purchase_floors":[5,19,19,28,28],"current_hp_per_floor":[72,65,55,58,58,58,26,34,34,34,34,24,11,6,6,6,81,48,48,48,48,15,15,8,8,8,8,8,0,0],"gold":0,"neow_bonus":"BOSS_RELIC","is_daily":false,"chose_seed":false,"campfire_upgraded":5,"win_rate":0.0,"timestamp":1612715166,"path_taken":["M","M","M","?","?","R","M","?","T","E","R","E","M","M","R","BOSS","M","$","?","?","M","R","M","R","T","?","$","M"],"items_purchased_type":["Relic","Relic","Relic","Relic","Relic"],"build_version":"2020-12-22","purchased_purges":1,"victory":false,"max_hp_per_floor":[75,75,75,78,78,78,78,78,78,78,78,81,81,81,81,81,81,81,81,81,81,81,81,81,81,81,81,81,81,81],"card_choices":[{"not_picked":["RobotSpaceExplorer:MiniDrones","RobotSpaceExplorer:MetalStrike"],"picked":"RobotSpaceExplorer:Discharger","floor":1},{"not_picked":["RobotSpaceExplorer:FranticSearch","RobotSpaceExplorer:SelfCleaning","RobotSpaceExplorer:MetalStrike","RobotSpaceExplorer:PowerGlove"],"picked":"RobotSpaceExplorer:ExhaustFan","floor":2},{"not_picked":["RobotSpaceExplorer:FreezingShield","RobotSpaceExplorer:Ammunition","RobotSpaceExplorer:Blitz","RobotSpaceExplorer:StunGrenade"],"picked":"RobotSpaceExplorer:Calculate","floor":3},{"not_picked":["RobotSpaceExplorer:Discharger","RobotSpaceExplorer:Electropulse","RobotSpaceExplorer:DoubleBlock","RobotSpaceExplorer:Ammunition"],"picked":"RobotSpaceExplorer:RigExplosive","floor":7},{"not_picked":["RobotSpaceExplorer:GlueSpray","RobotSpaceExplorer:FrostMissile","RobotSpaceExplorer:MiniBoosters","RobotSpaceExplorer:ShovelStrike"],"picked":"RobotSpaceExplorer:ExhaustFan","floor":10},{"not_picked":["RobotSpaceExplorer:SlimeMissile","RobotSpaceExplorer:Electropulse","RobotSpaceExplorer:DoubleFind","RobotSpaceExplorer:FrostMissile"],"picked":"RobotSpaceExplorer:PowerGlove","floor":12},{"not_picked":["RobotSpaceExplorer:FreezingShield","RobotSpaceExplorer:Calculate","RobotSpaceExplorer:DoubleBlock","RobotSpaceExplorer:SelfCleaning","RobotSpaceExplorer:BigMissile"],"picked":"SKIP","floor":13},{"not_picked":["RobotSpaceExplorer:Ammunition","RobotSpaceExplorer:SlimeMissile","RobotSpaceExplorer:Wormhole","RobotSpaceExplorer:MiniDrones"],"picked":"RobotSpaceExplorer:ScrapMissile","floor":14},{"not_picked":["RobotSpaceExplorer:Scanner","RobotSpaceExplorer:Explosion","RobotSpaceExplorer:DroneSwarm","RobotSpaceExplorer:Autoloader"],"picked":"RobotSpaceExplorer:TrailblazerForm","floor":16},{"not_picked":["RobotSpaceExplorer:Probe","RobotSpaceExplorer:FrostMissile+1","RobotSpaceExplorer:MiniDrones","RobotSpaceExplorer:SelfCleaning+1"],"picked":"RobotSpaceExplorer:PlasmaMissile","floor":18},{"not_picked":["RobotSpaceExplorer:Asteroid","RobotSpaceExplorer:DoubleFind+1","RobotSpaceExplorer:PlasmaMissile","RobotSpaceExplorer:JunkDive"],"picked":"RobotSpaceExplorer:Pulsar","floor":22},{"not_picked":["RobotSpaceExplorer:Jetpack","RobotSpaceExplorer:MetalStrike","RobotSpaceExplorer:SurgingStrike","RobotSpaceExplorer:Ammunition"],"picked":"RobotSpaceExplorer:StarDust","floor":24}],"player_experience":862584,"relics_obtained":[{"floor":1,"key":"SynthV:TestCard"},{"floor":10,"key":"Potion Belt"},{"floor":12,"key":"halation:EternalFortune"},{"floor":12,"key":"Dota2Spire:MagicBottle"},{"floor":26,"key":"reliquary:TatteredRug"}],"event_choices":[{"damage_healed":0,"gold_gain":99,"player_choice":"Stole From Cult","damage_taken":0,"max_hp_gain":0,"max_hp_loss":0,"event_name":"Nest","floor":20,"gold_loss":0}],"is_beta":false,"boss_relics":[{"not_picked":["halation:Risk","Replay:Ancient Bell"],"picked":"Abe\u0027s Treasure"}],"items_purged_floors":[5],"is_endless":false,"potions_floor_spawned":[1,3,12,13,18,22],"killed_by":"Centurion and Healer","ascension_level":0}}