{"host":"pletss163z7s8pvv","time":1612671819,"event":{"mods":["AchievementEnabler","BaseMod","Better Altar","Better Match","Better Note","Better Sensory Stone","Better Skull","Better Third Choice","BetterRewards","CapriCore","ChefMod","Colored Map","Colored Powertips","Conspire","Energized Spire","Evolution","GifTheSpireLib","Hermit","Ironclad Rager","Marked Mod","Minty Spire (QoL Compilation)","Retaliation","Spicy Shops","StS++","StSLib","The Alterego","The Blue Laboratory","The Cursed","The Disciple","The Forsaken"],"gold_per_floor":[115,7,7,22,22,37,52,52,127,142,142,157,157,172,172,272,272,287,302,302,52,67,82,82,97,97,57,57,87,87,102,102,202,202,217,31,46,46,61,61,61,61,61,61,0,0,15,15,15,15],"floor_reached":51,"language":"ENG","playtime":1192,"items_purged":[],"score":859,"play_id":"6ba7a739-f420-4c41-a11a-d65834055bb5","local_time":"20210206222339","daily_mods":["Heirloom","Purple Cards","Lethality"],"is_ascension_mode":false,"campfire_choices":[{"data":"alterego_mod:Venus","floor":8,"key":"SMITH"},{"data":"alterego_mod:TrashNCrash","floor":11,"key":"SMITH"},{"data":"alterego_mod:BiFurious","floor":15,"key":"SMITH"},{"floor":24,"key":"REST"},{"floor":28,"key":"REST"},{"floor":30,"key":"REST"},{"floor":32,"key":"REST"},{"floor":40,"key":"REST"},{"floor":42,"key":"REST"},{"floor":44,"key":"REST"},{"data":"alterego_mod:GIGAMILK","floor":49,"key":"SMITH"}],"circlet_count":0,"master_deck":["alterego_mod:Skirt","alterego_mod:Skirt","alterego_mod:Skirt","alterego_mod:Skirt","alterego_mod:Pet+1","alterego_mod:Pet","alterego_mod:Pet","alterego_mod:Pet","alterego_mod:Impale","alterego_mod:BigMeatyClaws","alterego_mod:BrynhildrsRune","alterego_mod:Jiggle+1","alterego_mod:TrashNCrash+1","alterego_mod:SakuraLabyrinth","alterego_mod:Undulate","alterego_mod:BiFurious","alterego_mod:BiFurious+1","alterego_mod:Venus+1","alterego_mod:Undulate","alterego_mod:Complex","alterego_mod:SakuraFive","alterego_mod:Bounce","alterego_mod:Vow","alterego_mod:BiFurious","alterego_mod:BiFurious","alterego_mod:STier","alterego_mod:Bounce+1","alterego_mod:1TonWallop","alterego_mod:Collar","alterego_mod:Mirror+1","alterego_mod:GIGAMILK+1","alterego_mod:IndependentAction","alterego_mod:MagicResistance+1","alterego_mod:SakuraLabyrinth+1","alterego_mod:SakuraLabyrinth+1","alterego_mod:GoddessCore+1","Madness","Madness","alterego_mod:TrashNCrash+1","alterego_mod:Clap+1","alterego_mod:1TonWallop+1","AscendersBane","alterego_mod:Bounce"],"relics":["alterego_mod:MasochisticConstitution","EVO:Axolotl","Prayer Wheel","StoneCalendar","Singing Bowl","conspire:RoyalGoblet","alterego_mod:FleetingLove","Gremlin Horn","Bottled Lightning","Juzu Bracelet","Philosopher\u0027s Stone","ClockworkSouvenir","Ice Cream"],"acts_visited":["Exordium","TheCity","TheBeyond"],"potions_floor_usage":[23,33,50],"damage_taken":[{"damage":0,"enemies":"Small Slimes","floor":1,"turns":2},{"damage":9,"enemies":"2 Louse","floor":4,"turns":2},{"damage":8,"enemies":"Jaw Worm","floor":6,"turns":3},{"damage":11,"enemies":"conspire:2 RoseBushes","floor":7,"turns":4},{"damage":0,"enemies":"Large Slime","floor":10,"turns":3},{"damage":16,"enemies":"Red Slaver","floor":12,"turns":2},{"damage":4,"enemies":"Blue Slaver","floor":14,"turns":3},{"damage":0,"enemies":"Slime Boss","floor":16,"turns":4},{"damage":19,"enemies":"conspire:FuzzyDice","floor":18,"turns":2},{"damage":14,"enemies":"2 Thieves","floor":19,"turns":2},{"damage":8,"enemies":"Shelled Parasite and Fungi","floor":22,"turns":4},{"damage":30,"enemies":"Snake Plant","floor":23,"turns":3},{"damage":0,"enemies":"Snecko","floor":25,"turns":2},{"damage":33,"enemies":"Book of Stabbing","floor":29,"turns":4},{"damage":38,"enemies":"Sentry and Sphere","floor":31,"turns":5},{"damage":27,"enemies":"Collector","floor":33,"turns":3},{"damage":33,"enemies":"3 Darklings","floor":35,"turns":3},{"damage":27,"enemies":"Orb Walker","floor":37,"turns":4},{"damage":13,"enemies":"Maw","floor":39,"turns":3},{"damage":34,"enemies":"Spire Growth","floor":47,"turns":4},{"damage":14,"enemies":"conspire:OrnateMirror","floor":50,"turns":3}],"seed_played":"8884597751285247366","potions_obtained":[{"floor":6,"key":"blueLaboratory:BottleOfVodka"},{"floor":12,"key":"SteroidPotion"},{"floor":14,"key":"blueLaboratory:CorrosionFlask"},{"floor":23,"key":"blueLaboratory:BottleOfVodka"},{"floor":25,"key":"Strength Potion"},{"floor":47,"key":"PowerPotion"}],"is_trial":false,"path_per_floor":["M","$","?","M","$","M","M","R","T","M","R","M","?","M","R","B",null,"M","M","?","$","M","M","R","M","T","?","R","E","R","M","R","B",null,"M","$","M","?","M","R","?","R","T","R","?","$","M","?","R","B",null],"character_chosen":"The_Alterego","items_purchased":["alterego_mod:SakuraLabyrinth","Gremlin Horn","ClockworkSouvenir","alterego_mod:IndependentAction"],"campfire_rested":7,"item_purchase_floors":[2,21,36,36],"current_hp_per_floor":[70,70,70,62,62,55,52,52,52,52,52,46,46,47,47,47,81,63,52,52,52,49,22,49,49,49,49,76,46,74,39,68,63,100,72,72,53,53,43,75,61,93,93,109,109,109,76,76,76,63],"gold":15,"neow_bonus":"","is_daily":true,"chose_seed":false,"campfire_upgraded":4,"win_rate":0.0,"timestamp":1612671819,"path_taken":["M","$","?","M","$","M","M","R","T","M","R","M","?","?","R","BOSS","M","M","?","$","M","M","R","M","T","?","R","E","R","M","R","BOSS","M","?","M","?","M","R","?","R","T","R","?","$","M","?","R","BOSS"],"items_purchased_type":["Card","Relic","Relic","Card"],"build_version":"2020-12-22","purchased_purges":0,"victory":true,"max_hp_per_floor":[70,70,70,71,71,72,73,73,73,73,73,76,76,81,81,81,81,82,85,85,85,90,93,93,93,93,93,93,96,96,99,99,100,100,105,105,106,106,109,109,109,109,109,109,109,109,110,110,110,111],"card_choices":[{"not_picked":["alterego_mod:HighServant","alterego_mod:Skirt"],"picked":"alterego_mod:Jiggle","floor":1},{"not_picked":["alterego_mod:Bloomers","alterego_mod:Punishment"],"picked":"alterego_mod:TrashNCrash","floor":1},{"not_picked":["alterego_mod:Mirror","alterego_mod:Maid"],"picked":"alterego_mod:Undulate","floor":4},{"not_picked":["alterego_mod:DeftHands","alterego_mod:Mirror"],"picked":"alterego_mod:BiFurious","floor":4},{"not_picked":["alterego_mod:Cooking","alterego_mod:Birthday"],"picked":"alterego_mod:BiFurious","floor":6},{"not_picked":["alterego_mod:DiscoLights","alterego_mod:MaintainEyeContact"],"picked":"alterego_mod:Venus","floor":6},{"not_picked":["alterego_mod:Cooking","alterego_mod:Punishment"],"picked":"alterego_mod:Undulate","floor":7},{"not_picked":["alterego_mod:Crossover","alterego_mod:Jiggle","alterego_mod:BustOut"],"picked":"SKIP","floor":7},{"not_picked":["alterego_mod:Undulate","alterego_mod:Bounce"],"picked":"alterego_mod:Complex","floor":10},{"not_picked":["alterego_mod:Palingenesis","alterego_mod:DustData"],"picked":"alterego_mod:SakuraFive","floor":10},{"not_picked":["alterego_mod:DiscoLights","alterego_mod:GoddessCore"],"picked":"alterego_mod:Bounce","floor":12},{"not_picked":["alterego_mod:Birthday","alterego_mod:Schoolgirl","alterego_mod:Punishment"],"picked":"Singing Bowl","floor":12},{"not_picked":["alterego_mod:Birthday","alterego_mod:Schoolgirl","alterego_mod:Jiggle"],"picked":"Singing Bowl","floor":14},{"not_picked":["alterego_mod:Weigh","alterego_mod:ChallengeComplete","alterego_mod:MagicResistance"],"picked":"Singing Bowl","floor":14},{"not_picked":["alterego_mod:STier","alterego_mod:Weigh"],"picked":"alterego_mod:Vow","floor":16},{"not_picked":["alterego_mod:DestructionOfProperty","alterego_mod:Undulate"],"picked":"alterego_mod:BiFurious","floor":18},{"not_picked":["alterego_mod:MagicResistance","alterego_mod:Skirt"],"picked":"alterego_mod:BiFurious","floor":18},{"not_picked":["alterego_mod:DeftHands","alterego_mod:Maid","alterego_mod:Cycle"],"picked":"Singing Bowl","floor":19},{"not_picked":["alterego_mod:DestructionOfProperty","alterego_mod:DiscoLights"],"picked":"alterego_mod:STier","floor":19},{"not_picked":["alterego_mod:HighServant","alterego_mod:Complex","alterego_mod:Rip"],"picked":"Singing Bowl","floor":22},{"not_picked":["alterego_mod:Cushion","alterego_mod:Cooking","alterego_mod:Rip"],"picked":"Singing Bowl","floor":22},{"not_picked":["alterego_mod:1TonWallop","alterego_mod:Undulate"],"picked":"alterego_mod:Bounce+1","floor":23},{"not_picked":["alterego_mod:Cycle","alterego_mod:DustData+1","alterego_mod:Maid"],"picked":"Singing Bowl","floor":23},{"not_picked":["alterego_mod:Bunnysuit+1","alterego_mod:BreastValley"],"picked":"alterego_mod:1TonWallop","floor":25},{"not_picked":["alterego_mod:Pet","alterego_mod:Belle"],"picked":"alterego_mod:Collar","floor":25},{"not_picked":["alterego_mod:Complex","alterego_mod:Jiggle","alterego_mod:Table"],"picked":"Singing Bowl","floor":29},{"not_picked":["alterego_mod:BusterCard","alterego_mod:Jiggle+1","alterego_mod:BustOut"],"picked":"Singing Bowl","floor":31},{"not_picked":["alterego_mod:RingBreak","alterego_mod:Rip"],"picked":"alterego_mod:Mirror+1","floor":31},{"not_picked":["alterego_mod:BrynhildrRomantia","alterego_mod:Venus"],"picked":"alterego_mod:GIGAMILK","floor":33},{"not_picked":["alterego_mod:Complex","alterego_mod:DeftHands","alterego_mod:Pet"],"picked":"Singing Bowl","floor":35},{"not_picked":["alterego_mod:BustOut+1","alterego_mod:Stockings+1","alterego_mod:RocketPunch"],"picked":"Singing Bowl","floor":35},{"not_picked":["alterego_mod:Cycle","alterego_mod:Lingerie"],"picked":"alterego_mod:MagicResistance+1","floor":37},{"not_picked":["alterego_mod:Cooking","alterego_mod:Skirt"],"picked":"alterego_mod:SakuraLabyrinth+1","floor":37},{"not_picked":["alterego_mod:GachaTicket","alterego_mod:Santa"],"picked":"alterego_mod:GoddessCore+1","floor":39},{"not_picked":["alterego_mod:MagicResistance","alterego_mod:Santa","alterego_mod:Birthday"],"picked":"Singing Bowl","floor":39},{"not_picked":["alterego_mod:Maid+1","alterego_mod:Undulate+1"],"picked":"alterego_mod:TrashNCrash+1","floor":45},{"not_picked":["alterego_mod:Mirror","alterego_mod:Cooking"],"picked":"alterego_mod:Clap+1","floor":47},{"not_picked":["alterego_mod:BoobPocket","alterego_mod:Pet+1"],"picked":"alterego_mod:1TonWallop+1","floor":47}],"player_experience":500188,"relics_obtained":[{"floor":9,"key":"Singing Bowl"},{"floor":26,"key":"Bottled Lightning"},{"floor":29,"key":"Juzu Bracelet"},{"floor":43,"key":"Ice Cream"}],"event_choices":[{"damage_healed":0,"gold_gain":0,"player_choice":"Ignored","damage_taken":0,"max_hp_gain":0,"max_hp_loss":0,"event_name":"Golden Wing","floor":13,"gold_loss":0},{"damage_healed":0,"gold_gain":0,"player_choice":"Choice 1","damage_taken":0,"relics_obtained":["alterego_mod:FleetingLove"],"max_hp_gain":0,"max_hp_loss":0,"event_name":"Secret Garden","floor":20,"gold_loss":0},{"damage_healed":0,"gold_gain":0,"player_choice":"Upgraded Two","damage_taken":0,"max_hp_gain":0,"max_hp_loss":0,"event_name":"Designer","floor":27,"gold_loss":40,"cards_upgraded":["alterego_mod:Jiggle","alterego_mod:Pet"]},{"damage_healed":0,"gold_gain":0,"player_choice":"Copied","damage_taken":0,"max_hp_gain":0,"max_hp_loss":0,"event_name":"Duplicator","floor":38,"gold_loss":0,"cards_obtained":["alterego_mod:SakuraLabyrinth"]},{"damage_healed":0,"gold_gain":0,"player_choice":"Embrace Madness","damage_taken":14,"max_hp_gain":0,"max_hp_loss":0,"event_name":"Winding Halls","floor":41,"gold_loss":0,"cards_obtained":["Madness","Madness"]},{"damage_healed":0,"gold_gain":0,"player_choice":"Random: Orange","damage_taken":0,"max_hp_gain":0,"max_hp_loss":0,"event_name":"betterThird:BetterPortal","floor":45,"gold_loss":0},{"damage_healed":0,"gold_gain":0,"player_choice":"2","damage_taken":0,"max_hp_gain":0,"max_hp_loss":0,"event_name":"betterMatch:BetterMatch","floor":45,"gold_loss":0,"cards_obtained":["betterMatch:CommonCard"]},{"damage_healed":0,"gold_gain":3,"player_choice":"3","damage_taken":0,"max_hp_gain":0,"max_hp_loss":0,"event_name":"betterStone:BetterStone","floor":48,"gold_loss":0,"cards_obtained":["alterego_mod:Bounce"]}],"is_beta":false,"boss_relics":[{"not_picked":["Runic Dome","conspire:SlowCooker"],"picked":"conspire:RoyalGoblet"},{"not_picked":["SacredBark","Tiny House"],"picked":"Philosopher\u0027s Stone"}],"items_purged_floors":[],"is_endless":false,"potions_floor_spawned":[6,12,14,23,25,31,47],"ascension_level":0}}