{"host":"yrtk68ixj64vhhh3","time":1612698690,"event":{"mods":["2.2 Compatiblity","AchievementEnabler","Aspiration","BaseMod","Better Altar","Better Match","Better Note","Better Silent Start","Better Skull","Better Third Choice","Colored Map","Colored Powertips","Conspire","Dio Mod","Downfall","Energized Spire","Hubris","Infinite Spire","Minty Spire (QoL Compilation)","Prisma Mod","RNG Fix","StSLib","Steal the Spire","Td1madao Mod","The Animator","The Poker Player","The Wild Card","TheBandit","TheHero"],"gold_per_floor":[124,124,124,124,78,78,109,109,109,156,10,10,10,34,34,134,134,153,153,153,153,169,210,210,210,210],"floor_reached":25,"language":"ENG","playtime":2097,"items_purged":[],"score":298,"play_id":"e248cb4d-cae3-439e-8a3b-629d4a6ab36c","local_time":"20210208005130","is_ascension_mode":true,"campfire_choices":[{"floor":6,"key":"REST"},{"floor":8,"key":"REST"},{"floor":12,"key":"RECALL"},{"floor":15,"key":"REST"}],"circlet_count":0,"master_deck":["animator:Strike_TenSura","animator:Defend_TenSura","animator:Strike","animator:Strike","animator:Strike","animator:Defend","animator:Defend","animator:Defend","animator:Benimaru","animator:Shuna","animator:MamiTomoe","theWildCard:PaleRider","animator:NagisaMomoe","animator:HigakiRinne","animator:Millim+1","animator:Biyorigo","infinitespire:UltimateForm","animator:Vesta","animator:Togame","Slimebound:CheckThePlaybook","downfall:Icky"],"relics":["animator:LivingPicture","animator:TheMissingPiece","animator:PurgingStone","Boot","betterThird:SlimedRelic","Happy Flower","InkBottle","hubris:OldNail","energizedSpire:OgreHead","infinitespire:WardingShard","conspire:BottledYoYo"],"acts_visited":["Exordium","TheCity"],"potions_floor_usage":[10],"damage_taken":[{"damage":0,"enemies":"Cultist","floor":1,"turns":5},{"damage":20,"enemies":"Lagavulin","floor":7,"turns":5},{"damage":28,"enemies":"3 Sentries","floor":10,"turns":8},{"damage":4,"enemies":"Jaw Worm","floor":14,"turns":2},{"damage":48,"enemies":"The Guardian","floor":16,"turns":9},{"damage":0,"enemies":"Shell Parasite","floor":18,"turns":5},{"damage":0,"enemies":"Chosen","floor":22,"turns":4},{"damage":5,"enemies":"Book of Stabbing","floor":23,"turns":5},{"damage":83,"enemies":"Gremlin Leader","floor":25,"turns":7}],"seed_played":"-2585028230365884122","potions_obtained":[{"floor":7,"key":"conspire:TimeTravelPotion"},{"floor":22,"key":"bronze:BurnAndBuffPotion"}],"is_trial":false,"path_per_floor":["M","?","?","?","?","R","E","R","T","E","$","R","$","M","R","B",null,"M","$","?","AVR","M","E","?","E"],"character_chosen":"THE_ANIMATOR","items_purchased":["hubris:OldNail"],"campfire_rested":3,"item_purchase_floors":[11],"current_hp_per_floor":[72,72,72,47,36,57,38,59,59,45,45,45,45,41,62,15,74,74,74,74,74,75,70,70,0,0],"gold":210,"neow_bonus":"TEN_PERCENT_HP_BONUS","is_daily":false,"chose_seed":true,"campfire_upgraded":0,"win_rate":0.0,"timestamp":1612698690,"path_taken":["M","?","?","?","?","R","E","R","T","E","$","R","?","M","R","BOSS","M","$","?","AVR","M","E","?","E"],"items_purchased_type":["Relic"],"build_version":"2020-12-22","purchased_purges":0,"victory":false,"max_hp_per_floor":[72,72,72,72,72,72,73,73,73,73,73,73,73,73,73,74,74,74,74,74,74,75,75,75,75,75],"card_choices":[{"not_picked":["animator:UneriGinkaku","animator:IrohaTamaki"],"picked":"animator:MamiTomoe","floor":1},{"not_picked":["animator:LizardPriest","animator:YamaiSisters"],"picked":"animator:NagisaMomoe","floor":7},{"not_picked":["animator:YoshinoHimekawa","animator:Kaijin"],"picked":"animator:HigakiRinne","floor":10},{"not_picked":["animator:GazelDwargon","animator:Benimaru"],"picked":"animator:Millim","floor":14},{"not_picked":["animator:KurumiTokisaki","animator:Rimuru"],"picked":"animator:Biyorigo","floor":16},{"not_picked":["animator:RukiaKuchiki","animator:Berserker"],"picked":"animator:Millim","floor":18},{"not_picked":["animator:Tetora","animator:YunYun+1"],"picked":"animator:Vesta","floor":22},{"not_picked":["animator:Benimaru+1","animator:Assassin"],"picked":"animator:Togame","floor":23}],"player_experience":747008,"relics_obtained":[{"floor":7,"key":"Happy Flower"},{"floor":10,"key":"InkBottle"},{"floor":23,"key":"conspire:BottledYoYo"}],"event_choices":[{"damage_healed":0,"gold_gain":0,"player_choice":"Disagree","damage_taken":0,"max_hp_gain":0,"max_hp_loss":0,"event_name":"conspire:LoneGhost","floor":2,"gold_loss":0},{"damage_healed":0,"gold_gain":0,"player_choice":"Relic ","damage_taken":25,"max_hp_gain":0,"max_hp_loss":0,"event_name":"betterThird:BetterScrap","floor":4,"gold_loss":0,"cards_obtained":["Limit Break"]},{"damage_healed":0,"gold_gain":0,"player_choice":"Slimed","damage_taken":11,"max_hp_gain":0,"max_hp_loss":0,"event_name":"betterThird:BetterGoop","floor":5,"gold_loss":46},{"damage_healed":0,"gold_gain":0,"player_choice":"Ignored","damage_taken":0,"max_hp_gain":0,"max_hp_loss":0,"event_name":"betterNote:BetterNote","floor":20,"gold_loss":0,"cards_obtained":["PrismaMod:IllyaCommonEvoke"]}],"is_beta":false,"boss_relics":[{"not_picked":["energizedSpire:CursedPentagram","aspiration:RitualDagger"],"picked":"energizedSpire:OgreHead"}],"items_purged_floors":[],"is_endless":false,"potions_floor_spawned":[7,22],"killed_by":"Gremlin Leader","ascension_level":4}}