{"host":"bd3tl98ed0kk4173","time":1612673764,"event":{"mods":["Act Like it!","Aspiration","BaseMod","Better Altar","Better Match","Better Note","Better Sensory Stone","Better Skull","Better Third Choice","BetterRewards","CapriCore","Colored Map","Colored Powertips","Conspire","Ekko","Elementarium","Emptier Cage","Energized Spire","Fox Events","GifTheSpireLib","GungeonMod","Halation","HexUI Lib","Highlight Path","Hubris","Infinite Spire","Jorbs\u0027s Wanderer Trilogy","Koishi","Melee Mod","Minty Spire (QoL Compilation)","Permanent Neow","Quick Restart","Rare Cards Sparkle","Reliquary","Replay The Spire","Retaliation","SacredBarkPlus","Spicy Shops","Spire Arcade","StSLib","Stuff the Spire","The Animator","The Blue Laboratory","The Disciple","The Problem Sleuth","The Valiant","??????REMEMod"],"gold_per_floor":[113,113,113,129,129,139,139,154,223,237,237,237,257,9,9,108,108,127,127,127,144,154,154,173,192,217,217,231,231,91,111,111,209,209,228,246,246,246],"floor_reached":37,"language":"ENG","playtime":3842,"items_purged":["Strike_Br"],"score":390,"play_id":"6d69e163-7803-4386-bdb1-ed326c671f54","local_time":"20210206235604","is_ascension_mode":false,"campfire_choices":[{"data":"TickedOff","floor":7,"key":"SMITH"},{"data":"DaylightSavings","floor":11,"key":"SMITH"},{"floor":15,"key":"REST"},{"floor":23,"key":"REST"},{"data":"SecondHand","floor":27,"key":"SMITH"},{"data":"Analog","floor":29,"key":"SMITH"},{"floor":32,"key":"REST"}],"circlet_count":0,"master_deck":["Strike_Br","Strike_Br","Strike_Br","Defend_Br","Defend_Br","Defend_Br","Defend_Br","SecondHand+1","PatternShift","Master of Strategy","TickedOff+1","Injury","LockedAnchor+1","infinitespire:Collect","LockedThread+1","Analog+1","DaylightSavings+19","LockedBlood+1","LockedBlood+1","HandsUpC+1","LockedMercury+1","LockedWhetstone+1","LockedBlood+1","HandsUpC"],"relics":["Chronometer","REME_ComplimentaryCards","aspiration:Nostalgia","Cracked Core","Medicine?","Frozen Egg 2","hubris:CrystalStatue","reliquary:QuartzCube","Membership Card","conspire:TreasureMap","GremlinMask","Chameleon Ring","Dream Catcher","hubris:BundleOfHerbs","aspiration:WatcherSkillbook"],"acts_visited":["Exordium","TheCity","TheBeyond"],"potions_floor_usage":[16,18,25,25,33,33,33,35],"damage_taken":[{"damage":1,"enemies":"conspire:RoseBush","floor":1,"turns":3},{"damage":0,"enemies":"Small Slimes","floor":4,"turns":4},{"damage":0,"enemies":"Jaw Worm","floor":6,"turns":3},{"damage":1,"enemies":"Exordium Wildlife","floor":8,"turns":9},{"damage":0,"enemies":"Large Slime","floor":10,"turns":5},{"damage":0,"enemies":"3 Louse","floor":13,"turns":5},{"damage":9,"enemies":"The Guardian","floor":16,"turns":16},{"damage":15,"enemies":"conspire:FuzzyDice","floor":18,"turns":10},{"damage":18,"enemies":"Chosen","floor":21,"turns":7},{"damage":35,"enemies":"3 Cultists","floor":22,"turns":8},{"damage":0,"enemies":"Snecko","floor":24,"turns":1},{"damage":36,"enemies":"Snake Plant","floor":25,"turns":6},{"damage":25,"enemies":"Centurion and Healer","floor":28,"turns":9},{"damage":0,"enemies":"Snecko","floor":31,"turns":1},{"damage":36,"enemies":"Champ","floor":33,"turns":13},{"damage":17,"enemies":"3 Darklings","floor":35,"turns":7},{"damage":36,"enemies":"Orb Walker","floor":36,"turns":7},{"damage":67,"enemies":"4 Shapes","floor":37,"turns":3}],"seed_played":"814581933863077699","potions_obtained":[{"floor":8,"key":"blueLaboratory:PolymorphPotion"},{"floor":16,"key":"Energy Potion"},{"floor":18,"key":"Venom Potion"},{"floor":21,"key":"conspire:TimeTravelPotion"},{"floor":22,"key":"SteroidPotion"},{"floor":33,"key":"blueLaboratory:FruitPunch"},{"floor":35,"key":"Venom Potion"}],"is_trial":false,"path_per_floor":["M","?","?","M","?","M","R","M","T","M","R","T","M","$","R","B",null,"M","?","T","M","M","R","M","M","T","R","M","R","$","M","R","B",null,"M","M","M"],"character_chosen":"CHRONO_CLASS","items_purchased":["Membership Card","conspire:TreasureMap","LockedBlood+1","hubris:BundleOfHerbs","LiquidMemories","Energy Potion"],"campfire_rested":3,"item_purchase_floors":[14,14,14,30,30,30],"current_hp_per_floor":[64,64,64,64,47,47,47,46,46,46,46,46,46,46,65,56,65,65,65,65,47,30,49,49,42,42,42,35,35,35,35,54,41,65,68,57,0,0],"gold":246,"neow_bonus":"NOSTALGIA","is_daily":false,"chose_seed":false,"campfire_upgraded":4,"win_rate":0.0,"timestamp":1612673764,"path_taken":["M","?","?","M","?","M","R","M","T","?","R","?","M","?","R","BOSS","M","?","?","M","M","R","?","M","T","R","M","R","?","M","R","BOSS","M","M","M"],"items_purchased_type":["Relic","Relic","Card","Relic","Potion","Potion"],"build_version":"2020-12-22","purchased_purges":1,"victory":false,"max_hp_per_floor":[65,65,65,65,65,65,65,65,65,65,65,65,65,65,65,65,65,65,65,65,65,65,65,65,65,65,65,65,65,65,65,65,65,65,68,68,68,68],"card_choices":[{"not_picked":["Tempo","LockedWhetstone"],"picked":"TickedOff","floor":1},{"not_picked":["Tempo","LockedLightning+1"],"picked":"LockedAnchor+1","floor":4},{"not_picked":["Replay:Fractal Strike","infinitespire:SevenWalls"],"picked":"infinitespire:Collect","floor":5},{"not_picked":["ReapSow","LockedAnchor+1"],"picked":"LockedThread+1","floor":6},{"not_picked":["Parity","Recurrance"],"picked":"Analog","floor":8},{"not_picked":["ReapSow","SlimeSpray"],"picked":"DaylightSavings","floor":10},{"not_picked":["CrunchTime","Engulf"],"picked":"LockedBlood+1","floor":13},{"not_picked":["TiringSlam","Tempo+1"],"picked":"HandsUpC+1","floor":18},{"not_picked":["HandsUpB","Cuckoo","LockedAnchor+1"],"picked":"SKIP","floor":21},{"not_picked":["LockedScales+1","FormalWear+1"],"picked":"LockedMercury+1","floor":22},{"not_picked":["Echoward+1","LockedLightning+1","CrunchTime"],"picked":"SKIP","floor":24},{"not_picked":["Analog","TickedOff"],"picked":"LockedWhetstone+1","floor":25},{"not_picked":["Accruing","BiteCommand+1"],"picked":"LockedBlood+1","floor":28},{"not_picked":["VestedLegacy","Keepsakes","LockedMedicine+1"],"picked":"SKIP","floor":31},{"not_picked":["LockedAnchor+1","WakeUpCall"],"picked":"HandsUpC","floor":32},{"not_picked":["FlurryOfBlows","JustLucky","LockedWhetstone+1","WatchCommand"],"picked":"SKIP","floor":35},{"not_picked":["Accruing+1","JustLucky+1","WatchCommand+1","Consecrate+1"],"picked":"SKIP","floor":36}],"player_experience":96643,"relics_obtained":[{"floor":9,"key":"hubris:CrystalStatue"},{"floor":12,"key":"reliquary:QuartzCube"},{"floor":20,"key":"Chameleon Ring"},{"floor":26,"key":"Dream Catcher"}],"event_choices":[{"damage_healed":0,"gold_gain":0,"player_choice":"Trade","damage_taken":0,"relics_obtained":["GremlinMask"],"max_hp_gain":0,"max_hp_loss":0,"event_name":"FaceTrader","floor":19,"gold_loss":0}],"is_beta":false,"boss_relics":[{"not_picked":["Kintsugi","halation:PinkAlligatorPlush","hubris:RunicObelisk"]},{"not_picked":["hubris:TerracottaHorce","Abe\u0027s Treasure"],"picked":"aspiration:WatcherSkillbook"}],"items_purged_floors":[30],"is_endless":false,"potions_floor_spawned":[8,16,18,21,22,33,35],"killed_by":"4 Shapes","ascension_level":0}}