{"host":"1poy056mauca3bbh","time":1612721892,"event":{"mods":["Ascension Unlocker","BaseMod","Bestiary","Block Reminder","Colored Map","Colored Powertips","Curses Come First","Highlight Path","Minty Spire (QoL Compilation)","Permanent Neow","Quick Restart","Rare Cards Sparkle","Relic Stats","Smile Girya","StSLib","UnlockEverythingMod"],"gold_per_floor":[109,125,20,37,0,35,185,110,137,137,54,68,85,95,95,170,170,180,105,30,80,80,80,109,125,125,141,152,152,152,52,52,52,52],"floor_reached":33,"language":"ENG","playtime":1632,"items_purged":["Strike_B","Defend_B"],"score":580,"play_id":"9689a906-7e5a-4f28-89ee-1b2c2a0ccbff","local_time":"20210207131812","is_ascension_mode":true,"campfire_choices":[{"floor":10.0,"key":"REST"},{"floor":15.0,"key":"REST"},{"data":"Reboot","floor":23.0,"key":"SMITH"},{"floor":29,"key":"REST"},{"floor":32,"key":"REST"}],"circlet_count":0,"master_deck":["AscendersBane","Strike_B","Defend_B","Zap","Dualcast","Turbo","Skim","Sunder","Conserve Battery","Double Energy","Reboot+1","Sunder","Stack","Darkness","Hologram","All For One","Self Repair","Glacier","Loop","Streamline+1","Ball Lightning","Hyperbeam"],"relics":["Snecko Eye","Akabeko","Ancient Tea Set","Empty Cage","Boot","Bag of Marbles"],"acts_visited":["Exordium","TheCity"],"potions_floor_usage":[33,33,33,33],"damage_taken":[{"damage":0.0,"enemies":"2 Louse","floor":1.0,"turns":2.0},{"damage":14.0,"enemies":"Jaw Worm","floor":2.0,"turns":4.0},{"damage":1.0,"enemies":"Small Slimes","floor":4.0,"turns":3.0},{"damage":31.0,"enemies":"3 Sentries","floor":6.0,"turns":8.0},{"damage":8.0,"enemies":"Exordium Thugs","floor":12.0,"turns":3.0},{"damage":0.0,"enemies":"2 Fungi Beasts","floor":13.0,"turns":1.0},{"damage":0.0,"enemies":"Large Slime","floor":14.0,"turns":3.0},{"damage":13.0,"enemies":"The Guardian","floor":16.0,"turns":7.0},{"damage":8.0,"enemies":"Spheric Guardian","floor":18.0,"turns":3.0},{"damage":0.0,"enemies":"Gremlin Leader","floor":24.0,"turns":4.0},{"damage":37.0,"enemies":"Chosen","floor":25.0,"turns":7.0},{"damage":23,"enemies":"Centurion and Healer","floor":27,"turns":8},{"damage":0,"enemies":"Chosen and Byrds","floor":28,"turns":1},{"damage":91,"enemies":"Automaton","floor":33,"turns":6}],"seed_played":"4514966254747864181","potions_obtained":[{"floor":2.0,"key":"PowerPotion"},{"floor":13.0,"key":"EssenceOfDarkness"},{"floor":16.0,"key":"EntropicBrew"},{"floor":24.0,"key":"Strength Potion"},{"floor":27,"key":"Fire Potion"}],"is_trial":false,"path_per_floor":["M","M","$","M","?","E","?","?","T","R","$","M","M","M","R","B",null,"M","?","$","?","?","R","E","M","T","M","M","R","?","$","R","B"],"character_chosen":"DEFECT","items_purchased":["Sunder","Conserve Battery","Sunder"],"campfire_rested":4,"item_purchase_floors":[3,3,11],"current_hp_per_floor":[64,50,50,49,49,18,18,18,18,39,39,31,31,31,52,39,63,55,55,55,55,55,55,62,25,25,9,16,37,37,37,58,0,0],"gold":52,"neow_bonus":"BOSS_RELIC","is_daily":false,"chose_seed":false,"campfire_upgraded":1,"win_rate":0.0,"timestamp":1612721892,"path_taken":["M","M","$","M","?","E","?","?","T","R","?","M","M","M","R","BOSS","M","?","?","?","?","R","E","M","T","M","?","R","?","$","R","BOSS"],"items_purchased_type":["Card","Card","Card"],"build_version":"2020-12-22","purchased_purges":2,"victory":false,"max_hp_per_floor":[71,71,71,71,71,71,71,71,71,71,71,71,71,71,71,71,71,71,71,71,71,71,71,71,71,71,71,71,71,71,71,71,71,71],"relic_stats":{"counters":[14,60],"Snecko Eye":[122,109,107,108],"Boot":[0],"obtain_stats":[{"Snecko Eye":0,"Bag of Marbles":26,"Cracked Core":0,"Ancient Tea Set":9,"Empty Cage":17,"Boot":24,"Akabeko":6},{"Snecko Eye":0,"Bag of Marbles":11,"Cracked Core":0,"Ancient Tea Set":4,"Empty Cage":8,"Boot":10,"Akabeko":4},{"Snecko Eye":0,"Bag of Marbles":45,"Cracked Core":0,"Ancient Tea Set":17,"Empty Cage":31,"Boot":38,"Akabeko":17}]},"card_choices":[{"not_picked":["Barrage","Auto Shields"],"picked":"Turbo","floor":1.0},{"not_picked":["Gash","Compile Driver"],"picked":"Skim","floor":2.0},{"not_picked":["Auto Shields","Turbo"],"picked":"Double Energy","floor":4.0},{"not_picked":["Compile Driver","Coolheaded"],"picked":"Reboot","floor":6.0},{"not_picked":["Aggregate","Cold Snap"],"picked":"Stack","floor":12.0},{"not_picked":["Turbo","Heatsinks"],"picked":"Darkness","floor":13.0},{"not_picked":["Aggregate","Beam Cell"],"picked":"Hologram","floor":14.0},{"not_picked":["Fission","Buffer"],"picked":"All For One","floor":16.0},{"not_picked":["White Noise","Ball Lightning"],"picked":"Self Repair","floor":18.0},{"not_picked":["Turbo","Sweeping Beam"],"picked":"Loop","floor":24.0},{"not_picked":["Ball Lightning","FTL"],"picked":"Streamline+1","floor":25.0},{"not_picked":["Cold Snap","Compile Driver"],"picked":"Ball Lightning","floor":27},{"not_picked":["Aggregate","Chaos"],"picked":"Hyperbeam","floor":28}],"player_experience":131377,"relics_obtained":[{"floor":6.0,"key":"Akabeko"},{"floor":9.0,"key":"Ancient Tea Set"},{"floor":24.0,"key":"Boot"},{"floor":26.0,"key":"Bag of Marbles"}],"event_choices":[{"damage_healed":0.0,"max_hp_gain":0.0,"max_hp_loss":0.0,"gold_gain":0.0,"event_name":"World of Goop","player_choice":"Left Gold","floor":5.0,"gold_loss":37.0,"damage_taken":0.0},{"damage_healed":0.0,"max_hp_gain":0.0,"max_hp_loss":0.0,"gold_gain":150.0,"event_name":"Liars Game","player_choice":"AGREE","floor":7.0,"gold_loss":0.0,"damage_taken":0.0,"cards_obtained":["Doubt"]},{"cards_removed":["Doubt"],"damage_healed":0.0,"max_hp_gain":0.0,"max_hp_loss":0.0,"gold_gain":0.0,"event_name":"The Cleric","player_choice":"Card Removal","floor":8.0,"gold_loss":75.0,"damage_taken":0.0},{"cards_removed":["Strike_B"],"damage_healed":0.0,"max_hp_gain":0.0,"max_hp_loss":0.0,"gold_gain":0.0,"event_name":"Beggar","player_choice":"Gave Gold","floor":19.0,"gold_loss":75.0,"damage_taken":0.0},{"damage_healed":0.0,"max_hp_gain":0.0,"max_hp_loss":0.0,"gold_gain":50.0,"event_name":"Nest","player_choice":"Stole From Cult","floor":21.0,"gold_loss":0.0,"damage_taken":0.0},{"damage_healed":0.0,"max_hp_gain":0.0,"max_hp_loss":0.0,"gold_gain":0.0,"event_name":"The Library","player_choice":"Read","floor":22.0,"gold_loss":0.0,"damage_taken":0.0,"cards_obtained":["Glacier"]},{"cards_removed":["Defend_B"],"damage_healed":0,"gold_gain":0,"player_choice":"Elegance","damage_taken":0,"max_hp_gain":0,"max_hp_loss":0,"event_name":"Back to Basics","floor":30,"gold_loss":0}],"is_beta":false,"boss_relics":[{"not_picked":["Inserter","Runic Dome"],"picked":"Empty Cage"}],"items_purged_floors":[20,31],"is_endless":false,"potions_floor_spawned":[2,13,16,24,27,28],"killed_by":"Automaton","ascension_level":20}}