{"host":"qj91dvco5uhu9oti","time":1612689755,"event":{"mods":["BaseMod","Colored Map","Keyboard Shortcuts","Minty Spire (QoL Compilation)","Permanent Neow","Relic Stats","StSLib","SuperFastMode","everything is the same but u backflip on backflip"],"gold_per_floor":[115,115,115,131,141,176,176,176,176,191,191,220,220,238,238,340,340,356,356,370,370,385,385,106,120,171,198,217,10,10,26,26,122,122,142,142,153,26,38,38,38,73,73,99,115,115,115,70,70,70],"floor_reached":51,"language":"KOR","playtime":1480,"items_purged":["Strike_B"],"score":1316,"play_id":"3a3e0115-adfd-4767-ae11-58a598cfcd83","local_time":"20210207182235","is_ascension_mode":true,"campfire_choices":[{"floor":7.0,"key":"REST"},{"data":"Defragment","floor":11.0,"key":"SMITH"},{"data":"Coolheaded","floor":15.0,"key":"SMITH"},{"data":"Chill","floor":23.0,"key":"SMITH"},{"data":"Coolheaded","floor":30.0,"key":"SMITH"},{"data":"Turbo","floor":32.0,"key":"SMITH"},{"data":"Skim","floor":40.0,"key":"SMITH"},{"data":"Secret Technique","floor":49.0,"key":"SMITH"}],"circlet_count":0,"master_deck":["AscendersBane","Strike_B+1","Strike_B+1","Defend_B+1","Defend_B+1","Zap+1","Dualcast+1","Streamline+1","Defragment+1","Compile Driver+1","Skim+1","Capacitor+1","Ball Lightning+1","Creative AI+1","Coolheaded+1","Amplify+1","Go for the Eyes+1","Skim+1","Ball Lightning+1","Ghostly+1","Ghostly+1","Ghostly+1","Ghostly+1","Ghostly+1","Chill+1","Coolheaded+1","Ball Lightning+1","Loop+1","Compile Driver+1","Capacitor+1","Amplify+1","Cold Snap+1","Turbo+1","Echo Form+1","Skim+1","Defragment+1","Coolheaded","Buffer+1","Secret Technique+1","Compile Driver"],"relics":["Cracked Core","Torii","Incense Burner","Frozen Egg 2","Shuriken","Philosopher\u0027s Stone","Orrery","Nunchaku","Dream Catcher","Lee\u0027s Waffle","Sozu","Mark of the Bloom","Emotion Chip","Bottled Flame","Lizard Tail"],"acts_visited":["Exordium","TheCity","TheBeyond"],"potions_floor_usage":[50],"damage_taken":[{"damage":2.0,"enemies":"Small Slimes","floor":1.0,"turns":4.0},{"damage":0.0,"enemies":"2 Louse","floor":4.0,"turns":2.0},{"damage":7.0,"enemies":"Jaw Worm","floor":5.0,"turns":3.0},{"damage":53.0,"enemies":"Lagavulin","floor":6.0,"turns":7.0},{"damage":0.0,"enemies":"Exordium Wildlife","floor":10.0,"turns":3.0},{"damage":11.0,"enemies":"Gremlin Nob","floor":12.0,"turns":4.0},{"damage":0.0,"enemies":"Large Slime","floor":14.0,"turns":4.0},{"damage":1.0,"enemies":"Slime Boss","floor":16.0,"turns":9.0},{"damage":25.0,"enemies":"Shell Parasite","floor":18.0,"turns":6.0},{"damage":2.0,"enemies":"Chosen","floor":20.0,"turns":3.0},{"damage":6.0,"enemies":"Snake Plant","floor":22.0,"turns":6.0},{"damage":0.0,"enemies":"Snecko","floor":25.0,"turns":6.0},{"damage":0.0,"enemies":"Gremlin Leader","floor":27.0,"turns":7.0},{"damage":13.0,"enemies":"3 Cultists","floor":28.0,"turns":6.0},{"damage":9.0,"enemies":"Cultist and Chosen","floor":31.0,"turns":8.0},{"damage":29.0,"enemies":"Collector","floor":33.0,"turns":10.0},{"damage":0.0,"enemies":"Orb Walker","floor":35.0,"turns":4.0},{"damage":0.0,"enemies":"3 Shapes","floor":37.0,"turns":6.0},{"damage":8.0,"enemies":"Transient","floor":39.0,"turns":5.0},{"damage":0.0,"enemies":"Reptomancer","floor":42.0,"turns":7.0},{"damage":0.0,"enemies":"Giant Head","floor":44.0,"turns":9.0},{"damage":0.0,"enemies":"Sphere and 2 Shapes","floor":45.0,"turns":6.0},{"damage":12,"enemies":"Time Eater","floor":50,"turns":11}],"seed_played":"1454501423997341559","potions_obtained":[{"floor":4.0,"key":"Fruit Juice"},{"floor":10.0,"key":"EssenceOfDarkness"},{"floor":14.0,"key":"EssenceOfSteel"},{"floor":31.0,"key":"PotionOfCapacity"}],"is_trial":false,"path_per_floor":["M","?","?","M","M","E","R","?","T","M","R","E","?","M","R","B",null,"M","?","M","?","M","R","$","M","T","E","M","$","R","M","R","B",null,"M","?","M","$","M","R","?","E","T","E","M","?","?","$","R","B",null],"character_chosen":"DEFECT","items_purchased":["Coolheaded","Orrery","Lee\u0027s Waffle","Cold Snap","Defragment+1","Coolheaded","Compile Driver"],"campfire_rested":1,"item_purchase_floors":[24,24,29,29,38,38,48],"current_hp_per_floor":[66,63,63,63,56,3,25,18,18,18,18,12,12,12,12,11,63,38,38,36,36,30,30,30,30,30,30,17,47,47,38,38,9,38,38,38,38,38,30,30,30,30,30,30,30,30,30,30,30,18],"gold":70,"neow_bonus":"UPGRADE_CARD","is_daily":false,"chose_seed":false,"campfire_upgraded":7,"win_rate":0.0,"timestamp":1612689755,"path_taken":["M","?","?","M","M","E","R","?","T","?","R","E","?","M","R","BOSS","M","?","?","?","M","R","$","M","T","E","M","$","R","M","R","BOSS","M","?","M","$","M","R","?","E","T","E","M","?","?","$","R","BOSS"],"items_purchased_type":["Card","Relic","Relic","Card","Card","Card","Card"],"build_version":"2020-12-22","purchased_purges":1,"victory":true,"max_hp_per_floor":[75,75,75,75,75,75,75,75,75,75,75,80,80,80,80,80,80,80,80,80,40,40,40,40,40,40,40,40,47,47,47,47,47,47,47,47,47,47,47,47,45,45,45,45,45,45,45,45,45,45],"relic_stats":{"Sozu":2,"Nunchaku":[11],"Dream Catcher":0,"Lee\u0027s Waffle":30,"Mark of the Bloom":0,"Emotion Chip":[5,2,3,0,0],"Lizard Tail":0,"Torii":13,"counters":[23,135],"Shuriken":[20],"obtain_stats":[{"Lee\u0027s Waffle":29,"Mark of the Bloom":36,"Torii":2,"Incense Burner":6,"Frozen Egg 2":9,"Sozu":34,"Nunchaku":26,"Dream Catcher":27,"Emotion Chip":42,"Bottled Flame":43,"Lizard Tail":44,"Shuriken":12,"Orrery":24,"Philosopher\u0027s Stone":17,"Cracked Core":0},{"Lee\u0027s Waffle":14,"Mark of the Bloom":17,"Torii":1,"Incense Burner":4,"Frozen Egg 2":4,"Sozu":16,"Nunchaku":12,"Dream Catcher":13,"Emotion Chip":20,"Bottled Flame":20,"Lizard Tail":21,"Shuriken":6,"Orrery":11,"Philosopher\u0027s Stone":8,"Cracked Core":0},{"Lee\u0027s Waffle":70,"Mark of the Bloom":92,"Torii":4,"Incense Burner":16,"Frozen Egg 2":16,"Sozu":88,"Nunchaku":57,"Dream Catcher":64,"Emotion Chip":110,"Bottled Flame":110,"Lizard Tail":119,"Shuriken":23,"Orrery":51,"Philosopher\u0027s Stone":36,"Cracked Core":0}]},"card_choices":[{"not_picked":["Stack","Rebound"],"picked":"Streamline","floor":1.0},{"not_picked":["Rebound","Consume"],"picked":"Compile Driver","floor":4.0},{"not_picked":["Doom and Gloom","Heatsinks"],"picked":"Skim","floor":5.0},{"not_picked":["Hyperbeam","Chill"],"picked":"Capacitor","floor":6.0},{"not_picked":["Conserve Battery","Coolheaded"],"picked":"Ball Lightning","floor":10.0},{"not_picked":["Redo","Hello World+1"],"picked":"Creative AI+1","floor":12.0},{"not_picked":["Reprogram","Ball Lightning"],"picked":"Coolheaded","floor":14.0},{"not_picked":["Meteor Strike","Fission"],"picked":"Amplify","floor":16.0},{"not_picked":["Stack","Rebound"],"picked":"Go for the Eyes","floor":18.0},{"not_picked":["Capacitor+1","Streamline"],"picked":"Ball Lightning","floor":20.0},{"not_picked":["Leap","Reprogram"],"picked":"Chill","floor":22.0},{"not_picked":["Static Discharge+1","Rebound"],"picked":"Ball Lightning","floor":24.0},{"not_picked":["Barrage","Ball Lightning"],"picked":"Loop+1","floor":24.0},{"not_picked":["Lockon","Steam"],"picked":"Compile Driver+1","floor":24.0},{"not_picked":["Redo","Go for the Eyes"],"picked":"Capacitor+1","floor":25.0},{"not_picked":["Compile Driver","Reboot"],"picked":"Amplify","floor":27.0},{"not_picked":["Steam","Fusion","Genetic Algorithm"],"picked":"SKIP","floor":28.0},{"not_picked":["Ball Lightning","Redo"],"picked":"Turbo","floor":31.0},{"not_picked":["Multi-Cast","Reboot"],"picked":"Echo Form+1","floor":33.0},{"not_picked":["Redo","Turbo","Barrage+1"],"picked":"SKIP","floor":35.0},{"not_picked":["Tempest","Gash+1"],"picked":"Skim","floor":37.0},{"not_picked":["Coolheaded+1","Steam Power"],"picked":"Buffer+1","floor":39.0},{"not_picked":["Stack","Doom and Gloom+1","Coolheaded"],"picked":"SKIP","floor":42.0},{"not_picked":["Go for the Eyes","Coolheaded","Conserve Battery"],"picked":"SKIP","floor":44.0},{"not_picked":["Sweeping Beam","Gash","Redo"],"picked":"SKIP","floor":45.0},{"not_picked":["Blind","HandOfGreed"],"picked":"Secret Technique","floor":46.0}],"player_experience":360357,"relics_obtained":[{"floor":6.0,"key":"Incense Burner"},{"floor":9.0,"key":"Frozen Egg 2"},{"floor":12.0,"key":"Shuriken"},{"floor":26.0,"key":"Nunchaku"},{"floor":27.0,"key":"Dream Catcher"},{"floor":42.0,"key":"Emotion Chip"},{"floor":43.0,"key":"Bottled Flame"},{"floor":44.0,"key":"Lizard Tail"}],"event_choices":[{"damage_healed":0.0,"max_hp_gain":0.0,"max_hp_loss":0.0,"gold_gain":0.0,"event_name":"Scrap Ooze","player_choice":"Success","floor":2.0,"gold_loss":0.0,"damage_taken":3.0,"relics_obtained":["Torii"]},{"damage_healed":0.0,"max_hp_gain":0.0,"max_hp_loss":0.0,"gold_gain":0.0,"cards_transformed":["Strike_B"],"event_name":"Living Wall","player_choice":"Change","floor":3.0,"gold_loss":0.0,"damage_taken":0.0,"cards_obtained":["Defragment"]},{"cards_removed":["Defend_B"],"damage_healed":0.0,"max_hp_gain":0.0,"max_hp_loss":0.0,"gold_gain":0.0,"event_name":"Golden Wing","player_choice":"Card Removal","floor":8.0,"gold_loss":0.0,"damage_taken":7.0},{"damage_healed":0.0,"max_hp_gain":0.0,"max_hp_loss":0.0,"gold_gain":0.0,"event_name":"Liars Game","player_choice":"Ignored","floor":13.0,"gold_loss":0.0,"damage_taken":0.0},{"damage_healed":0.0,"max_hp_gain":0.0,"max_hp_loss":0.0,"gold_gain":0.0,"cards_transformed":["Defend_B"],"event_name":"Transmorgrifier","player_choice":"Transformed","floor":19.0,"gold_loss":0.0,"damage_taken":0.0,"cards_obtained":["Skim"]},{"damage_healed":0.0,"max_hp_gain":0.0,"max_hp_loss":40.0,"gold_gain":0.0,"event_name":"Ghosts","player_choice":"Became a Ghost","floor":21.0,"gold_loss":0.0,"damage_taken":0.0,"cards_obtained":["Ghostly","Ghostly","Ghostly","Ghostly","Ghostly"]},{"damage_healed":0.0,"max_hp_gain":0.0,"max_hp_loss":0.0,"gold_gain":0.0,"event_name":"MindBloom","player_choice":"Upgrade","floor":36.0,"gold_loss":0.0,"damage_taken":0.0,"cards_upgraded":["Strike_B","Strike_B","Defend_B","Defend_B","Dualcast","Streamline","Compile Driver","Skim","Capacitor","Ball Lightning","Amplify","Go for the Eyes","Skim","Ball Lightning","Ghostly","Ghostly","Ghostly","Ghostly","Ghostly","Ball Lightning","Amplify","Cold Snap"],"relics_obtained":["Mark of the Bloom"]},{"damage_healed":0.0,"max_hp_gain":0.0,"max_hp_loss":2.0,"gold_gain":0.0,"event_name":"Winding Halls","player_choice":"Max HP","floor":41.0,"gold_loss":0.0,"damage_taken":0.0},{"damage_healed":0.0,"max_hp_gain":0.0,"max_hp_loss":0.0,"gold_gain":0.0,"event_name":"SensoryStone","player_choice":"Memory 1","floor":46.0,"gold_loss":0.0,"damage_taken":0.0},{"damage_healed":0.0,"max_hp_gain":0.0,"max_hp_loss":0.0,"gold_gain":0.0,"event_name":"Tomb of Lord Red Mask","player_choice":"Ignored","floor":47.0,"gold_loss":0.0,"damage_taken":0.0}],"is_beta":false,"boss_relics":[{"not_picked":["Calling Bell","Tiny House"],"picked":"Philosopher\u0027s Stone"},{"not_picked":["SlaversCollar","Inserter"],"picked":"Sozu"}],"items_purged_floors":[24],"is_endless":false,"potions_floor_spawned":[4,10,14,16,22,28,31,33,39,45],"ascension_level":12}}