{"host":"a92fqxohjrzqy5rn","time":1612731028,"event":{"mods":["AchievementEnabler","BaseMod","Minty Spire (QoL Compilation)","Relic Sorter","Smile Girya"],"gold_per_floor":[114,114,133,201,166,166,194,211,211,242,87,9,39,49,49,152,202,219,219,237,246,363,363,384,395,395,395,320,356,356,356],"floor_reached":30,"language":"ENG","playtime":1116,"items_purged":["Writhe"],"score":248,"play_id":"c0d15d41-bbb5-4a87-9c5d-7ff886e5c53a","local_time":"20210207205028","is_ascension_mode":false,"campfire_choices":[{"data":"Juggernaut","floor":6,"key":"SMITH"},{"data":"Apotheosis","floor":15,"key":"SMITH"},{"floor":23,"key":"REST"},{"floor":27,"key":"REST"}],"circlet_count":0,"master_deck":["Strike_R","Strike_R","Strike_R","Strike_R","Defend_R+1","Defend_R","Defend_R+1","Bash","Juggernaut+1","Flame Barrier","Power Through","Heavy Blade+1","Clothesline","Rampage","Spot Weakness","Apotheosis+1","Metallicize","Infernal Blade","Rupture","Reaper","Clash","Shockwave","Bash","Dark Shackles","Panacea","Dark Shackles","Battle Trance+1","Body Slam+1"],"relics":["Burning Blood","InkBottle","MawBank","Odd Mushroom","Tiny House","CeramicFish","Peace Pipe","Singing Bowl"],"acts_visited":["Exordium","TheCity"],"potions_floor_usage":[16,25,29,30],"damage_taken":[{"damage":0,"enemies":"Small Slimes","floor":1,"turns":4},{"damage":0,"enemies":"2 Louse","floor":3,"turns":3},{"damage":13,"enemies":"Lagavulin","floor":7,"turns":8},{"damage":0,"enemies":"Jaw Worm","floor":8,"turns":3},{"damage":6,"enemies":"2 Fungi Beasts","floor":10,"turns":4},{"damage":15,"enemies":"The Mushroom Lair","floor":13,"turns":5},{"damage":11,"enemies":"Exordium Wildlife","floor":14,"turns":3},{"damage":28,"enemies":"The Guardian","floor":16,"turns":9},{"damage":10,"enemies":"Spheric Guardian","floor":18,"turns":4},{"damage":16,"enemies":"Shell Parasite","floor":20,"turns":5},{"damage":40,"enemies":"Sentry and Sphere","floor":24,"turns":8},{"damage":15,"enemies":"Snake Plant","floor":25,"turns":5},{"damage":44,"enemies":"Slavers","floor":29,"turns":8},{"damage":13,"enemies":"Chosen and Byrds","floor":30,"turns":6}],"seed_played":"7908030151171769833","potions_obtained":[{"floor":1,"key":"Regen Potion"},{"floor":14,"key":"SteroidPotion"},{"floor":16,"key":"ElixirPotion"},{"floor":17,"key":"BlessingOfTheForge"}],"is_trial":false,"path_per_floor":["M","?","M","?","?","R","E","M","T","M","$","$","?","M","R","B",null,"M","?","M","?","?","R","M","M","T","R","$","E","M"],"character_chosen":"IRONCLAD","items_purchased":["Apotheosis","Metallicize"],"campfire_rested":2,"item_purchase_floors":[11,12],"current_hp_per_floor":[72,58,64,64,72,72,65,71,71,71,71,71,62,57,57,50,77,73,73,71,71,38,61,27,18,18,41,41,12,0,0],"gold":356,"neow_bonus":"TRANSFORM_TWO_CARDS","is_daily":false,"chose_seed":false,"campfire_upgraded":2,"win_rate":0.0,"timestamp":1612731028,"path_taken":["M","?","M","?","?","R","E","M","T","M","?","$","?","M","R","BOSS","M","?","?","?","?","R","M","M","T","R","$","E","?"],"items_purchased_type":["Card","Card"],"build_version":"2020-12-22","purchased_purges":1,"victory":false,"max_hp_per_floor":[72,72,72,72,72,72,72,72,72,72,72,72,72,72,72,72,77,77,77,77,77,77,77,77,77,77,77,77,77,77,77],"card_choices":[{"not_picked":["Headbutt","Warcry"],"picked":"Power Through","floor":1},{"not_picked":["Headbutt","Sword Boomerang"],"picked":"Heavy Blade","floor":3},{"not_picked":["Reckless Charge","Cleave"],"picked":"Clothesline","floor":7},{"not_picked":["Disarm","Brutality"],"picked":"Rampage","floor":8},{"not_picked":["Pommel Strike","Feel No Pain"],"picked":"Spot Weakness","floor":10},{"not_picked":["Dual Wield","Perfected Strike"],"picked":"Infernal Blade","floor":13},{"not_picked":["Flame Barrier","Intimidate"],"picked":"Rupture","floor":14},{"not_picked":["Bludgeon","Immolate"],"picked":"Reaper","floor":16},{"not_picked":["Flex","Clothesline"],"picked":"Clash","floor":17},{"not_picked":["Flex+1","Havoc"],"picked":"Shockwave","floor":18},{"not_picked":["Clothesline","Dark Embrace+1","Intimidate"],"picked":"SKIP","floor":20},{"not_picked":["Thunderclap","Flex+1"],"picked":"Battle Trance+1","floor":24},{"not_picked":["Havoc+1","Heavy Blade","Seeing Red+1"],"picked":"SKIP","floor":25},{"not_picked":["Whirlwind","Berserk"],"picked":"Body Slam+1","floor":29}],"player_experience":219510,"relics_obtained":[{"floor":7,"key":"InkBottle"},{"floor":9,"key":"MawBank"},{"floor":13,"key":"Odd Mushroom"},{"floor":26,"key":"Peace Pipe"},{"floor":29,"key":"Singing Bowl"}],"event_choices":[{"damage_healed":0,"gold_gain":0,"player_choice":"Entered Light","damage_taken":14,"max_hp_gain":0,"max_hp_loss":0,"event_name":"Shining Light","floor":2,"gold_loss":0,"cards_upgraded":["Defend_R","Defend_R"]},{"damage_healed":0,"gold_gain":68,"player_choice":"Gained Gold","damage_taken":0,"max_hp_gain":0,"max_hp_loss":0,"event_name":"Golden Wing","floor":4,"gold_loss":0},{"damage_healed":18,"gold_gain":0,"player_choice":"Healed","damage_taken":0,"max_hp_gain":0,"max_hp_loss":0,"event_name":"The Cleric","floor":5,"gold_loss":35},{"damage_healed":0,"gold_gain":0,"player_choice":"Fought Mushrooms","damage_taken":0,"max_hp_gain":0,"max_hp_loss":0,"event_name":"Mushrooms","floor":13,"gold_loss":0},{"damage_healed":0,"gold_gain":0,"player_choice":"1 cards matched","damage_taken":0,"max_hp_gain":0,"max_hp_loss":0,"event_name":"Match and Keep!","floor":19,"gold_loss":0,"cards_obtained":["Bash"]},{"damage_healed":0,"gold_gain":0,"player_choice":"Opened","damage_taken":0,"relics_obtained":["CeramicFish"],"max_hp_gain":0,"max_hp_loss":0,"event_name":"The Mausoleum","floor":21,"gold_loss":0,"cards_obtained":["Writhe"]},{"damage_healed":0,"gold_gain":90,"player_choice":"CARD GOLD CARD CARD ","damage_taken":33,"max_hp_gain":0,"max_hp_loss":0,"event_name":"Knowing Skull","floor":22,"potions_obtained":[],"gold_loss":0,"cards_obtained":["Dark Shackles","Panacea","Dark Shackles"]}],"is_beta":false,"boss_relics":[{"not_picked":["Runic Pyramid","Ectoplasm"],"picked":"Tiny House"}],"items_purged_floors":[28],"is_endless":false,"potions_floor_spawned":[1,14,16,18],"killed_by":"Chosen and Byrds","ascension_level":0}}