{"host":"sum4dy402bbv9y4o","time":1612704443,"event":{"mods":["Aspiration","BaseMod","Conspire","Highlight Path","Minty Spire (QoL Compilation)","StSLib"],"gold_per_floor":[112,112,112,127,127,159,159,184,184,202,202,68,84,116,116,189,189,199,32,32,59,72,72,82,82,132,160,3,13,13,23,23,23,23],"floor_reached":33,"language":"ENG","playtime":1046,"items_purged":["Strike_R","Strike_R"],"score":616,"play_id":"4f350b79-b000-4544-beb1-cc78ec901244","local_time":"20210207162723","is_ascension_mode":true,"campfire_choices":[{"data":"Carnage","floor":7,"key":"SMITH"},{"data":"Rampage","floor":15,"key":"SMITH"},{"data":"Armaments","floor":23,"key":"SMITH"},{"floor":25,"key":"REST"},{"floor":32,"key":"REST"}],"circlet_count":0,"master_deck":["AscendersBane","Strike_R","Strike_R","Strike_R","Defend_R","Defend_R","Defend_R","Bash+1","Ghostly Armor+1","Intimidate","Carnage+1","Rampage+1","Cleave","Feed","Armaments+1","Blood for Blood","Feel No Pain"],"relics":["Burning Blood","NeowsBlessing","aspiration:FetidBarrel","Tiny Chest","Art of War","Omamori","aspiration:HiddenCompartment","aspiration:SecretTechniqueScroll","Blood Vial","aspiration:ChemicalBlood","Bag of Preparation","Lantern"],"acts_visited":["Exordium","TheCity"],"potions_floor_usage":[14,16,16,24,27,27,27,29,29,29,29,31,33,33],"damage_taken":[{"damage":0,"enemies":"Jaw Worm","floor":1,"turns":1},{"damage":0,"enemies":"Small Slimes","floor":4,"turns":1},{"damage":0,"enemies":"Lagavulin","floor":6,"turns":1},{"damage":20,"enemies":"3 Sentries","floor":8,"turns":5},{"damage":6,"enemies":"Cultist","floor":10,"turns":3},{"damage":8,"enemies":"Looter","floor":13,"turns":2},{"damage":24,"enemies":"Lagavulin","floor":14,"turns":6},{"damage":18,"enemies":"Slime Boss","floor":16,"turns":6},{"damage":13,"enemies":"Spheric Guardian","floor":18,"turns":4},{"damage":9,"enemies":"Chosen","floor":22,"turns":6},{"damage":18,"enemies":"Snecko","floor":24,"turns":4},{"damage":59,"enemies":"conspire:SneckoGhost","floor":27,"turns":8},{"damage":6,"enemies":"Sentry and Sphere","floor":29,"turns":4},{"damage":20,"enemies":"Shelled Parasite and Fungi","floor":31,"turns":6},{"damage":43,"enemies":"conspire:MysteriousRune","floor":33,"turns":4}],"seed_played":"2007026245936527573","potions_obtained":[{"floor":1,"key":"SpeedPotion"},{"floor":8,"key":"Explosive Potion"},{"floor":13,"key":"SkillPotion"},{"floor":14,"key":"SteroidPotion"},{"floor":18,"key":"ElixirPotion"},{"floor":22,"key":"PowerPotion"},{"floor":31,"key":"CultistPotion"}],"is_trial":false,"path_per_floor":["M","?","?","M","?","E","R","E","T","M","?","$","M","E","R","B",null,"M","$","?","T","M","R","M","R","T","E","$","M","?","M","R","B"],"character_chosen":"IRONCLAD","items_purchased":["Cleave","Blood Vial","SkillPotion"],"campfire_rested":2,"item_purchase_floors":[12,19,28],"current_hp_per_floor":[74,74,67,73,73,75,75,61,61,61,56,56,54,39,39,30,68,64,64,40,40,39,39,29,55,55,20,20,22,17,9,36,0,0],"gold":23,"neow_bonus":"THREE_ENEMY_KILL","is_daily":false,"chose_seed":false,"campfire_upgraded":3,"win_rate":0.0,"timestamp":1612704443,"path_taken":["M","?","?","M","?","E","R","E","T","?","?","$","M","E","R","BOSS","M","$","?","?","M","R","M","R","T","E","?","M","?","M","R","BOSS"],"items_purchased_type":["Card","Relic","Potion"],"build_version":"2020-12-22","purchased_purges":2,"victory":false,"max_hp_per_floor":[75,75,75,75,75,75,75,75,75,75,75,75,75,78,78,81,81,84,84,89,89,89,89,89,89,89,89,89,89,89,93,93,93,93],"card_choices":[{"not_picked":["Flex","Pommel Strike"],"picked":"Ghostly Armor","floor":1},{"not_picked":["Shrug It Off","Heavy Blade"],"picked":"Intimidate","floor":4},{"not_picked":["Intimidate","Burning Pact"],"picked":"Carnage","floor":6},{"not_picked":["Second Wind","Twin Strike"],"picked":"Rampage","floor":8},{"not_picked":["Evolve","Flex","Clothesline"],"picked":"SKIP","floor":10},{"not_picked":["Dropkick","Clothesline"],"picked":"Feed","floor":13},{"not_picked":["Brutality","Seeing Red","Flex"],"picked":"SKIP","floor":14},{"not_picked":["Perfected Strike","Cleave"],"picked":"Armaments","floor":18},{"not_picked":["Warcry","Dropkick","Wild Strike"],"picked":"SKIP","floor":22},{"not_picked":["Power Through","Spot Weakness"],"picked":"Blood for Blood","floor":24},{"not_picked":["Wild Strike","Ghostly Armor"],"picked":"Feel No Pain","floor":27},{"not_picked":["Burning Pact","Anger","Cleave"],"picked":"SKIP","floor":29},{"not_picked":["Heavy Blade","Havoc","Power Through"],"picked":"SKIP","floor":31}],"player_experience":3053948,"relics_obtained":[{"floor":6,"key":"aspiration:FetidBarrel"},{"floor":8,"key":"Tiny Chest"},{"floor":9,"key":"Art of War"},{"floor":14,"key":"aspiration:HiddenCompartment"},{"floor":21,"key":"aspiration:ChemicalBlood"},{"floor":26,"key":"Bag of Preparation"},{"floor":27,"key":"Lantern"}],"event_choices":[{"damage_healed":0,"gold_gain":0,"player_choice":"Grow","damage_taken":0,"max_hp_gain":0,"max_hp_loss":0,"event_name":"Living Wall","floor":2,"gold_loss":0,"cards_upgraded":["Bash"]},{"cards_removed":["Defend_R"],"damage_healed":0,"gold_gain":0,"player_choice":"Card Removal","damage_taken":7,"max_hp_gain":0,"max_hp_loss":0,"event_name":"Golden Wing","floor":3,"gold_loss":0},{"damage_healed":0,"gold_gain":0,"player_choice":"Upgraded","damage_taken":0,"max_hp_gain":0,"max_hp_loss":0,"event_name":"Upgrade Shrine","floor":5,"gold_loss":0,"cards_upgraded":["Ghostly Armor"]},{"damage_healed":0,"gold_gain":0,"player_choice":"Success","damage_taken":5,"relics_obtained":["Omamori"],"max_hp_gain":0,"max_hp_loss":0,"event_name":"Scrap Ooze","floor":11,"gold_loss":0},{"damage_healed":0,"gold_gain":0,"player_choice":"Shed Blood","damage_taken":29,"max_hp_gain":5,"max_hp_loss":0,"event_name":"Forgotten Altar","floor":20,"gold_loss":0},{"damage_healed":0,"gold_gain":0,"player_choice":"Leave","damage_taken":0,"max_hp_gain":0,"max_hp_loss":0,"event_name":"conspire:Investor","floor":30,"gold_loss":0}],"is_beta":false,"boss_relics":[{"not_picked":["Tiny House","Runic Pyramid"],"picked":"aspiration:SecretTechniqueScroll"}],"items_purged_floors":[12,28],"is_endless":false,"potions_floor_spawned":[1,8,13,14,18,22,31],"killed_by":"conspire:MysteriousRune","ascension_level":20}}