{"host":"q701h07drgnlmon4","time":1612687191,"event":{"mods":["Act Like it!","Aspiration","BaseMod","BetterRewards","Challenge The Spire","Colored Map","Colored Powertips","Hallownest","Hubris","Infinite Spire","Minty Spire (QoL Compilation)","Replay The Spire","StSLib","The Necromancer"],"gold_per_floor":[115,10,25,25,42,42,68,68,119,152,152,167,66,66,66,138,138,149,42,53,53,70,70,124,154,154],"floor_reached":25,"language":"ENG","playtime":1198,"items_purged":["ReplayTheSpireMod:Doomed"],"score":360,"play_id":"054b8d92-7c53-4d47-8a7e-dc80041a3d5a","local_time":"20210207003951","is_ascension_mode":true,"campfire_choices":[{"floor":6.0,"key":"RECALL"},{"data":"Summon_Undead_Army","floor":11.0,"key":"SMITH"},{"data":"Replay:Bootleg Shield Generator","floor":15.0,"key":"SMITH"},{"data":"Summon_Lich","floor":23,"key":"SMITH"}],"circlet_count":0,"master_deck":["AscendersBane","Negative_Energy_Arrows+1","Bone_Wall","Acid_Javelin","Summon_Undead_Army+1","Good Instincts","Siphon_Strength","Negative_Energy_Mist","Life_Tap","Negative_Energy_Shield","Death_March_Dance+1","Replay:Bootleg Shield Generator+1","Grasp_Heart","Stop_Heart","Deaths_Shadow","Detonate_Bones","Negative_Energy_Burst","Spectral_Armor","Consume_Illness","Blood_Wake","Necromantic_Selection","Siphon_Strength+1","Summon_Lich+1","Bones_to_Steel","Summon_Lich+1","Spectral_Walk","Vampiric_Strike"],"relics":["Vampire_Amulet","aspiration:Nostalgia","PureWater","ReplayTheSpireMod:CursedCoin","hubris:Icosahedron","infinitespire:Lucky Rock","hubris:64BitClover","Mummified Hand","hubris:SlimyHat","Letter Opener","Pandora\u0027s Box","Shuriken"],"acts_visited":["Exordium","Hallownest:Greenpath"],"potions_floor_usage":[16,22,25],"damage_taken":[{"damage":3.0,"enemies":"Hallownest:2_MossCreeps","floor":1.0,"turns":6.0},{"damage":2.0,"enemies":"Hallownest:monsterHuskGuard","floor":3.0,"turns":4.0},{"damage":0.0,"enemies":"2_ Uuma","floor":5.0,"turns":6.0},{"damage":20.0,"enemies":"Hallownest:eliteCrystalGuardian","floor":7.0,"turns":7.0},{"damage":19.0,"enemies":"Hallownest:eliteMossKnight","floor":10.0,"turns":9.0},{"damage":2.0,"enemies":"Hallownest:MossCreep_and_Mosskin","floor":12.0,"turns":4.0},{"damage":6,"enemies":"Hallownest:BossBrokenVessel","floor":16,"turns":11},{"damage":16,"enemies":"Hallownest:2_Mistakes","floor":18,"turns":4},{"damage":9,"enemies":"Hallownest:Flukemon_and_Top","floor":20,"turns":5},{"damage":9,"enemies":"Hallownest:2_Flukemon","floor":22,"turns":5},{"damage":22,"enemies":"Hallownest:Glutton_and_Coward","floor":25,"turns":2}],"seed_played":"-8389622325957615593","potions_obtained":[{"floor":5.0,"key":"Milkshake"},{"floor":7.0,"key":"SpeedPotion"},{"floor":10.0,"key":"Strength Potion"},{"floor":16,"key":"Strength Potion"},{"floor":18,"key":"SkillPotion"},{"floor":22,"key":"Explosive Potion"}],"is_trial":false,"path_per_floor":["M","$","M","?","M","R","E","?","T","E","R","M","$","?","R","B",null,"M","$","M","?","M","R","?","M"],"character_chosen":"NECROMANCER","items_purchased":["Summon_Undead_Army","ReplayTheSpireMod:CursedCoin","Good Instincts","Replay:Bootleg Shield Generator","Summon_Lich","Bones_to_Steel"],"campfire_rested":0,"item_purchase_floors":[2,2,2,13,19,19],"current_hp_per_floor":[65,65,65,65,69,69,51,47,47,32,32,34,34,34,34,38,63,51,51,47,51,46,46,18,0,0],"gold":154,"neow_bonus":"NOSTALGIA","is_daily":false,"chose_seed":false,"campfire_upgraded":3,"win_rate":0.0,"timestamp":1612687191,"path_taken":["M","$","M","?","M","R","E","?","T","E","R","M","$","?","R","BOSS","M","$","M","?","?","R","?","M"],"items_purchased_type":["Card","Relic","Card","Card","Card","Card"],"build_version":"2020-12-22","purchased_purges":1,"victory":false,"max_hp_per_floor":[71,71,71,71,71,71,71,71,71,71,71,71,71,71,71,71,71,71,71,71,71,71,71,71,71,71],"card_choices":[{"not_picked":["Negative_Energy_Javelin","Chill_Blood"],"picked":"Acid_Javelin","floor":1.0},{"not_picked":["Thousand_Bone_Knives","Bone_Spikes"],"picked":"Siphon_Strength","floor":3.0},{"not_picked":["Blood_for_Blood","Bone_Spikes"],"picked":"Negative_Energy_Mist","floor":5.0},{"not_picked":["Negative_Energy_Sphere","Blood_Is_Power"],"picked":"Life_Tap","floor":7.0},{"not_picked":["Negative_Energy_Javelin","Blood_for_Blood"],"picked":"Negative_Energy_Shield","floor":10.0},{"not_picked":["Detonate_Bones","Death_Knell"],"picked":"Death_March_Dance","floor":12.0},{"not_picked":["Cloudkill","Skeleton_Dragon"],"picked":"Grasp_Heart","floor":16},{"not_picked":["Bone_Bullets","Vampiric_Strike"],"picked":"Siphon_Strength+1","floor":18},{"not_picked":["Negative_Energy_Burst","Blood_Curse"],"picked":"Summon_Lich+1","floor":20},{"not_picked":["Flesh_Made_Foul","Bone_Spikes"],"picked":"Spectral_Walk","floor":22},{"not_picked":["Bone_Armor","Death_March_Dance"],"picked":"Vampiric_Strike","floor":24}],"player_experience":803108,"relics_obtained":[{"floor":7.0,"key":"infinitespire:Lucky Rock"},{"floor":9.0,"key":"hubris:SlimyHat"},{"floor":10.0,"key":"Letter Opener"},{"floor":24,"key":"Shuriken"}],"event_choices":[],"is_beta":false,"boss_relics":[{"not_picked":["Ring of Chaos","SacredBark"],"picked":"Pandora\u0027s Box"}],"items_purged_floors":[2],"is_endless":false,"potions_floor_spawned":[5,7,10,16,18,22],"killed_by":"Hallownest:Glutton_and_Coward","ascension_level":16}}