{"host":"684z1xpuwaoqmmh1","time":1612721470,"event":{"mods":["A Magickal Journey","Astrologer","BaseMod","Downfall","Hermit","Jorbs\u0027s Wanderer Trilogy","Marisa????????","Minty Spire (QoL Compilation)","Robot Space Explorer","Shade Mod","StSLib","The Bug Knight","The Dragon Tamer","The Elementalist","The Hayseed","The Hierophant","The Marked","The Mystic","The Runesmith","The Saiyan","The Senshi","The Spell Scribe","The Vixen","TheBandit","TheFirefly"],"gold_per_floor":[113,113,131,131,150,150,175,204,279,279,314,314,333,359,359,456,456,476,476,491,506,605,637,637,663,663,688,688,708,718,633,633,732,732,749,105,117,117,31,58,58,58],"floor_reached":41,"language":"ENG","playtime":2081,"items_purged":["theSenshi:SailorKick","Writhe"],"score":851,"play_id":"795b0184-9be4-45c0-8303-d6540fee0e43","local_time":"20210207201110","is_ascension_mode":true,"campfire_choices":[{"data":"theSenshi:RoseThrow","floor":6.0,"key":"SMITH"},{"data":"theSenshi:VenusGlamour","floor":10.0,"key":"SMITH"},{"data":"theSenshi:StudyParty","floor":12.0,"key":"SMITH"},{"data":"theSenshi:SailorMarsAssists","floor":15.0,"key":"SMITH"},{"floor":24,"key":"REST"},{"floor":28,"key":"REST"},{"floor":32,"key":"REST"}],"circlet_count":0,"master_deck":["AscendersBane","theSenshi:SailorKick","theSenshi:SailorKick","theSenshi:SailorKick","theSenshi:SailorBlock","theSenshi:SailorBlock","theSenshi:SailorBlock","theSenshi:SailorBlock","theSenshi:RoseThrow+1","theSenshi:MoonPrismPowerMakeUp","theSenshi:SailorJupiterAssists","theSenshi:MoonHealingEscalation","theSenshi:MoonTiaraMagic","theSenshi:VenusGlamour+1","theSenshi:SailorMarsAssists+1","theSenshi:StudyParty+1","theSenshi:MoonPrincessHalation+1","theSenshi:MoonPunch+1","theSenshi:JupitersPower+1","theSenshi:SailorUranusAssists+1","theSenshi:MoonCrystalPowerMakeUp","theSenshi:SailorV","theSenshi:MarsPride","theSenshi:SailorPlanetAttack+1","theSenshi:InTheNameOfTheMoon","theSenshi:SailorSaturnAssists+1","theSenshi:MoonGorgeousMeditation+1","Apotheosis","theSenshi:SailorMercuryAssists","theSenshi:CrisisMakeUp","theSenshi:MoonKick+1"],"relics":["theSenshi:TransformationBroochRelic","Art of War","WingedGreaves","Ancient Tea Set","Du-Vu Doll","Molten Egg 2","Slimebound:PreparedRelic","Shovel","Fusion Hammer","Sundial","theSenshi:RoseRelic","HollowMod:LifeEnderRelic","Letter Opener","Smiling Mask","Busted Crown","hexamod:CandleOfCauterizing","Meat on the Bone"],"acts_visited":["Exordium","TheCity","TheBeyond"],"potions_floor_usage":[20,27,30,33],"damage_taken":[{"damage":0.0,"enemies":"Cultist","floor":1.0,"turns":4.0},{"damage":5.0,"enemies":"Jaw Worm","floor":3.0,"turns":6.0},{"damage":2.0,"enemies":"2 Louse","floor":5.0,"turns":15.0},{"damage":24.0,"enemies":"Gremlin Nob","floor":7.0,"turns":5.0},{"damage":15.0,"enemies":"Lagavulin","floor":8.0,"turns":7.0},{"damage":15.0,"enemies":"Gremlin Nob","floor":11.0,"turns":4.0},{"damage":0.0,"enemies":"Blue Slaver","floor":13.0,"turns":2.0},{"damage":5.0,"enemies":"Lagavulin","floor":14.0,"turns":6.0},{"damage":27.0,"enemies":"Slime Boss","floor":16.0,"turns":10.0},{"damage":12.0,"enemies":"Chosen","floor":18.0,"turns":3.0},{"damage":0,"enemies":"Shell Parasite","floor":20,"turns":5},{"damage":28,"enemies":"Snake Plant","floor":21,"turns":4},{"damage":52,"enemies":"Slavers","floor":23,"turns":6},{"damage":0,"enemies":"Gremlin Leader","floor":25,"turns":4},{"damage":42,"enemies":"Slavers","floor":27,"turns":3},{"damage":0,"enemies":"Centurion and Healer","floor":29,"turns":2},{"damage":26,"enemies":"Snecko","floor":30,"turns":4},{"damage":45,"enemies":"Automaton","floor":33,"turns":7},{"damage":1,"enemies":"3 Shapes","floor":35,"turns":3},{"damage":31,"enemies":"3 Darklings","floor":37,"turns":7},{"damage":34,"enemies":"Reptomancer","floor":40,"turns":5},{"damage":43,"enemies":"2 Orb Walkers","floor":41,"turns":3}],"seed_played":"1857262751993715372","potions_obtained":[{"floor":1.0,"key":"GamblersBrew"},{"floor":5.0,"key":"FairyPotion"},{"floor":14.0,"key":"LiquidMemories"},{"floor":23,"key":"Strength Potion"},{"floor":25,"key":"sneckomod:MuddlingPotion"},{"floor":30,"key":"DuplicationPotion"},{"floor":33,"key":"champ:CounterPotion"},{"floor":37,"key":"bronze:BurnAndBuffPotion"}],"is_trial":false,"path_per_floor":["M","?","M","?","M","R","E","E","T","R","E","R","M","E","R","B",null,"M","?","M","M","?","E","R","E","T","E","R","M","M","?","R","B",null,"M","$","M","?","$","E","?"],"character_chosen":"THE_SENSHI","items_purchased":["hexamod:CandleOfCauterizing","theSenshi:MoonGorgeousMeditation+1","Apotheosis","theSenshi:CrisisMakeUp"],"campfire_rested":3,"item_purchase_floors":[36,36,36,39],"current_hp_per_floor":[68,50,45,45,75,75,56,51,51,51,41,41,46,46,46,34,65,58,58,68,45,45,27,49,59,59,17,39,39,23,23,45,5,58,62,62,41,60,60,41,0,0],"gold":58,"neow_bonus":"RANDOM_COMMON_RELIC","is_daily":false,"chose_seed":false,"campfire_upgraded":4,"win_rate":0.0,"timestamp":1612721470,"path_taken":["M","?","M","?","M","R","E","E","T","R","E","R","M","E","R","BOSS","M","?","M","M","?","E","R","E","T","E","R","M","M","?","R","BOSS","M","$","M","?","$","E","?"],"items_purchased_type":["Relic","Card","Card","Card"],"build_version":"2020-12-22","purchased_purges":2,"victory":false,"max_hp_per_floor":[75,75,75,75,75,75,75,75,75,75,75,75,75,75,75,75,75,75,75,75,75,75,75,75,75,75,75,75,75,75,75,75,75,75,75,75,75,75,75,75,75,75],"card_choices":[{"not_picked":["theSenshi:MoonCrystalPowerMakeUp","theSenshi:SchoolBag"],"picked":"theSenshi:SailorJupiterAssists","floor":1.0},{"not_picked":["theSenshi:SchoolBag","theSenshi:SailorPlanetPower"],"picked":"theSenshi:MoonHealingEscalation","floor":3.0},{"not_picked":["theSenshi:LunasBite","theSenshi:SchoolBag"],"picked":"theSenshi:MoonTiaraMagic","floor":5.0},{"not_picked":["theSenshi:SailorUranusAssists","theSenshi:SailorChibiMoonAssists"],"picked":"theSenshi:VenusGlamour","floor":7.0},{"not_picked":["theSenshi:SailorStarFighterAssists","theSenshi:YouCanTalk"],"picked":"theSenshi:SailorMarsAssists","floor":8.0},{"not_picked":["theSenshi:SailorPlanetAttack+1","theSenshi:MoonKick+1"],"picked":"theSenshi:StudyParty","floor":11.0},{"not_picked":["theSenshi:LateForSchool","theSenshi:MoonsReflection"],"picked":"theSenshi:MoonPrincessHalation+1","floor":13.0},{"not_picked":["theSenshi:SailorJupiterAssists+1","theSenshi:VenusGlamour+1"],"picked":"theSenshi:MoonPunch+1","floor":14.0},{"not_picked":["theSenshi:InTheNameOfTheMoon","theSenshi:FatedKiss"],"picked":"theSenshi:JupitersPower+1","floor":16.0},{"not_picked":["theSenshi:SailorJupiterAssists+1","theSenshi:MoonSpiralHeartAttack+1"],"picked":"theSenshi:SailorUranusAssists+1","floor":18.0},{"not_picked":["theSenshi:SailorJupiterAssists+1","theSenshi:TuxedoSmokingBomber+1","theSenshi:Sidestep"],"picked":"SKIP","floor":20},{"not_picked":["theSenshi:SailorJupiterAssists+1","theSenshi:NeptunesGrace+1","theSenshi:SailorUranusAssists+1"],"picked":"SKIP","floor":21},{"not_picked":["theSenshi:MoonPrincessHalation+1","theSenshi:MoonsReflection"],"picked":"theSenshi:MoonCrystalPowerMakeUp","floor":23},{"not_picked":["theSenshi:SupersonicWaves+1","theSenshi:SailorStarMakerAssists"],"picked":"theSenshi:SailorV","floor":25},{"not_picked":["theSenshi:DramaticEntrance","theSenshi:MoonCrystalPowerMakeUp"],"picked":"theSenshi:MarsPride","floor":27},{"not_picked":["theSenshi:TallSilhouette","theSenshi:SailorNeptuneAssists"],"picked":"theSenshi:SailorPlanetAttack+1","floor":29},{"not_picked":["theSenshi:SailorJupiterAssists+1","theSenshi:SchoolBag+1"],"picked":"theSenshi:InTheNameOfTheMoon","floor":30},{"not_picked":["theSenshi:StarlightHoneymoonTherapyKiss+1","theSenshi:SailorStarHealerAssists"],"picked":"theSenshi:SailorSaturnAssists+1","floor":33},{"not_picked":["theSenshi:MoonSpiralHeartAttack+1"],"picked":"SKIP","floor":35},{"not_picked":[],"picked":"theSenshi:SailorMercuryAssists","floor":37},{"not_picked":[],"picked":"theSenshi:MoonKick+1","floor":40}],"player_experience":3226766,"relics_obtained":[{"floor":7.0,"key":"Ancient Tea Set"},{"floor":8.0,"key":"Du-Vu Doll"},{"floor":9.0,"key":"Molten Egg 2"},{"floor":11.0,"key":"Slimebound:PreparedRelic"},{"floor":14.0,"key":"Shovel"},{"floor":23,"key":"Sundial"},{"floor":25,"key":"theSenshi:RoseRelic"},{"floor":26,"key":"HollowMod:LifeEnderRelic"},{"floor":27,"key":"Letter Opener"},{"floor":40,"key":"Meat on the Bone"}],"event_choices":[{"damage_healed":0.0,"max_hp_gain":0.0,"max_hp_loss":0.0,"gold_gain":0.0,"event_name":"Scrap Ooze","player_choice":"Success","floor":2.0,"gold_loss":0.0,"damage_taken":18.0,"relics_obtained":["WingedGreaves"]},{"damage_healed":0.0,"max_hp_gain":0.0,"max_hp_loss":0.0,"gold_gain":0.0,"event_name":"Liars Game","player_choice":"Ignored","floor":4.0,"gold_loss":0.0,"damage_taken":0.0},{"damage_healed":0,"gold_gain":99,"player_choice":"Stole From Cult","damage_taken":0,"max_hp_gain":0,"max_hp_loss":0,"event_name":"Nest","floor":22,"gold_loss":0},{"damage_healed":0,"gold_gain":0,"player_choice":"Obtained Relic","damage_taken":0,"relics_obtained":["Smiling Mask"],"max_hp_gain":0,"max_hp_loss":0,"event_name":"Addict","floor":31,"gold_loss":85},{"damage_healed":19,"gold_gain":0,"player_choice":"Writhe","damage_taken":0,"max_hp_gain":0,"max_hp_loss":0,"event_name":"Winding Halls","floor":38,"gold_loss":0,"cards_obtained":["Writhe"]},{"damage_healed":0,"gold_gain":0,"player_choice":"Fight","damage_taken":0,"max_hp_gain":0,"max_hp_loss":0,"event_name":"Mysterious Sphere","floor":41,"gold_loss":0}],"is_beta":false,"boss_relics":[{"not_picked":["Runic Dome","Black Star"],"picked":"Fusion Hammer"},{"not_picked":["theSenshi:MoonKaleidoScopeRelic","Calling Bell"],"picked":"Busted Crown"}],"items_purged_floors":[36,39],"is_endless":false,"potions_floor_spawned":[1,5,14,18,23,25,30,33,37],"killed_by":"2 Orb Walkers","ascension_level":12}}