{"host":"flk9eme3n59cnu2c","time":1612659536,"event":{"mods":["A Penny For Your Troubles","AchievementEnabler","BaseMod","Better-Laid Plans","Block Reminder","Colored Map","Googly Eyes","Minty Spire (QoL Compilation)","RNG Fix","Rare Cards Sparkle","Relic Stats","Reorder Act Four","Slay-I","StSLib","Weighted Paths"],"gold_per_floor":[117,97,97,110,120,120,270,270,270,270,270,22,33,8,8,86,86,102,102,117,117,117,117,147,160,160,160,160,160,160,160],"floor_reached":30,"language":"ENG","playtime":1117,"items_purged":["Doubt"],"score":472,"play_id":"c0c5bcc5-a370-43b4-ad4e-6f433de61214","local_time":"20210206185856","is_ascension_mode":true,"campfire_choices":[{"data":"Metamorphosis","floor":6,"key":"SMITH"},{"data":"Genetic Algorithm","floor":8,"key":"SMITH"},{"data":"Dualcast","floor":11,"key":"SMITH"},{"data":"Coolheaded","floor":15,"key":"SMITH"},{"floor":23,"key":"REST"},{"floor":28,"key":"REST"}],"circlet_count":0,"master_deck":["AscendersBane","Strike_B","Strike_B","Defend_B","Defend_B","Defend_B+1","Defend_B","Zap+1","Dualcast+1","Metamorphosis+1","Conserve Battery","Genetic Algorithm+1","Genetic Algorithm+1","Coolheaded+1","Coolheaded","All For One","Decay","Hologram","Self Repair","White Noise+1"],"relics":["Cracked Core","Strawberry","DollysMirror","Empty Cage","Anchor","Gremlin Horn"],"acts_visited":["Exordium","TheCity"],"potions_floor_usage":[13,16,20,20,27],"damage_taken":[{"damage":13,"enemies":"Small Slimes","floor":1,"turns":2},{"damage":11,"enemies":"2 Louse","floor":4,"turns":3},{"damage":5,"enemies":"Cultist","floor":5,"turns":4},{"damage":6,"enemies":"Red Slaver","floor":13,"turns":3},{"damage":7,"enemies":"Slime Boss","floor":16,"turns":8},{"damage":16,"enemies":"Shell Parasite","floor":18,"turns":5},{"damage":30,"enemies":"3 Byrds","floor":20,"turns":8},{"damage":28,"enemies":"Book of Stabbing","floor":24,"turns":5},{"damage":14,"enemies":"Snecko","floor":25,"turns":4},{"damage":0,"enemies":"Chosen and Byrds","floor":27,"turns":3},{"damage":17,"enemies":"Colosseum Slavers","floor":29,"turns":4},{"damage":18,"enemies":"Slavers","floor":30,"turns":1}],"seed_played":"-8641550151067443026","potions_obtained":[{"floor":1,"key":"Strength Potion"},{"floor":2,"key":"Explosive Potion"},{"floor":16,"key":"SneckoOil"},{"floor":20,"key":"Fruit Juice"},{"floor":22,"key":"SmokeBomb"},{"floor":22,"key":"Explosive Potion"},{"floor":25,"key":"PotionOfCapacity"}],"is_trial":false,"path_per_floor":["M","?","?","M","M","R","?","R","T","?","R","$","M","$","R","B",null,"M","?","M","?","?","R","E","M","T","M","R","?","E"],"character_chosen":"DEFECT","items_purchased":["DollysMirror","Coolheaded"],"campfire_rested":2,"item_purchase_floors":[12,14],"current_hp_per_floor":[51,51,51,40,35,35,35,35,42,19,19,19,13,13,13,6,60,44,44,19,19,19,43,15,1,1,1,25,8,0,0],"gold":160,"neow_bonus":"RANDOM_COLORLESS_2","is_daily":false,"chose_seed":false,"campfire_upgraded":4,"win_rate":0.0,"timestamp":1612659536,"path_taken":["M","?","?","M","M","R","?","R","T","?","R","$","M","$","R","BOSS","M","?","M","?","?","R","E","M","T","M","R","?","E"],"items_purchased_type":["Relic","Card"],"build_version":"2020-12-22","purchased_purges":1,"victory":false,"max_hp_per_floor":[71,71,71,71,71,71,71,71,78,78,78,78,78,78,78,78,78,78,78,83,83,83,83,83,83,83,83,83,83,83,83],"relic_stats":{"Gremlin Horn":[2,2],"counters":[12,50],"obtain_stats":[{"Anchor":24,"Gremlin Horn":26,"DollysMirror":12,"Strawberry":9,"Cracked Core":0,"Empty Cage":17},{"Anchor":8,"Gremlin Horn":9,"DollysMirror":3,"Strawberry":3,"Cracked Core":0,"Empty Cage":5},{"Anchor":38,"Gremlin Horn":42,"DollysMirror":9,"Strawberry":9,"Cracked Core":0,"Empty Cage":20}]},"card_choices":[{"not_picked":["Sadistic Nature","Chrysalis"],"picked":"Metamorphosis","floor":0},{"not_picked":["Beam Cell","Scrape"],"picked":"Conserve Battery","floor":1},{"not_picked":["Hologram","Coolheaded"],"picked":"Genetic Algorithm","floor":4},{"not_picked":["Double Energy","Recycle","Consume"],"picked":"SKIP","floor":5},{"not_picked":["Streamline","Rebound"],"picked":"Coolheaded","floor":13},{"not_picked":["Hyperbeam","Amplify"],"picked":"All For One","floor":16},{"not_picked":["Stack","Redo","Static Discharge"],"picked":"SKIP","floor":18},{"not_picked":["Steam","Hello World"],"picked":"Hologram","floor":20},{"not_picked":["Go for the Eyes","Undo"],"picked":"Self Repair","floor":24},{"not_picked":["Turbo","FTL"],"picked":"White Noise+1","floor":25}],"player_experience":924404,"relics_obtained":[{"floor":9,"key":"Strawberry"},{"floor":24,"key":"Anchor"},{"floor":26,"key":"Gremlin Horn"}],"event_choices":[{"damage_healed":0,"gold_gain":0,"player_choice":"Bought 1 Potion","damage_taken":0,"max_hp_gain":0,"max_hp_loss":0,"event_name":"The Woman in Blue","floor":2,"gold_loss":0},{"cards_removed":["Injury"],"damage_healed":0,"gold_gain":0,"player_choice":"Forget","damage_taken":0,"max_hp_gain":0,"max_hp_loss":0,"event_name":"Living Wall","floor":3,"gold_loss":0},{"damage_healed":0,"gold_gain":150,"player_choice":"AGREE","damage_taken":0,"max_hp_gain":0,"max_hp_loss":0,"event_name":"Liars Game","floor":7,"gold_loss":0,"cards_obtained":["Doubt"]},{"damage_healed":0,"gold_gain":0,"player_choice":"Entered Light","damage_taken":23,"max_hp_gain":0,"max_hp_loss":0,"event_name":"Shining Light","floor":10,"gold_loss":0,"cards_upgraded":["Zap","Defend_B"]},{"damage_healed":0,"gold_gain":0,"player_choice":"Smashed Altar","damage_taken":0,"max_hp_gain":0,"max_hp_loss":0,"event_name":"Forgotten Altar","floor":19,"gold_loss":0,"cards_obtained":["Decay"]},{"damage_healed":0,"gold_gain":0,"player_choice":"Ignored","damage_taken":0,"max_hp_gain":0,"max_hp_loss":0,"event_name":"The Mausoleum","floor":21,"gold_loss":0},{"damage_healed":0,"gold_gain":0,"player_choice":"Got Potions","damage_taken":0,"max_hp_gain":0,"max_hp_loss":0,"event_name":"Lab","floor":22,"gold_loss":0},{"damage_healed":0,"gold_gain":0,"player_choice":"Fight","damage_taken":0,"max_hp_gain":0,"max_hp_loss":0,"event_name":"Colosseum","floor":29,"gold_loss":0},{"damage_healed":0,"gold_gain":0,"player_choice":"Fled From Nobs","damage_taken":0,"max_hp_gain":0,"max_hp_loss":0,"event_name":"Colosseum","floor":29,"gold_loss":0}],"is_beta":false,"boss_relics":[{"not_picked":["Snecko Eye","Black Star"],"picked":"Empty Cage"}],"items_purged_floors":[12],"is_endless":false,"potions_floor_spawned":[1,16,20,25,27,29],"killed_by":"Slavers","ascension_level":20}}