{"host":"hs5g5f0q56ds4vmn","time":1612703448,"event":{"mods":["AchievementEnabler","BaseMod","DeckTracker","Highlight Path","Minty Spire (QoL Compilation)","SuperFastMode","everything is the same but u backflip on backflip"],"gold_per_floor":[18,38,57,70,86,86,120,120,143,143,163,163,163],"floor_reached":12,"language":"KOR","playtime":764,"items_purged":[],"score":127,"play_id":"5a3b1215-00fa-45f9-abd4-b1cc1a4837e4","local_time":"20210207221048","is_ascension_mode":true,"campfire_choices":[{"data":"Recycle","floor":6,"key":"SMITH"},{"data":"Zap","floor":10,"key":"SMITH"}],"circlet_count":0,"master_deck":["AscendersBane","Strike_B","Strike_B","Strike_B","Strike_B","Defend_B","Defend_B","Defend_B","Defend_B","Zap+1","Dualcast","Thunder Strike","Rip and Tear","Defragment","Recycle+1","Seek","Reinforced Body","Genetic Algorithm","Static Discharge"],"relics":["Cracked Core","Oddly Smooth Stone","Regal Pillow","Anchor"],"acts_visited":["Exordium"],"potions_floor_usage":[4,5,12],"damage_taken":[{"damage":6.0,"enemies":"Jaw Worm","floor":1.0,"turns":4.0},{"damage":0.0,"enemies":"Small Slimes","floor":2.0,"turns":3.0},{"damage":0.0,"enemies":"Cultist","floor":3.0,"turns":3.0},{"damage":2,"enemies":"Red Slaver","floor":4,"turns":3},{"damage":8,"enemies":"Blue Slaver","floor":5,"turns":3},{"damage":13,"enemies":"Gremlin Nob","floor":7,"turns":4},{"damage":3,"enemies":"3 Louse","floor":11,"turns":3},{"damage":34,"enemies":"3 Sentries","floor":12,"turns":5}],"seed_played":"6646841929763707627","potions_obtained":[{"floor":1.0,"key":"Block Potion"},{"floor":3.0,"key":"Fire Potion"},{"floor":4,"key":"Explosive Potion"},{"floor":7,"key":"Strength Potion"}],"is_trial":false,"path_per_floor":["M","M","M","M","M","R","E","?","T","R","M","E"],"character_chosen":"DEFECT","items_purchased":[],"campfire_rested":0,"item_purchase_floors":[],"current_hp_per_floor":[62,62,62,60,52,52,39,36,36,36,33,0,0],"gold":163,"neow_bonus":"THREE_RARE_CARDS","is_daily":false,"chose_seed":false,"campfire_upgraded":2,"win_rate":0.0,"timestamp":1612703448,"path_taken":["M","M","M","M","M","R","E","?","T","R","M","E"],"items_purchased_type":[],"build_version":"2020-12-22","purchased_purges":0,"victory":false,"max_hp_per_floor":[75,75,75,75,75,75,75,75,75,75,75,75,75],"card_choices":[{"not_picked":["Seek","Fission"],"picked":"Thunder Strike","floor":0.0},{"not_picked":["Redo","Stack"],"picked":"Rip and Tear","floor":1.0},{"not_picked":["Go for the Eyes","Beam Cell"],"picked":"Defragment","floor":2.0},{"not_picked":["Blizzard","Leap"],"picked":"Recycle","floor":3.0},{"not_picked":["Reinforced Body","Ball Lightning"],"picked":"Seek","floor":4},{"not_picked":["Streamline","Barrage"],"picked":"Reinforced Body","floor":5},{"not_picked":["Rainbow","Go for the Eyes"],"picked":"Genetic Algorithm","floor":7},{"not_picked":["Chaos","Redo"],"picked":"Static Discharge","floor":11}],"player_experience":633936,"relics_obtained":[{"floor":7,"key":"Oddly Smooth Stone"},{"floor":9,"key":"Anchor"}],"event_choices":[{"damage_healed":0,"gold_gain":0,"player_choice":"Success","damage_taken":3,"relics_obtained":["Regal Pillow"],"max_hp_gain":0,"max_hp_loss":0,"event_name":"Scrap Ooze","floor":8,"gold_loss":0}],"is_beta":false,"boss_relics":[],"items_purged_floors":[],"is_endless":false,"potions_floor_spawned":[1,3,4,7],"killed_by":"3 Sentries","ascension_level":11}}