{"host":"p1xsuo25udtrkbq2","time":1612658246,"event":{"mods":["BaseMod","Colored Map","Googly Eyes","Highlight Path","Minty Spire (QoL Compilation)","Quick Restart","Rare Cards Sparkle","Relic Stats","Slay the Relics Exporter","StSLib","everything is the same but u backflip on backflip"],"gold_per_floor":[117,131,131,14,31,31,31,31],"floor_reached":7,"language":"ENG","playtime":335,"items_purged":["Strike_G"],"score":78,"play_id":"43e4e663-51b5-49b6-b7d9-85f2a93dfe4a","local_time":"20210206193726","is_ascension_mode":true,"campfire_choices":[{"data":"Footwork","floor":6.0,"key":"SMITH"}],"circlet_count":0,"master_deck":["AscendersBane","Strike_G","Strike_G","Strike_G","Defend_G","Defend_G","Defend_G","Defend_G","Defend_G","Survivor","Neutralize","Night Terror","Blade Dance","Catalyst","Footwork+1","Leg Sweep"],"relics":["Ring of the Snake"],"acts_visited":["Exordium"],"potions_floor_usage":[7],"damage_taken":[{"damage":10.0,"enemies":"Cultist","floor":1.0,"turns":5.0},{"damage":4.0,"enemies":"Jaw Worm","floor":2.0,"turns":6.0},{"damage":4.0,"enemies":"Small Slimes","floor":5.0,"turns":4.0},{"damage":73,"enemies":"Gremlin Nob","floor":7,"turns":6}],"seed_played":"-1674517582565413814","potions_obtained":[{"floor":5.0,"key":"Regen Potion"}],"is_trial":false,"path_per_floor":["M","M","?","$","M","R","E"],"character_chosen":"THE_SILENT","items_purchased":["Footwork"],"campfire_rested":0,"item_purchase_floors":[4],"current_hp_per_floor":[49,45,38,38,34,34,0,0],"gold":31,"neow_bonus":"THREE_RARE_CARDS","is_daily":false,"chose_seed":false,"campfire_upgraded":1,"win_rate":0.0,"timestamp":1612658246,"path_taken":["M","?","?","$","M","R","E"],"items_purchased_type":["Card"],"build_version":"2020-12-22","purchased_purges":1,"victory":false,"max_hp_per_floor":[60,60,60,60,60,60,60,60],"relic_stats":{"counters":[4,21],"obtain_stats":[{"Ring of the Snake":0},{"Ring of the Snake":0},{"Ring of the Snake":0}],"Ring of the Snake":[8]},"card_choices":[{"not_picked":["Envenom","Burst"],"picked":"Night Terror","floor":0.0},{"not_picked":["Quick Slash","Backflip"],"picked":"Blade Dance","floor":1.0},{"not_picked":["Poisoned Stab","Quick Slash"],"picked":"Catalyst","floor":2.0},{"not_picked":["Finisher","Setup"],"picked":"Leg Sweep","floor":5.0}],"player_experience":1013547,"relics_obtained":[],"event_choices":[{"cards_removed":["Strike_G"],"damage_healed":0.0,"max_hp_gain":0.0,"max_hp_loss":0.0,"gold_gain":0.0,"event_name":"Golden Wing","player_choice":"Card Removal","floor":3.0,"gold_loss":0.0,"damage_taken":7.0}],"is_beta":false,"boss_relics":[],"items_purged_floors":[4],"is_endless":false,"potions_floor_spawned":[5],"killed_by":"Gremlin Nob","ascension_level":18}}