{"host":"x7xd4wkamhrqrrvw","time":1612715251,"event":{"mods":["AchievementEnabler","BaseMod","Minty Spire (QoL Compilation)","Relic Stats","StSLib"],"gold_per_floor":[113,128,144,154,154,154,183,183,183,216,216,74,74,74,74,205,205,226,84,84,109,129,162,162,196,196,196,217,251,251,272,272,398,398,423,447,447,447,482,482,497,497,520,15,15,48,48,67,67,67,67,67,67,98,98],"floor_reached":56,"language":"ENG","playtime":2846,"items_purged":["Eruption","ForeignInfluence"],"score":1944,"play_id":"9e807572-13b3-4c5e-b3de-a5fc5ec007c3","local_time":"20210207142731","is_ascension_mode":true,"campfire_choices":[{"data":"Evaluate","floor":6.0,"key":"SMITH"},{"data":"Protect","floor":8.0,"key":"SMITH"},{"data":"Study","floor":11.0,"key":"SMITH"},{"data":"Omniscience","floor":15.0,"key":"SMITH"},{"data":"Vault","floor":24.0,"key":"SMITH"},{"data":"LikeWater","floor":27.0,"key":"SMITH"},{"data":"LikeWater","floor":32,"key":"SMITH"},{"data":"DevaForm","floor":40,"key":"SMITH"},{"data":"PathToVictory","floor":42,"key":"SMITH"},{"data":"Alpha","floor":45,"key":"SMITH"},{"data":"Protect","floor":47,"key":"SMITH"},{"floor":49,"key":"RECALL"},{"data":"Vigilance","floor":52,"key":"SMITH"}],"circlet_count":0,"master_deck":["AscendersBane","Vigilance+1","Alpha+1","Study+1","PathToVictory+1","Evaluate+1","FearNoEvil","Protect+1","Omniscience+1","LikeWater+1","DevaForm+1","Protect+1","Vault+1","LikeWater+1","ClearTheMind+1","Omniscience+1"],"relics":["Pandora\u0027s Box","Blood Vial","Unceasing Top","Mummified Hand","Golden Idol","Sozu","Toxic Egg 2","CaptainsWheel","Mercury Hourglass","Oddly Smooth Stone","SlaversCollar","Regal Pillow","Medical Kit","Sundial","Strawberry","Bag of Marbles"],"acts_visited":["Exordium","TheCity","TheBeyond","TheEnding"],"potions_floor_usage":[],"damage_taken":[{"damage":0.0,"enemies":"Small Slimes","floor":1.0,"turns":4.0},{"damage":0.0,"enemies":"2 Louse","floor":2.0,"turns":1.0},{"damage":12.0,"enemies":"Jaw Worm","floor":3.0,"turns":4.0},{"damage":4.0,"enemies":"Exordium Thugs","floor":4.0,"turns":8.0},{"damage":4.0,"enemies":"Lagavulin","floor":7.0,"turns":8.0},{"damage":0.0,"enemies":"Gremlin Nob","floor":10.0,"turns":2.0},{"damage":7.0,"enemies":"Hexaghost","floor":16.0,"turns":8.0},{"damage":7.0,"enemies":"2 Thieves","floor":18.0,"turns":3.0},{"damage":0.0,"enemies":"3 Byrds","floor":21.0,"turns":4.0},{"damage":6.0,"enemies":"Shelled Parasite and Fungi","floor":22.0,"turns":5.0},{"damage":9.0,"enemies":"Book of Stabbing","floor":23.0,"turns":6.0},{"damage":3.0,"enemies":"Gremlin Leader","floor":25.0,"turns":5.0},{"damage":2,"enemies":"Snake Plant","floor":28,"turns":3},{"damage":2,"enemies":"Book of Stabbing","floor":29,"turns":5},{"damage":0,"enemies":"Snecko","floor":31,"turns":4},{"damage":0,"enemies":"Collector","floor":33,"turns":6},{"damage":0,"enemies":"3 Shapes","floor":35,"turns":3},{"damage":0,"enemies":"3 Darklings","floor":36,"turns":4},{"damage":0,"enemies":"Maw","floor":39,"turns":6},{"damage":3,"enemies":"Sphere and 2 Shapes","floor":41,"turns":4},{"damage":0,"enemies":"Giant Head","floor":46,"turns":6},{"damage":0,"enemies":"3 Darklings","floor":48,"turns":4},{"damage":6,"enemies":"Awakened One","floor":50,"turns":6},{"damage":18,"enemies":"Shield and Spear","floor":54,"turns":7},{"damage":62,"enemies":"The Heart","floor":55,"turns":8}],"seed_played":"6798962698928028660","potions_obtained":[{"floor":2.0,"key":"ColorlessPotion"},{"floor":3.0,"key":"Ambrosia"},{"floor":16.0,"key":"DuplicationPotion"}],"is_trial":false,"path_per_floor":["M","M","M","M","?","R","E","R","T","E","R","$","?","?","R","B",null,"M","$","?","M","M","E","R","E","T","R","M","E","?","M","R","B",null,"M","M","?","?","M","R","M","R","T","$","R","E","R","M","R","B",null,"R","$","E","B",null],"character_chosen":"WATCHER","items_purchased":["LikeWater","Vault","Medical Kit","Sundial"],"campfire_rested":0,"item_purchase_floors":[12,19,44,44],"current_hp_per_floor":[65,65,53,49,46,46,44,44,44,46,46,46,28,28,28,23,60,55,55,48,50,46,39,39,38,38,38,38,38,38,40,40,42,65,67,69,69,69,71,71,69,69,69,69,69,78,78,79,79,73,78,78,78,61,1],"gold":98,"neow_bonus":"BOSS_RELIC","is_daily":false,"chose_seed":false,"campfire_upgraded":12,"win_rate":0.0,"timestamp":1612715251,"path_taken":["M","M","M","M","?","R","E","R","T","E","R","$","?","?","R","BOSS","M","$","?","?","?","E","R","E","T","R","M","E","?","?","R","BOSS","M","M","?","?","M","R","?","R","T","$","R","E","R","M","R","BOSS","R","$","E","BOSS"],"items_purchased_type":["Card","Card","Relic","Relic"],"build_version":"2020-12-22","purchased_purges":2,"victory":true,"max_hp_per_floor":[72,72,72,72,72,72,72,72,72,72,72,72,72,72,72,72,72,72,72,72,72,72,72,72,72,72,72,72,72,72,72,72,72,72,72,72,72,72,72,72,72,72,72,72,72,79,79,79,79,79,79,79,79,79,79],"relic_stats":{"Blood Vial":37,"Sozu":10,"Regal Pillow":0,"counters":[25,124],"Mummified Hand":[171],"Golden Idol":175,"Sundial":[22],"Pandora\u0027s Box":["Alpha","Study","PathToVictory","Evaluate","FearNoEvil","ForeignInfluence","Protect","Omniscience"],"Medical Kit":[7],"obtain_stats":[{"Regal Pillow":43,"Golden Idol":13,"Oddly Smooth Stone":29,"Medical Kit":44,"Mercury Hourglass":26,"Blood Vial":5,"Sozu":17,"SlaversCollar":34,"CaptainsWheel":25,"Mummified Hand":10,"Sundial":44,"Strawberry":46,"Pandora\u0027s Box":0,"Bag of Marbles":54,"PureWater":0,"Toxic Egg 2":23,"Unceasing Top":7},{"Regal Pillow":20,"Golden Idol":6,"Oddly Smooth Stone":14,"Medical Kit":20,"Mercury Hourglass":12,"Blood Vial":4,"Sozu":7,"SlaversCollar":16,"CaptainsWheel":12,"Mummified Hand":6,"Sundial":20,"Strawberry":21,"Pandora\u0027s Box":0,"Bag of Marbles":24,"PureWater":0,"Toxic Egg 2":11,"Unceasing Top":5},{"Regal Pillow":93,"Golden Idol":27,"Oddly Smooth Stone":66,"Medical Kit":93,"Mercury Hourglass":58,"Blood Vial":17,"Sozu":35,"SlaversCollar":76,"CaptainsWheel":58,"Mummified Hand":27,"Sundial":93,"Strawberry":99,"Pandora\u0027s Box":0,"Bag of Marbles":116,"PureWater":0,"Toxic Egg 2":53,"Unceasing Top":25}],"Unceasing Top":[14],"Mercury Hourglass":[276]},"card_choices":[{"not_picked":["Tantrum","Weave","Crescendo"],"picked":"SKIP","floor":1.0},{"not_picked":["CutThroughFate","EmptyFist","ClearTheMind"],"picked":"SKIP","floor":2.0},{"not_picked":["Tantrum","FlurryOfBlows","WaveOfTheHand"],"picked":"SKIP","floor":3.0},{"not_picked":["Meditate","SandsOfTime","CrushJoints"],"picked":"SKIP","floor":4.0},{"not_picked":["BowlingBash","PathToVictory","EmptyMind"],"picked":"SKIP","floor":7.0},{"not_picked":["FlurryOfBlows","ClearTheMind","Worship"],"picked":"SKIP","floor":10.0},{"not_picked":["Omniscience","Vault"],"picked":"DevaForm","floor":16.0},{"not_picked":["Evaluate","WheelKick"],"picked":"Protect","floor":18.0},{"not_picked":["Crescendo","Sanctity","FollowUp"],"picked":"SKIP","floor":21.0},{"not_picked":["Evaluate","Sanctity"],"picked":"LikeWater","floor":22.0},{"not_picked":["Meditate+1","Halt+1","Fasting2"],"picked":"SKIP","floor":23.0},{"not_picked":["MentalFortress","CutThroughFate","FlurryOfBlows"],"picked":"SKIP","floor":25.0},{"not_picked":["Evaluate+1","Protect+1","ReachHeaven"],"picked":"SKIP","floor":28},{"not_picked":["FollowUp","Evaluate+1","CrushJoints+1"],"picked":"SKIP","floor":29},{"not_picked":["Fasting2","Swivel+1","CarveReality"],"picked":"SKIP","floor":31},{"not_picked":["DevaForm","ConjureBlade+1"],"picked":"Omniscience+1","floor":33},{"not_picked":["Sanctity+1","ClearTheMind+1","Consecrate"],"picked":"SKIP","floor":35},{"not_picked":["Prostrate+1","Consecrate","SandsOfTime"],"picked":"SKIP","floor":36},{"not_picked":["Conclude","Crescendo+1","PathToVictory+1"],"picked":"SKIP","floor":39},{"not_picked":["Perseverance+1","Prostrate+1","FearNoEvil"],"picked":"SKIP","floor":41},{"not_picked":["ThirdEye+1","CrushJoints","Protect+1"],"picked":"SKIP","floor":46},{"not_picked":["SashWhip+1","EmptyMind+1","BowlingBash"],"picked":"SKIP","floor":48},{"not_picked":["FlyingSleeves","FlurryOfBlows","BowlingBash"],"picked":"SKIP","floor":54}],"player_experience":435984,"relics_obtained":[{"floor":7.0,"key":"Unceasing Top"},{"floor":10.0,"key":"Mummified Hand"},{"floor":23.0,"key":"Toxic Egg 2"},{"floor":25.0,"key":"CaptainsWheel"},{"floor":26.0,"key":"Mercury Hourglass"},{"floor":29,"key":"Oddly Smooth Stone"},{"floor":43,"key":"Regal Pillow"},{"floor":46,"key":"Strawberry"},{"floor":54,"key":"Bag of Marbles"}],"event_choices":[{"damage_healed":0.0,"max_hp_gain":0.0,"max_hp_loss":0.0,"gold_gain":0.0,"event_name":"Scrap Ooze","player_choice":"Success","floor":5.0,"gold_loss":0.0,"damage_taken":3.0,"relics_obtained":["Blood Vial"]},{"damage_healed":0.0,"max_hp_gain":0.0,"max_hp_loss":0.0,"gold_gain":0.0,"event_name":"Golden Idol","player_choice":"Take Damage","floor":13.0,"gold_loss":0.0,"damage_taken":18.0,"relics_obtained":["Golden Idol"]},{"damage_healed":0.0,"max_hp_gain":0.0,"max_hp_loss":0.0,"gold_gain":0.0,"event_name":"Match and Keep!","player_choice":"0 cards matched","floor":14.0,"gold_loss":0.0,"damage_taken":0.0,"cards_obtained":[]},{"damage_healed":0.0,"max_hp_gain":0.0,"max_hp_loss":0.0,"gold_gain":0.0,"event_name":"Wheel of Change","player_choice":"Damaged","floor":20.0,"gold_loss":0.0,"damage_taken":7.0},{"damage_healed":0,"gold_gain":0,"player_choice":"1 cards matched","damage_taken":0,"max_hp_gain":0,"max_hp_loss":0,"event_name":"Match and Keep!","floor":30,"gold_loss":0,"cards_obtained":["ClearTheMind"]},{"damage_healed":0,"gold_gain":0,"player_choice":"Memory 1","damage_taken":0,"max_hp_gain":0,"max_hp_loss":0,"event_name":"SensoryStone","floor":37,"gold_loss":0},{"damage_healed":0,"gold_gain":0,"player_choice":"Got Potions","damage_taken":0,"max_hp_gain":0,"max_hp_loss":0,"event_name":"Lab","floor":38,"gold_loss":0}],"is_beta":false,"boss_relics":[{"not_picked":["Tiny House","Velvet Choker"],"picked":"Sozu"},{"not_picked":["Black Star","Astrolabe"],"picked":"SlaversCollar"}],"items_purged_floors":[12,44],"is_endless":false,"potions_floor_spawned":[2,3,16,22,23,33,39,46,48,54],"ascension_level":12}}