{"host":"w2kjv12xyhtt0cv2","time":1612716544,"event":{"mods":["100% Spire Juice","Act Like it!","BaseMod","Colored Map","Friendly Minions","Gensokyo","GifTheSpireLib","Highlight Path","Hubris","Marisa（F雨　魔理沙）","Minty Spire (QoL Compilation)","Prisma Mod","Quick Restart","Reimu（博丽灵梦）","Relic Stats","Reliquary","Replay The Spire","Robot Space Explorer","RumiaBox-露米娅的神秘盒子","Shop Mod","Spicy Shops","StSLib","The Bug Knight","The Cursed","The Dragon Tamer","The Servant 0.9.4","UnlockEverythingMod","Waifu the Spire","[功能]功能增强和修复MOD","【功能Mod】Neow奖励","【遗物卡牌】REMEMod","没有小屋子和绿帽子啦"],"gold_per_floor":[111,111,111,124,142,175,190,225,304,304,329,329,355,630,630,702,702,722,275,286,250,262,291,291,323,323,248,278,278,120,153,153,227,227,239,239,239,17,17,42,58,58,58,58,92,104,131,131,131,131,131,131,131,131],"floor_reached":53,"language":"ZHS","playtime":3808,"items_purged":["Regret","TheCursedMod:Defend_TheCursed","TheCursedMod:Defend_TheCursed"],"score":1974,"play_id":"1e93e833-4f7a-47d3-86d5-e2a2e62b2d6d","local_time":"20210208004904","is_ascension_mode":true,"campfire_choices":[{"data":"DTMod:SealedStrike","floor":10.0,"key":"SMITH"},{"floor":15.0,"key":"DIG"},{"data":"DTMod:SealedStrike+1","floor":29.0,"key":"SMITH"},{"data":"DTMod:SealedStrike+2","floor":32.0,"key":"SMITH"},{"data":"DTMod:SealedStrike+3","floor":42.0,"key":"SMITH"},{"data":"DTMod:SealedStrike+4","floor":44.0,"key":"SMITH"},{"floor":49,"key":"RECALL"},{"data":"TheCursedMod:TroublousMinions","floor":52,"key":"SMITH"}],"circlet_count":0,"master_deck":["AscendersBane","TheCursedMod:Strike_TheCursed+1","TheCursedMod:Strike_TheCursed+1","TheCursedMod:Strike_TheCursed+1","TheCursedMod:CursedWand+1","TheCursedMod:CleanUpWorkshop+1","TheCursedMod:Dregs","DTMod:SealedStrike+5","TheCursedMod:CircleOfBlood+1","TheCursedMod:CursedShiv+1","TheCursedMod:Torture+1","TheCursedMod:AbyssShockwave+1","TheCursedMod:BlessingInDisguise+1","TheCursedMod:WearCloak+1","TheCursedMod:SpitefulStrike+1","TheCursedMod:CursedShiv+1","TheCursedMod:NeowsMight+1","TheCursedMod:FleshFromBone+1","TheCursedMod:LuckyCharm+1","TheCursedMod:NeowsMight+1","TheCursedMod:HellfireBreathing+1","TheCursedMod:CursedSpellbook+1","TheCursedMod:RapidMovement+1","TheCursedMod:NeowsMight+1","TheCursedMod:Grudge+1","TheCursedMod:Torture+1","TheCursedMod:SpitefulPlan+1","TheCursedMod:AshesToAshes+1","TheCursedMod:ShockAndAwe+1","TheCursedMod:SpitefulPray+1","Gensokyo:Taser","TheCursedMod:ManaBullet+1","TheCursedMod:LuckyCharm+1","TheCursedMod:SpitefulStrike+1","TheCursedMod:RavingStaff+1","TheCursedMod:Stretching+1","TheCursedMod:SoulReap+1","TheCursedMod:SpitefulPray+1","TheCursedMod:FuryStrike+1","TheCursedMod:StunningStrike","TheCursedMod:TroublousMinions+1","Gensokyo:MorningMist"],"relics":["TheCursedMod:BlackMagic101","REME_ComplimentaryCards","hubris:Potato","hubris:Towel","Pet Ghost","ReplayTheSpireMod:Lightbulb","ReplayTheSpireMod:Shallot","Onion Ring","hubris:BundleOfHerbs","FossilizedHelix","Meat on the Bone","hubris:Backtick","reliquary:IridiumChain","DollysMirror","Quantum Egg","Mercury Hourglass","Ccalipers","Darkstone Periapt","hubris:Zylophone","hubris:TenFootPole","hubris:ScarierMask","Orrery","MealTicket","reliquary:PrincelyHelmet","CaptainsWheel"],"acts_visited":["Exordium","TheCity","Gensokyo:Gensokyoest","TheEnding"],"potions_floor_usage":[],"damage_taken":[{"damage":2.0,"enemies":"Jaw Worm","floor":1.0,"turns":3.0},{"damage":0.0,"enemies":"2 Louse","floor":4.0,"turns":3.0},{"damage":1.0,"enemies":"Cultist","floor":5.0,"turns":3.0},{"damage":39.0,"enemies":"Lagavulin","floor":6.0,"turns":5.0},{"damage":5.0,"enemies":"Exordium Wildlife","floor":7.0,"turns":4.0},{"damage":7.0,"enemies":"3 Sentries","floor":8.0,"turns":5.0},{"damage":13.0,"enemies":"Gremlin Nob","floor":11.0,"turns":4.0},{"damage":0.0,"enemies":"3 Sentries","floor":13.0,"turns":6.0},{"damage":19.0,"enemies":"Hexaghost","floor":16.0,"turns":10.0},{"damage":0.0,"enemies":"Spheric Guardian","floor":18.0,"turns":2.0},{"damage":0.0,"enemies":"Chosen","floor":20.0,"turns":4.0},{"damage":0.0,"enemies":"Snake Plant","floor":22.0,"turns":4.0},{"damage":0.0,"enemies":"Book of Stabbing","floor":23.0,"turns":4.0},{"damage":0.0,"enemies":"Gremlin Leader","floor":25.0,"turns":3.0},{"damage":0.0,"enemies":"HollowMod:Nosk","floor":28.0,"turns":6.0},{"damage":0.0,"enemies":"REME_1_Revenger","floor":31.0,"turns":3.0},{"damage":0.0,"enemies":"Champ","floor":33.0,"turns":11.0},{"damage":0.0,"enemies":"Gensokyo:3_Boulders","floor":35.0,"turns":3.0},{"damage":0.0,"enemies":"Gensokyo:Doremy","floor":40.0,"turns":7.0},{"damage":0.0,"enemies":"Gensokyo:3_Bats","floor":41.0,"turns":1.0},{"damage":0.0,"enemies":"Gensokyo:Marisa","floor":45.0,"turns":3.0},{"damage":0.0,"enemies":"Gensokyo:Sharpion","floor":46.0,"turns":4.0},{"damage":15.0,"enemies":"Gensokyo:Kasen","floor":47.0,"turns":6.0},{"damage":0,"enemies":"Gensokyo:Scarlet_Devils","floor":50,"turns":10},{"damage":0,"enemies":"hubris:Merchant","floor":53,"turns":1}],"seed_played":"8557347393293912198","potions_obtained":[{"floor":4.0,"key":"AttackPotion"},{"floor":5.0,"key":"BlessingOfTheForge"},{"floor":6.0,"key":"LiquidBronze"},{"floor":8.0,"key":"EssenceOfSteel"},{"floor":13.0,"key":"Flashbang"},{"floor":22.0,"key":"Toxic Potion"},{"floor":25.0,"key":"Strength Potion"},{"floor":28.0,"key":"LifebloodPotion"},{"floor":33.0,"key":"Block Potion"},{"floor":41.0,"key":"LiquidMemories"},{"floor":45.0,"key":"EssenceOfSteel"},{"floor":46.0,"key":"BlessingOfTheForge"},{"floor":47.0,"key":"DuplicationPotion"}],"is_trial":false,"path_per_floor":["M","?","?","M","M","E","M","E","T","R","E","?","E","?","R_BF","B",null,"M","$","M","$","M","E","?","E","T","?","E","R","$","E","R","B",null,"M","?","?","$","?","E","M","R","T","R","E","M","E","?","R","B",null,"R","$"],"character_chosen":"THE_CURSED","items_purchased":["TheCursedMod:LuckyCharm+1","DollysMirror","Quantum Egg","TheCursedMod:CursedSpellbook","TheCursedMod:SpitefulPlan","Orrery","TheCursedMod:SoulReap"],"campfire_rested":0,"item_purchase_floors":[19,19,19,21,30,38,38],"current_hp_per_floor":[62,62,62,66,69,32,31,28,28,28,21,14,38,38,38,43,64,64,64,70,70,71,71,71,71,71,71,71,71,71,71,71,71,71,71,71,71,71,71,71,71,71,71,71,71,71,63,63,63,71,71,71,71,71],"gold":131,"neow_bonus":"ONE_RARE_RELIC","is_daily":false,"chose_seed":false,"campfire_upgraded":6,"win_rate":0.0,"timestamp":1612716544,"path_taken":["M","?","?","M","M","E","?","E","T","R","E","?","E","?","R_BF","BOSS","M","$","M","$","?","E","?","E","T","?","E","R","$","E","R","BOSS","M","?","?","$","?","E","M","R","T","R","E","?","E","?","R","BOSS","R","$"],"items_purchased_type":["Card","Relic","Relic","Card","Card","Relic","Card"],"build_version":"2020-12-22","purchased_purges":3,"victory":false,"max_hp_per_floor":[71,71,71,71,71,71,71,71,71,71,71,71,71,71,71,71,71,71,71,71,71,71,71,71,71,71,71,71,71,71,71,71,71,71,71,71,71,71,71,71,71,71,71,71,71,71,71,71,71,71,71,71,71,71],"relic_stats":{"Darkstone Periapt":0,"counters":[25,114],"MealTicket":0,"obtain_stats":[{"Darkstone Periapt":26,"reliquary:PrincelyHelmet":45,"Pet Ghost":3,"hubris:Backtick":17,"DollysMirror":19,"Ccalipers":25,"hubris:ScarierMask":34,"MealTicket":40,"TheCursedMod:BlackMagic101":0,"Quantum Egg":19,"hubris:Towel":2,"reliquary:IridiumChain":17,"Mercury Hourglass":23,"hubris:Zylophone":28,"CaptainsWheel":47,"ReplayTheSpireMod:Shallot":8,"Orrery":38,"Onion Ring":9,"hubris:BundleOfHerbs":11,"hubris:TenFootPole":31,"ReplayTheSpireMod:Lightbulb":6,"hubris:Potato":0,"FossilizedHelix":13,"REME_ComplimentaryCards":0,"Meat on the Bone":15},{"Darkstone Periapt":14,"reliquary:PrincelyHelmet":21,"Pet Ghost":1,"hubris:Backtick":9,"DollysMirror":10,"Ccalipers":14,"hubris:ScarierMask":17,"MealTicket":19,"TheCursedMod:BlackMagic101":0,"Quantum Egg":10,"hubris:Towel":1,"reliquary:IridiumChain":9,"Mercury Hourglass":13,"hubris:Zylophone":15,"CaptainsWheel":23,"ReplayTheSpireMod:Shallot":6,"Orrery":18,"Onion Ring":6,"hubris:BundleOfHerbs":7,"hubris:TenFootPole":16,"ReplayTheSpireMod:Lightbulb":4,"hubris:Potato":0,"FossilizedHelix":8,"REME_ComplimentaryCards":0,"Meat on the Bone":8},{"Darkstone Periapt":60,"reliquary:PrincelyHelmet":93,"Pet Ghost":3,"hubris:Backtick":43,"DollysMirror":45,"Ccalipers":60,"hubris:ScarierMask":79,"MealTicket":89,"TheCursedMod:BlackMagic101":0,"Quantum Egg":45,"hubris:Towel":3,"reliquary:IridiumChain":43,"Mercury Hourglass":57,"hubris:Zylophone":66,"CaptainsWheel":103,"ReplayTheSpireMod:Shallot":23,"Orrery":82,"Onion Ring":23,"hubris:BundleOfHerbs":27,"hubris:TenFootPole":69,"ReplayTheSpireMod:Lightbulb":14,"hubris:Potato":0,"FossilizedHelix":33,"REME_ComplimentaryCards":0,"Meat on the Bone":33}],"Meat on the Bone":12,"Mercury Hourglass":[201]},"card_choices":[{"not_picked":["TheCursedMod:RapidMovement","TheCursedMod:Torture"],"picked":"TheCursedMod:CircleOfBlood","floor":1.0},{"not_picked":["TheCursedMod:TacticalStrike","TheCursedMod:Evocation"],"picked":"TheCursedMod:CursedShiv","floor":4.0},{"not_picked":["TheCursedMod:Stigma","TheCursedMod:ParallelWorld"],"picked":"TheCursedMod:Torture","floor":5.0},{"not_picked":["TheCursedMod:Stretching","TheCursedMod:SmokeScreen"],"picked":"TheCursedMod:AbyssShockwave","floor":6.0},{"not_picked":["TheCursedMod:Stretching","TheCursedMod:CursedBlade"],"picked":"TheCursedMod:BlessingInDisguise","floor":7.0},{"not_picked":["TheCursedMod:CursedBoomerang","TheCursedMod:CircleOfCorruption"],"picked":"TheCursedMod:WearCloak","floor":8.0},{"not_picked":["TheCursedMod:HellfireBreathing","TheCursedMod:Wield"],"picked":"TheCursedMod:SpitefulStrike","floor":11.0},{"not_picked":["TheCursedMod:Stigma","TheCursedMod:Stretching"],"picked":"TheCursedMod:CursedShiv","floor":13.0},{"not_picked":["TheCursedMod:UltimatePain","TheCursedMod:DarkBarrier"],"picked":"TheCursedMod:NeowsMight","floor":16.0},{"not_picked":["TheCursedMod:Stigma","TheCursedMod:SurpriseAttack"],"picked":"TheCursedMod:FleshFromBone+1","floor":18.0},{"not_picked":["TheCursedMod:Wield","TheCursedMod:WearCloak"],"picked":"TheCursedMod:HellfireBreathing","floor":20.0},{"not_picked":["TheCursedMod:Stigma","TheCursedMod:Wield","TheCursedMod:CircleOfFlame"],"picked":"SKIP","floor":22.0},{"not_picked":["TheCursedMod:SmokeScreen","TheCursedMod:CursedAmulet"],"picked":"TheCursedMod:RapidMovement","floor":23.0},{"not_picked":["TheCursedMod:CircleOfFocus","TheCursedMod:CircleOfFlame","TheCursedMod:CursedBlade"],"picked":"SKIP","floor":25.0},{"not_picked":["TheCursedMod:Obscuration","TheCursedMod:SmokeScreen"],"picked":"TheCursedMod:Torture","floor":28.0},{"not_picked":["TheCursedMod:CircleOfAmplification","TheCursedMod:VitalStrike"],"picked":"TheCursedMod:AshesToAshes","floor":31.0},{"not_picked":["TheCursedMod:UltimatePain","TheCursedMod:NeowsMight"],"picked":"TheCursedMod:ShockAndAwe","floor":33.0},{"not_picked":["TheCursedMod:CircleOfFocus","TheCursedMod:Mangle"],"picked":"TheCursedMod:SpitefulPray","floor":35.0},{"not_picked":["TheCursedMod:CircleOfFlame","TheCursedMod:Grudge"],"picked":"TheCursedMod:ManaBullet+1","floor":38.0},{"not_picked":["TheCursedMod:RapidMovement","TheCursedMod:SpitefulPlan"],"picked":"TheCursedMod:LuckyCharm+1","floor":38.0},{"not_picked":["TheCursedMod:CursedBlade+1","TheCursedMod:FleshFromBone+1"],"picked":"TheCursedMod:SpitefulStrike+1","floor":38.0},{"not_picked":["TheCursedMod:Evocation","TheCursedMod:EmpowerCircles+1"],"picked":"TheCursedMod:RavingStaff","floor":38.0},{"not_picked":["TheCursedMod:CursedShiv","TheCursedMod:CircleOfFocus"],"picked":"TheCursedMod:Stretching","floor":38.0},{"not_picked":["TheCursedMod:CursedStaff","TheCursedMod:Obscuration"],"picked":"TheCursedMod:SpitefulPray+1","floor":40.0},{"not_picked":["TheCursedMod:BloodBarrier","TheCursedMod:Grudge"],"picked":"TheCursedMod:FuryStrike","floor":41.0},{"not_picked":["TheCursedMod:LuckyCharm","TheCursedMod:CursedShiv"],"picked":"TheCursedMod:StunningStrike","floor":45.0},{"not_picked":["TheCursedMod:SpitefulStrike","TheCursedMod:CircleOfFlame","TheCursedMod:ReleasedKnowledge"],"picked":"SKIP","floor":46.0},{"not_picked":["TheCursedMod:CircleOfWindfury+1","TheCursedMod:CircleOfCorruption+1"],"picked":"TheCursedMod:TroublousMinions","floor":47.0},{"not_picked":["Gensokyo:EverlastingLife","Gensokyo:MorningStar"],"picked":"Gensokyo:MorningMist","floor":48}],"player_experience":210281,"relics_obtained":[{"floor":3.0,"key":"Pet Ghost"},{"floor":6.0,"key":"ReplayTheSpireMod:Lightbulb"},{"floor":8.0,"key":"ReplayTheSpireMod:Shallot"},{"floor":9.0,"key":"Onion Ring"},{"floor":11.0,"key":"hubris:BundleOfHerbs"},{"floor":13.0,"key":"FossilizedHelix"},{"floor":15.0,"key":"Meat on the Bone"},{"floor":23.0,"key":"Mercury Hourglass"},{"floor":25.0,"key":"Ccalipers"},{"floor":26.0,"key":"Darkstone Periapt"},{"floor":28.0,"key":"hubris:Zylophone"},{"floor":31.0,"key":"hubris:TenFootPole"},{"floor":40.0,"key":"MealTicket"},{"floor":45.0,"key":"reliquary:PrincelyHelmet"},{"floor":47.0,"key":"CaptainsWheel"}],"event_choices":[{"damage_healed":0.0,"max_hp_gain":0.0,"max_hp_loss":0.0,"gold_gain":0.0,"event_name":"Wheel of Change","player_choice":"Relic","floor":3.0,"gold_loss":0.0,"damage_taken":0.0},{"cards_removed":["hubris:Despair"],"damage_healed":0.0,"max_hp_gain":0.0,"max_hp_loss":0.0,"gold_gain":0.0,"event_name":"Golden Wing","player_choice":"Card Removal","floor":12.0,"gold_loss":0.0,"damage_taken":7.0},{"damage_healed":0.0,"max_hp_gain":0.0,"max_hp_loss":0.0,"gold_gain":275.0,"event_name":"Golden Shrine","player_choice":"Desecrate","floor":14.0,"gold_loss":0.0,"damage_taken":0.0,"cards_obtained":["Regret"]},{"damage_healed":0.0,"max_hp_gain":0.0,"max_hp_loss":0.0,"gold_gain":0.0,"cards_transformed":["TheCursedMod:Strike_TheCursed","TheCursedMod:Defend_TheCursed"],"event_name":"Drug Dealer","player_choice":"Became Test Subject","floor":24.0,"gold_loss":0.0,"damage_taken":0.0,"cards_obtained":["TheCursedMod:NeowsMight","TheCursedMod:Grudge"]},{"cards_removed":["TheCursedMod:Defend_TheCursed"],"damage_healed":0.0,"max_hp_gain":0.0,"max_hp_loss":0.0,"gold_gain":0.0,"event_name":"Beggar","player_choice":"Gave Gold","floor":27.0,"gold_loss":75.0,"damage_taken":0.0}],"is_beta":false,"boss_relics":[{"not_picked":["Snecko Eye","Cursed Key"],"picked":"hubris:Backtick"},{"not_picked":["Abe\u0027s Treasure","reliquary:RedPaperclip"],"picked":"hubris:ScarierMask"}],"items_purged_floors":[19,30,38],"is_endless":false,"potions_floor_spawned":[4,5,6,8,13,22,25,28,28,33,41,45,46,47],"killed_by":"hubris:Merchant","ascension_level":16}}