{"host":"w5kcncy1tb2dgk29","time":1612722662,"event":{"mods":["2.2 Compatiblity","BaseMod","Better Match","Better Note","Better Third Choice","Block Reminder","Downfall","Hermit","Hubris","Jorbs\u0027s Wanderer Trilogy","Minty Spire (QoL Compilation)","Quick Restart","RNG Fix","Replay The Spire","Shade Mod","Spicy Shops","Spikes Relics","StSLib","The Blue Laboratory","The Gatherer","The Hayseed","The Hierophant","The Runesmith"],"gold_per_floor":[361,15,29,304,323,323,343,343,343,343,362,378,398,398,398,493,493,505,505,103,103,103,130,130,130,179,179,8,8,21,34,34,34,34],"floor_reached":33,"language":"ENG","playtime":3335,"items_purged":[],"score":257,"play_id":"ad9935be-49e0-4718-aee6-912b263c57e1","local_time":"20210207133102","is_ascension_mode":false,"campfire_choices":[{"data":"hermit:Combo","floor":6,"key":"SMITH"},{"data":"hermit:Covet","floor":8,"key":"SMITH"},{"floor":15,"key":"DIG"},{"floor":25,"key":"REST"},{"floor":29,"key":"REST"},{"data":"hermit:Quickdraw","floor":32,"key":"SMITH"}],"circlet_count":0,"master_deck":["hermit:Strike_Hermit","hermit:Strike_Hermit","hermit:Strike_Hermit","hermit:Strike_Hermit","hermit:Defend_Hermit","hermit:Defend_Hermit","hermit:Defend_Hermit","hermit:Defend_Hermit","hermit:Snapshot","hermit:Covet+1","hermit:Combo+1","hermit:TrackingShot","hermit:ItchyTrigger","hermit:PistolWhip+1","hermit:LoneWolf","hermit:Gestalt","hermit:Quickdraw+1","Burn","hermit:Roughhouse+1","hermit:CursedWeapon+1","Panache","hermit:Strike_Hermit","downfall:Bewildered","hermit:CalledShot","hermit:EyeOfTheStorm","hermit:TakeCover"],"relics":["hermit:Momento","Eternal Feather","Membership Card","Strange Spoon","Replay:Ringing Soul","FaceOfCleric","ReplayFunnel","SlaversCollar","Runesmith:Locket","Guide Book","Strawberry","sneckomod:BabySnecko","hubris:Reverence","Pet Ghost","hubris:BottledHeart","Bottled Lightning"],"acts_visited":["Exordium","TheCity"],"potions_floor_usage":[16,16,18,23,24,30,30,33],"damage_taken":[{"damage":12,"enemies":"Jaw Worm","floor":1,"turns":6},{"damage":5,"enemies":"2 Louse","floor":3,"turns":4},{"damage":7,"enemies":"Small Slimes","floor":5,"turns":4},{"damage":12,"enemies":"3 Louse","floor":7,"turns":2},{"damage":5,"enemies":"Looter","floor":11,"turns":2},{"damage":19,"enemies":"2 Fungi Beasts","floor":12,"turns":3},{"damage":10,"enemies":"Red Slaver","floor":13,"turns":5},{"damage":1,"enemies":"Slime Boss","floor":16,"turns":6},{"damage":27,"enemies":"2 Thieves","floor":18,"turns":4},{"damage":64,"enemies":"Slavers","floor":23,"turns":6},{"damage":0,"enemies":"Shell Parasite","floor":24,"turns":1},{"damage":0,"enemies":"Centurion and Healer","floor":30,"turns":4},{"damage":0,"enemies":"Snake Plant","floor":31,"turns":6},{"damage":1,"enemies":"Automaton","floor":33,"turns":6}],"seed_played":"3773374716964112240","potions_obtained":[{"floor":11,"key":"FearPotion"},{"floor":12,"key":"SmokeBomb"},{"floor":13,"key":"Flashbang"},{"floor":16,"key":"ColorlessPotion"},{"floor":31,"key":"hexamod:SoulburnPotion"}],"is_trial":false,"path_per_floor":["M","$","M","?","M","R","M","R","T","?","M","M","M","?","R","B",null,"M","?","$","?","?","E","M","R","T","?","$","R","M","M","R","B"],"character_chosen":"HERMIT","items_purchased":["Eternal Feather","Membership Card","Strange Spoon","Slimebound:ThreeZeroPotion","Runesmith:Locket","Guide Book","Panache","Strawberry","Bottled Lightning","PowerPotion"],"campfire_rested":2,"item_purchase_floors":[2,2,2,20,20,20,20,20,28,28],"current_hp_per_floor":[56,56,51,51,44,50,38,47,47,47,46,31,25,28,37,40,87,64,64,74,77,80,20,21,66,66,1,1,1,1,1,1,0,0],"gold":34,"neow_bonus":"TWO_FIFTY_GOLD","is_daily":false,"chose_seed":false,"campfire_upgraded":3,"win_rate":0.0,"timestamp":1612722662,"path_taken":["M","$","M","?","M","R","M","R","T","?","M","M","M","?","R","BOSS","M","?","$","?","?","E","M","R","T","?","$","R","?","M","R","BOSS"],"items_purchased_type":["Relic","Relic","Relic","Potion","Relic","Relic","Card","Relic","Relic","Potion"],"build_version":"2020-12-22","purchased_purges":0,"victory":false,"max_hp_per_floor":[68,68,68,68,68,68,68,68,68,68,72,76,80,83,83,87,87,91,91,101,104,107,111,112,112,112,1,1,1,1,1,1,1,1],"card_choices":[{"not_picked":["hermit:Showdown","hermit:Vantage"],"picked":"hermit:Combo","floor":1},{"not_picked":["hermit:Brawl","hermit:Vantage"],"picked":"hermit:TrackingShot","floor":3},{"not_picked":["hermit:Coalescence","hermit:Manifest"],"picked":"hermit:ItchyTrigger","floor":5},{"not_picked":["hermit:Misfire","hermit:Headshot"],"picked":"hermit:PistolWhip","floor":7},{"not_picked":["hermit:CalledShot","hermit:Misfire"],"picked":"hermit:LoneWolf","floor":11},{"not_picked":["hermit:FatalDesire","hermit:GhostlyPresence"],"picked":"hermit:Gestalt","floor":12},{"not_picked":["hermit:FullyLoaded","hermit:Ricochet"],"picked":"hermit:Quickdraw","floor":13},{"not_picked":["hermit:Magnum","hermit:Dissolve"],"picked":"hermit:Roughhouse","floor":16},{"not_picked":["hermit:ItchyTrigger","hermit:Desperado"],"picked":"hermit:CursedWeapon+1","floor":18},{"not_picked":["hermit:TakeCover","hermit:GhostlyPresence"],"picked":"hermit:CalledShot","floor":23},{"not_picked":["hermit:BodyArmor","hermit:HoleUp"],"picked":"hermit:EyeOfTheStorm","floor":30},{"not_picked":["hermit:Dive+1","hermit:Malice+1"],"picked":"hermit:TakeCover","floor":31}],"player_experience":232603,"relics_obtained":[{"floor":9,"key":"Replay:Ringing Soul"},{"floor":15,"key":"ReplayFunnel"},{"floor":23,"key":"hubris:Reverence"},{"floor":26,"key":"Pet Ghost"}],"event_choices":[{"damage_healed":0,"gold_gain":275,"player_choice":"Desecrate","damage_taken":0,"max_hp_gain":0,"max_hp_loss":0,"event_name":"Golden Shrine","floor":4,"gold_loss":0,"cards_obtained":["Regret"]},{"damage_healed":0,"gold_gain":0,"player_choice":"Trade","damage_taken":0,"relics_obtained":["FaceOfCleric"],"max_hp_gain":0,"max_hp_loss":0,"event_name":"FaceTrader","floor":10,"gold_loss":0},{"damage_healed":25,"gold_gain":0,"player_choice":"Embrace Burn","damage_taken":0,"max_hp_gain":0,"max_hp_loss":80,"event_name":"betterThird:BetterShining","floor":14,"gold_loss":0},{"cards_removed":["Regret"],"damage_healed":0,"gold_gain":0,"player_choice":"Removed Curses","damage_taken":0,"max_hp_gain":0,"max_hp_loss":0,"event_name":"Fountain of Cleansing","floor":19,"gold_loss":0},{"cards_removed":["Burn"],"damage_healed":0,"gold_gain":0,"player_choice":"Take \u0026 Give","damage_taken":0,"max_hp_gain":0,"max_hp_loss":0,"event_name":"betterNote:BetterNote","floor":21,"gold_loss":0,"cards_obtained":["hermit:Strike_Hermit"]}],"is_beta":false,"boss_relics":[{"not_picked":["hubris:HollowSoul","Replay:Bronze Core"],"picked":"SlaversCollar"}],"items_purged_floors":[],"is_endless":false,"potions_floor_spawned":[11,12,13,16,24,31],"killed_by":"Automaton","ascension_level":0}}