{"host":"ds1yr10zonoc6w4a","time":1612732692,"event":{"mods":["AchievementEnabler","Act Like it!","Aspiration","BaseMod","Better Match","Better Third Choice","BetterRewards","Downfall","Energized Spire","Gensokyo","Infinite Spire","Minty Spire (QoL Compilation)","Pale of the Ancients","Relic Filter Mod","Reliquary","Replay The Spire","Spire Arcade","StSLib","The Animator","The Cursed"],"gold_per_floor":[109,132,132,19,30,77,77,111,159,179,191,202,102,134,134,134,134],"floor_reached":16,"language":"ENG","playtime":2703,"items_purged":["animator:Strike","Clumsy"],"score":314,"play_id":"0fe26005-f4bd-4190-ab0d-6ecf741a1471","local_time":"20210207141812","is_ascension_mode":true,"campfire_choices":[{"data":"animator:Defend_Bleach","floor":1,"key":"SMITH"},{"data":"animator:OrihimeInoue","floor":7,"key":"SMITH"},{"data":"animator:Midou","floor":8,"key":"SMITH"}],"circlet_count":0,"master_deck":["AscendersBane","animator:Strike_Bleach","animator:Defend_Bleach+1","animator:Strike","animator:Strike","animator:Defend","animator:Defend","animator:Defend","animator:RenjiArakai+1","animator:UryuuIshida","animator:TakanashiRikka","animator:Emilia","animator:MasamiIwasawa","animator:Hakurou","animator:QuestionMark","animator:Shion","animator:Envy","animator:Midou+1","animator:OrihimeInoue+1","animator:Yui","animator:IkkakuMadarame+1","animator:MaesHughes","animator:ShizuruNakatsu","animator:Aisha+1"],"relics":["animator:LivingPicture","animator:TheMissingPiece","animator:PurgingStone","Toolbox","infinitespire:Satchel","energizedSpire:RedRose","champ:ChampStancesModRelic","MealTicket","Molten Egg 2","Ancient Tea Set"],"acts_visited":["Exordium"],"potions_floor_usage":[8,8,10,11,12],"damage_taken":[{"damage":11,"enemies":"Gensokyo:2_Kodama","floor":1,"turns":4},{"damage":0,"enemies":"Gensokyo:Gryphon","floor":2,"turns":3},{"damage":2,"enemies":"Gensokyo:Python","floor":5,"turns":3},{"damage":17,"enemies":"Gensokyo:Cirno","floor":6,"turns":6},{"damage":0,"enemies":"Gensokyo:Aya","floor":8,"turns":6},{"damage":0,"enemies":"Gensokyo:LivingMonolith","floor":10,"turns":4},{"damage":0,"enemies":"Gensokyo:3_Kodama","floor":11,"turns":5},{"damage":0,"enemies":"Gensokyo:Kitsune","floor":12,"turns":2},{"damage":0,"enemies":"Gensokyo:Mamizou","floor":14,"turns":6},{"damage":45,"enemies":"Gensokyo:Yukari","floor":16,"turns":8}],"seed_played":"3946604815735274342","potions_obtained":[{"floor":5,"key":"sneckomod:MuddlingPotion"},{"floor":6,"key":"ColorlessPotion"},{"floor":8,"key":"LiquidMemories"},{"floor":10,"key":"Guardian:BlockOnCardUsePotion"},{"floor":11,"key":"DistilledChaos"}],"is_trial":false,"path_per_floor":["M","M","?","?","M","E","R","E","T","M","M","M","$","E","R","B"],"character_chosen":"THE_ANIMATOR","items_purchased":["Toolbox","infinitespire:Satchel","animator:TakanashiRikka"],"campfire_rested":0,"item_purchase_floors":[0,0,0],"current_hp_per_floor":[19,19,25,26,24,7,7,7,7,8,9,9,24,24,44,0,0],"gold":134,"neow_bonus":"","is_daily":false,"chose_seed":true,"campfire_upgraded":3,"win_rate":0.0,"timestamp":1612732692,"path_taken":["M","M","?","?","?","E","R","E","T","M","M","M","?","E","R","BOSS"],"items_purchased_type":["Relic","Relic","Card"],"build_version":"2020-12-22","purchased_purges":2,"victory":false,"max_hp_per_floor":[60,60,66,67,67,67,67,67,67,68,69,69,69,69,69,69,69],"card_choices":[{"not_picked":["animator:Kuribayashi","animator:ToukaNishikujou"],"picked":"animator:MasamiIwasawa","floor":1},{"not_picked":["animator:Godan","animator:Assassin"],"picked":"animator:Hakurou","floor":2},{"not_picked":["animator:NononJakuzure","animator:MisakiNakahara"],"picked":"animator:QuestionMark","floor":4},{"not_picked":["animator:Elsword","animator:Hakurou"],"picked":"animator:Shion","floor":4},{"not_picked":["animator:KotarouTennouji","animator:Elesis"],"picked":"animator:Envy","floor":4},{"not_picked":["animator:Rider","animator:MasamiIwasawa"],"picked":"animator:Midou","floor":5},{"not_picked":["animator:RenjiArakai","animator:UryuuIshida"],"picked":"animator:OrihimeInoue","floor":6},{"not_picked":["animator:ElricAlphonse","animator:YasutoraSado+1"],"picked":"animator:Yui","floor":8},{"not_picked":["animator:KanadeTachibana","animator:Chaa"],"picked":"animator:IkkakuMadarame+1","floor":10},{"not_picked":["animator:Archer","animator:Kaijin"],"picked":"animator:MaesHughes","floor":11},{"not_picked":["animator:Chibimoth","animator:LuciaKonohana"],"picked":"animator:ShizuruNakatsu","floor":12},{"not_picked":["animator:ElricAlphonse","animator:Chaa"],"picked":"animator:Aisha+1","floor":14}],"player_experience":950542,"relics_obtained":[{"floor":6,"key":"MealTicket"},{"floor":8,"key":"Molten Egg 2"},{"floor":14,"key":"Ancient Tea Set"}],"event_choices":[{"damage_healed":0,"gold_gain":0,"player_choice":"1","damage_taken":0,"max_hp_gain":0,"max_hp_loss":0,"event_name":"betterMatch:BetterMatch","floor":4,"gold_loss":0,"cards_obtained":["betterMatch:ColorlessUncommonCard","betterMatch:CommonCard","betterMatch:RareCard"]}],"is_beta":false,"boss_relics":[],"items_purged_floors":[0,13],"is_endless":false,"potions_floor_spawned":[5,6,8,10,11],"killed_by":"Gensokyo:Yukari","ascension_level":20}}