{"host":"5nj7t8259370g0gl","time":1612656846,"event":{"mods":["AchievementEnabler","BaseMod","Bestiary","Colored Map","Colored Powertips","Displayed Cursed Tome","Minty Spire (QoL Compilation)","Permanent Neow","Relic Sorter","Shop Mod","Spire Arcade","StSLib","TheSurvivalist"],"gold_per_floor":[118,118,130,499434,499453,499481,499481,499481,499481,499514,499514,498456,497422,497422,497422,497543,497543,497561,497561,497575,497575,497525,497561,497600,497634,497646,497658,497018,497059,496373,496394,496394,496519,496582,496595,496610,496610,495702,495723,495754,495797,495836,495888,494891,494934,494957,494957,495020,495020,495020],"floor_reached":51,"language":"ENG","playtime":4673,"items_purged":["survmod:PersonalMark","survmod:TwinShot","survmod:FenceTrap","survmod:ShrapnelTraps","survmod:EscapeMechanism+1","survmod:AimForTheLiver","survmod:GoForFace+1"],"score":1145,"play_id":"730dd0ea-a331-4fb6-bf9b-9fdc178156f6","local_time":"20210207111406","daily_mods":["SealedDeck","Flight","DeadlyEvents"],"is_ascension_mode":false,"campfire_choices":[{"data":"survmod:AcidTrap","floor":7.0,"key":"SMITH"},{"data":"survmod:FlashbangShot","floor":8.0,"key":"SMITH"},{"data":"survmod:EscapeMechanism","floor":15.0,"key":"SMITH"},{"data":"survmod:TacticalManeuver","floor":27.0,"key":"SMITH"},{"data":"survmod:FlareQuiver","floor":32.0,"key":"SMITH"},{"data":"Sadistic Nature","floor":47,"key":"SMITH"},{"data":"Sadistic Nature","floor":49,"key":"SMITH"}],"circlet_count":0,"master_deck":["survmod:TacticalManeuver+1","survmod:TacticalManeuver+1","survmod:NockAnArrow+1","survmod:MarkedShot+1","survmod:AcidTrap+1","survmod:FlashbangShot+1","survmod:NockAnArrow+1","Sadistic Nature+1","survmod:Detonation+1","survmod:FindCover+1","Master of Strategy+1","survmod:AcidTrap+1","survmod:MarkedFromAfar","survmod:NockAnArrow","survmod:DuckAndFlare+1","survmod:FlashbangTrap+1","survmod:SurpriseTrap+1","Apotheosis+1","survmod:FlareQuiver+1","survmod:PoisonTrap+1","survmod:FlashbangShot","survmod:FlashbangTrap+1","survmod:SurpriseTrap+1","Sadistic Nature+1","Trip+1","Sadistic Nature","survmod:DuckAndFlare+1"],"relics":["survmod:InnateMutation","Potion Belt","PreservedInsect","Frozen Eye","Toxic Egg 2","survmod:RunningShoes","Bronze Scales","Golden Idol","Strange Spoon","MealTicket","Meat on the Bone","Mango","Sling","Bag of Preparation","Black Star","survmod:SignalFlare","Smiling Mask","Omamori","Orichalcum","Art of War","MawBank","Whetstone","Akabeko","Chemical X","Singing Bowl","Letter Opener","Bottled Tornado","survmod:TrapManual","Lantern","ClockworkSouvenir","Tiny House","Boot","survmod:GoodBoy","Pear","Centennial Puzzle","Mercury Hourglass","War Paint","survmod:Longbow","Regal Pillow","Toy Ornithopter","Pen Nib","Gremlin Horn","Molten Egg 2","Medical Kit","Sundial","Ornamental Fan","Ice Cream"],"acts_visited":["Exordium","TheCity","TheBeyond"],"potions_floor_usage":[41,41],"damage_taken":[{"damage":6.0,"enemies":"Jaw Worm","floor":1.0,"turns":3.0},{"damage":2.0,"enemies":"2 Louse","floor":3.0,"turns":3.0},{"damage":2.0,"enemies":"Small Slimes","floor":5.0,"turns":3.0},{"damage":10.0,"enemies":"3 Sentries","floor":6.0,"turns":5.0},{"damage":13.0,"enemies":"Gremlin Nob","floor":10.0,"turns":4.0},{"damage":0.0,"enemies":"Slime Boss","floor":16.0,"turns":4.0},{"damage":4.0,"enemies":"Chosen","floor":18.0,"turns":4.0},{"damage":0.0,"enemies":"3 Byrds","floor":20.0,"turns":2.0},{"damage":7.0,"enemies":"Gremlin Leader","floor":23.0,"turns":3.0},{"damage":2.0,"enemies":"Slavers","floor":24.0,"turns":1.0},{"damage":0.0,"enemies":"Book of Stabbing","floor":25.0,"turns":2.0},{"damage":0.0,"enemies":"Gremlin Leader","floor":29.0,"turns":2.0},{"damage":0.0,"enemies":"Snecko","floor":31.0,"turns":2.0},{"damage":1.0,"enemies":"Champ","floor":33.0,"turns":3.0},{"damage":0.0,"enemies":"3 Darklings","floor":35.0,"turns":3.0},{"damage":0.0,"enemies":"3 Shapes","floor":36.0,"turns":1.0},{"damage":0.0,"enemies":"Transient","floor":39.0,"turns":4.0},{"damage":0.0,"enemies":"Nemesis","floor":40.0,"turns":3.0},{"damage":27,"enemies":"Reptomancer","floor":41,"turns":4},{"damage":14,"enemies":"Nemesis","floor":42,"turns":3},{"damage":0,"enemies":"Reptomancer","floor":45,"turns":1},{"damage":0,"enemies":"Jaw Worm Horde","floor":46,"turns":1},{"damage":0,"enemies":"Mind Bloom Boss Battle","floor":48,"turns":3},{"damage":1,"enemies":"Time Eater","floor":50,"turns":3}],"seed_played":"-7663697524714019079","potions_obtained":[{"floor":1.0,"key":"DuplicationPotion"},{"floor":5.0,"key":"EssenceOfSteel"},{"floor":6.0,"key":"LiquidMemories"},{"floor":10.0,"key":"Explosive Potion"},{"floor":24.0,"key":"LiquidMemories"},{"floor":29.0,"key":"Weak Potion"},{"floor":33.0,"key":"CultistPotion"},{"floor":34.0,"key":"SpeedPotion"},{"floor":41,"key":"BlessingOfTheForge"},{"floor":46,"key":"PowerPotion"}],"is_trial":true,"path_per_floor":["M","?","M","$","M","E","R","R","T","E","?","$","$","?","R","B",null,"M","?","M","?","?","E","E","E","T","R","$","E","$","M","R","B",null,"M","M","?","$","M","E","E","E","T","$","E","M","R","?","R","B",null],"character_chosen":"THE_SURVIVOR","items_purchased":["Potion Belt","PreservedInsect","Frozen Eye","survmod:CloseCall","Strange Spoon","MealTicket","Meat on the Bone","Sadistic Nature","survmod:Detonation+1","survmod:GoForFace","survmod:FindCover+1","Energy Potion","Mango","Sling","Bag of Preparation","survmod:EscapeMechanism","Master of Strategy+1","Akabeko","Chemical X","Singing Bowl","survmod:FlashbangTrap+1","survmod:TrapManual","Lantern","ClockworkSouvenir","Apotheosis+1","Boot","survmod:GoodBoy","Pear","survmod:FlashbangTrap+1","survmod:SurpriseTrap+1","Sadistic Nature","Gremlin Horn","Molten Egg 2","Medical Kit","Trip+1","Sadistic Nature"],"campfire_rested":0,"item_purchase_floors":[4,4,4,4,12,12,12,12,12,12,12,12,13,13,13,13,13,28,28,28,28,30,30,30,30,38,38,38,38,38,38,44,44,44,44,44],"current_hp_per_floor":[44,34,32,32,30,20,20,20,20,7,7,7,36,36,36,36,60,56,56,56,56,56,49,47,47,47,47,60,60,60,60,60,61,69,69,69,69,79,81,83,58,46,46,61,61,63,63,65,65,64],"gold":495020,"neow_bonus":"","is_daily":false,"chose_seed":false,"campfire_upgraded":7,"win_rate":0.0,"timestamp":1612656846,"path_taken":["M","?","M","$","M","E","R","R","T","E","?","$","$","?","R","BOSS","M","?","M","?","?","E","E","E","T","R","$","?","$","?","R","BOSS","M","?","?","$","M","E","E","E","T","$","E","?","R","?","R","BOSS"],"items_purchased_type":["Relic","Relic","Relic","Card","Relic","Relic","Relic","Card","Card","Card","Card","Potion","Relic","Relic","Relic","Card","Card","Relic","Relic","Relic","Card","Relic","Relic","Relic","Card","Relic","Relic","Relic","Card","Card","Card","Relic","Relic","Relic","Card","Card"],"build_version":"2020-12-22","purchased_purges":7,"victory":true,"max_hp_per_floor":[50,50,50,50,50,50,50,50,50,50,46,46,60,60,60,60,60,60,60,60,60,60,60,60,60,60,60,60,60,60,60,60,62,69,69,69,69,79,81,83,85,87,87,87,87,89,89,91,91,91],"card_choices":[{"not_picked":["survmod:MarkedFromAfar","survmod:BearTrap"],"picked":"survmod:AcidTrap","floor":1.0},{"not_picked":["survmod:FindCover","survmod:FlashbangTrap"],"picked":"survmod:FlashbangShot","floor":3.0},{"not_picked":["survmod:OverwhelmingAssault","survmod:Adaptability"],"picked":"survmod:NockAnArrow","floor":5.0},{"not_picked":["survmod:AimForTheLiver","survmod:PinningSnipe","survmod:ComplexMutation"],"picked":"SKIP","floor":6.0},{"not_picked":["survmod:FenceTrap+1","survmod:UnfortunateEscape+1","survmod:HailOfArrows"],"picked":"SKIP","floor":10.0},{"not_picked":["survmod:FlareQuiver","survmod:MarkTrap+1"],"picked":"survmod:AcidTrap+1","floor":18.0},{"not_picked":["survmod:PersonalMark+1","survmod:OverwhelmingAssault+1"],"picked":"survmod:MarkedFromAfar","floor":20.0},{"not_picked":["survmod:UnfortunateEscape+1","survmod:FindCover+1","survmod:MarkTrap+1"],"picked":"SKIP","floor":23.0},{"not_picked":["survmod:TacticalManeuver+1","survmod:ShrapnelTraps"],"picked":"survmod:DuckAndFlare+1","floor":24.0},{"not_picked":["survmod:Hawkeye+1","survmod:PinningSnipe","survmod:DeadlyAim+1"],"picked":"SKIP","floor":25.0},{"not_picked":["survmod:MarkedFromAfar","survmod:MarkedShot+1"],"picked":"survmod:SurpriseTrap+1","floor":29.0},{"not_picked":["survmod:HiddenTactic+1","survmod:ShrapnelTraps"],"picked":"survmod:FlareQuiver","floor":31.0},{"not_picked":["survmod:MutantForm","survmod:Decoy+1","survmod:BatteringStrike"],"picked":"Singing Bowl","floor":33.0},{"not_picked":["survmod:SimpleMutation","survmod:FenceTrap+1","survmod:PenetratingShot"],"picked":"Singing Bowl","floor":34.0},{"not_picked":["survmod:TrickShot","survmod:VersatileDefense+1"],"picked":"survmod:PoisonTrap+1","floor":35.0},{"not_picked":["survmod:Adaptability+1","survmod:MarkedShot+1"],"picked":"survmod:FlashbangShot","floor":36.0},{"not_picked":["survmod:KnowThyEnemy+1","survmod:MarkedShot+1","survmod:TwinShot+1"],"picked":"Singing Bowl","floor":39.0},{"not_picked":["survmod:QuickDash+1","survmod:UnfortunateEscape+1","survmod:Adaptability+1"],"picked":"Singing Bowl","floor":40},{"not_picked":["survmod:QuickThinking+1","survmod:TrickShot+1","survmod:TwinShot"],"picked":"Singing Bowl","floor":41},{"not_picked":["survmod:Exploit","survmod:UnfortunateEscape+1","survmod:FindCover+1"],"picked":"Singing Bowl","floor":42},{"not_picked":["survmod:Camouflage","survmod:FenceTrap+1"],"picked":"survmod:DuckAndFlare+1","floor":45},{"not_picked":["survmod:FlashbangTrap+1","survmod:GoForFace","survmod:MarkTrap+1"],"picked":"Singing Bowl","floor":46},{"not_picked":["survmod:TakeAim+1","survmod:Hawkeye+1","survmod:ExplosiveTrap+1"],"picked":"Singing Bowl","floor":48}],"player_experience":556169,"relics_obtained":[{"floor":6.0,"key":"Toxic Egg 2"},{"floor":9.0,"key":"survmod:RunningShoes"},{"floor":10.0,"key":"Bronze Scales"},{"floor":23.0,"key":"survmod:SignalFlare"},{"floor":23.0,"key":"Smiling Mask"},{"floor":24.0,"key":"Omamori"},{"floor":24.0,"key":"Orichalcum"},{"floor":25.0,"key":"Art of War"},{"floor":25.0,"key":"MawBank"},{"floor":26.0,"key":"Whetstone"},{"floor":29.0,"key":"Letter Opener"},{"floor":29.0,"key":"Bottled Tornado"},{"floor":40,"key":"Centennial Puzzle"},{"floor":40,"key":"Mercury Hourglass"},{"floor":41,"key":"War Paint"},{"floor":41,"key":"survmod:Longbow"},{"floor":42,"key":"Regal Pillow"},{"floor":42,"key":"Toy Ornithopter"},{"floor":43,"key":"Pen Nib"},{"floor":45,"key":"Sundial"},{"floor":45,"key":"Ornamental Fan"},{"floor":48,"key":"Ice Cream"}],"event_choices":[{"damage_healed":0.0,"max_hp_gain":0.0,"max_hp_loss":0.0,"gold_gain":0.0,"event_name":"Shining Light","player_choice":"Entered Light","floor":2.0,"gold_loss":0.0,"damage_taken":10.0,"cards_upgraded":["survmod:NockAnArrow","survmod:TacticalManeuver"]},{"damage_healed":0.0,"max_hp_gain":0.0,"max_hp_loss":4.0,"gold_gain":0.0,"event_name":"Golden Idol","player_choice":"Lose Max HP","floor":11.0,"gold_loss":0.0,"damage_taken":0.0,"relics_obtained":["Golden Idol"]},{"cards_removed":["survmod:SwiftKick"],"damage_healed":0.0,"max_hp_gain":0.0,"max_hp_loss":0.0,"gold_gain":0.0,"event_name":"Purifier","player_choice":"Purged","floor":14.0,"gold_loss":0.0,"damage_taken":0.0},{"damage_healed":0.0,"max_hp_gain":0.0,"max_hp_loss":0.0,"gold_gain":0.0,"event_name":"Vampires","player_choice":"Ignored","floor":19.0,"gold_loss":0.0,"damage_taken":0.0},{"damage_healed":0.0,"max_hp_gain":0.0,"max_hp_loss":0.0,"gold_gain":0.0,"event_name":"The Library","player_choice":"Read","floor":21.0,"gold_loss":0.0,"damage_taken":0.0,"cards_obtained":["survmod:NockAnArrow"]},{"damage_healed":0.0,"max_hp_gain":0.0,"max_hp_loss":0.0,"gold_gain":0.0,"event_name":"The Joust","player_choice":"Bet on Owner","floor":22.0,"gold_loss":50.0,"damage_taken":0.0},{"cards_removed":["survmod:CloseCall"],"damage_healed":0.0,"max_hp_gain":0.0,"max_hp_loss":0.0,"gold_gain":0.0,"event_name":"Purifier","player_choice":"Purged","floor":37.0,"gold_loss":0.0,"damage_taken":0.0},{"damage_healed":0,"gold_gain":0,"player_choice":"Fight","damage_taken":0,"max_hp_gain":0,"max_hp_loss":0,"event_name":"MindBloom","floor":48,"gold_loss":0}],"is_beta":false,"boss_relics":[{"not_picked":["Astrolabe","Philosopher\u0027s Stone"],"picked":"Black Star"},{"not_picked":["Velvet Choker","Calling Bell"],"picked":"Tiny House"}],"items_purged_floors":[4,12,13,28,30,38,44],"is_endless":false,"potions_floor_spawned":[1,5,6,10,24,29,33,35,41,45,46],"ascension_level":0}}