{"host":"mydft8i2zzydgggw","time":1612671465,"event":{"mods":["AchievementEnabler","BaseMod","Colored Map","Colored Powertips","DeckTracker","Keyboard Shortcuts","Minty Spire (QoL Compilation)","Rare Cards Sparkle","StSLib","SuperFastMode","everything is the same but u backflip on backflip"],"gold_per_floor":[117,132,132,148,161,186,186,186,213,213,225,239,256,256,256,355,355,372,391,391,13,25,51,98,98,98,118,138,170,189,222,222,323,323,334,82,94,106,54,54,54,104,150,77,87,99,129,140,140,140,140],"floor_reached":50,"language":"KOR","playtime":1134,"items_purged":["True Grit","Feed"],"score":830,"play_id":"43abfbc6-f5f9-46cb-baee-521df57a8e68","local_time":"20210207131745","is_ascension_mode":true,"campfire_choices":[{"data":"Perfected Strike","floor":10.0,"key":"SMITH"},{"data":"Perfected Strike","floor":15.0,"key":"SMITH"},{"data":"Bash","floor":25.0,"key":"SMITH"},{"data":"Corruption","floor":32.0,"key":"SMITH"},{"data":"Dark Embrace","floor":40.0,"key":"SMITH"},{"floor":49,"key":"RECALL"}],"circlet_count":0,"master_deck":["Strike_R","Strike_R","Strike_R","Strike_R","Strike_R","Defend_R","Defend_R","Bash+1","Wild Strike","Perfected Strike+1","Twin Strike","Perfected Strike+1","Armaments+1","Flame Barrier+1","Double Tap+1","Pommel Strike+1","Shrug It Off+1","Dual Wield+1","Battle Trance+1","Corruption+1","Impervious+1","Offering+1","Shrug It Off+1","Perfected Strike","Dark Embrace+1","True Grit+1","Dark Embrace+1","Limit Break+1"],"relics":["Burning Blood","Oddly Smooth Stone","FaceOfCleric","Toxic Egg 2","Sundial","MealTicket","Empty Cage","MutagenicStrength","Bag of Preparation","StrikeDummy","Strawberry","White Beast Statue","Vajra","Blood Vial","Sozu","Bronze Scales","Ginger","Pantograph","Thread and Needle"],"acts_visited":["Exordium","TheCity","TheBeyond"],"potions_floor_usage":[],"damage_taken":[{"damage":6.0,"enemies":"Jaw Worm","floor":1.0,"turns":3.0},{"damage":0.0,"enemies":"Cultist","floor":2.0,"turns":3.0},{"damage":0.0,"enemies":"Small Slimes","floor":4.0,"turns":2.0},{"damage":2.0,"enemies":"Exordium Thugs","floor":5.0,"turns":4.0},{"damage":42.0,"enemies":"3 Sentries","floor":6.0,"turns":9.0},{"damage":9.0,"enemies":"Blue Slaver","floor":11.0,"turns":3.0},{"damage":3.0,"enemies":"Looter","floor":12.0,"turns":2.0},{"damage":17.0,"enemies":"Exordium Wildlife","floor":13.0,"turns":5.0},{"damage":13.0,"enemies":"The Guardian","floor":16.0,"turns":9.0},{"damage":33.0,"enemies":"Shell Parasite","floor":18.0,"turns":4.0},{"damage":0.0,"enemies":"Spheric Guardian","floor":19.0,"turns":2.0},{"damage":22.0,"enemies":"3 Cultists","floor":22.0,"turns":4.0},{"damage":40.0,"enemies":"Book of Stabbing","floor":23.0,"turns":5.0},{"damage":7.0,"enemies":"Snake Plant","floor":27.0,"turns":3.0},{"damage":6.0,"enemies":"Snecko","floor":28.0,"turns":3.0},{"damage":24.0,"enemies":"Gremlin Leader","floor":29.0,"turns":7.0},{"damage":0.0,"enemies":"3 Cultists","floor":30.0,"turns":4.0},{"damage":22.0,"enemies":"Book of Stabbing","floor":31.0,"turns":4.0},{"damage":92.0,"enemies":"Automaton","floor":33.0,"turns":8.0},{"damage":19.0,"enemies":"3 Shapes","floor":35.0,"turns":3.0},{"damage":16.0,"enemies":"3 Darklings","floor":37.0,"turns":4.0},{"damage":8.0,"enemies":"Jaw Worm Horde","floor":38.0,"turns":3.0},{"damage":6.0,"enemies":"Mind Bloom Boss Battle","floor":42.0,"turns":3.0},{"damage":6.0,"enemies":"Spire Growth","floor":45.0,"turns":3.0},{"damage":21.0,"enemies":"Maw","floor":46.0,"turns":4.0},{"damage":50.0,"enemies":"Giant Head","floor":47.0,"turns":6.0},{"damage":6.0,"enemies":"3 Darklings","floor":48.0,"turns":4.0},{"damage":103,"enemies":"Time Eater","floor":50,"turns":8}],"seed_played":"-8602038458725460389","potions_obtained":[{"floor":4.0,"key":"Regen Potion"},{"floor":5.0,"key":"SkillPotion"},{"floor":8.0,"key":"Fire Potion"},{"floor":8.0,"key":"Ancient Potion"},{"floor":8.0,"key":"BlessingOfTheForge"},{"floor":13.0,"key":"DuplicationPotion"},{"floor":19.0,"key":"Regen Potion"},{"floor":22.0,"key":"PowerPotion"},{"floor":27.0,"key":"Energy Potion"},{"floor":28.0,"key":"BlessingOfTheForge"},{"floor":29.0,"key":"BloodPotion"},{"floor":30.0,"key":"Weak Potion"},{"floor":31.0,"key":"Fire Potion"},{"floor":33.0,"key":"ColorlessPotion"}],"is_trial":false,"path_per_floor":["M","M","?","M","M","E","T","?","T","R","M","M","M","?","R","B",null,"M","M","?","$","M","E","T","R","T","M","M","E","M","E","R","B",null,"M","$","M","M","$","R","?","?","T","?","M","M","E","M","R","B"],"character_chosen":"IRONCLAD","items_purchased":["Bag of Preparation","FairyPotion","Dexterity Potion","Bronze Scales","True Grit+1"],"campfire_rested":0,"item_purchase_floors":[21,21,21,36,39],"current_hp_per_floor":[72,78,78,81,82,59,59,59,59,59,57,61,51,51,51,45,77,51,58,58,73,58,29,36,36,36,36,37,23,51,36,36,40,93,83,98,91,92,107,107,107,109,109,109,110,96,55,58,58,0,0],"gold":140,"neow_bonus":"RANDOM_COMMON_RELIC","is_daily":false,"chose_seed":false,"campfire_upgraded":5,"win_rate":0.0,"timestamp":1612671465,"path_taken":["M","M","?","?","?","E","?","?","T","R","M","M","?","?","R","BOSS","M","M","?","$","M","E","?","R","T","M","M","E","M","E","R","BOSS","M","$","M","M","$","R","?","?","T","?","M","?","E","M","R","BOSS"],"items_purchased_type":["Relic","Potion","Potion","Relic","Card"],"build_version":"2020-12-22","purchased_purges":2,"victory":false,"max_hp_per_floor":[80,80,80,81,82,83,83,83,83,83,84,85,86,86,86,87,87,88,89,89,89,90,95,102,102,102,103,104,108,109,110,110,111,111,112,112,113,114,114,114,108,109,109,109,110,111,112,113,113,113,113],"card_choices":[{"not_picked":["Burning Pact","Warcry"],"picked":"Wild Strike","floor":1.0},{"not_picked":["Wild Strike","Thunderclap"],"picked":"Perfected Strike","floor":2.0},{"not_picked":["Fiend Fire","Headbutt"],"picked":"True Grit","floor":4.0},{"not_picked":["Blood for Blood","Flex"],"picked":"Twin Strike","floor":5.0},{"not_picked":["Disarm+1","Seeing Red+1"],"picked":"Feed","floor":6.0},{"not_picked":["Anger","Shrug It Off+1"],"picked":"Perfected Strike","floor":11.0},{"not_picked":["Flex+1","Havoc+1"],"picked":"Armaments+1","floor":12.0},{"not_picked":["Blood for Blood","Headbutt"],"picked":"Flame Barrier+1","floor":13.0},{"not_picked":["Impervious+1","Juggernaut"],"picked":"Double Tap+1","floor":16.0},{"not_picked":["Clothesline","Headbutt","Cleave"],"picked":"SKIP","floor":18.0},{"not_picked":["Heavy Blade","Wild Strike"],"picked":"Pommel Strike+1","floor":19.0},{"not_picked":["Sentinel+1","Pommel Strike"],"picked":"Shrug It Off+1","floor":22.0},{"not_picked":["True Grit+1","Clash"],"picked":"Dual Wield+1","floor":23.0},{"not_picked":["Armaments+1","Feel No Pain+1","Clash+1"],"picked":"SKIP","floor":27.0},{"not_picked":["Evolve","Cleave","Spot Weakness+1"],"picked":"SKIP","floor":28.0},{"not_picked":["Thunderclap","Clash"],"picked":"Battle Trance+1","floor":29.0},{"not_picked":["Clothesline","Body Slam"],"picked":"Corruption","floor":30.0},{"not_picked":["Fiend Fire","Havoc+1"],"picked":"Impervious+1","floor":31.0},{"not_picked":["Brutality","Fiend Fire"],"picked":"Offering+1","floor":33.0},{"not_picked":["Heavy Blade","Twin Strike"],"picked":"Shrug It Off+1","floor":35.0},{"not_picked":["Headbutt+1","Body Slam"],"picked":"Perfected Strike","floor":37.0},{"not_picked":["Pummel+1","Entrench+1"],"picked":"Dark Embrace","floor":38.0},{"not_picked":["Headbutt","Ghostly Armor+1","Rupture+1"],"picked":"SKIP","floor":45.0},{"not_picked":["Spot Weakness+1","Intimidate+1"],"picked":"Dark Embrace+1","floor":46.0},{"not_picked":["Havoc+1","Twin Strike"],"picked":"Limit Break+1","floor":47.0},{"not_picked":["Infernal Blade+1","Twin Strike","Heavy Blade+1"],"picked":"SKIP","floor":48.0}],"player_experience":244243,"relics_obtained":[{"floor":6.0,"key":"Toxic Egg 2"},{"floor":7.0,"key":"Sundial"},{"floor":9.0,"key":"MealTicket"},{"floor":23.0,"key":"StrikeDummy"},{"floor":24.0,"key":"Strawberry"},{"floor":26.0,"key":"White Beast Statue"},{"floor":29.0,"key":"Vajra"},{"floor":31.0,"key":"Blood Vial"},{"floor":42.0,"key":"Ginger"},{"floor":47.0,"key":"Thread and Needle"}],"event_choices":[{"damage_healed":0.0,"max_hp_gain":0.0,"max_hp_loss":0.0,"gold_gain":0.0,"event_name":"FaceTrader","player_choice":"Trade","floor":3.0,"gold_loss":0.0,"damage_taken":0.0,"relics_obtained":["FaceOfCleric"]},{"damage_healed":0.0,"max_hp_gain":0.0,"max_hp_loss":0.0,"gold_gain":0.0,"event_name":"Lab","player_choice":"Got Potions","floor":8.0,"gold_loss":0.0,"damage_taken":0.0},{"damage_healed":0.0,"max_hp_gain":0.0,"max_hp_loss":0.0,"gold_gain":0.0,"event_name":"Liars Game","player_choice":"Ignored","floor":14.0,"gold_loss":0.0,"damage_taken":0.0},{"damage_healed":0.0,"max_hp_gain":0.0,"max_hp_loss":0.0,"gold_gain":0.0,"event_name":"Drug Dealer","player_choice":"Inject Mutagens","floor":20.0,"gold_loss":0.0,"damage_taken":0.0,"relics_obtained":["MutagenicStrength"]},{"damage_healed":0.0,"max_hp_gain":0.0,"max_hp_loss":6.0,"gold_gain":0.0,"event_name":"Winding Halls","player_choice":"Max HP","floor":41.0,"gold_loss":0.0,"damage_taken":0.0},{"damage_healed":0.0,"max_hp_gain":0.0,"max_hp_loss":0.0,"gold_gain":0.0,"event_name":"MindBloom","player_choice":"Fight","floor":42.0,"gold_loss":0.0,"damage_taken":0.0},{"damage_healed":0.0,"max_hp_gain":0.0,"max_hp_loss":0.0,"gold_gain":0.0,"event_name":"WeMeetAgain","player_choice":"Paid Gold","floor":44.0,"gold_loss":73.0,"damage_taken":0.0,"relics_obtained":["Pantograph"]}],"is_beta":false,"boss_relics":[{"not_picked":["Busted Crown","Black Blood"],"picked":"Empty Cage"},{"not_picked":["Calling Bell","Pandora\u0027s Box"],"picked":"Sozu"}],"items_purged_floors":[21,36],"is_endless":false,"potions_floor_spawned":[4,5,11,12,13,19,22,27,28,29,30,31,33,35,37,38,42,45,46,47,48],"killed_by":"Time Eater","ascension_level":9}}