{"host":"h9q6eax775d7taki","time":1612729116,"event":{"mods":["Act Like it!","Aspiration","BaseMod","Colored Map","Colored Powertips","Conspire","Energized Spire","GifTheSpireLib","Halation","Hallownest","Hubris","Minty Spire (QoL Compilation)","Replay The Spire","Spikes Relics","StS++","StSLib","Stuff the Spire","The Bug Knight"],"gold_per_floor":[116,179,191,210,385,385,398,398,446,446,479,479,133,197,197,197,197],"floor_reached":16,"language":"ENG","playtime":1256,"items_purged":["Strike_R"],"score":195,"play_id":"315135e5-b9b6-4a49-9149-792e63d1842f","local_time":"20210207211836","is_ascension_mode":true,"campfire_choices":[{"floor":6,"key":"REST"},{"data":"Hemogenesis","floor":8,"key":"SMITH"},{"data":"Bludgeon","floor":10,"key":"SMITH"}],"circlet_count":0,"master_deck":["AscendersBane","Strike_R","Strike_R","Strike_R","Strike_R","Defend_R","Defend_R","Defend_R","Defend_R","Bash","Limit Break","Eclipse","Exhume","conspire:Purge","Replay:Many Hands","Berserk","Fiend Fire","StSpp:Turnabout","StSpp:IntoTheAbyss","Reaper","Corruption","Offering","Juggernaut","Impervious","conspire:HitWhereItHurts","Double Tap","Immolate","StSpp:Betrayal","Demonic Infusion","hubris:StunningStrike","Brutality","Bludgeon+1","Feed","StuffTheSpire:TitanForm","Demon Form","Hemogenesis+1","StSpp:BladeOfBlood","Armaments","Feed","Doubt","Shrug It Off","True Grit","Twin Strike+1","StuffTheSpire:RagingBull","Havoc","True Grit","Life Link","Abandon"],"relics":["StSpp:CrystalBall","Oddly Smooth Stone","ReplayTheSpireMod:TigerMarble","halation:Toothbrush","SsserpentHead","BargainBundle","RollingBoulder"],"acts_visited":["Exordium"],"potions_floor_usage":[3,7,16],"damage_taken":[{"damage":0,"enemies":"2 Louse","floor":1,"turns":2},{"damage":14,"enemies":"Jaw Worm","floor":3,"turns":2},{"damage":23,"enemies":"Small Slimes","floor":4,"turns":5},{"damage":3,"enemies":"Red Slaver","floor":7,"turns":3},{"damage":20,"enemies":"Lagavulin","floor":11,"turns":5},{"damage":6,"enemies":"3 Louse","floor":14,"turns":1},{"damage":49,"enemies":"Slime Boss","floor":16,"turns":5}],"seed_played":"-3169020760445710346","potions_obtained":[{"floor":1,"key":"EssenceOfSteel"},{"floor":2,"key":"Fire Potion"},{"floor":4,"key":"Weak Potion"}],"is_trial":false,"path_per_floor":["M","?","M","M","?","R","M","R","T","R","E","?","$","M","R_BF","B"],"character_chosen":"IRONCLAD","items_purchased":["BargainBundle","RollingBoulder","Twin Strike","StuffTheSpire:RagingBull","Havoc","True Grit","Life Link"],"campfire_rested":1,"item_purchase_floors":[13,13,13,13,13,13,13],"current_hp_per_floor":[68,38,36,16,16,39,40,40,40,40,20,20,23,17,41,0,0],"gold":197,"neow_bonus":"BOSS_RELIC","is_daily":false,"chose_seed":false,"campfire_upgraded":2,"win_rate":0.0,"timestamp":1612729116,"path_taken":["M","?","M","M","?","R","M","R","T","R","E","?","$","?","R_BF","BOSS"],"items_purchased_type":["Relic","Relic","Card","Card","Card","Card","Card"],"build_version":"2020-12-22","purchased_purges":1,"victory":false,"max_hp_per_floor":[75,75,75,78,78,78,78,78,78,78,78,78,81,81,81,81,81],"card_choices":[{"not_picked":["Clothesline","StSpp:Sprint"],"picked":"Armaments","floor":1},{"not_picked":["Cleave","Run Through"],"picked":"Feed","floor":2},{"not_picked":["Blood for Blood","Perfected Strike","ReplayTheSpireMod:Strike From Hell"],"picked":"SKIP","floor":3},{"not_picked":["StuffTheSpire:Slingshot","StuffTheSpire:Incineration","StSpp:Betrayal"],"picked":"SKIP","floor":4},{"not_picked":["Flex","Iron Wave"],"picked":"Shrug It Off","floor":7},{"not_picked":["Clothesline","Run Through"],"picked":"True Grit","floor":11},{"not_picked":["hubris:ReadiedAction","StuffTheSpire:RockThrow"],"picked":"Abandon","floor":14}],"player_experience":503652,"relics_obtained":[{"floor":2,"key":"Oddly Smooth Stone"},{"floor":9,"key":"ReplayTheSpireMod:TigerMarble"},{"floor":11,"key":"halation:Toothbrush"}],"event_choices":[{"damage_healed":0,"gold_gain":175,"player_choice":"AGREE","damage_taken":0,"max_hp_gain":0,"max_hp_loss":0,"event_name":"Liars Game","floor":5,"gold_loss":0,"cards_obtained":["Doubt"]},{"damage_healed":0,"gold_gain":0,"player_choice":"Trade","damage_taken":0,"relics_obtained":["SsserpentHead"],"max_hp_gain":0,"max_hp_loss":0,"event_name":"FaceTrader","floor":12,"gold_loss":0}],"is_beta":false,"boss_relics":[],"items_purged_floors":[13],"is_endless":false,"potions_floor_spawned":[1,4],"killed_by":"Slime Boss","ascension_level":14}}