{"host":"wuernuywc9gl215o","time":1612724300,"event":{"mods":["AchievementEnabler","BaseMod","Block Reminder","Highlight Path","Key Reminder","Minty Spire (QoL Compilation)","Permanent Neow","Potion Indicator Mod","Quick Restart","Relic Stats"],"gold_per_floor":[117,117,128,141,141,167,179,179,179,204,204,233,233,253,253,358,358,358,358,283,283,245,245,245,245,245,245,245,245,245,245,245,245,245,245,245,245,245,195,195,195,195,195,195,39,39,39,39,39,39,39,39,39,39,39],"floor_reached":54,"language":"ENG","playtime":4062,"items_purged":["Strike_B"],"score":759,"play_id":"5f70948f-545f-4ab8-b826-f8b55c292045","local_time":"20210207185820","is_ascension_mode":true,"campfire_choices":[{"data":"Conserve Battery","floor":11.0,"key":"SMITH"},{"data":"Capacitor","floor":13.0,"key":"SMITH"},{"data":"Melter","floor":15.0,"key":"SMITH"},{"data":"Loop","floor":25.0,"key":"SMITH"},{"data":"Creative AI","floor":29.0,"key":"SMITH"},{"floor":32.0,"key":"REST"},{"floor":40.0,"key":"REST"},{"data":"Buffer","floor":42.0,"key":"SMITH"},{"floor":44.0,"key":"REST"},{"floor":49.0,"key":"RECALL"},{"data":"Chill","floor":52.0,"key":"SMITH"}],"circlet_count":0,"master_deck":["Defend_B","Defend_B","Defend_B","Zap","Dualcast","Electrodynamics+1","Hello World+1","Stack+1","Ball Lightning","Glacier","Barrage","Capacitor+1","Sweeping Beam","Conserve Battery+1","Storm","Melter+1","Creative AI+1","FTL","Lockon","Loop+1","Core Surge","Blizzard","Chill+1","Amplify","Buffer+1","Redo+1","Skim+1"],"relics":["Astrolabe","PreservedInsect","Thread and Needle","Meat on the Bone","Blue Candle","Pantograph","Smiling Mask","Ectoplasm","Question Card","Shuriken","Tiny Chest","Nuclear Battery","Pocketwatch","Torii","OrangePellets","HornCleat","Oddly Smooth Stone"],"acts_visited":["Exordium","TheCity","TheBeyond","TheEnding"],"potions_floor_usage":[],"damage_taken":[{"damage":5.0,"enemies":"2 Louse","floor":1.0,"turns":3.0},{"damage":0.0,"enemies":"Small Slimes","floor":3.0,"turns":2.0},{"damage":6.0,"enemies":"Jaw Worm","floor":4.0,"turns":3.0},{"damage":19.0,"enemies":"Gremlin Nob","floor":6.0,"turns":4.0},{"damage":0.0,"enemies":"3 Louse","floor":7.0,"turns":5.0},{"damage":4.0,"enemies":"Lagavulin","floor":10.0,"turns":6.0},{"damage":0.0,"enemies":"3 Sentries","floor":12.0,"turns":2.0},{"damage":0.0,"enemies":"Large Slime","floor":14.0,"turns":4.0},{"damage":10.0,"enemies":"Hexaghost","floor":16.0,"turns":9.0},{"damage":0.0,"enemies":"Spheric Guardian","floor":18.0,"turns":2.0},{"damage":0.0,"enemies":"Chosen","floor":19.0,"turns":4.0},{"damage":29.0,"enemies":"Slavers","floor":23.0,"turns":4.0},{"damage":16.0,"enemies":"Centurion and Healer","floor":27.0,"turns":3.0},{"damage":12.0,"enemies":"Snake Plant","floor":28.0,"turns":3.0},{"damage":0.0,"enemies":"Cultist and Chosen","floor":30.0,"turns":5.0},{"damage":13.0,"enemies":"Book of Stabbing","floor":31.0,"turns":6.0},{"damage":57.0,"enemies":"Collector","floor":33.0,"turns":7.0},{"damage":1.0,"enemies":"Orb Walker","floor":35.0,"turns":4.0},{"damage":0.0,"enemies":"Mind Bloom Boss Battle","floor":36.0,"turns":8.0},{"damage":15.0,"enemies":"3 Shapes","floor":37.0,"turns":4.0},{"damage":48.0,"enemies":"2 Orb Walkers","floor":38.0,"turns":6.0},{"damage":19.0,"enemies":"Maw","floor":41.0,"turns":7.0},{"damage":2.0,"enemies":"Writhing Mass","floor":47.0,"turns":6.0},{"damage":60.0,"enemies":"Nemesis","floor":48.0,"turns":7.0},{"damage":37.0,"enemies":"Time Eater","floor":50.0,"turns":12.0},{"damage":86,"enemies":"Shield and Spear","floor":54,"turns":6}],"seed_played":"3582425809235343626","potions_obtained":[{"floor":4.0,"key":"SkillPotion"},{"floor":6.0,"key":"GamblersBrew"},{"floor":7.0,"key":"FocusPotion"},{"floor":16.0,"key":"AttackPotion"},{"floor":23.0,"key":"EssenceOfDarkness"},{"floor":27.0,"key":"Regen Potion"},{"floor":30.0,"key":"Energy Potion"},{"floor":35.0,"key":"AttackPotion"},{"floor":36.0,"key":"Block Potion"},{"floor":37.0,"key":"SpeedPotion"}],"is_trial":false,"path_per_floor":["M","?","M","M","?","E","M","T","T","E","R","E","R","M","R","B",null,"M","M","?","?","$","E","?","R","T","M","M","R","M","E","R","B",null,"M","?","M","?","$","R","M","R","T","R","$","T","M","E","R","B",null,"R","$","E"],"character_chosen":"DEFECT","items_purchased":["Loop","OrangePellets"],"campfire_rested":3,"item_purchase_floors":[22,45],"current_hp_per_floor":[70,67,67,61,61,42,42,42,42,38,38,38,38,38,38,53,75,75,75,75,75,75,46,32,32,32,28,37,37,49,48,72,35,80,79,80,65,29,29,53,46,46,46,70,70,70,68,20,20,20,80,80,80,0,0],"gold":39,"neow_bonus":"BOSS_RELIC","is_daily":false,"chose_seed":false,"campfire_upgraded":7,"win_rate":0.0,"timestamp":1612724300,"path_taken":["M","?","M","M","?","E","M","?","T","E","R","E","R","M","R","BOSS","M","M","?","?","$","E","?","R","T","?","M","R","M","E","R","BOSS","M","?","M","?","$","R","M","R","T","R","?","?","M","E","R","BOSS","R","$","E"],"items_purchased_type":["Card","Relic"],"build_version":"2020-12-22","purchased_purges":1,"victory":false,"max_hp_per_floor":[75,75,75,75,75,75,75,75,75,75,75,75,75,75,75,75,75,75,75,75,75,75,75,80,80,80,80,80,80,80,80,80,80,80,80,80,80,80,80,80,80,80,80,80,80,80,80,80,80,80,80,80,80,80,80],"relic_stats":{"Torii":14,"counters":[26,132],"Astrolabe":["Electrodynamics","Hello World","Stack"],"Blue Candle":[0],"PreservedInsect":277,"Smiling Mask":25,"Question Card":12,"OrangePellets":[6],"Shuriken":[21],"Pantograph":59,"Tiny Chest":1,"Ectoplasm":492,"obtain_stats":[{"Torii":38,"Astrolabe":0,"Blue Candle":9,"Oddly Smooth Stone":48,"Thread and Needle":6,"PreservedInsect":2,"Smiling Mask":12,"Question Card":23,"Nuclear Battery":34,"keyreminder:keyreminder":43,"OrangePellets":45,"HornCleat":46,"Shuriken":26,"Pantograph":10,"Tiny Chest":31,"Ectoplasm":17,"Cracked Core":0,"Meat on the Bone":8,"Pocketwatch":36},{"Torii":21,"Astrolabe":0,"Blue Candle":5,"Oddly Smooth Stone":24,"Thread and Needle":4,"PreservedInsect":1,"Smiling Mask":7,"Question Card":12,"Nuclear Battery":17,"keyreminder:keyreminder":22,"OrangePellets":22,"HornCleat":22,"Shuriken":12,"Pantograph":6,"Tiny Chest":16,"Ectoplasm":9,"Cracked Core":0,"Meat on the Bone":5,"Pocketwatch":19},{"Torii":94,"Astrolabe":0,"Blue Candle":17,"Oddly Smooth Stone":114,"Thread and Needle":12,"PreservedInsect":3,"Smiling Mask":25,"Question Card":48,"Nuclear Battery":72,"keyreminder:keyreminder":101,"OrangePellets":101,"HornCleat":101,"Shuriken":48,"Pantograph":23,"Tiny Chest":65,"Ectoplasm":38,"Cracked Core":0,"Meat on the Bone":17,"Pocketwatch":84}],"Meat on the Bone":108,"Pocketwatch":[12]},"card_choices":[{"not_picked":["Turbo","Beam Cell"],"picked":"Ball Lightning","floor":1.0},{"not_picked":["Coolheaded","Cold Snap"],"picked":"Glacier","floor":3.0},{"not_picked":["Conserve Battery","Leap"],"picked":"Barrage","floor":4.0},{"not_picked":["White Noise","Skim"],"picked":"Capacitor","floor":6.0},{"not_picked":["Coolheaded","Creative AI"],"picked":"Sweeping Beam","floor":7.0},{"not_picked":["Compile Driver","BootSequence"],"picked":"Conserve Battery","floor":10.0},{"not_picked":["Stack","Compile Driver"],"picked":"Storm","floor":12.0},{"not_picked":["Coolheaded","Amplify"],"picked":"Melter","floor":14.0},{"not_picked":["Hyperbeam","Fission"],"picked":"Creative AI","floor":16.0},{"not_picked":["Streamline","Leap"],"picked":"FTL","floor":18.0},{"not_picked":["Beam Cell","Turbo"],"picked":"Lockon","floor":19.0},{"not_picked":["Conserve Battery","Sweeping Beam"],"picked":"Core Surge","floor":23.0},{"not_picked":["Beam Cell","Ball Lightning","Barrage+1"],"picked":"Blizzard","floor":27.0},{"not_picked":["Conserve Battery+1","Storm","Steam","Blizzard"],"picked":"SKIP","floor":28.0},{"not_picked":["Sweeping Beam","Leap+1","Melter"],"picked":"Chill","floor":30.0},{"not_picked":["Rebound","Gash","Doom and Gloom"],"picked":"Amplify","floor":31.0},{"not_picked":["All For One","Machine Learning","Amplify"],"picked":"Buffer","floor":33.0},{"not_picked":["Conserve Battery+1","Ball Lightning","Steam","Sweeping Beam"],"picked":"SKIP","floor":35.0},{"not_picked":["Reprogram","Coolheaded+1","Lockon"],"picked":"Redo+1","floor":36.0},{"not_picked":["Turbo","Beam Cell+1","Recycle","Reprogram+1"],"picked":"SKIP","floor":37.0},{"not_picked":["Compile Driver","Go for the Eyes","Gash"],"picked":"Skim+1","floor":38.0},{"not_picked":["Compile Driver","Rebound","Conserve Battery","Buffer"],"picked":"SKIP","floor":41.0},{"not_picked":["Beam Cell+1","Gash","Barrage","Sweeping Beam"],"picked":"SKIP","floor":47.0},{"not_picked":["Rip and Tear+1","Coolheaded","Steam+1","Stack+1"],"picked":"SKIP","floor":48.0}],"player_experience":857523,"relics_obtained":[{"floor":6.0,"key":"Thread and Needle"},{"floor":8.0,"key":"Meat on the Bone"},{"floor":9.0,"key":"Blue Candle"},{"floor":10.0,"key":"Pantograph"},{"floor":12.0,"key":"Smiling Mask"},{"floor":23.0,"key":"Question Card"},{"floor":26.0,"key":"Shuriken"},{"floor":31.0,"key":"Tiny Chest"},{"floor":36.0,"key":"Pocketwatch"},{"floor":38.0,"key":"Torii"},{"floor":46.0,"key":"HornCleat"},{"floor":48.0,"key":"Oddly Smooth Stone"}],"event_choices":[{"damage_healed":0.0,"max_hp_gain":0.0,"max_hp_loss":0.0,"gold_gain":0.0,"event_name":"Scrap Ooze","player_choice":"Success","floor":2.0,"gold_loss":0.0,"damage_taken":3.0,"relics_obtained":["PreservedInsect"]},{"damage_healed":0.0,"max_hp_gain":0.0,"max_hp_loss":0.0,"gold_gain":0.0,"event_name":"Liars Game","player_choice":"Ignored","floor":5.0,"gold_loss":0.0,"damage_taken":0.0},{"cards_removed":["Strike_B"],"damage_healed":0.0,"max_hp_gain":0.0,"max_hp_loss":0.0,"gold_gain":0.0,"event_name":"Beggar","player_choice":"Gave Gold","floor":20.0,"gold_loss":75.0,"damage_taken":0.0},{"damage_healed":0.0,"max_hp_gain":0.0,"max_hp_loss":0.0,"gold_gain":0.0,"event_name":"Ghosts","player_choice":"Ignored","floor":21.0,"gold_loss":0.0,"damage_taken":0.0},{"damage_healed":0.0,"max_hp_gain":5.0,"max_hp_loss":0.0,"gold_gain":0.0,"event_name":"Forgotten Altar","player_choice":"Shed Blood","floor":24.0,"gold_loss":0.0,"damage_taken":19.0},{"damage_healed":0.0,"max_hp_gain":0.0,"max_hp_loss":0.0,"gold_gain":0.0,"event_name":"MindBloom","player_choice":"Fight","floor":36.0,"gold_loss":0.0,"damage_taken":0.0},{"damage_healed":0.0,"max_hp_gain":0.0,"max_hp_loss":0.0,"gold_gain":0.0,"event_name":"Mysterious Sphere","player_choice":"Fight","floor":38.0,"gold_loss":0.0,"damage_taken":0.0}],"is_beta":false,"boss_relics":[{"not_picked":["Tiny House","Coffee Dripper"],"picked":"Ectoplasm"},{"not_picked":["SlaversCollar","Calling Bell"],"picked":"Nuclear Battery"}],"items_purged_floors":[39],"is_endless":false,"potions_floor_spawned":[4,6,7,12,16,23,27,30,35,36,37],"killed_by":"Shield and Spear","ascension_level":1}}