{"host":"sum4dy402bbv9y4o","time":1612735413,"event":{"mods":["Aspiration","BaseMod","Conspire","Highlight Path","Minty Spire (QoL Compilation)","StSLib"],"gold_per_floor":[110,126,18,93,14,43,18,48,119,119,133,133,2,2,2,76,76,93,111,122,122,22,22,22],"floor_reached":23,"language":"ENG","playtime":740,"items_purged":["Strike_P","Strike_P"],"score":444,"play_id":"3b5d60d7-0535-48c3-b8ae-0c9a1658b1dc","local_time":"20210208010333","is_ascension_mode":true,"campfire_choices":[{"floor":10,"key":"REST"},{"data":"Eruption","floor":12,"key":"SMITH"},{"data":"CrushJoints","floor":15,"key":"SMITH"}],"circlet_count":0,"master_deck":["AscendersBane","Strike_P","Defend_P","Defend_P+1","Defend_P","Defend_P","Eruption+1","Vigilance","EmptyFist","ThirdEye","BowlingBash","Consecrate","EmptyBody","BowlingBash+1","Halt","CrushJoints+1","Consecrate","Consecrate","LessonLearned+1","TalkToTheHand"],"relics":["PureWater","NeowsBlessing","Bag of Preparation","Happy Flower","TeardropLocket","Runic Pyramid"],"acts_visited":["Exordium","TheCity"],"potions_floor_usage":[16,23,23],"damage_taken":[{"damage":0,"enemies":"Cultist","floor":1,"turns":1},{"damage":0,"enemies":"2 Louse","floor":2,"turns":1},{"damage":0,"enemies":"3 Sentries","floor":6,"turns":2},{"damage":35,"enemies":"Lagavulin","floor":8,"turns":7},{"damage":0,"enemies":"Small Slimes","floor":11,"turns":1},{"damage":1,"enemies":"Hexaghost","floor":16,"turns":7},{"damage":0,"enemies":"Spheric Guardian","floor":18,"turns":3},{"damage":0,"enemies":"3 Byrds","floor":19,"turns":5},{"damage":0,"enemies":"Cultist and Chosen","floor":20,"turns":4},{"damage":65,"enemies":"Book of Stabbing","floor":23,"turns":6}],"seed_played":"-6138761963931191676","potions_obtained":[{"floor":11,"key":"EssenceOfSteel"},{"floor":16,"key":"Energy Potion"}],"is_trial":false,"path_per_floor":["M","M","$","?","$","E","$","E","T","R","M","R","$","?","R","B",null,"M","M","M","?","$","E"],"character_chosen":"WATCHER","items_purchased":["BowlingBash","Consecrate","EmptyBody","BowlingBash","CrushJoints","AttackPotion"],"campfire_rested":1,"item_purchase_floors":[3,3,5,5,7,13],"current_hp_per_floor":[61,61,61,50,50,50,50,15,15,35,35,35,35,35,35,34,60,60,60,60,60,60,0,0],"gold":22,"neow_bonus":"THREE_ENEMY_KILL","is_daily":false,"chose_seed":false,"campfire_upgraded":2,"win_rate":0.0,"timestamp":1612735413,"path_taken":["M","M","?","?","$","E","$","E","T","R","M","R","$","?","R","BOSS","M","M","?","?","$","E"],"items_purchased_type":["Card","Card","Card","Card","Card","Potion"],"build_version":"2020-12-22","purchased_purges":2,"victory":false,"max_hp_per_floor":[68,68,68,68,68,68,68,68,68,68,68,68,68,68,68,68,68,68,68,68,68,68,68,68],"card_choices":[{"not_picked":["FlyingSleeves","WreathOfFlame"],"picked":"EmptyFist","floor":1},{"not_picked":["Evaluate","SignatureMove"],"picked":"ThirdEye","floor":2},{"not_picked":["SashWhip","Alpha"],"picked":"Halt","floor":6},{"not_picked":["CrushJoints","Study"],"picked":"Consecrate","floor":8},{"not_picked":["ThirdEye","SashWhip"],"picked":"Consecrate","floor":11},{"not_picked":["Wish","Omniscience"],"picked":"LessonLearned","floor":16},{"not_picked":["CrushJoints","BowlingBash","Wireheading"],"picked":"SKIP","floor":18},{"not_picked":["CrushJoints","Pray"],"picked":"TalkToTheHand","floor":19},{"not_picked":["CrushJoints","EmptyMind","Wireheading"],"picked":"SKIP","floor":20}],"player_experience":3058573,"relics_obtained":[{"floor":6,"key":"Bag of Preparation"},{"floor":8,"key":"Happy Flower"},{"floor":9,"key":"TeardropLocket"}],"event_choices":[{"damage_healed":0,"gold_gain":75,"player_choice":"Gather Gold","damage_taken":11,"max_hp_gain":0,"max_hp_loss":0,"event_name":"World of Goop","floor":4,"gold_loss":0},{"cards_removed":["Strike_P"],"damage_healed":0,"gold_gain":0,"player_choice":"Purged","damage_taken":0,"max_hp_gain":0,"max_hp_loss":0,"event_name":"Purifier","floor":14,"gold_loss":0}],"is_beta":false,"boss_relics":[{"not_picked":["Fusion Hammer","aspiration:PoetsPen"],"picked":"Runic Pyramid"}],"items_purged_floors":[13,22],"is_endless":false,"potions_floor_spawned":[11,16,19],"killed_by":"Book of Stabbing","ascension_level":20}}