{"host":"t7mx8yfj1no5p62f","time":1612675544,"event":{"mods":["BaseMod","Colored Map","Colored Powertips","Curses Come First","Minty Spire (QoL Compilation)","Relic Stats","StSLib"],"gold_per_floor":[117,192,192,207,5,5,5,34,34,34,50,73,98,114,114,191,191,206,226,226,241,291,291,321,321,321,336,336,336],"floor_reached":28,"language":"ENG","playtime":818,"items_purged":[],"score":492,"play_id":"9646e042-5a63-40b3-81f3-30846847d6ad","local_time":"20210207002544","is_ascension_mode":true,"campfire_choices":[{"data":"Blade Dance","floor":6.0,"key":"SMITH"},{"data":"Deadly Poison","floor":10.0,"key":"SMITH"},{"data":"Neutralize","floor":15.0,"key":"SMITH"},{"data":"Tools of the Trade","floor":23,"key":"SMITH"},{"data":"Panache","floor":25,"key":"SMITH"}],"circlet_count":0,"master_deck":["AscendersBane","Strike_G","Strike_G","Defend_G","Defend_G","Defend_G","Defend_G","Defend_G","Survivor","Neutralize+1","Panache+1","Skewer+1","Blade Dance+1","Finesse","Deadly Poison+1","Slice","Outmaneuver","Tools of the Trade+1","PiercingWail+1","Acrobatics"],"relics":["Ring of the Snake","Bronze Scales","Letter Opener","Anchor","Boot","Empty Cage","Centennial Puzzle"],"acts_visited":["Exordium","TheCity"],"potions_floor_usage":[24,28,28],"damage_taken":[{"damage":3.0,"enemies":"2 Louse","floor":1.0,"turns":4.0},{"damage":4.0,"enemies":"Jaw Worm","floor":4.0,"turns":5.0},{"damage":8.0,"enemies":"Lagavulin","floor":8.0,"turns":6.0},{"damage":0.0,"enemies":"Cultist","floor":11.0,"turns":2.0},{"damage":13.0,"enemies":"3 Sentries","floor":13.0,"turns":6.0},{"damage":0.0,"enemies":"Looter","floor":14.0,"turns":1.0},{"damage":13.0,"enemies":"The Guardian","floor":16.0,"turns":9.0},{"damage":9.0,"enemies":"Shell Parasite","floor":18.0,"turns":4.0},{"damage":12.0,"enemies":"Chosen","floor":19.0,"turns":5.0},{"damage":0,"enemies":"Centurion and Healer","floor":21,"turns":4},{"damage":10,"enemies":"Book of Stabbing","floor":24,"turns":4},{"damage":8,"enemies":"Cultist and Chosen","floor":27,"turns":4},{"damage":8,"enemies":"Snake Plant","floor":28,"turns":2}],"seed_played":"9197992296014214397","potions_obtained":[{"floor":8.0,"key":"Ancient Potion"},{"floor":13.0,"key":"Poison Potion"},{"floor":14.0,"key":"GamblersBrew"},{"floor":19,"key":"ColorlessPotion"},{"floor":21,"key":"Poison Potion"},{"floor":24,"key":"DistilledChaos"}],"is_trial":false,"path_per_floor":["M","?","?","M","$","R","?","E","T","R","M","T","E","M","R","B",null,"M","M","?","M","?","R","E","R","T","M","M"],"character_chosen":"THE_SILENT","items_purchased":["Finesse","FearPotion","Deadly Poison"],"campfire_rested":0,"item_purchase_floors":[5,5,5],"current_hp_per_floor":[56,45,45,41,41,41,41,33,33,33,33,33,20,20,20,7,47,38,26,26,26,26,26,16,16,16,8,0,0],"gold":336,"neow_bonus":"RANDOM_COLORLESS_2","is_daily":false,"chose_seed":false,"campfire_upgraded":5,"win_rate":0.0,"timestamp":1612675544,"path_taken":["M","?","?","M","?","R","?","E","T","R","M","?","E","M","R","BOSS","M","M","?","?","?","R","E","R","T","M","?"],"items_purchased_type":["Card","Potion","Card"],"build_version":"2020-12-22","purchased_purges":0,"victory":false,"max_hp_per_floor":[60,60,60,60,60,60,60,60,60,60,60,60,60,60,60,60,60,60,60,60,60,60,60,60,60,60,60,60,60],"relic_stats":{"Centennial Puzzle":[6],"counters":[13,56],"Bronze Scales":[115],"Letter Opener":[65],"Boot":[63],"obtain_stats":[{"Anchor":12,"Centennial Puzzle":24,"Bronze Scales":8,"Letter Opener":9,"Boot":13,"Empty Cage":17,"Ring of the Snake":0},{"Anchor":4,"Centennial Puzzle":11,"Bronze Scales":3,"Letter Opener":3,"Boot":5,"Empty Cage":7,"Ring of the Snake":0},{"Anchor":17,"Centennial Puzzle":50,"Bronze Scales":15,"Letter Opener":15,"Boot":23,"Empty Cage":33,"Ring of the Snake":0}],"Ring of the Snake":[26]},"card_choices":[{"not_picked":["Chrysalis","Magnetism"],"picked":"Panache","floor":0.0},{"not_picked":["PiercingWail","Distraction"],"picked":"Skewer","floor":1.0},{"not_picked":["Bane","Poisoned Stab"],"picked":"Blade Dance","floor":4.0},{"not_picked":["Deflect","Flechettes"],"picked":"Slice","floor":8.0},{"not_picked":["Prepared","Skewer","Envenom"],"picked":"SKIP","floor":11.0},{"not_picked":["Flying Knee","Finisher"],"picked":"Outmaneuver","floor":13.0},{"not_picked":["Setup","Deadly Poison","Quick Slash"],"picked":"SKIP","floor":14.0},{"not_picked":["Grand Finale","Phantasmal Killer"],"picked":"Tools of the Trade","floor":16.0},{"not_picked":["Flying Knee","Prepared","Setup"],"picked":"SKIP","floor":18.0},{"not_picked":["Slice","Skewer","Backstab"],"picked":"SKIP","floor":19},{"not_picked":["Flying Knee","Flechettes","Sucker Punch+1"],"picked":"SKIP","floor":21},{"not_picked":["Poisoned Stab","Endless Agony"],"picked":"PiercingWail+1","floor":24},{"not_picked":["Calculated Gamble","Dodge and Roll"],"picked":"Acrobatics","floor":27}],"player_experience":1952476,"relics_obtained":[{"floor":8.0,"key":"Bronze Scales"},{"floor":9.0,"key":"Letter Opener"},{"floor":12.0,"key":"Anchor"},{"floor":13.0,"key":"Boot"},{"floor":24,"key":"Centennial Puzzle"}],"event_choices":[{"damage_healed":0.0,"max_hp_gain":0.0,"max_hp_loss":0.0,"gold_gain":75.0,"event_name":"World of Goop","player_choice":"Gather Gold","floor":2.0,"gold_loss":0.0,"damage_taken":11.0},{"damage_healed":0.0,"max_hp_gain":0.0,"max_hp_loss":0.0,"gold_gain":0.0,"event_name":"Liars Game","player_choice":"Ignored","floor":3.0,"gold_loss":0.0,"damage_taken":0.0},{"damage_healed":0.0,"max_hp_gain":0.0,"max_hp_loss":0.0,"gold_gain":0.0,"event_name":"Living Wall","player_choice":"Grow","floor":7.0,"gold_loss":0.0,"damage_taken":0.0,"cards_upgraded":["Skewer"]},{"cards_removed":["Strike_G"],"damage_healed":0,"gold_gain":0,"player_choice":"Purged","damage_taken":0,"max_hp_gain":0,"max_hp_loss":0,"event_name":"Purifier","floor":20,"gold_loss":0},{"damage_healed":0,"gold_gain":50,"player_choice":"Pray","damage_taken":0,"max_hp_gain":0,"max_hp_loss":0,"event_name":"Golden Shrine","floor":22,"gold_loss":0}],"is_beta":false,"boss_relics":[{"not_picked":["Snecko Eye","Calling Bell"],"picked":"Empty Cage"}],"items_purged_floors":[],"is_endless":false,"potions_floor_spawned":[8,13,14,19,21,24,27],"killed_by":"Snake Plant","ascension_level":20}}