{"host":"4kmvpqjeiacgn1pr","time":1612657939,"event":{"mods":["A Penny For Your Troubles","AchievementEnabler","AlwaysNeverKeys","Aspiration","BaseMod","Bestiary","Better Altar","Better Match","Better Note","Better Sensory Stone","Better Skull","Better Third Choice","Better Vampires","BetterRewards","Colored Map","Colored Powertips","Conspire","Curses Come First","Downfall","Halation","Highlight Path","Infinite Spire","Minty Spire (QoL Compilation)","Permanent Neow","Quick Restart","Rare Cards Sparkle","Relic Sorter","Relic Stats","Replay The Spire","Reworked Bosses","Shop Mod","Smile Girya","Spicy Shops","Spikes Relics","StSLib","Waifu the Spire"],"gold_per_floor":[113,113,16,70,87,121,46,46,92,92,92,108,138,155,155,155,155],"floor_reached":16,"language":"ENG","playtime":601,"items_purged":[],"score":147,"play_id":"93192010-33de-4fc8-9fa7-5c23ce34b38f","local_time":"20210206193219","is_ascension_mode":true,"campfire_choices":[{"floor":8.0,"key":"REST"},{"data":"Cloak And Dagger","floor":11.0,"key":"SMITH"},{"data":"Neutralize","floor":15.0,"key":"SMITH"}],"circlet_count":0,"master_deck":["AscendersBane","Strike_G","Strike_G","Strike_G","Strike_G","Strike_G","Defend_G","Defend_G","Defend_G","Defend_G","Defend_G","Survivor","Neutralize+1","Cloak And Dagger+1","Injury","Forethought+1","Blur+1","Escape Plan+1","InfectiousVector+1","Deflect+1","All Out Attack+1","conspire:PoisonWeapons+1","Setup+1"],"relics":["Ring of the Snake","aspiration:Nostalgia","Cracked Core","Toxic Egg 2","InkBottle","Bird Faced Urn","infinitespire:Lucky Rock","Letter Opener","halation:QuantumPhysicsTextbook"],"acts_visited":["Exordium"],"potions_floor_usage":[16],"damage_taken":[{"damage":3.0,"enemies":"Small Slimes","floor":1.0,"turns":4.0},{"damage":0.0,"enemies":"Jaw Worm","floor":5.0,"turns":5.0},{"damage":27.0,"enemies":"3 Sentries","floor":6.0,"turns":8.0},{"damage":0.0,"enemies":"Cultist","floor":12.0,"turns":2.0},{"damage":0.0,"enemies":"3 Louse","floor":14.0,"turns":3.0},{"damage":30,"enemies":"Hexaghost","floor":16,"turns":9}],"seed_played":"-790544461565631116","potions_obtained":[{"floor":5.0,"key":"LiquidBronze"},{"floor":12.0,"key":"CunningPotion"}],"is_trial":false,"path_per_floor":["M","?","$","?","M","E","?","R","T","T","R","M","?","M","R","B"],"character_chosen":"THE_SILENT","items_purchased":["Forethought+1"],"campfire_rested":1,"item_purchase_floors":[3],"current_hp_per_floor":[60,60,60,32,32,5,5,26,26,26,26,26,26,26,26,0,0],"gold":155,"neow_bonus":"NOSTALGIA","is_daily":false,"chose_seed":false,"campfire_upgraded":2,"win_rate":0.0,"timestamp":1612657939,"path_taken":["M","?","$","?","?","E","?","R","T","?","R","M","?","M","R","BOSS"],"items_purchased_type":["Card"],"build_version":"2020-12-22","purchased_purges":0,"victory":false,"max_hp_per_floor":[70,70,70,70,70,70,70,70,70,70,70,70,70,70,70,70,70],"relic_stats":{"counters":[6,31],"Bird Faced Urn":[0],"Letter Opener":[30],"obtain_stats":[{"halation:QuantumPhysicsTextbook":13,"aspiration:Nostalgia":0,"Bird Faced Urn":6,"infinitespire:Lucky Rock":9,"Letter Opener":10,"Toxic Egg 2":2,"Cracked Core":0,"InkBottle":4,"Ring of the Snake":0},{"halation:QuantumPhysicsTextbook":4,"aspiration:Nostalgia":0,"Bird Faced Urn":3,"infinitespire:Lucky Rock":3,"Letter Opener":3,"Toxic Egg 2":1,"Cracked Core":0,"InkBottle":1,"Ring of the Snake":0},{"halation:QuantumPhysicsTextbook":19,"aspiration:Nostalgia":0,"Bird Faced Urn":17,"infinitespire:Lucky Rock":17,"Letter Opener":17,"Toxic Egg 2":4,"Cracked Core":0,"InkBottle":4,"Ring of the Snake":0}],"InkBottle":[10],"Ring of the Snake":[12]},"card_choices":[{"not_picked":["Dagger Throw","PiercingWail"],"picked":"Cloak And Dagger","floor":1.0},{"not_picked":["ReplayTheSpireMod:Speed Training+1","Poisoned Stab"],"picked":"Blur+1","floor":4.0},{"not_picked":["Acrobatics+1","Poisoned Stab"],"picked":"Escape Plan+1","floor":4.0},{"not_picked":["Bane","Leg Sweep+1"],"picked":"InfectiousVector+1","floor":5.0},{"not_picked":["Quick Slash","Accuracy"],"picked":"Deflect+1","floor":6.0},{"not_picked":["Leg Sweep+1","Tactician+1"],"picked":"All Out Attack+1","floor":7.0},{"not_picked":["Distraction+1","Sneak Up+1"],"picked":"conspire:PoisonWeapons+1","floor":12.0},{"not_picked":["Hidden Blade+1","ReplayTheSpireMod:Tripwire+1"],"picked":"Setup+1","floor":14.0}],"player_experience":452185,"relics_obtained":[{"floor":4.0,"key":"InkBottle"},{"floor":6.0,"key":"Bird Faced Urn"},{"floor":9.0,"key":"infinitespire:Lucky Rock"},{"floor":10.0,"key":"Letter Opener"}],"event_choices":[{"damage_healed":0.0,"max_hp_gain":0.0,"max_hp_loss":0.0,"gold_gain":0.0,"event_name":"betterMatch:BetterMatch","player_choice":"2","floor":7.0,"gold_loss":0.0,"damage_taken":0.0,"cards_obtained":["betterMatch:UncommonCard"]},{"damage_healed":0.0,"max_hp_gain":0.0,"max_hp_loss":0.0,"gold_gain":30.0,"event_name":"Dead Adventurer","player_choice":"Searched \u00273\u0027 times","floor":13.0,"gold_loss":0.0,"damage_taken":0.0,"relics_obtained":["halation:QuantumPhysicsTextbook"]}],"is_beta":false,"boss_relics":[],"items_purged_floors":[],"is_endless":false,"potions_floor_spawned":[5,12],"killed_by":"Hexaghost","ascension_level":10}}