{"host":"6q94iy5iz6612v89","time":1612695449,"event":{"mods":["2.2 Compatiblity","AchievementEnabler","BaseMod","Colored Map","DeckTracker","Keyboard Shortcuts","Minty Spire (QoL Compilation)","Permanent Neow","StSLib","SuperFastMode"],"gold_per_floor":[119,130,53,72,72,72,97,97,122,47,69,96,96,123,123,209,209,236,236,136,136,154,189,189,18,18,18,34,34,58,95,95,178,178,197,212,172,193,68,68,68,68],"floor_reached":41,"language":"KOR","playtime":898,"items_purged":["Strike_G","Strike_G","Defend_G"],"score":974,"play_id":"9a3346e4-7ecd-4fc7-b6c1-53415219349a","local_time":"20210207195729","is_ascension_mode":true,"campfire_choices":[{"data":"Deadly Poison","floor":6.0,"key":"SMITH"},{"data":"Skewer","floor":8.0,"key":"SMITH"},{"data":"Catalyst","floor":15.0,"key":"SMITH"},{"floor":24.0,"key":"REST"},{"data":"Footwork","floor":27,"key":"SMITH"},{"floor":29,"key":"REST"},{"data":"Deadly Poison","floor":32,"key":"SMITH"},{"data":"Burst","floor":40,"key":"SMITH"}],"circlet_count":0,"master_deck":["AscendersBane","Defend_G","Defend_G","Defend_G","Defend_G","Survivor","Neutralize","Quick Slash","Flying Knee","Skewer+1","Footwork+1","Deadly Poison+1","Catalyst+1","Backflip","Corpse Explosion+1","Acrobatics","Deadly Poison+1","Flying Knee","PiercingWail","Dodge and Roll","Burst+1","Backflip+1","Backflip+1"],"relics":["Ring of the Snake","CeramicFish","Toy Ornithopter","Whetstone","Cursed Key","Pen Nib","Snake Skull","Happy Flower","HoveringKite"],"acts_visited":["Exordium","TheCity","TheBeyond"],"potions_floor_usage":[31,33,41],"damage_taken":[{"damage":1.0,"enemies":"Cultist","floor":1.0,"turns":5.0},{"damage":0.0,"enemies":"2 Louse","floor":2.0,"turns":4.0},{"damage":0.0,"enemies":"Small Slimes","floor":4.0,"turns":4.0},{"damage":19.0,"enemies":"Gremlin Nob","floor":7.0,"turns":4.0},{"damage":9.0,"enemies":"Exordium Thugs","floor":11.0,"turns":6.0},{"damage":30.0,"enemies":"Lagavulin","floor":12.0,"turns":6.0},{"damage":1.0,"enemies":"Looter","floor":14.0,"turns":3.0},{"damage":0.0,"enemies":"Hexaghost","floor":16.0,"turns":9.0},{"damage":13.0,"enemies":"2 Thieves","floor":18.0,"turns":3.0},{"damage":36.0,"enemies":"Slavers","floor":23.0,"turns":4.0},{"damage":14,"enemies":"Spheric Guardian","floor":28,"turns":5},{"damage":13,"enemies":"Snecko","floor":30,"turns":4},{"damage":9,"enemies":"Gremlin Leader","floor":31,"turns":5},{"damage":16,"enemies":"Collector","floor":33,"turns":6},{"damage":0,"enemies":"3 Shapes","floor":35,"turns":5},{"damage":5,"enemies":"Orb Walker","floor":36,"turns":4},{"damage":21,"enemies":"Jaw Worm Horde","floor":38,"turns":2},{"damage":41,"enemies":"Nemesis","floor":41,"turns":2}],"seed_played":"-4560995654235007529","potions_obtained":[{"floor":4.0,"key":"FearPotion"},{"floor":11.0,"key":"FearPotion"},{"floor":16.0,"key":"Energy Potion"},{"floor":23.0,"key":"Block Potion"},{"floor":30,"key":"Dexterity Potion"},{"floor":33,"key":"LiquidBronze"},{"floor":37,"key":"Poison Potion"},{"floor":37,"key":"CultistPotion"}],"is_trial":false,"path_per_floor":["M","M","$","M","?","R","E","R","T","$","M","E","?","M","R","B",null,"M","?","$","T","?","E","R","$","T","R","M","R","M","E","R","B",null,"M","M","?","M","$","R","E"],"character_chosen":"THE_SILENT","items_purchased":["Footwork","Snake Skull"],"campfire_rested":2,"item_purchase_floors":[3,25],"current_hp_per_floor":[58,58,58,58,58,58,39,39,39,39,35,10,10,9,9,9,52,39,39,39,39,39,8,27,27,27,27,13,32,19,15,15,4,51,51,46,46,25,25,25,0,0],"gold":68,"neow_bonus":"THREE_CARDS","is_daily":false,"chose_seed":false,"campfire_upgraded":6,"win_rate":0.0,"timestamp":1612695449,"path_taken":["M","?","$","M","?","R","E","R","T","$","M","E","?","M","R","BOSS","M","?","$","?","?","E","R","?","T","R","M","R","M","E","R","BOSS","M","M","?","M","$","R","E"],"items_purchased_type":["Card","Relic"],"build_version":"2020-12-22","purchased_purges":3,"victory":false,"max_hp_per_floor":[66,66,66,66,66,66,66,66,66,66,66,66,66,66,66,66,66,66,66,66,66,66,66,66,66,66,66,66,66,66,66,66,66,66,66,66,66,66,66,66,66,66],"card_choices":[{"not_picked":["Deflect","Infinite Blades"],"picked":"Quick Slash","floor":0.0},{"not_picked":["Underhanded Strike","Leg Sweep"],"picked":"Flying Knee","floor":1.0},{"not_picked":["Infinite Blades","Skewer","Slice"],"picked":"SKIP","floor":2.0},{"not_picked":["Infinite Blades","Slice"],"picked":"Skewer","floor":2.0},{"not_picked":["Dagger Spray","Flechettes"],"picked":"Deadly Poison","floor":4.0},{"not_picked":["Blade Dance","Well Laid Plans","Quick Slash"],"picked":"SKIP","floor":7.0},{"not_picked":["PiercingWail","Prepared"],"picked":"Catalyst","floor":11.0},{"not_picked":["Masterful Stab","Blade Dance","Eviscerate"],"picked":"SKIP","floor":12.0},{"not_picked":["Blade Dance","Expertise"],"picked":"Backflip","floor":14.0},{"not_picked":["Burst","A Thousand Cuts"],"picked":"Corpse Explosion","floor":16.0},{"not_picked":["Quick Slash","Dagger Throw"],"picked":"Acrobatics","floor":18.0},{"not_picked":["Quick Slash+1","All Out Attack","Night Terror"],"picked":"SKIP","floor":23.0},{"not_picked":["Underhanded Strike","Outmaneuver","Dagger Throw+1"],"picked":"SKIP","floor":28},{"not_picked":["Dagger Throw","Eviscerate","PiercingWail"],"picked":"SKIP","floor":30},{"not_picked":["Dagger Throw","Eviscerate"],"picked":"PiercingWail","floor":30},{"not_picked":["Cloak And Dagger","Backflip"],"picked":"Dodge and Roll","floor":31},{"not_picked":["Night Terror","Storm of Steel"],"picked":"Burst","floor":33},{"not_picked":["Acrobatics","PiercingWail"],"picked":"Backflip+1","floor":35},{"not_picked":["Backflip","PiercingWail+1","Dodge and Roll"],"picked":"SKIP","floor":36},{"not_picked":["Dagger Throw","Masterful Stab"],"picked":"Backflip+1","floor":38}],"player_experience":1469927,"relics_obtained":[{"floor":7.0,"key":"CeramicFish"},{"floor":9.0,"key":"Toy Ornithopter"},{"floor":12.0,"key":"Whetstone"},{"floor":23.0,"key":"Pen Nib"},{"floor":31,"key":"Happy Flower"}],"event_choices":[{"damage_healed":0.0,"max_hp_gain":0.0,"max_hp_loss":0.0,"gold_gain":0.0,"event_name":"The Cleric","player_choice":"Leave","floor":5.0,"gold_loss":0.0,"damage_taken":0.0},{"cards_removed":["Strike_G"],"damage_healed":0.0,"max_hp_gain":0.0,"max_hp_loss":0.0,"gold_gain":0.0,"event_name":"Living Wall","player_choice":"Forget","floor":13.0,"gold_loss":0.0,"damage_taken":0.0},{"damage_healed":0.0,"max_hp_gain":0.0,"max_hp_loss":0.0,"gold_gain":0.0,"event_name":"Accursed Blacksmith","player_choice":"Forge","floor":19.0,"gold_loss":0.0,"damage_taken":0.0,"cards_upgraded":["Corpse Explosion"]},{"damage_healed":0.0,"max_hp_gain":0.0,"max_hp_loss":0.0,"gold_gain":0.0,"cards_transformed":["Strike_G","Strike_G"],"event_name":"Drug Dealer","player_choice":"Became Test Subject","floor":22.0,"gold_loss":0.0,"damage_taken":0.0,"cards_obtained":["Deadly Poison","Flying Knee"]},{"damage_healed":0,"gold_gain":0,"player_choice":"Bought 3 Potions","damage_taken":0,"max_hp_gain":0,"max_hp_loss":0,"event_name":"The Woman in Blue","floor":37,"gold_loss":0}],"is_beta":false,"boss_relics":[{"not_picked":["Tiny House","Calling Bell"],"picked":"Cursed Key"},{"not_picked":["Coffee Dripper","Fusion Hammer"],"picked":"HoveringKite"}],"items_purged_floors":[10,20,39],"is_endless":false,"potions_floor_spawned":[4,11,16,23,30,33,38],"killed_by":"Nemesis","ascension_level":20}}