{"host":"bid6lzrefpuw0ao6","time":1612683911,"event":{"mods":["ATMod(阿瑾Mod)","AchievementEnabler","Act Like it!","Aspiration","BaseMod","BetterRewards","Colored Powertips","Energized Spire","Faster Ascension Climbing","Gold Saver","Good Game Mod","HumanHunterMod(怪物杀人mod)","Minty Spire (QoL Compilation)","MostiFishMod","Quick Restart","Relic Stats","Remove Card Discount Mod","RumiaBox-露米娅的神秘盒子","Shop Mod","Spicy Shops","StSLib","SuperFastMode","TestMod","[功能]商店购物价格优惠80%","【功能Mod】混沌之环修复补丁","【功能Mod】精心准备","【遗物Mod】简单游戏","篝火指南"],"gold_per_floor":[110,110,19,38,55,83,83,110,145,14,55,67,67,67,20,126,126,198,277,349,399,683,795,904,967,992,992,1042,702,814,959,289,481,481,569,569,569,569,745,925,1222,1222,1222,1222,1275,1275,1392,2391,1846,2102,2292,2292,2292,2292,2587,3077],"floor_reached":57,"language":"ZHS","playtime":3142,"items_purged":["Defend_P","Defend_P","Defend_P","Writhe","JustLucky+1","FlyingSleeves+1","Protect","ThirdEye","EmptyBody","Injury","Strike_P","Defend_P","CarveReality+1","Wallop+1","FlurryOfBlows+1","Ragnarok+1","Writhe","Strike_P","Normality","Regret","Strike_P+1","Strike_P+1","Writhe","Collect+1","BowlingBash+1"],"score":5288,"play_id":"1068e2b5-fb72-4ae5-be0b-439ff079707d","local_time":"20210207154511","is_ascension_mode":true,"campfire_choices":[{"data":"AT_ChampionKick","floor":7.0,"key":"SMITH"},{"floor":27,"key":"RECALL"},{"floor":53,"key":"DIG"}],"circlet_count":0,"master_deck":["AscendersBane","Eruption+1","Vigilance+1","AT_ChampionKick+1","MostiFishMod:BrokenBlackCloak+1","Adaptation+1","BowlingBash+1","Fasting2+1","AT_ChampionStep+1","DevaForm+1","FearNoEvil+1","Indignation+1","Wish+1","Wallop+1","Crescendo+1","Omniscience+1","Brilliance+1","ClearTheMind+1","MostiFishMod:StarWish+1","Fasting2+1","EmptyFist+1","Ragnarok+1","Tantrum+1","TalkToTheHand+1","MostiFishMod:LegendTransform+1","Worship+1","Fasting2+1","ConjureBlade+1","TalkToTheHand+1","Adaptation+1"],"relics":["PureWater","DaveBox","testmod-TestBox","EasyRelic","AT_ATBox","REME:ComplimentaryCards","The Courier","testmod-ObsoleteBoomerang","MagicDraw2","testmod-TurbochargingSystem","SynthV:TestCard","MostiFishMod:AdaptiveDefenses","testmod-EqualTreatment","Nunchaku","Orichalcum","DiscerningMonocle","AT_ArchangelStaff","testmod-Antiphasic","Bag of Preparation","White Beast Statue","Oddly Smooth Stone","Ginger","Blue Candle","Meat on the Bone","Ice Cream","Anchor","Dream Catcher","Juzu Bracelet","Dodecahedron","testmod-Acrobat","aspiration:ChemicalBlood","Toy Ornithopter","testmod-Motorcycle","AT_ChloranthyRing","AT_RedTearstoneRing","Happy Flower","HornCleat","GodSword5","testmod-AssaultLearning","AT_ForceNature","Pen Nib","Prayer Wheel","AT_PhaseBoots","aspiration:FrozenJewel","AT_MibuBalloonWealth","testmod-CasingShield","Technique","Turnip","Boot","testmod-HeartOfStrike","Regal Pillow","Bag of Marbles","PreservedInsect","AT_Kusabimaru","AT_EbonyIvory","GodSword7","Frozen Egg 2","MealTicket","Damaru","Lantern","Molten Egg 2","Tiny Chest","Toxic Egg 2","ImprovedEquipment","energizedSpire:BlackCloud","ClockworkSouvenir","AT_SilvercatRing","Potion Belt","Shuriken","GodSword6","testmod-LifeArmor","Blood Vial","AT_BladeRuinedKing","testmod-IndustrialRevolution","aspiration:Lifesprig","Bottled Tornado","Art of War","CeramicFish","Vajra","Torii","AT_LudenTempest","Ornamental Fan","testmod-Déjàvu","WingedGreaves","testmod-ArcanaOfDestiny","Ancient Tea Set","testmod-Laevatain","Pear","MagicDraw3","Sundial","Question Card","GodSword3","testmod-Justice","MagicDraw4","AT_ImmortalShieldbow","Mummified Hand","MagicDraw1","AT_BellowingDragoncrestRing","TeardropLocket","GodSword1","Civilization","GodSword4","aspiration:Nostalgia","Burning Blood","Singing Bowl","Letter Opener","PlanX","OrangePellets","Old Coin","Calipers","MerchantsRug","Ying","testmod-Maize","testmod-Nyarlathotep","Girya","TungstenRod","Gambling Chip","testmod-BlackFramedGlasses","Du-Vu Doll","Medical Kit","DianDianMeat","FossilizedHelix","AT_Manta","aspiration:HatOfInfinitePower","BrkXgEgg","testmod-FatalChain","ChaoDraw","Shovel","CaptainsWheel","SecretRecord","testmod-Alchemist","Thread and Needle","CloakClasp","testmod-CyclicPeriapt","Incense Burner","AT_TheCollector","Lizard Tail","testmod-IntensifyImprint","BionicSphere","Bird Faced Urn"],"acts_visited":["Exordium","TheCity","TheBeyond","TheEnding"],"potions_floor_usage":[20,56],"damage_taken":[{"damage":10.0,"enemies":"2 Louse","floor":1.0,"turns":2.0},{"damage":0.0,"enemies":"Cultist","floor":4.0,"turns":2.0},{"damage":8.0,"enemies":"Jaw Worm","floor":5.0,"turns":2.0},{"damage":0.0,"enemies":"Lagavulin","floor":6.0,"turns":4.0},{"damage":0.0,"enemies":"3 Sentries","floor":8.0,"turns":3.0},{"damage":3.0,"enemies":"Lagavulin","floor":11.0,"turns":5.0},{"damage":0,"enemies":"Slime Boss","floor":16,"turns":3},{"damage":0,"enemies":"2 Thieves","floor":18,"turns":1},{"damage":0,"enemies":"Spheric Guardian","floor":19,"turns":2},{"damage":0,"enemies":"Slavers","floor":23,"turns":1},{"damage":0,"enemies":"Gremlin Leader","floor":24,"turns":1},{"damage":0,"enemies":"Book of Stabbing","floor":25,"turns":1},{"damage":0,"enemies":"Slavers","floor":30,"turns":1},{"damage":0,"enemies":"Gremlin Leader","floor":31,"turns":2},{"damage":0,"enemies":"Automaton","floor":33,"turns":2},{"damage":0,"enemies":"3 Shapes","floor":35,"turns":2},{"damage":0,"enemies":"3 Darklings","floor":39,"turns":1},{"damage":0,"enemies":"Giant Head","floor":40,"turns":2},{"damage":0,"enemies":"Reptomancer","floor":41,"turns":2},{"damage":0,"enemies":"Giant Head","floor":47,"turns":2},{"damage":0,"enemies":"Donu and Deca","floor":50,"turns":2},{"damage":0,"enemies":"Time Eater","floor":51,"turns":3},{"damage":0,"enemies":"Shield and Spear","floor":55,"turns":2},{"damage":0,"enemies":"The Heart","floor":56,"turns":10}],"seed_played":"-8050170157679566474","potions_obtained":[],"is_trial":false,"path_per_floor":["M","?","$","M","M","E","R","E","T","R","E","$","?","?","R","B",null,"M","M","$","?","?","E","E","E","T","R","T","R","E","E","R","B",null,"M","?","?","?","M","E","E","$","T","R","T","?","E","?","R","B","B",null,"R","$","E","B",null],"character_chosen":"WATCHER","items_purchased":["MagicDraw2","Adaptation","testmod-TurbochargingSystem","MostiFishMod:AdaptiveDefenses","testmod-EqualTreatment","Nunchaku","DuplicationPotion","DiscerningMonocle","AT_ArchangelStaff","Bag of Preparation","White Beast Statue","Oddly Smooth Stone","Ginger","Blue Candle","Meat on the Bone","Ice Cream","Anchor","Dream Catcher","Juzu Bracelet","Dodecahedron","testmod-Acrobat","aspiration:ChemicalBlood","Toy Ornithopter","testmod-Motorcycle","AT_ChloranthyRing","AT_RedTearstoneRing","Happy Flower","HornCleat","GodSword5","testmod-AssaultLearning","AT_ForceNature","Pen Nib","Prayer Wheel","AT_SpeedBoots","aspiration:FrozenJewel","AT_MibuBalloonWealth","testmod-CasingShield","Technique","Turnip","Boot","testmod-HeartOfStrike","Regal Pillow","Bag of Marbles","Ccalipers","PreservedInsect","AT_Kusabimaru","AT_EbonyIvory","LastBattle","GodSword7","Frozen Egg 2","MealTicket","Strawberry","Damaru","Lantern","Molten Egg 2","FlyingSleeves+1","JustLucky+1","FearNoEvil+1","EmptyBody","Protect","ThirdEye","Collect","Indignation","ImprovedEquipment","ClockworkSouvenir","AT_SilvercatRing","Potion Belt","Omamori","Shuriken","AT_BellDemon","GodSword6","testmod-LifeArmor","StrikeDummy","Omniscience+1","Brilliance+1","Orrery","Blood Vial","AT_BladeRuinedKing","testmod-IndustrialRevolution","aspiration:Lifesprig","Bottled Tornado","Art of War","CeramicFish","Vajra","Torii","AT_LudenTempest","Ornamental Fan","testmod-Déjàvu","WingedGreaves","testmod-ArcanaOfDestiny","Ancient Tea Set","EmptyFist+1","Wallop+1","BowlingBash+1","Ragnarok+1","FlurryOfBlows+1","CarveReality+1","Tantrum+1","testmod-Laevatain","Pear","MagicDraw3","Sundial","Whetstone","PowerPotion","Fruit Juice","SteroidPotion","AT_BellowingDragoncrestRing","TeardropLocket","GodSword1","Civilization","GodSword4","aspiration:Nostalgia","MostiFishMod:LegendTransform+1","OrangePellets","Old Coin","Calipers","MerchantsRug","Ying","testmod-Maize","testmod-Nyarlathotep","Girya","TungstenRod","Gambling Chip","Du-Vu Doll","Medical Kit","DianDianMeat","FossilizedHelix","AT_Manta","aspiration:HatOfInfinitePower","BrkXgEgg","testmod-FatalChain","ChaoDraw","Shovel","CaptainsWheel","SecretRecord","testmod-Alchemist","Thread and Needle","Strength Potion","testmod-CyclicPeriapt","Incense Burner","AT_TheCollector","testmod-IntensifyImprint","BionicSphere","Bird Faced Urn"],"campfire_rested":0,"item_purchase_floors":[0,0,0,3,3,3,3,10,10,12,12,12,12,12,12,12,12,12,12,12,12,12,12,12,12,12,12,12,12,12,12,12,12,12,12,12,12,12,12,12,12,12,12,12,12,12,12,12,12,12,12,12,12,12,12,12,12,12,12,12,12,12,12,15,20,20,20,20,20,20,20,20,20,20,20,20,20,20,20,20,20,20,20,20,20,20,20,20,20,20,20,20,20,20,20,20,20,20,20,20,20,20,20,20,20,20,29,29,29,29,29,29,29,32,32,32,32,32,32,32,32,32,32,42,42,42,42,42,42,42,42,42,42,42,42,42,42,42,49,49,49,54,54,54],"current_hp_per_floor":[51,51,51,51,56,56,56,56,56,56,53,61,56,56,56,56,73,73,73,90,90,90,90,90,90,90,90,90,90,93,97,97,102,102,111,105,105,105,112,119,124,124,124,124,124,124,131,131,131,136,141,141,141,141,148,153],"gold":3077,"neow_bonus":"","is_daily":false,"chose_seed":false,"campfire_upgraded":1,"win_rate":0.0,"timestamp":1612683911,"path_taken":["M","?","$","?","?","E","R","E","T","R","E","$","?","?","R","BOSS","M","M","$","?","?","E","E","E","T","R","?","R","E","E","R","BOSS","M","?","?","?","M","E","E","$","T","R","?","?","E","?","R","BOSS","BOSS","R","$","E","BOSS"],"items_purchased_type":["Relic","Card","Relic","Relic","Relic","Relic","Potion","Relic","Relic","Relic","Relic","Relic","Relic","Relic","Relic","Relic","Relic","Relic","Relic","Relic","Relic","Relic","Relic","Relic","Relic","Relic","Relic","Relic","Relic","Relic","Relic","Relic","Relic","Relic","Relic","Relic","Relic","Relic","Relic","Relic","Relic","Relic","Relic","Relic","Relic","Relic","Relic","Relic","Relic","Relic","Relic","Relic","Relic","Relic","Relic","Card","Card","Card","Card","Card","Card","Card","Card","Relic","Relic","Relic","Relic","Relic","Relic","Relic","Relic","Relic","Relic","Card","Card","Relic","Relic","Relic","Relic","Relic","Relic","Relic","Relic","Relic","Relic","Relic","Relic","Relic","Relic","Relic","Relic","Card","Card","Card","Card","Card","Card","Card","Relic","Relic","Relic","Relic","Relic","Potion","Potion","Potion","Relic","Relic","Relic","Relic","Relic","Relic","Card","Relic","Relic","Relic","Relic","Relic","Relic","Relic","Relic","Relic","Relic","Relic","Relic","Relic","Relic","Relic","Relic","Relic","Relic","Relic","Relic","Relic","Relic","Relic","Relic","Potion","Relic","Relic","Relic","Relic","Relic","Relic"],"build_version":"2020-12-22","purchased_purges":25,"victory":true,"max_hp_per_floor":[68,68,68,68,68,68,68,68,68,68,68,75,75,75,75,75,75,75,75,90,90,90,90,90,90,90,90,90,90,93,97,97,102,102,111,105,105,105,112,119,124,124,124,124,124,124,131,131,131,136,141,141,141,141,148,153],"relic_stats":{"Regal Pillow":0,"Torii":0,"Singing Bowl":38,"CeramicFish":378,"Bag of Preparation":[160],"Juzu Bracelet":6,"CloakClasp":[75],"Ginger":[23],"Boot":[157],"Burning Blood":0,"Blood Vial":27,"Nunchaku":[11],"Dream Catcher":0,"Lizard Tail":0,"Shovel":1,"Sundial":[28],"Mummified Hand":[696],"Gambling Chip":[6],"Prayer Wheel":4,"MealTicket":2,"Tiny Chest":2,"Happy Flower":[115],"counters":[46,165],"Blue Candle":[3],"Pen Nib":[37],"PreservedInsect":4026,"Letter Opener":[272],"Orichalcum":[18],"Question Card":13,"Medical Kit":[34],"OrangePellets":[15],"Shuriken":[12],"Ornamental Fan":[68],"Bird Faced Urn":[0],"Turnip":[5],"Art of War":[4],"obtain_stats":[{"testmod-HeartOfStrike":12,"AT_ATBox":0,"MostiFishMod:AdaptiveDefenses":3,"PageOfAlriune":6,"testmod-LifeArmor":20,"Whetstone":11,"Ginger":12,"Bottled Tornado":9,"MagicDraw4":25,"Sling":0,"Boot":12,"MagicDraw3":20,"MagicDraw2":0,"testmod-BlackFramedGlasses":41,"Old Coin":0,"MagicDraw1":28,"Blood Vial":20,"Sundial":20,"MealTicket":12,"HandDrill":15,"DianDianMeat":42,"MerchantsRug":4,"testmod-Maize":3,"testmod-IntensifyImprint":54,"AT_RedTearstoneRing":6,"testmod-TestBox":0,"Pear":20,"AT_Manta":12,"Dodecahedron":12,"testmod-Register":5,"Blue Candle":12,"AT_EbonyIvory":7,"Pen Nib":12,"AT_SilvercatRing":20,"aspiration:FrozenJewel":12,"EasyRelic":0,"AT_SpeedBoots":12,"AT_TheCollector":49,"BionicSphere":54,"Bird Faced Urn":54,"Technique":12,"StrikeDummy":12,"AT_BellDemon":5,"Regal Pillow":12,"Lantern":12,"aspiration:Lifesprig":20,"DaveBox":0,"Torii":20,"Singing Bowl":30,"DianPoetry":0,"testmod-EqualTreatment":3,"Bag of Preparation":12,"Ancient Tea Set":6,"testmod-CasingShield":12,"Burning Blood":29,"energizedSpire:BlackCloud":17,"Civilization":29,"AT_Kusabimaru":12,"Matryoshka":25,"Shovel":42,"testmod-ObsoleteBoomerang":0,"WingedGreaves":20,"Chemical X":6,"PageOfPinocchio":0,"aspiration:ChemicalBlood":12,"AT_ChloranthyRing":5,"Potion Belt":20,"Lee\u0027s Waffle":11,"ImprovedEquipment":12,"Damaru":12,"Thread and Needle":42,"The Courier":0,"PreservedInsect":12,"BrkXgEgg":42,"testmod-CyclicPeriapt":49,"Omamori":20,"testmod-TurbochargingSystem":0,"LastBattle":12,"Frozen Egg 2":12,"MawBank":8,"ChaoDraw":6,"AT_ImmortalShieldbow":26,"AT_BellowingDragoncrestRing":29,"Ornamental Fan":20,"Orrery":20,"Turnip":12,"Art of War":20,"PageOfPorccubus":11,"AT_SunfireAegis":15,"Toy Ornithopter":12,"Ice Cream":12,"Calipers":32,"AT_MibuBalloonWealth":12,"CeramicFish":20,"Vajra":20,"BirthdayGift-Icosahedron":4,"PageOfSingingMachine":10,"AT_ArchangelStaff":10,"Lizard Tail":53,"PageOfFairyFestival":5,"HornCleat":12,"Ccalipers":12,"testmod-Laevatain":20,"Strawberry":12,"Prayer Wheel":12,"testmod-DragonStarHat":15,"Toxic Egg 2":14,"DSteel32":0,"AT_RabadonDeathcap":0,"Girya":32,"Happy Flower":12,"aspiration:Nostalgia":29,"testmod-FatalChain":42,"Oddly Smooth Stone":4,"AT_PhaseBoots":47,"Letter Opener":30,"Question Card":23,"Du-Vu Doll":15,"OrangePellets":32,"AT_LudenTempest":20,"Shuriken":8,"testmod-Acrobat":0,"PlanX":31,"Molten Egg 2":12,"GodSword7":6,"FixedStarFall":0,"GodSword6":20,"GodSword5":12,"GodSword4":29,"GodSword3":24,"aspiration:HatOfInfinitePower":42,"testmod-OneHitWonder":4,"Meat on the Bone":0,"GodSword1":29,"Darkstone Periapt":6,"Ying":32,"DiscerningMonocle":10,"SecretRecord":42,"Juzu Bracelet":11,"CloakClasp":45,"Incense Burner":49,"TeardropLocket":29,"testmod-Nyarlathotep":32,"PageOfSpiderBud":6,"ClockworkSouvenir":5,"Nunchaku":0,"Dream Catcher":12,"TheAbacus":12,"testmod-Alchemist":42,"testmod-Motorcycle":12,"Mummified Hand":28,"Pantograph":9,"Gambling Chip":32,"Tiny Chest":13,"testmod-Déjàvu":20,"testmod-ArcanaOfDestiny":0,"AT_ForceNature":4,"JellyFishMachine":34,"AT_BladeRuinedKing":20,"Odd Mushroom":13,"Orichalcum":6,"testmod-Justice":24,"testmod-IndustrialRevolution":20,"Medical Kit":42,"White Beast Statue":11,"testmod-Antiphasic":11,"REME:ComplimentaryCards":0,"Anchor":12,"CaptainsWheel":42,"SynthV:TestCard":1,"testmod-AssaultLearning":12,"Bag of Marbles":12,"PureWater":0,"TungstenRod":32,"FossilizedHelix":42},{"testmod-HeartOfStrike":28,"AT_ATBox":0,"MostiFishMod:AdaptiveDefenses":23,"PageOfAlriune":3,"testmod-LifeArmor":31,"Whetstone":6,"Ginger":28,"Bottled Tornado":21,"MagicDraw4":34,"Sling":18,"Boot":28,"MagicDraw3":31,"MagicDraw2":22,"testmod-BlackFramedGlasses":41,"Old Coin":0,"MagicDraw1":34,"Blood Vial":31,"Sundial":31,"MealTicket":28,"HandDrill":17,"DianDianMeat":41,"MerchantsRug":1,"testmod-Maize":19,"testmod-IntensifyImprint":44,"AT_RedTearstoneRing":20,"testmod-TestBox":0,"Pear":31,"AT_Manta":15,"Dodecahedron":28,"testmod-Register":19,"Blue Candle":28,"AT_EbonyIvory":21,"Pen Nib":28,"AT_SilvercatRing":31,"aspiration:FrozenJewel":28,"EasyRelic":0,"AT_SpeedBoots":28,"AT_TheCollector":42,"BionicSphere":44,"Bird Faced Urn":44,"Technique":28,"StrikeDummy":15,"AT_BellDemon":19,"Regal Pillow":28,"Lantern":28,"aspiration:Lifesprig":31,"DaveBox":0,"Torii":31,"Singing Bowl":35,"DianPoetry":0,"testmod-EqualTreatment":23,"Bag of Preparation":28,"Ancient Tea Set":11,"testmod-CasingShield":28,"Burning Blood":34,"energizedSpire:BlackCloud":29,"Civilization":34,"AT_Kusabimaru":28,"Matryoshka":34,"Shovel":41,"testmod-ObsoleteBoomerang":0,"WingedGreaves":31,"Chemical X":11,"PageOfPinocchio":18,"aspiration:ChemicalBlood":28,"AT_ChloranthyRing":19,"Potion Belt":31,"Lee\u0027s Waffle":6,"ImprovedEquipment":15,"Damaru":28,"Thread and Needle":41,"The Courier":0,"PreservedInsect":28,"BrkXgEgg":41,"testmod-CyclicPeriapt":42,"Omamori":31,"testmod-TurbochargingSystem":0,"LastBattle":28,"Frozen Egg 2":28,"MawBank":27,"ChaoDraw":20,"AT_ImmortalShieldbow":34,"AT_BellowingDragoncrestRing":34,"Ornamental Fan":31,"Orrery":31,"Turnip":28,"Art of War":31,"PageOfPorccubus":6,"AT_SunfireAegis":17,"Toy Ornithopter":28,"Ice Cream":28,"Calipers":36,"AT_MibuBalloonWealth":28,"CeramicFish":31,"Vajra":31,"BirthdayGift-Icosahedron":1,"PageOfSingingMachine":6,"AT_ArchangelStaff":27,"Lizard Tail":44,"PageOfFairyFestival":19,"HornCleat":28,"Ccalipers":28,"testmod-Laevatain":31,"Strawberry":28,"Prayer Wheel":28,"testmod-DragonStarHat":17,"Toxic Egg 2":28,"DSteel32":0,"AT_RabadonDeathcap":7,"Girya":36,"Happy Flower":28,"aspiration:Nostalgia":34,"testmod-FatalChain":41,"Oddly Smooth Stone":1,"AT_PhaseBoots":42,"Letter Opener":35,"Question Card":32,"Du-Vu Doll":17,"OrangePellets":36,"AT_LudenTempest":31,"Shuriken":5,"testmod-Acrobat":7,"PlanX":36,"Molten Egg 2":28,"GodSword7":11,"FixedStarFall":0,"GodSword6":31,"GodSword5":28,"GodSword4":34,"GodSword3":33,"aspiration:HatOfInfinitePower":41,"testmod-OneHitWonder":1,"Meat on the Bone":7,"GodSword1":34,"Darkstone Periapt":11,"Ying":36,"DiscerningMonocle":27,"SecretRecord":41,"Juzu Bracelet":6,"CloakClasp":41,"Incense Burner":42,"TeardropLocket":34,"testmod-Nyarlathotep":36,"PageOfSpiderBud":11,"ClockworkSouvenir":19,"Nunchaku":18,"Dream Catcher":28,"TheAbacus":15,"testmod-Alchemist":41,"testmod-Motorcycle":28,"Mummified Hand":34,"Pantograph":5,"Gambling Chip":36,"Tiny Chest":28,"testmod-Déjàvu":31,"testmod-ArcanaOfDestiny":0,"AT_ForceNature":1,"JellyFishMachine":37,"AT_BladeRuinedKing":31,"Odd Mushroom":16,"Orichalcum":26,"testmod-Justice":33,"testmod-IndustrialRevolution":31,"Medical Kit":41,"White Beast Statue":15,"testmod-Antiphasic":28,"REME:ComplimentaryCards":0,"Anchor":28,"CaptainsWheel":41,"SynthV:TestCard":1,"testmod-AssaultLearning":28,"Bag of Marbles":28,"PureWater":0,"TungstenRod":36,"FossilizedHelix":41},{"testmod-HeartOfStrike":125,"AT_ATBox":0,"MostiFishMod:AdaptiveDefenses":109,"PageOfAlriune":14,"testmod-LifeArmor":131,"Whetstone":27,"Ginger":125,"Bottled Tornado":105,"MagicDraw4":134,"Sling":94,"Boot":125,"MagicDraw3":131,"MagicDraw2":107,"testmod-BlackFramedGlasses":146,"Old Coin":0,"MagicDraw1":134,"Blood Vial":131,"Sundial":131,"MealTicket":125,"HandDrill":80,"DianDianMeat":146,"MerchantsRug":7,"testmod-Maize":100,"testmod-IntensifyImprint":153,"AT_RedTearstoneRing":102,"testmod-TestBox":0,"Pear":131,"AT_Manta":72,"Dodecahedron":125,"testmod-Register":100,"Blue Candle":125,"AT_EbonyIvory":105,"Pen Nib":125,"AT_SilvercatRing":131,"aspiration:FrozenJewel":125,"EasyRelic":0,"AT_SpeedBoots":125,"AT_TheCollector":148,"BionicSphere":153,"Bird Faced Urn":153,"Technique":125,"StrikeDummy":72,"AT_BellDemon":100,"Regal Pillow":125,"Lantern":125,"aspiration:Lifesprig":131,"DaveBox":0,"Torii":131,"Singing Bowl":135,"DianPoetry":0,"testmod-EqualTreatment":109,"Bag of Preparation":125,"Ancient Tea Set":51,"testmod-CasingShield":125,"Burning Blood":134,"energizedSpire:BlackCloud":128,"Civilization":134,"AT_Kusabimaru":125,"Matryoshka":134,"Shovel":146,"testmod-ObsoleteBoomerang":0,"WingedGreaves":131,"Chemical X":51,"PageOfPinocchio":94,"aspiration:ChemicalBlood":125,"AT_ChloranthyRing":100,"Potion Belt":131,"Lee\u0027s Waffle":27,"ImprovedEquipment":72,"Damaru":125,"Thread and Needle":146,"The Courier":0,"PreservedInsect":125,"BrkXgEgg":146,"testmod-CyclicPeriapt":148,"Omamori":131,"testmod-TurbochargingSystem":0,"LastBattle":125,"Frozen Egg 2":125,"MawBank":120,"ChaoDraw":102,"AT_ImmortalShieldbow":134,"AT_BellowingDragoncrestRing":134,"Ornamental Fan":131,"Orrery":131,"Turnip":125,"Art of War":131,"PageOfPorccubus":27,"AT_SunfireAegis":80,"Toy Ornithopter":125,"Ice Cream":125,"Calipers":137,"AT_MibuBalloonWealth":125,"CeramicFish":131,"Vajra":131,"BirthdayGift-Icosahedron":7,"PageOfSingingMachine":27,"AT_ArchangelStaff":120,"Lizard Tail":153,"PageOfFairyFestival":100,"HornCleat":125,"Ccalipers":125,"testmod-Laevatain":131,"Strawberry":125,"Prayer Wheel":125,"testmod-DragonStarHat":80,"Toxic Egg 2":125,"DSteel32":0,"AT_RabadonDeathcap":30,"Girya":137,"Happy Flower":125,"aspiration:Nostalgia":134,"testmod-FatalChain":146,"Oddly Smooth Stone":7,"AT_PhaseBoots":147,"Letter Opener":135,"Question Card":132,"Du-Vu Doll":80,"OrangePellets":137,"AT_LudenTempest":131,"Shuriken":22,"testmod-Acrobat":30,"PlanX":137,"Molten Egg 2":125,"GodSword7":51,"FixedStarFall":0,"GodSword6":131,"GodSword5":125,"GodSword4":134,"GodSword3":133,"aspiration:HatOfInfinitePower":146,"testmod-OneHitWonder":7,"Meat on the Bone":30,"GodSword1":134,"Darkstone Periapt":51,"Ying":137,"DiscerningMonocle":120,"SecretRecord":146,"Juzu Bracelet":27,"CloakClasp":146,"Incense Burner":148,"TeardropLocket":134,"testmod-Nyarlathotep":137,"PageOfSpiderBud":51,"ClockworkSouvenir":100,"Nunchaku":94,"Dream Catcher":125,"TheAbacus":72,"testmod-Alchemist":146,"testmod-Motorcycle":125,"Mummified Hand":134,"Pantograph":22,"Gambling Chip":137,"Tiny Chest":125,"testmod-Déjàvu":131,"testmod-ArcanaOfDestiny":0,"AT_ForceNature":7,"JellyFishMachine":139,"AT_BladeRuinedKing":131,"Odd Mushroom":77,"Orichalcum":117,"testmod-Justice":133,"testmod-IndustrialRevolution":131,"Medical Kit":146,"White Beast Statue":72,"testmod-Antiphasic":125,"REME:ComplimentaryCards":0,"Anchor":125,"CaptainsWheel":146,"SynthV:TestCard":7,"testmod-AssaultLearning":125,"Bag of Marbles":125,"PureWater":0,"TungstenRod":137,"FossilizedHelix":146}],"Toy Ornithopter":0,"TungstenRod":1,"Meat on the Bone":36},"card_choices":[{"not_picked":["ForeignInfluence","CrushJoints"],"picked":"BowlingBash","floor":1.0},{"not_picked":["ClearTheMind","EmptyBody","PathToVictory","Crescendo"],"picked":"Ragnarok","floor":4.0},{"not_picked":["WindmillStrike","Halt","Indignation","FlurryOfBlows"],"picked":"Fasting2","floor":5.0},{"not_picked":["Halt","MostiFishMod:LegendTransform","EmptyFist","LikeWater","FlyingSleeves"],"picked":"SKIP","floor":6.0},{"not_picked":["SignatureMove","SpiritShield","Collect","MostiFishMod:Adaptation"],"picked":"AT_ChampionStep","floor":8.0},{"not_picked":["Halt","Wireheading","FlyingSleeves","Weave"],"picked":"DevaForm","floor":11.0},{"not_picked":["LessonLearned+1","DeusExMachina+1","Omniscience+1","MostiFishMod:DustFall+1"],"picked":"Wish+1","floor":16},{"not_picked":["BattleHymn+1","CrushJoints+1","EmptyFist+1","PathToVictory+1"],"picked":"Wallop+1","floor":18},{"not_picked":["BattleHymn+1","FlyingSleeves+1","SashWhip+1","ThirdEye+1"],"picked":"Crescendo+1","floor":18},{"not_picked":["Wallop+1","EmptyBody+1","Consecrate+1","FearNoEvil+1","FollowUp+1"],"picked":"SKIP","floor":19},{"not_picked":["Evaluate+1","WindmillStrike+1","FollowUp+1","FlurryOfBlows+1","JustLucky+1"],"picked":"SKIP","floor":19},{"not_picked":["EmptyFist+1","FollowUp+1","CrushJoints+1","Vengeance+1"],"picked":"ClearTheMind+1","floor":20},{"not_picked":["BowlingBash+1","SpiritShield+1","MostiFishMod:Unraveling+1","Halt+1"],"picked":"MostiFishMod:StarWish+1","floor":20},{"not_picked":["SashWhip+1","MostiFishMod:Adaptation+1","ClearTheMind+1","JustLucky+1"],"picked":"Fasting2+1","floor":20},{"not_picked":["MostiFishMod:Dust+1","Vengeance+1","ClearTheMind+1","EmptyFist+1","SashWhip+1"],"picked":"SKIP","floor":23},{"not_picked":["Judgement+1","EmptyFist+1","Vengeance+1","ThirdEye+1","Collect+1","CutThroughFate+1"],"picked":"SKIP","floor":24},{"not_picked":["PathToVictory+1","ClearTheMind+1","Omniscience+1","FlyingSleeves+1","JustLucky+1"],"picked":"TalkToTheHand+1","floor":25},{"not_picked":["Weave+1","CrushJoints+1","Evaluate+1","BowlingBash+1","SignatureMove+1"],"picked":"Worship+1","floor":30},{"not_picked":["Evaluate+1","JustLucky+1","Judgement+1","FlyingSleeves+1","FearNoEvil+1"],"picked":"Fasting2+1","floor":31},{"not_picked":["Judgement+1","MostiFishMod:StarHerder+1","Alpha+1","MostiFishMod:Dust+1","MostiFishMod:Disappear+1"],"picked":"ConjureBlade+1","floor":33},{"not_picked":["Consecrate+1","Halt+1","LikeWater+1","WindmillStrike+1","BattleHymn+1","BowlingBash+1"],"picked":"Singing Bowl","floor":35},{"not_picked":["PathToVictory+1","Prostrate+1","SashWhip+1","Study+1","JustLucky+1","EmptyBody+1"],"picked":"Singing Bowl","floor":35},{"not_picked":["ConjureBlade+1","CrushJoints+1","Sanctity+1","LikeWater+1","Consecrate+1"],"picked":"TalkToTheHand+1","floor":39},{"not_picked":["BattleHymn+1","AT_DivineConfetti+1","FlyingSleeves+1","AT_SoftenMuscles+1","Vengeance+1","AT_ChampionStep+1"],"picked":"Singing Bowl","floor":39},{"not_picked":["Collect+1","MostiFishMod:StarWish+1","WaveOfTheHand+1","JustLucky+1","Consecrate+1","FlurryOfBlows+1"],"picked":"Singing Bowl","floor":40},{"not_picked":["Conclude+1","EmptyBody+1","Prostrate+1","Tantrum+1","Weave+1"],"picked":"Adaptation+1","floor":41},{"not_picked":["Evaluate+1","ClearTheMind+1","Crescendo+1","ConjureBlade+1","PathToVictory+1","Halt+1"],"picked":"Singing Bowl","floor":47},{"not_picked":["Brilliance+1","BowlingBash+1","MostiFishMod:StarWish+1","Sanctity+1","FlurryOfBlows+1","PathToVictory+1"],"picked":"Singing Bowl","floor":55}],"player_experience":270801,"relics_obtained":[{"floor":1.0,"key":"SynthV:TestCard"},{"floor":6.0,"key":"Orichalcum"},{"floor":8.0,"key":"MawBank"},{"floor":11.0,"key":"testmod-Antiphasic"},{"floor":23,"key":"Question Card"},{"floor":24,"key":"GodSword3"},{"floor":24,"key":"testmod-Justice"},{"floor":25,"key":"Matryoshka"},{"floor":25,"key":"MagicDraw4"},{"floor":26,"key":"AT_ImmortalShieldbow"},{"floor":28,"key":"Mummified Hand"},{"floor":28,"key":"MagicDraw1"},{"floor":30,"key":"Singing Bowl"},{"floor":30,"key":"Letter Opener"},{"floor":31,"key":"PlanX"},{"floor":41,"key":"testmod-BlackFramedGlasses"},{"floor":45,"key":"CloakClasp"},{"floor":53,"key":"Lizard Tail"}],"event_choices":[{"damage_healed":0.0,"max_hp_gain":0.0,"max_hp_loss":0.0,"gold_gain":0.0,"event_name":"WeMeetAgain","player_choice":"Ignored","floor":2.0,"gold_loss":0.0,"damage_taken":0.0},{"damage_healed":0.0,"max_hp_gain":0.0,"max_hp_loss":0.0,"gold_gain":0.0,"event_name":"Scrap Ooze","player_choice":"Success","floor":13.0,"gold_loss":0.0,"damage_taken":5.0,"relics_obtained":["Tiny Chest"]},{"damage_healed":0,"gold_gain":50,"player_choice":"Stole From Cult","damage_taken":0,"max_hp_gain":0,"max_hp_loss":0,"event_name":"Nest","floor":21,"gold_loss":0},{"damage_healed":0,"gold_gain":275,"player_choice":"Desecrate","damage_taken":0,"max_hp_gain":0,"max_hp_loss":0,"event_name":"Golden Shrine","floor":22,"gold_loss":0,"cards_obtained":["Regret"]},{"damage_healed":0,"gold_gain":0,"player_choice":"Max HP","damage_taken":0,"max_hp_gain":0,"max_hp_loss":6,"event_name":"Winding Halls","floor":36,"gold_loss":0},{"damage_healed":0,"gold_gain":0,"player_choice":"Ignored","damage_taken":0,"max_hp_gain":0,"max_hp_loss":0,"event_name":"Transmorgrifier","floor":37,"gold_loss":0},{"damage_healed":0,"gold_gain":0,"player_choice":"Ignored","damage_taken":0,"max_hp_gain":0,"max_hp_loss":0,"event_name":"SecretPortal","floor":38,"gold_loss":0},{"damage_healed":0,"gold_gain":0,"player_choice":"0 cards matched","damage_taken":0,"max_hp_gain":0,"max_hp_loss":0,"event_name":"Match and Keep!","floor":46,"gold_loss":0,"cards_obtained":[]},{"damage_healed":0,"gold_gain":999,"player_choice":"Sell","damage_taken":0,"max_hp_gain":0,"max_hp_loss":0,"event_name":"恩洛斯的盘子","floor":48,"relics_lost":["JellyFishMachine"],"gold_loss":0}],"is_beta":false,"boss_relics":[{"not_picked":["aspiration:FutureDiary","testmod-HarvestTotem"],"picked":"energizedSpire:BlackCloud"},{"not_picked":["energizedSpire:HugeHouse","testmod-EnergyCheck"],"picked":"JellyFishMachine"}],"items_purged_floors":[0,0,10,12,12,12,12,12,12,15,20,20,20,20,20,20,20,20,29,29,29,29,32,49,54],"is_endless":false,"potions_floor_spawned":[4,5,6,8,16,18,19,23,24,25,30,31,33,35,39,40,41,47,55],"ascension_level":20}}