{"host":"61y0z9o9vf3ujftj","time":1612726652,"event":{"mods":["BaseMod","Colored Map","Colored Powertips","GifTheSpireLib","HexUI Lib","Highlight Path","Minty Spire (QoL Compilation)","Permanent Neow","Relic Stats","StSLib","ojb\u0027s Info Mod"],"gold_per_floor":[114,124,136,151,161,187,187,222,247,247,264,274,199,255,255,332,332,351,365,100,100,15,15,50,50,50,83,83,99,99,127,127,204,204,222,237,237,35,49,80,80,80,80,110,110,60,89,102,102,102],"floor_reached":51,"language":"ENG","playtime":4708,"items_purged":["Strike_R","Fire Breathing","Flex","Cleave"],"score":1745,"play_id":"bb7d4439-b5cf-471e-bfc2-9f9cb7d6a4b2","local_time":"20210207133732","is_ascension_mode":true,"campfire_choices":[{"data":"Feed","floor":7.0,"key":"SMITH"},{"data":"Shockwave","floor":10.0,"key":"SMITH"},{"floor":15.0,"key":"REST"},{"data":"Barricade","floor":23.0,"key":"SMITH"},{"data":"Exhume","floor":28.0,"key":"SMITH"},{"data":"Body Slam","floor":30.0,"key":"SMITH"},{"data":"Seeing Red","floor":32.0,"key":"SMITH"},{"data":"Disarm","floor":45.0,"key":"SMITH"},{"data":"Juggernaut","floor":49,"key":"SMITH"}],"circlet_count":0,"master_deck":["AscendersBane","Bash","Shockwave+1","Disarm+1","Feed+1","Warcry","Impervious","Clothesline","Shrug It Off","Feel No Pain","Exhume+1","Barricade+1","Rampage","Shrug It Off","Evolve","Power Through","Shockwave","Burning Pact","Shrug It Off","Offering","Shrug It Off","Dropkick+1","Seeing Red+1","Body Slam+1","Impervious","Offering","Carnage+1","Body Slam","Metallicize","Shrug It Off","Shrug It Off+1","Whirlwind","Juggernaut+1"],"relics":["Burning Blood","Lantern","Toy Ornithopter","Gremlin Horn","Bronze Scales","MealTicket","Pandora\u0027s Box","Orrery","Potion Belt","Bag of Marbles","Bottled Tornado","Blood Vial","StrikeDummy","Sozu","PreservedInsect","Toxic Egg 2","Smiling Mask","Paper Frog"],"acts_visited":["Exordium","TheCity","TheBeyond"],"potions_floor_usage":[50,50,50],"damage_taken":[{"damage":0.0,"enemies":"2 Louse","floor":1.0,"turns":3.0},{"damage":1.0,"enemies":"Small Slimes","floor":2.0,"turns":5.0},{"damage":0.0,"enemies":"Cultist","floor":3.0,"turns":3.0},{"damage":7.0,"enemies":"Blue Slaver","floor":4.0,"turns":6.0},{"damage":19.0,"enemies":"Exordium Thugs","floor":5.0,"turns":5.0},{"damage":40.0,"enemies":"Lagavulin","floor":6.0,"turns":10.0},{"damage":31.0,"enemies":"3 Sentries","floor":8.0,"turns":9.0},{"damage":0.0,"enemies":"2 Fungi Beasts","floor":11.0,"turns":3.0},{"damage":8.0,"enemies":"Large Slime","floor":12.0,"turns":8.0},{"damage":11.0,"enemies":"3 Sentries","floor":14.0,"turns":8.0},{"damage":0.0,"enemies":"The Guardian","floor":16.0,"turns":15.0},{"damage":5.0,"enemies":"Shell Parasite","floor":18.0,"turns":10.0},{"damage":13.0,"enemies":"Spheric Guardian","floor":19.0,"turns":15.0},{"damage":31.0,"enemies":"Slavers","floor":24.0,"turns":6.0},{"damage":11.0,"enemies":"Gremlin Leader","floor":27.0,"turns":8.0},{"damage":16.0,"enemies":"Centurion and Healer","floor":29.0,"turns":11.0},{"damage":10.0,"enemies":"Slavers","floor":31.0,"turns":9.0},{"damage":19.0,"enemies":"Champ","floor":33.0,"turns":10.0},{"damage":6.0,"enemies":"3 Darklings","floor":35.0,"turns":5.0},{"damage":0.0,"enemies":"Orb Walker","floor":36.0,"turns":4.0},{"damage":4.0,"enemies":"Jaw Worm Horde","floor":39.0,"turns":7.0},{"damage":6.0,"enemies":"Giant Head","floor":40.0,"turns":7.0},{"damage":6.0,"enemies":"Nemesis","floor":44.0,"turns":7.0},{"damage":18.0,"enemies":"Reptomancer","floor":47.0,"turns":6.0},{"damage":0,"enemies":"Spire Growth","floor":48,"turns":8},{"damage":12,"enemies":"Time Eater","floor":50,"turns":9}],"seed_played":"6190475281100970181","potions_obtained":[{"floor":1.0,"key":"EntropicBrew"},{"floor":2.0,"key":"FearPotion"},{"floor":16.0,"key":"LiquidBronze"},{"floor":24.0,"key":"LiquidMemories"},{"floor":27.0,"key":"FearPotion"},{"floor":31.0,"key":"Ancient Potion"}],"is_trial":false,"path_per_floor":["M","M","M","M","M","E","R","E","T","R","M","M","$","?","R","B",null,"M","M","$","?","?","R","E","?","T","E","R","M","R","E","R","B",null,"M","M","?","$","M","E","$","?","T","E","R","$","E","M","R","B",null],"character_chosen":"IRONCLAD","items_purchased":["Orrery","Metallicize"],"campfire_rested":1,"item_purchase_floors":[20,38],"current_hp_per_floor":[74,75,75,77,67,36,36,15,15,15,21,19,19,18,45,60,87,92,89,104,104,104,104,83,83,83,82,82,78,78,85,85,74,109,115,123,116,124,128,128,128,122,122,126,126,126,118,130,130,128],"gold":102,"neow_bonus":"RANDOM_COMMON_RELIC","is_daily":false,"chose_seed":false,"campfire_upgraded":8,"win_rate":0.0,"timestamp":1612726652,"path_taken":["M","M","M","M","M","E","R","E","T","R","M","M","$","?","R","BOSS","M","M","$","?","?","R","E","?","T","E","R","M","R","E","R","BOSS","M","M","?","?","M","E","$","?","T","E","R","?","E","M","R","BOSS"],"items_purchased_type":["Relic","Card"],"build_version":"2020-12-22","purchased_purges":4,"victory":true,"max_hp_per_floor":[75,75,75,78,81,84,84,88,88,88,88,88,88,92,92,96,96,100,104,104,104,104,104,108,108,108,112,112,116,116,120,120,120,120,124,124,124,124,128,128,128,122,122,126,126,126,130,134,134,134],"relic_stats":{"Blood Vial":14,"Sozu":3,"Gremlin Horn":[23,23],"counters":[26,197],"Bronze Scales":[466],"MealTicket":23,"Pandora\u0027s Box":["Rampage","Shrug It Off","Fire Breathing","Evolve","Flex","Power Through","Shockwave","Burning Pact"],"PreservedInsect":110,"Smiling Mask":100,"obtain_stats":[{"Potion Belt":22,"Lantern":0,"Gremlin Horn":8,"PreservedInsect":40,"Bottled Tornado":26,"Smiling Mask":44,"Burning Blood":0,"Blood Vial":27,"Sozu":34,"Bronze Scales":9,"Orrery":20,"MealTicket":14,"Pandora\u0027s Box":17,"Bag of Marbles":24,"Toxic Egg 2":43,"StrikeDummy":31,"Toy Ornithopter":6,"Paper Frog":47},{"Potion Belt":13,"Lantern":0,"Gremlin Horn":7,"PreservedInsect":22,"Bottled Tornado":14,"Smiling Mask":23,"Burning Blood":0,"Blood Vial":15,"Sozu":18,"Bronze Scales":7,"Orrery":13,"MealTicket":10,"Pandora\u0027s Box":11,"Bag of Marbles":14,"Toxic Egg 2":22,"StrikeDummy":17,"Toy Ornithopter":6,"Paper Frog":24},{"Potion Belt":100,"Lantern":0,"Gremlin Horn":41,"PreservedInsect":167,"Bottled Tornado":106,"Smiling Mask":174,"Burning Blood":0,"Blood Vial":114,"Sozu":144,"Bronze Scales":41,"Orrery":100,"MealTicket":60,"Pandora\u0027s Box":75,"Bag of Marbles":106,"Toxic Egg 2":167,"StrikeDummy":134,"Toy Ornithopter":32,"Paper Frog":180}],"Burning Blood":144,"Toy Ornithopter":10},"card_choices":[{"not_picked":["Dual Wield","Headbutt"],"picked":"Shockwave","floor":1.0},{"not_picked":["Combust","Shrug It Off"],"picked":"Disarm","floor":2.0},{"not_picked":["Body Slam","Armaments"],"picked":"Feed","floor":3.0},{"not_picked":["Havoc","Shockwave"],"picked":"Cleave","floor":4.0},{"not_picked":["Thunderclap","Sever Soul"],"picked":"Warcry","floor":5.0},{"not_picked":["Barricade","Perfected Strike"],"picked":"Impervious","floor":6.0},{"not_picked":["Whirlwind","Warcry"],"picked":"Clothesline","floor":8.0},{"not_picked":["Body Slam","Fire Breathing"],"picked":"Shrug It Off","floor":11.0},{"not_picked":["Warcry","Reckless Charge"],"picked":"Feel No Pain","floor":12.0},{"not_picked":["Wild Strike","Twin Strike"],"picked":"Exhume","floor":14.0},{"not_picked":["Immolate","Double Tap"],"picked":"Barricade","floor":16.0},{"not_picked":["Flex","Twin Strike"],"picked":"Shrug It Off","floor":18.0},{"not_picked":["Fire Breathing","Clothesline","Clash"],"picked":"SKIP","floor":19.0},{"not_picked":["Dropkick+1","Infernal Blade"],"picked":"Offering","floor":20.0},{"not_picked":["Clash","Power Through"],"picked":"Shrug It Off","floor":20.0},{"not_picked":["Cleave","Heavy Blade"],"picked":"Dropkick+1","floor":20.0},{"not_picked":["Second Wind","Searing Blow"],"picked":"Seeing Red","floor":20.0},{"not_picked":["Armaments","Combust+1"],"picked":"Body Slam","floor":24.0},{"not_picked":["Dropkick","Sever Soul","Sword Boomerang"],"picked":"SKIP","floor":27.0},{"not_picked":["Pommel Strike","Body Slam"],"picked":"Impervious","floor":29.0},{"not_picked":["Infernal Blade","Reckless Charge"],"picked":"Offering","floor":31.0},{"not_picked":["Fire Breathing","Armaments"],"picked":"Carnage+1","floor":35.0},{"not_picked":["Rupture","Sword Boomerang"],"picked":"Body Slam","floor":36.0},{"not_picked":["Sword Boomerang","Pommel Strike","Heavy Blade+1"],"picked":"SKIP","floor":39.0},{"not_picked":["Intimidate","Headbutt"],"picked":"Shrug It Off","floor":40.0},{"not_picked":["Warcry+1","Rupture+1"],"picked":"Shrug It Off+1","floor":44.0},{"not_picked":["Armaments+1","Clash"],"picked":"Whirlwind","floor":47.0},{"not_picked":["Armaments+1","Searing Blow"],"picked":"Juggernaut","floor":48}],"player_experience":541673,"relics_obtained":[{"floor":6.0,"key":"Toy Ornithopter"},{"floor":8.0,"key":"Gremlin Horn"},{"floor":9.0,"key":"Bronze Scales"},{"floor":14.0,"key":"MealTicket"},{"floor":24.0,"key":"Bag of Marbles"},{"floor":26.0,"key":"Bottled Tornado"},{"floor":27.0,"key":"Blood Vial"},{"floor":31.0,"key":"StrikeDummy"},{"floor":40.0,"key":"PreservedInsect"},{"floor":43.0,"key":"Toxic Egg 2"},{"floor":44.0,"key":"Smiling Mask"},{"floor":47.0,"key":"Paper Frog"}],"event_choices":[{"damage_healed":0.0,"max_hp_gain":0.0,"max_hp_loss":0.0,"gold_gain":0.0,"event_name":"Dead Adventurer","player_choice":"Searched \u00272\u0027 times","floor":14.0,"gold_loss":0.0,"damage_taken":0.0},{"damage_healed":0.0,"max_hp_gain":0.0,"max_hp_loss":0.0,"gold_gain":0.0,"event_name":"Vampires","player_choice":"Ignored","floor":21.0,"gold_loss":0.0,"damage_taken":0.0},{"damage_healed":0.0,"max_hp_gain":0.0,"max_hp_loss":0.0,"gold_gain":0.0,"event_name":"Addict","player_choice":"Obtained Relic","floor":22.0,"gold_loss":85.0,"damage_taken":0.0,"relics_obtained":["Potion Belt"]},{"damage_healed":0.0,"max_hp_gain":0.0,"max_hp_loss":0.0,"gold_gain":0.0,"event_name":"Ghosts","player_choice":"Ignored","floor":25.0,"gold_loss":0.0,"damage_taken":0.0},{"damage_healed":0.0,"max_hp_gain":0.0,"max_hp_loss":0.0,"gold_gain":0.0,"event_name":"The Woman in Blue","player_choice":"Bought 0 Potions","floor":37.0,"gold_loss":0.0,"damage_taken":0.0},{"damage_healed":0.0,"max_hp_gain":0.0,"max_hp_loss":6.0,"gold_gain":0.0,"event_name":"Winding Halls","player_choice":"Max HP","floor":42.0,"gold_loss":0.0,"damage_taken":0.0}],"is_beta":false,"boss_relics":[{"not_picked":["Mark of Pain","Runic Dome"],"picked":"Pandora\u0027s Box"},{"not_picked":["Tiny House","Fusion Hammer"],"picked":"Sozu"}],"items_purged_floors":[13,20,38,46],"is_endless":false,"potions_floor_spawned":[1,2,4,12,14,16,24,27,31,39,44,47],"ascension_level":16}}