{"host":"dmtlrev5pkc1867p","time":1612666922,"event":{"mods":["BaseMod","Colored Map","Downfall","Hermit","Marisa¡]Ãú«B¡@Å]²z¨F¡^","Minty Spire (QoL Compilation)","Replay The Spire","StSLib","SuperFastMode","The Cursed","The Disciple","The Necromancer","The Runesmith","The Servant 0.9.4"],"gold_per_floor":[116,129,129,140,140,157,203,30,30,58,58,92,39,39,39,143,143,161,173,188,206,13,13,13],"floor_reached":23,"language":"ZHS","playtime":1098,"items_purged":[],"score":211,"play_id":"3c023c86-93f0-4c34-b8d8-6f7d4566071c","local_time":"20210207110202","is_ascension_mode":true,"campfire_choices":[{"data":"Cloudkill","floor":9,"key":"SMITH"},{"floor":11,"key":"REST"},{"floor":15,"key":"REST"}],"circlet_count":0,"master_deck":["Strike_W","Strike_W","Strike_W","Defend_W","Defend_W","Defend_W","Defend_W","Negative_Energy_Arrows","Bone_Wall","Negative_Energy_Javelin","Life_Tap","Regret","Negative_Energy_Mist","Shade_Step","Bone_Prison","Cloudkill+1","Cloudkill+1","Deaths_Shadow","Summon_Lich","Summon_Lich","Blood_Wake","Scare","Summon_Undead_Army","Blood_Is_Power","Siphon_Strength","Epidemic+1","Summon_Undead_Army"],"relics":["Vampire_Amulet","Bird Faced Urn","Nunchaku","Bottled Flame","Garlic","SlaversCollar","Membership Card"],"acts_visited":["Exordium","TheCity"],"potions_floor_usage":[16],"damage_taken":[{"damage":1,"enemies":"Jaw Worm","floor":1,"turns":4},{"damage":0,"enemies":"2 Louse","floor":2,"turns":2},{"damage":5,"enemies":"Cultist","floor":4,"turns":4},{"damage":16,"enemies":"Large Slime","floor":6,"turns":8},{"damage":2,"enemies":"downfall:FleeingMerchant","floor":8,"turns":4},{"damage":23,"enemies":"3 Sentries","floor":10,"turns":6},{"damage":24,"enemies":"Gremlin Nob","floor":12,"turns":5},{"damage":3,"enemies":"downfall:FleeingMerchant","floor":13,"turns":4},{"damage":41,"enemies":"WA_ARCHETYPE_RETAIN","floor":16,"turns":6},{"damage":3,"enemies":"Chosen","floor":18,"turns":4},{"damage":27,"enemies":"Spheric Guardian","floor":19,"turns":4},{"damage":14,"enemies":"Snecko","floor":20,"turns":5},{"damage":21,"enemies":"Cultist and Chosen","floor":21,"turns":4},{"damage":6,"enemies":"downfall:FleeingMerchant","floor":22,"turns":4},{"damage":31,"enemies":"Shelled Parasite and Fungi","floor":23,"turns":2}],"seed_played":"2987479741648346473","potions_obtained":[{"floor":2,"key":"SmokeBomb"},{"floor":6,"key":"Venom Potion"},{"floor":10,"key":"ColorlessPotion"},{"floor":16,"key":"PowerPotion"},{"floor":20,"key":"Reflective Coating"}],"is_trial":false,"path_per_floor":["M","M","?","M","?","M","T","$","R","E","R","E","$","?","R","B",null,"M","M","M","M","$","M"],"character_chosen":"NECROMANCER","items_purchased":["Cloudkill","Summon_Lich","Membership Card","Summon_Undead_Army"],"campfire_rested":2,"item_purchase_floors":[8,13,22,22],"current_hp_per_floor":[68,68,68,65,65,53,53,51,51,34,54,32,29,29,49,14,68,67,46,38,25,23,0,0],"gold":13,"neow_bonus":"ONE_RARE_RELIC","is_daily":false,"chose_seed":false,"campfire_upgraded":1,"win_rate":0.0,"timestamp":1612666922,"path_taken":["M","M","?","M","?","M","T","$","R","E","R","E","$","?","R","BOSS","M","M","M","M","?","M"],"items_purchased_type":["Card","Card","Relic","Card"],"build_version":"2020-12-22","purchased_purges":0,"victory":false,"max_hp_per_floor":[68,68,68,68,68,68,68,68,68,68,68,68,68,68,68,68,68,68,68,68,68,68,68,68],"card_choices":[{"not_picked":["Death_Coil","Vampiric_Strike"],"picked":"Negative_Energy_Javelin","floor":1},{"not_picked":["Shackles_Of_Pain","Blood_Whip"],"picked":"Life_Tap","floor":2},{"not_picked":["Chill_Blood","Toxic_Smoke_Screen"],"picked":"Negative_Energy_Mist","floor":4},{"not_picked":["Bone_Spikes","Blood_Curse"],"picked":"Shade_Step","floor":6},{"not_picked":["Negative_Energy_Javelin","Bone_Armor"],"picked":"Bone_Prison","floor":8},{"not_picked":["Bone_Armor","Bone_Spikes"],"picked":"Cloudkill","floor":10},{"not_picked":["Negative_Energy_Shield","Scare"],"picked":"Deaths_Shadow","floor":12},{"not_picked":["Negative_Energy_Javelin","Bone_Bullets"],"picked":"Summon_Lich","floor":13},{"not_picked":["Grasp_Heart","Blood_Magic"],"picked":"Blood_Wake","floor":16},{"not_picked":["Bone_Spikes","Blood_Curse"],"picked":"Scare","floor":18},{"not_picked":["Consume_Illness","Blood_Whip"],"picked":"Summon_Undead_Army","floor":19},{"not_picked":["Strike_from_Beyond","Whirlwind_of_Bones"],"picked":"Blood_Is_Power","floor":20},{"not_picked":["Vampiric_Strike+1","Negative_Energy_Javelin"],"picked":"Siphon_Strength","floor":21},{"not_picked":["Whirlwind_of_Bones","Death_Coil"],"picked":"Epidemic+1","floor":22}],"player_experience":622517,"relics_obtained":[{"floor":10,"key":"Bottled Flame"},{"floor":12,"key":"Garlic"}],"event_choices":[{"damage_healed":0,"gold_gain":0,"player_choice":"Box","damage_taken":0,"relics_obtained":["Nunchaku"],"max_hp_gain":0,"max_hp_loss":0,"event_name":"Big Fish","floor":3,"gold_loss":0,"cards_obtained":["Regret"]}],"is_beta":false,"boss_relics":[{"not_picked":["Astrolabe","Ring of Chaos"],"picked":"SlaversCollar"}],"items_purged_floors":[],"is_endless":false,"potions_floor_spawned":[2,6,10,16,19,20],"killed_by":"Shelled Parasite and Fungi","ascension_level":1}}