{"host":"ifz8qk6i1wysca9i","time":1612665972,"event":{"mods":["Act Like it!","BaseMod","Colored Powertips","Duelist Mod","GifTheSpireLib","Hallownest","Hermit","Minty Spire (QoL Compilation)","Quick Restart","StSLib","The Bug Knight","The Senshi","The Wild Card"],"gold_per_floor":[143,143,157,167,183,210,210,210,280,280,47,47,66,80,80,182,182,195,213,213,213,229,261,273,273,273,273,305,315,344,344,344,445,445,456,278,294,313,313,313,513,498,498,464,464,1,16,21,21,0,0,0,0,30,25],"floor_reached":56,"language":"ENG","playtime":6619,"items_purged":[],"score":1414,"play_id":"5cba761e-f5fb-4143-9407-037d536dcd19","local_time":"20210206204612","is_ascension_mode":false,"campfire_choices":[{"data":"theDuelist:ArmedDragon10","floor":7.0,"key":"SMITH"},{"floor":10.0,"key":"RECALL"},{"floor":15.0,"key":"REST"},{"data":"theDuelist:RainbowKuriboh","floor":25.0,"key":"SMITH"},{"floor":27.0,"key":"REST"},{"data":"theDuelist:HappyLover","floor":32.0,"key":"SMITH"},{"floor":40.0,"key":"REST"},{"data":"theDuelist:HappyLover","floor":49.0,"key":"SMITH"},{"data":"theDuelist:PotGreed","floor":52.0,"key":"SMITH"}],"circlet_count":0,"master_deck":["theDuelist:BeaverWarrior+1","theDuelist:BeaverWarrior","theDuelist:FinalFlame","theDuelist:GiantSoldier+1","theDuelist:GiantSoldier+1","theDuelist:ScrapFactory","theDuelist:Sparks","theDuelist:Sparks","theDuelist:GravityLash+1","theDuelist:GiantSoldierSteel","theDuelist:ArmedDragon10+1","theDuelist:Tuningware","theDuelist:GravityLash+1","theDuelist:Electrowhip","theDuelist:Nameless:Power:ForbiddenLance","theDuelist:LightningVortex","theDuelist:MeteorDestruction","theDuelist:EvilswarmHeliotrope+1","theDuelist:HappyLover+1","theDuelist:RainbowKuriboh+1","theDuelist:HappyLover+1","theDuelist:FrontierWiseman","theDuelist:PotGreed+1","Blind+1","theDuelist:Tuningware+1","theDuelist:HappyLover+1","theDuelist:GravityLash+1","theDuelist:RainbowNeos+1","theDuelist:AfterGenocide+1","theDuelist:Raigeki+1","theDuelist:CursedBill","theDuelist:ArmageddonDragonEmp+1","theDuelist:ArmedDragon10+1","theDuelist:PreventRat","theDuelist:PotDichotomy","theDuelist:MeteorDestruction","theDuelist:BerserkerCrush+1","theDuelist:GravityAxe+1","Metamorphosis+1"],"relics":["theDuelist:MillenniumPuzzle","theDuelist:CardPoolRelic","theDuelist:CardPoolBasicRelic","theDuelist:BoosterPackPoolRelic","theDuelist:CardPoolAddRelic","theDuelist:CardPoolMinusRelic","theDuelist:CardPoolSaveRelic","theDuelist:CardPoolOptionsRelic","theDuelist:BoosterExtraAllRaresRelic","Lizard Tail","Oddly Smooth Stone","SlaversCollar","Happy Flower","Torii","Pear","theDuelist:ResummonBranch","Mark of Pain","Lantern","theDuelist:MillenniumCoin","theDuelist:WhiteBowlRelic","theSenshi:FeatherClipsRelic","TungstenRod","Orichalcum","Whetstone","theDuelist:KaibaToken"],"acts_visited":["Exordium","TheCity","TheBeyond","TheEnding"],"potions_floor_usage":[55,55,55],"damage_taken":[{"damage":0.0,"enemies":"2 Louse","floor":1.0,"turns":3.0},{"damage":0.0,"enemies":"Cultist","floor":3.0,"turns":3.0},{"damage":0.0,"enemies":"Jaw Worm","floor":4.0,"turns":4.0},{"damage":0.0,"enemies":"Exordium Thugs","floor":5.0,"turns":8.0},{"damage":0.0,"enemies":"3 Sentries","floor":6.0,"turns":21.0},{"damage":0.0,"enemies":"Looter","floor":13.0,"turns":3.0},{"damage":0.0,"enemies":"Large Slime","floor":14.0,"turns":2.0},{"damage":23.0,"enemies":"Slime Boss","floor":16.0,"turns":10.0},{"damage":2.0,"enemies":"Chosen","floor":18.0,"turns":4.0},{"damage":0.0,"enemies":"Shell Parasite","floor":19.0,"turns":3.0},{"damage":13.0,"enemies":"Snake Plant","floor":22.0,"turns":4.0},{"damage":0.0,"enemies":"theDuelist:KaibaA2","floor":23.0,"turns":3.0},{"damage":0.0,"enemies":"Cultist and Chosen","floor":24.0,"turns":4.0},{"damage":0.0,"enemies":"Slavers","floor":28.0,"turns":2.0},{"damage":0.0,"enemies":"Chosen and Byrds","floor":29.0,"turns":4.0},{"damage":1.0,"enemies":"Gremlin Leader","floor":30.0,"turns":5.0},{"damage":0.0,"enemies":"Automaton","floor":33.0,"turns":7.0},{"damage":0.0,"enemies":"Orb Walker","floor":35.0,"turns":5.0},{"damage":0.0,"enemies":"3 Darklings","floor":37.0,"turns":3.0},{"damage":24.0,"enemies":"Writhing Mass","floor":38.0,"turns":6.0},{"damage":0.0,"enemies":"Reptomancer","floor":42.0,"turns":3.0},{"damage":1.0,"enemies":"Transient","floor":44.0,"turns":5.0},{"damage":0.0,"enemies":"Jaw Worm Horde","floor":47.0,"turns":1.0},{"damage":0.0,"enemies":"Writhing Mass","floor":48.0,"turns":4.0},{"damage":36.0,"enemies":"Time Eater","floor":50.0,"turns":12.0},{"damage":6.0,"enemies":"Shield and Spear","floor":54.0,"turns":4.0},{"damage":53,"enemies":"The Heart","floor":55,"turns":8}],"seed_played":"-493261060557910055","potions_obtained":[{"floor":1.0,"key":"theDuelist:TributeBottle"},{"floor":3.0,"key":"theDuelist:IcePotion"},{"floor":19.0,"key":"theDuelist:FlamingBottle"},{"floor":44.0,"key":"theDuelist:StunPotion"}],"is_trial":false,"path_per_floor":["M","?","M","M","M","E","R","?","T","R","$","?","M","M","R","B",null,"M","M","?","?","M","E","M","R","T","R","E","M","E","?","R","B",null,"M","$","M","M","?","R","?","E","T","M","T","$","M","M","R","B",null,"R","$","E","B",null],"character_chosen":"THE_DUELIST","items_purchased":["Oddly Smooth Stone","theDuelist:Electrowhip","theDuelist:RainbowNeos","Lantern","Orichalcum","theDuelist:PreventRat","Whetstone","theDuelist:PotDichotomy","theDuelist:MeteorDestruction"],"campfire_rested":3,"item_purchase_floors":[11,11,36,36,46,46,46,46,46],"current_hp_per_floor":[72,72,72,72,72,72,72,58,58,58,58,58,58,58,72,49,72,70,70,70,82,69,69,69,69,69,82,92,92,91,91,91,91,92,92,92,92,68,68,92,92,92,92,92,92,92,92,92,92,62,92,92,92,92,49],"gold":25,"neow_bonus":"ONE_RARE_RELIC","is_daily":false,"chose_seed":false,"campfire_upgraded":5,"win_rate":0.0,"timestamp":1612665972,"path_taken":["M","?","M","?","M","E","R","?","T","R","?","?","M","M","R","BOSS","M","M","?","?","M","E","M","R","T","R","E","?","E","?","R","BOSS","M","$","?","M","?","R","?","E","T","?","?","$","M","M","R","BOSS","R","$","E","BOSS"],"items_purchased_type":["Relic","Card","Card","Relic","Relic","Card","Relic","Card","Card"],"build_version":"2020-12-22","purchased_purges":0,"victory":true,"max_hp_per_floor":[72,72,72,72,72,72,72,72,72,72,72,72,72,72,72,72,72,72,72,72,82,82,82,82,82,82,82,92,92,92,92,92,92,92,92,92,92,92,92,92,92,92,92,92,92,92,92,92,92,92,92,92,92,92,92],"card_choices":[{"not_picked":["theDuelist:StarBlast+1","theDuelist:AncientGearFist+1","theDuelist:InstantFusion","theDuelist:AmuletAmbition"],"picked":"theDuelist:GravityLash+1","floor":1.0},{"not_picked":["theDuelist:BattleOx","theDuelist:BlueBloodedOni","theDuelist:Reload","theDuelist:StormingMirrorForce"],"picked":"theDuelist:GiantSoldierSteel","floor":3.0},{"not_picked":["theDuelist:WhiteHowling+1","theDuelist:GridRod+1","theDuelist:ElectromagneticShield+1","theDuelist:ArmedDragon7"],"picked":"theDuelist:ArmedDragon10","floor":4.0},{"not_picked":["theDuelist:MeteorDestruction","theDuelist:SilverApples","theDuelist:PowerKaishin","theDuelist:WormApocalypse"],"picked":"theDuelist:Tuningware","floor":5.0},{"not_picked":["theDuelist:StarBlast+1","theDuelist:LegendarySword+1","theDuelist:SwordsConcealing","theDuelist:FeatherShot+1"],"picked":"theDuelist:GravityLash+1","floor":6.0},{"not_picked":["theDuelist:CoreBlaster","theDuelist:ScrapFactory","theDuelist:SpiritHarp","theDuelist:DarkBurningAttack"],"picked":"theDuelist:LightningVortex","floor":13.0},{"not_picked":["theDuelist:SpellShatteringArrow","theDuelist:DoubleTool","theDuelist:Biofalcon","theDuelist:InfernoFireBlast"],"picked":"theDuelist:MeteorDestruction","floor":14.0},{"not_picked":["theDuelist:SwordsRevealing","theDuelist:PineappleBlast","theDuelist:InstantFusion","theDuelist:AmuletAmbition"],"picked":"theDuelist:LightningBlade","floor":16.0},{"not_picked":["theDuelist:Fissure","theDuelist:GraniteLoyalist+1","theDuelist:WormWarlord+1","theDuelist:FuryFire"],"picked":"theDuelist:EvilswarmHeliotrope+1","floor":18.0},{"not_picked":["theDuelist:MillenniumShield+1","theDuelist:ArmedDragon10+1","theDuelist:SwordsRevealing+1","theDuelist:InstantFusion"],"picked":"theDuelist:HappyLover+1","floor":19.0},{"not_picked":["theDuelist:RainbowNeos+1","theDuelist:KamionTimelord","theDuelist:HappyLover+1","theDuelist:Eva"],"picked":"theDuelist:RainbowKuriboh","floor":22.0},{"not_picked":["theDuelist:WhiteMagicalHat","theDuelist:SpiritHarp","theDuelist:KamionTimelord","theDuelist:Mathematician"],"picked":"theDuelist:HappyLover","floor":23.0},{"not_picked":["theDuelist:SangaEarth","theDuelist:KamionTimelord","theDuelist:ArmedDragon3","theDuelist:ArmedDragon7+1"],"picked":"theDuelist:FrontierWiseman","floor":24.0},{"not_picked":["theDuelist:PowerGiant","theDuelist:WormBarses","theDuelist:BigKoala+1","theDuelist:HarpieFeather"],"picked":"theDuelist:PotGreed","floor":28.0},{"not_picked":["Dark Shackles","Flash of Steel+1","Purity+1"],"picked":"Blind+1","floor":29.0},{"not_picked":["theDuelist:DoubleTool","theDuelist:SpiritHarp","theDuelist:MagnumShield+1","theDuelist:Biofalcon"],"picked":"theDuelist:Tuningware+1","floor":30.0},{"not_picked":["theDuelist:RainbowNeos","theDuelist:KamionTimelord","theDuelist:RainbowKuriboh+1","theDuelist:RainbowOverdragon"],"picked":"theDuelist:HappyLover","floor":33.0},{"not_picked":["theDuelist:Wildfire","theDuelist:SwordsRevealing+1","theDuelist:SwordsConcealing","theDuelist:SevenCompleted"],"picked":"theDuelist:GravityLash+1","floor":35.0},{"not_picked":["theDuelist:LegendarySword+1","theDuelist:GravityAxe","theDuelist:ElectromagneticShield+1","theDuelist:Predaponics+1"],"picked":"theDuelist:AfterGenocide+1","floor":37.0},{"not_picked":["theDuelist:DestroyerGolem","theDuelist:GauntletWarrior+1","theDuelist:MudragonSwamp","theDuelist:Mathematician+1"],"picked":"theDuelist:Raigeki+1","floor":38.0},{"not_picked":["theDuelist:WhiteNinja+1","theDuelist:SolarWindJammer+1","theDuelist:ArmedDragon7+1","theDuelist:Wildfire+1"],"picked":"theDuelist:ArmageddonDragonEmp+1","floor":42.0},{"not_picked":["theDuelist:LightningVortex+1","theDuelist:FuryFire+1","theDuelist:ArmedDragon5+1","theDuelist:LightningBlade+2"],"picked":"theDuelist:ArmedDragon10+1","floor":44.0},{"not_picked":["theDuelist:LegendarySword+1","theDuelist:FuryFire+1","theDuelist:ChaosSeed+1","theDuelist:CharcoalInpachi+1"],"picked":"theDuelist:BerserkerCrush+1","floor":47.0},{"not_picked":["theDuelist:ImperialOrder+1","theDuelist:MiraculousDescent+1","theDuelist:MillenniumShield","theDuelist:ArmedProtectorDragon"],"picked":"theDuelist:GravityAxe+1","floor":48.0},{"not_picked":["Bandage Up+1","Dark Shackles+1","Flash of Steel+1"],"picked":"Metamorphosis+1","floor":54.0}],"player_experience":162713,"relics_obtained":[{"floor":6.0,"key":"Lizard Tail"},{"floor":23.0,"key":"Happy Flower"},{"floor":26.0,"key":"Torii"},{"floor":28.0,"key":"Pear"},{"floor":30.0,"key":"theDuelist:ResummonBranch"},{"floor":42.0,"key":"theDuelist:WhiteBowlRelic"},{"floor":43.0,"key":"theSenshi:FeatherClipsRelic"},{"floor":45.0,"key":"TungstenRod"},{"floor":54.0,"key":"theDuelist:KaibaToken"}],"event_choices":[{"cards_removed":["theDuelist:CastleWalls"],"damage_healed":0.0,"max_hp_gain":0.0,"max_hp_loss":0.0,"gold_gain":0.0,"event_name":"Wheel of Change","player_choice":"Card Removal","floor":2.0,"gold_loss":0.0,"damage_taken":0.0},{"damage_healed":0.0,"max_hp_gain":0.0,"max_hp_loss":0.0,"gold_gain":0.0,"event_name":"Shining Light","player_choice":"Entered Light","floor":8.0,"gold_loss":0.0,"damage_taken":14.0,"cards_upgraded":["theDuelist:GiantSoldier","theDuelist:GiantSoldier"]},{"power_reward":4.0,"total_magic_score":61.0,"gold_gain":0.0,"duelist":true,"damage_taken":0.0,"relics_obtained":[],"points":18.0,"max_hp_gain":0.0,"max_hp_loss":0.0,"spent_points":{"magic":1.0,"greed":0.0,"war":0.0,"power":4.0,"hunger":1.0},"event_name":"Nameless Tomb","floor":12.0,"gold_loss":0.0,"cards_obtained":["theDuelist:Nameless:Power:ForbiddenLance"]},{"damage_healed":0.0,"max_hp_gain":0.0,"max_hp_loss":0.0,"gold_gain":0.0,"event_name":"Tomb of the Nameless","player_choice":"Leave","duelist":true,"floor":20.0,"gold_loss":0.0,"damage_taken":0.0},{"cards_removed":["theDuelist:LightningBlade"],"damage_healed":2.0,"max_hp_gain":10.0,"max_hp_loss":0.0,"gold_gain":0.0,"event_name":"Bonfire Elementals","player_choice":"Offered Rare","floor":21.0,"gold_loss":0.0,"damage_taken":0.0},{"damage_healed":0.0,"max_hp_gain":0.0,"max_hp_loss":0.0,"gold_gain":0.0,"event_name":"Transmorgrifier","player_choice":"Ignored","floor":31.0,"gold_loss":0.0,"damage_taken":0.0},{"cards_removed":["theDuelist:CastleWalls"],"damage_healed":0.0,"max_hp_gain":0.0,"max_hp_loss":0.0,"gold_gain":0.0,"event_name":"Falling","player_choice":"Removed Skill","floor":39.0,"gold_loss":0.0,"damage_taken":0.0},{"damage_healed":0.0,"max_hp_gain":0.0,"max_hp_loss":0.0,"gold_gain":0.0,"event_name":"Millennium Items","player_choice":"Took item - Received: Millennium Coin","duelist":true,"floor":41.0,"gold_loss":0.0,"damage_taken":0.0}],"is_beta":false,"boss_relics":[{"not_picked":["Runic Cube","Sozu"],"picked":"SlaversCollar"},{"not_picked":["SacredBark","Empty Cage"],"picked":"Mark of Pain"}],"items_purged_floors":[],"is_endless":false,"potions_floor_spawned":[1,3,19,22,29,30,33,35,42,44],"ascension_level":0}}