{"host":"6pfj0wha12yu6wq3","time":1612694058,"event":{"mods":["AchievementEnabler","BaseMod","Colored Map","Colored Powertips","Curses Come First","DeckTracker","Minty Spire (QoL Compilation)","RNG Fix","Relic Sorter","Relic Stats","StSLib","UnlockEverythingMod","ojb\u0027s Better Paths Mod","ojb\u0027s Info Mod"],"gold_per_floor":[212,212,5,5,21,21,44,82,136,159,159,192,210,253,253,351,351,367,292,342,207,207,245,245,284,307,350,362,374,407,419,431,443,443],"floor_reached":33,"language":"ENG","playtime":1734,"items_purged":["Defend_G","Strike_G"],"score":688,"play_id":"6d3a7950-6552-48ee-b8f3-0a3dab712e2f","local_time":"20210207053418","is_ascension_mode":true,"campfire_choices":[{"data":"Die Die Die","floor":6,"key":"SMITH"},{"floor":11,"key":"REST"},{"data":"Finisher","floor":15,"key":"SMITH"},{"floor":24,"key":"REST"},{"data":"Wraith Form v2","floor":28,"key":"SMITH"},{"data":"Terror","floor":32,"key":"SMITH"}],"circlet_count":0,"master_deck":["AscendersBane","Strike_G","Strike_G","Strike_G","Defend_G","Defend_G","Defend_G","Survivor","Neutralize","Dagger Spray","Die Die Die+1","Finisher+1","Corpse Explosion","Backstab","Wraith Form v2+1","Terror+1","After Image"],"relics":["Ring of the Snake","Golden Idol","Membership Card","Letter Opener","Art of War","Regal Pillow","Blood Vial","Ninja Scroll","WristBlade","Strange Spoon","Omamori","Strawberry","MawBank","Blue Candle","MutagenicStrength"],"acts_visited":["TheCity"],"potions_floor_usage":[16,23,27],"damage_taken":[{"damage":0.0,"enemies":"2 Louse","floor":1.0,"turns":3.0},{"damage":3,"enemies":"Small Slimes","floor":5,"turns":5},{"damage":0,"enemies":"Jaw Worm","floor":7,"turns":3},{"damage":15,"enemies":"3 Sentries","floor":8,"turns":6},{"damage":1,"enemies":"Exordium Wildlife","floor":10,"turns":2},{"damage":19,"enemies":"Gremlin Nob","floor":12,"turns":4},{"damage":0,"enemies":"Gremlin Gang","floor":13,"turns":1},{"damage":0,"enemies":"3 Sentries","floor":14,"turns":2},{"damage":15,"enemies":"Slime Boss","floor":16,"turns":7},{"damage":0,"enemies":"2 Thieves","floor":18,"turns":1},{"damage":35,"enemies":"Book of Stabbing","floor":23,"turns":5},{"damage":7,"enemies":"Slavers","floor":25,"turns":2},{"damage":15,"enemies":"Book of Stabbing","floor":27,"turns":5},{"damage":0,"enemies":"3 Byrds","floor":30,"turns":1},{"damage":56,"enemies":"Collector","floor":33,"turns":6}],"seed_played":"4467709115749167144","potions_obtained":[{"floor":8,"key":"SpeedPotion"},{"floor":10,"key":"LiquidBronze"},{"floor":13,"key":"AttackPotion"},{"floor":14,"key":"SkillPotion"},{"floor":25,"key":"SkillPotion"},{"floor":27,"key":"DuplicationPotion"}],"is_trial":false,"path_per_floor":["M","?","$","?","M","R","M","E","T","M","R","E","M","E","R","B",null,"M","?","?","$","?","E","R","E","T","E","R","?","M","?","R","B"],"character_chosen":"THE_SILENT","items_purchased":["Membership Card","Strange Spoon"],"campfire_rested":2,"item_purchase_floors":[3,21],"current_hp_per_floor":[59,59,59,41,38,38,38,23,23,22,55,36,38,40,40,27,52,54,54,48,48,48,15,48,50,50,37,37,37,39,39,39,0,0],"gold":443,"neow_bonus":"HUNDRED_GOLD","is_daily":false,"chose_seed":false,"campfire_upgraded":4,"win_rate":0.0,"timestamp":1612694058,"path_taken":["M","?","$","?","M","R","M","E","T","M","R","E","M","E","R","BOSS","M","?","?","$","?","E","R","E","T","E","R","?","?","?","R","BOSS"],"items_purchased_type":["Relic","Relic"],"build_version":"2020-12-22","purchased_purges":2,"victory":false,"max_hp_per_floor":[66,60,60,60,60,60,60,60,60,60,60,60,60,60,60,60,60,60,60,60,60,60,60,60,67,67,67,67,67,67,67,67,67,67],"relic_stats":{"Blood Vial":18,"Strange Spoon":[15],"Regal Pillow":30,"counters":[14,50],"Golden Idol":90,"Blue Candle":[0],"Art of War":[5],"Letter Opener":[25],"MawBank":84,"obtain_stats":[{"Regal Pillow":9,"Golden Idol":2,"Blue Candle":27,"Omamori":23,"Letter Opener":4,"MawBank":26,"Blood Vial":12,"Strange Spoon":21,"WristBlade":17,"Ninja Scroll":14,"Strawberry":25,"MutagenicStrength":31,"Art of War":8,"Membership Card":3,"Ring of the Snake":0},{"Regal Pillow":3,"Golden Idol":0,"Blue Candle":12,"Omamori":10,"Letter Opener":0,"MawBank":11,"Blood Vial":5,"Strange Spoon":9,"WristBlade":8,"Ninja Scroll":7,"Strawberry":11,"MutagenicStrength":13,"Art of War":3,"Membership Card":0,"Ring of the Snake":0},{"Regal Pillow":14,"Golden Idol":0,"Blue Candle":43,"Omamori":36,"Letter Opener":0,"MawBank":38,"Blood Vial":20,"Strange Spoon":31,"WristBlade":30,"Ninja Scroll":23,"Strawberry":38,"MutagenicStrength":44,"Art of War":14,"Membership Card":0,"Ring of the Snake":0}],"Ring of the Snake":[28]},"card_choices":[{"not_picked":["Backflip","Dodge and Roll"],"picked":"Dagger Spray","floor":1},{"not_picked":["Underhanded Strike","Deadly Poison"],"picked":"Die Die Die","floor":5},{"not_picked":["Bane","Heel Hook","Flying Knee"],"picked":"SKIP","floor":7},{"not_picked":["Poisoned Stab","Setup"],"picked":"Finisher","floor":8},{"not_picked":["Deadly Poison","Dagger Spray","Cloak And Dagger"],"picked":"SKIP","floor":10},{"not_picked":["Prepared","Riddle With Holes"],"picked":"Corpse Explosion","floor":12},{"not_picked":["Deadly Poison","Bouncing Flask"],"picked":"Backstab","floor":13},{"not_picked":["Cloak And Dagger","Riddle With Holes","Deadly Poison"],"picked":"SKIP","floor":14},{"not_picked":["Night Terror","Adrenaline"],"picked":"Wraith Form v2","floor":16},{"not_picked":["Poisoned Stab","Dodge and Roll","Reflex"],"picked":"SKIP","floor":18},{"not_picked":["Sucker Punch","Poisoned Stab","Underhanded Strike+1"],"picked":"SKIP","floor":23},{"not_picked":["Escape Plan","Crippling Poison"],"picked":"Terror","floor":25},{"not_picked":["Finisher","Infinite Blades+1","Deadly Poison"],"picked":"SKIP","floor":27},{"not_picked":["Choke","Underhanded Strike"],"picked":"After Image","floor":30}],"player_experience":655650,"relics_obtained":[{"floor":8,"key":"Art of War"},{"floor":9,"key":"Regal Pillow"},{"floor":12,"key":"Blood Vial"},{"floor":14,"key":"Ninja Scroll"},{"floor":23,"key":"Omamori"},{"floor":25,"key":"Strawberry"},{"floor":26,"key":"MawBank"},{"floor":27,"key":"Blue Candle"}],"event_choices":[{"damage_healed":0,"gold_gain":0,"player_choice":"Lose Max HP","damage_taken":0,"relics_obtained":["Golden Idol"],"max_hp_gain":0,"max_hp_loss":6,"event_name":"Golden Idol","floor":2,"gold_loss":0},{"damage_healed":0,"gold_gain":0,"player_choice":"Success","damage_taken":18,"relics_obtained":["Letter Opener"],"max_hp_gain":0,"max_hp_loss":0,"event_name":"Scrap Ooze","floor":4,"gold_loss":0},{"cards_removed":["Defend_G"],"damage_healed":0,"gold_gain":0,"player_choice":"Gave Gold","damage_taken":0,"max_hp_gain":0,"max_hp_loss":0,"event_name":"Beggar","floor":19,"gold_loss":75},{"damage_healed":0,"gold_gain":50,"player_choice":"Touch","damage_taken":6,"max_hp_gain":0,"max_hp_loss":0,"event_name":"FaceTrader","floor":20,"gold_loss":0},{"cards_removed":["Strike_G"],"damage_healed":0,"gold_gain":0,"player_choice":"Offered Basic","damage_taken":0,"max_hp_gain":0,"max_hp_loss":0,"event_name":"Bonfire Elementals","floor":22,"gold_loss":0},{"damage_healed":0,"gold_gain":0,"player_choice":"Ignored","damage_taken":0,"max_hp_gain":0,"max_hp_loss":0,"event_name":"Vampires","floor":29,"gold_loss":0},{"damage_healed":0,"gold_gain":0,"player_choice":"Inject Mutagens","damage_taken":0,"relics_obtained":["MutagenicStrength"],"max_hp_gain":0,"max_hp_loss":0,"event_name":"Drug Dealer","floor":31,"gold_loss":0}],"is_beta":false,"boss_relics":[{"not_picked":["Fusion Hammer","Runic Dome"],"picked":"WristBlade"}],"items_purged_floors":[3,21],"is_endless":false,"potions_floor_spawned":[8,10,13,14,25,27],"killed_by":"Collector","ascension_level":20}}