{"host":"9mz6x6ekz95y53i5","time":1612688053,"event":{"mods":["AchievementEnabler","BaseMod","Colored Map","Colored Powertips","Downfall","Energized Spire","Minty Spire (QoL Compilation)","Quick Restart","Reliquary","Replay The Spire","SIMod","Spicy Shops","StSLib","The Bug Knight","UnlockEverythingMod","Warlord Emblem","¡¾ÒÅÎï¿¨ÅÆ¡¿REMEMod"],"gold_per_floor":[118,43,57,76,90,90,104,104,182,182,132,132,150,168,168,265,565,585,603,208,221,221,251,264,36,60,60,60,60,3,21,21,119,119,134,149,20,20,20,20,37,37,105,151,181,203,21,38,38,38],"floor_reached":51,"language":"ZHS","playtime":2152,"items_purged":["HollowMod:QuickDashStart","Shame","HollowMod:SharpenedShadows"],"score":936,"play_id":"9791b0bb-c491-4105-9dbb-2822ef03e9e7","local_time":"20210207165413","is_ascension_mode":false,"campfire_choices":[{"data":"Blasphemy","floor":6,"key":"SMITH"},{"data":"HollowMod:VengefulVoid","floor":8,"key":"SMITH"},{"floor":10,"key":"RECALL"},{"data":"HollowMod:FocusHealStart","floor":12,"key":"SMITH"},{"data":"HollowMod:HuntersJournal","floor":15,"key":"SMITH"},{"data":"HollowMod:LordofShades","floor":29,"key":"SMITH"},{"floor":32,"key":"REST"},{"data":"HollowMod:CloakDash","floor":40,"key":"SMITH"},{"data":"HollowMod:MantisMark","floor":42,"key":"SMITH"},{"data":"HollowMod:BlackTendrils","floor":49,"key":"SMITH"}],"circlet_count":0,"master_deck":["HollowMod:NailStrikeStart","HollowMod:NailStrikeStart","HollowMod:NailStrikeStart","HollowMod:QuickDashStart","HollowMod:QuickDashStart","HollowMod:QuickDashStart","HollowMod:FocusHealStart+1","HollowMod:PogoStrike","Blasphemy+1","HollowMod:WraithStrike","HollowMod:CloakDash+1","HollowMod:MantisMark+1","HollowMod:VengefulVoid+1","HollowMod:HuntersJournal+1","HollowMod:VengefulVoid","HollowMod:ZotesMagnificence","Sickly","Delirium","HollowMod:BlackTendrils+1","HollowMod:NewLittleFool+1","HollowMod:DescendingDark+1","HollowMod:AbyssShriek","HollowMod:VengefulVoid+1","HollowMod:VengefulVoid","HollowMod:VengefulVoid","Overencumbered","Clumsy","HollowMod:InfectedCysts","HollowMod:VengefulVoid+1","HollowMod:DashSlash","GreatAndPowerful","HollowMod:DreamGate+1","HollowMod:SoulSplash+1","HollowMod:WraithStrike","Swift Strike","Amnesia","Forethought+1","HollowMod:SiblingsSouls","HollowMod:InfectedCysts","HollowMod:FallenFury+1","Panache"],"relics":["HollowMod:VesselMask","REME_ComplimentaryCards","Blue Doll","Replay:Ancient Bell","Lantern","Garlic","Old Coin","Mango","REME_IWantAll","Vajra","Enchiridion","reliquary:SharkskinSheath","Simple Rune","REME_LowDesire","HollowMod:PaleOreRelic","Bronze Scales","reliquary:BallBearing","Ring of Fury","Ornamental Fan","MawBank","Lee\u0027s Waffle"],"acts_visited":["Exordium","TheCity","TheBeyond"],"potions_floor_usage":[16,24,31,33,33,50,50],"damage_taken":[{"damage":1,"enemies":"Jaw Worm","floor":1,"turns":2},{"damage":0,"enemies":"2 Louse","floor":3,"turns":1},{"damage":0,"enemies":"Small Slimes","floor":4,"turns":1},{"damage":5,"enemies":"Looter","floor":5,"turns":2},{"damage":0,"enemies":"Exordium Thugs","floor":7,"turns":2},{"damage":1,"enemies":"Large Slime","floor":13,"turns":2},{"damage":0,"enemies":"Blue Slaver","floor":14,"turns":1},{"damage":0,"enemies":"Slime Boss","floor":16,"turns":2},{"damage":0,"enemies":"Spheric Guardian","floor":18,"turns":2},{"damage":4,"enemies":"Chosen","floor":19,"turns":2},{"damage":0,"enemies":"Shelled Parasite and Fungi","floor":21,"turns":2},{"damage":18,"enemies":"HollowMod:Nosk","floor":23,"turns":4},{"damage":9,"enemies":"Centurion and Healer","floor":24,"turns":3},{"damage":0,"enemies":"Snake Plant","floor":31,"turns":2},{"damage":54,"enemies":"Champ","floor":33,"turns":6},{"damage":3,"enemies":"3 Shapes","floor":35,"turns":1},{"damage":3,"enemies":"3 Darklings","floor":36,"turns":3},{"damage":0,"enemies":"Jaw Worm Horde","floor":41,"turns":1},{"damage":51,"enemies":"HollowMod:SlobberingHusk","floor":45,"turns":5},{"damage":0,"enemies":"Transient","floor":46,"turns":5},{"damage":4,"enemies":"4 Shapes","floor":48,"turns":2},{"damage":74,"enemies":"Donu and Deca","floor":50,"turns":5}],"seed_played":"-6529867634814493028","potions_obtained":[{"floor":4,"key":"Explosive Potion"},{"floor":5,"key":"ColorlessPotion"},{"floor":14,"key":"LiquidBronze"},{"floor":16,"key":"Languid Potion"},{"floor":24,"key":"DuplicationPotion"},{"floor":36,"key":"SpeedPotion"},{"floor":48,"key":"Fire Potion"}],"is_trial":false,"path_per_floor":["M","$","M","M","M","R","M","R","T","R","?","R","M","M","R","B",null,"M","M","$","M","?","E","M","$","T","?","?","R","$","M","R","B",null,"M","M","$","?","?","R","M","R","T","T","M","M","$","M","R","B",null],"character_chosen":"THE_BUGKNIGHT","items_purchased":["Mango","HollowMod:LordofShades","HollowMod:VengefulVoid","Simple Rune","reliquary:BallBearing","Lee\u0027s Waffle","BlessingOfTheForge"],"campfire_rested":1,"item_purchase_floors":[20,25,25,30,37,47,47],"current_hp_per_floor":[74,74,74,74,75,75,75,75,75,75,75,75,74,75,75,75,75,75,71,85,85,85,71,70,70,70,54,54,54,54,57,84,40,92,89,90,90,90,90,90,90,90,90,90,45,56,103,103,103,38],"gold":38,"neow_bonus":"RANDOM_COMMON_RELIC","is_daily":false,"chose_seed":false,"campfire_upgraded":8,"win_rate":0.0,"timestamp":1612688053,"path_taken":["M","$","M","M","M","R","M","R","T","R","?","R","M","M","R","BOSS","M","M","$","M","?","E","M","$","T","?","?","R","$","M","R","BOSS","M","M","$","?","?","R","M","R","T","?","M","M","$","M","R","BOSS"],"items_purchased_type":["Relic","Card","Card","Relic","Relic","Relic","Potion"],"build_version":"2020-12-22","purchased_purges":3,"victory":true,"max_hp_per_floor":[75,75,75,75,75,75,75,75,75,75,75,75,75,75,75,75,75,75,75,89,89,89,89,89,89,89,89,89,89,89,92,92,92,92,92,96,96,96,96,96,96,96,96,96,96,96,103,107,107,107],"card_choices":[{"not_picked":["HollowMod:TaintedHusks","HollowMod:MothsMistake"],"picked":"HollowMod:WraithStrike","floor":1},{"not_picked":["HollowMod:DesolateDive","HollowMod:PureNailStrike"],"picked":"HollowMod:CloakDash","floor":3},{"not_picked":["HollowMod:BrokenVessel","HollowMod:ShadowDash"],"picked":"HollowMod:MantisMark","floor":4},{"not_picked":["HollowMod:HowlingWraiths","HollowMod:Grubsong"],"picked":"HollowMod:VengefulVoid","floor":5},{"not_picked":["HollowMod:GoodIntentions","HollowMod:NewJinnsSoul"],"picked":"HollowMod:SharpenedShadows","floor":7},{"not_picked":["HollowMod:SoulStrike","HollowMod:SoulSplash"],"picked":"HollowMod:HuntersJournal","floor":13},{"not_picked":["HollowMod:HeavyBlow","HollowMod:QuirrelsAssistance"],"picked":"HollowMod:VengefulVoid","floor":14},{"not_picked":["HollowMod:HerrahsAnger","HollowMod:theNailsmith"],"picked":"HollowMod:ZotesMagnificence","floor":16},{"not_picked":["CurseOfTheBell","Shame"],"picked":"Sickly","floor":17},{"not_picked":["Parasite","REME_CurseOfMatryoshka"],"picked":"Delirium","floor":17},{"not_picked":["ReplayTheSpireMod:Restless Dread","Delirium"],"picked":"Shame","floor":17},{"not_picked":["HollowMod:HowlingWraiths","HollowMod:InfectedCysts"],"picked":"HollowMod:BlackTendrils","floor":18},{"not_picked":["HollowMod:DoubleDash+1","HollowMod:HowlingWraiths"],"picked":"HollowMod:NewLittleFool+1","floor":19},{"not_picked":["HollowMod:FastStrike","HollowMod:NewJinnsSoul"],"picked":"HollowMod:DescendingDark+1","floor":21},{"not_picked":["HollowMod:NewInfectedGuardian","HollowMod:InfectedCysts"],"picked":"HollowMod:AbyssShriek","floor":23},{"not_picked":["HollowMod:SoulSplash","HollowMod:InfectedAttack+1"],"picked":"HollowMod:VengefulVoid+1","floor":24},{"not_picked":["HollowMod:InfectedCysts","HollowMod:VengefulVoid+1","HollowMod:DashSlash"],"picked":"Singing Bowl","floor":31},{"not_picked":["HollowMod:HeavyBlow+1","HollowMod:SharpenedNail+1","HollowMod:HowlingWraiths"],"picked":"GreatAndPowerful","floor":35},{"not_picked":["HollowMod:DreamGate+1","HollowMod:SoulSplash+1","HollowMod:WraithStrike","Swift Strike"],"picked":"Singing Bowl","floor":36},{"not_picked":["HollowMod:Grubsong+1","HollowMod:SoulShaman","HollowMod:SiblingsSouls","REME_MagicPocketWatch"],"picked":"SKIP","floor":41},{"not_picked":["HollowMod:SharpenedNail+1","HollowMod:MonomonsArchive","HollowMod:PerfectDash+1"],"picked":"Forethought+1","floor":45},{"not_picked":["HollowMod:LifebloodCocoon+1","HollowMod:WraithStrike","HollowMod:InfectedAttack+1","REME_MawOfCthun"],"picked":"SKIP","floor":46},{"not_picked":["HollowMod:SiblingsSouls","HollowMod:InfectedCysts","HollowMod:FallenFury+1","Panache"],"picked":"Singing Bowl","floor":48}],"player_experience":265818,"relics_obtained":[{"floor":23,"key":"REME_IWantAll"},{"floor":26,"key":"Vajra"},{"floor":27,"key":"Enchiridion"},{"floor":34,"key":"HollowMod:PaleOreRelic"},{"floor":34,"key":"Bronze Scales"},{"floor":39,"key":"Ring of Fury"},{"floor":43,"key":"Ornamental Fan"},{"floor":44,"key":"MawBank"}],"event_choices":[{"cards_removed":["HollowMod:NailStrikeStart"],"damage_healed":0,"gold_gain":0,"player_choice":"Card Removal","damage_taken":0,"max_hp_gain":0,"max_hp_loss":0,"event_name":"The Cleric","floor":11,"gold_loss":50},{"damage_healed":0,"gold_gain":0,"player_choice":"Simplicity","damage_taken":0,"max_hp_gain":0,"max_hp_loss":0,"event_name":"Back to Basics","floor":22,"gold_loss":0,"cards_upgraded":["HollowMod:NailStrikeStart","HollowMod:NailStrikeStart","HollowMod:NailStrikeStart","HollowMod:QuickDashStart","HollowMod:QuickDashStart","HollowMod:QuickDashStart"]},{"damage_healed":0,"gold_gain":0,"player_choice":"Obtained Book","damage_taken":16,"max_hp_gain":0,"max_hp_loss":0,"event_name":"Cursed Tome","floor":27,"gold_loss":0},{"cards_removed":["HollowMod:LordofShades"],"damage_healed":0,"gold_gain":0,"player_choice":"Removed Power","damage_taken":0,"max_hp_gain":0,"max_hp_loss":0,"event_name":"Falling","floor":38,"gold_loss":0}],"is_beta":false,"boss_relics":[{"not_picked":["Kintsugi","energizedSpire:HugeHouse"],"picked":"Replay:Ancient Bell"},{"not_picked":["REME_HandOfSuture","Pet Ghost"],"picked":"Lantern"},{"not_picked":["Pantograph","Replay:Bottled Flurry"],"picked":"Garlic"},{"not_picked":["Ginger","Pocketwatch"],"picked":"Old Coin"},{"not_picked":["Black Star","bronze:MakeshiftBattery"],"picked":"REME_LowDesire"}],"items_purged_floors":[2,20,25],"is_endless":false,"potions_floor_spawned":[4,5,14,16,18,24,36,48],"ascension_level":0}}