{"host":"yqw1zpryoutrnocq","time":1612720640,"event":{"mods":["2.2 Compatiblity","AchievementEnabler","BaseMod","Colored Map","Custom Start","DeckTracker","Minty Spire (QoL Compilation)","StSLib","SuperFastMode"],"gold_per_floor":[114,289,364,364,0,11,11,44,93,111,126,141,141,159,159,257,257,276,52,63,63,63,88,187,187,187],"floor_reached":25,"language":"KOR","playtime":646,"items_purged":["Strike_R"],"score":320,"play_id":"8ff6547d-6d4d-46b8-bbc9-7a86149bcc27","local_time":"20210207115720","is_ascension_mode":true,"campfire_choices":[{"data":"Bash","floor":7.0,"key":"SMITH"},{"data":"Seeing Red","floor":13.0,"key":"SMITH"},{"data":"Uppercut","floor":15.0,"key":"SMITH"}],"circlet_count":0,"master_deck":["Strike_R","Strike_R","Strike_R","Strike_R","Defend_R","Defend_R","Defend_R","Defend_R+1","Bash+1","Searing Blow","Shrug It Off+1","Dropkick","Ghostly Armor","Seeing Red+1","Uppercut+1","Carnage","Reaper","Inflame","Shrug It Off","Body Slam","Writhe","Wild Strike"],"relics":["Burning Blood","Incense Burner","Champion Belt","Art of War","Orichalcum","Sozu","War Paint","Blood Vial","Kunai"],"acts_visited":["Exordium","TheCity"],"potions_floor_usage":[16,23],"damage_taken":[{"damage":11.0,"enemies":"Small Slimes","floor":1.0,"turns":5.0},{"damage":8.0,"enemies":"Jaw Worm","floor":6.0,"turns":4.0},{"damage":9.0,"enemies":"Gremlin Nob","floor":8.0,"turns":4.0},{"damage":5.0,"enemies":"2 Louse","floor":10.0,"turns":3.0},{"damage":6.0,"enemies":"Gremlin Gang","floor":11.0,"turns":3.0},{"damage":17.0,"enemies":"3 Louse","floor":12.0,"turns":4.0},{"damage":0.0,"enemies":"Blue Slaver","floor":14.0,"turns":3.0},{"damage":32,"enemies":"Hexaghost","floor":16,"turns":9},{"damage":3,"enemies":"Shell Parasite","floor":18,"turns":6},{"damage":7,"enemies":"2 Thieves","floor":20,"turns":5},{"damage":48,"enemies":"Slavers","floor":23,"turns":12},{"damage":49,"enemies":"Gremlin Leader","floor":25,"turns":3}],"seed_played":"-8072285449250061663","potions_obtained":[{"floor":1.0,"key":"Strength Potion"},{"floor":6.0,"key":"AttackPotion"},{"floor":12.0,"key":"PowerPotion"},{"floor":16,"key":"GamblersBrew"}],"is_trial":false,"path_per_floor":["M","?","?","?","$","M","R","E","T","M","M","M","R","M","R","B",null,"M","$","M","?","?","E","?","E"],"character_chosen":"IRONCLAD","items_purchased":["Champion Belt","Shrug It Off","War Paint"],"campfire_rested":0,"item_purchase_floors":[5,5,19],"current_hp_per_floor":[67,67,56,56,56,54,54,51,51,52,52,41,41,47,47,21,59,68,68,72,72,72,36,36,0,0],"gold":187,"neow_bonus":"ONE_RARE_RELIC","is_daily":false,"chose_seed":false,"campfire_upgraded":3,"win_rate":0.0,"timestamp":1612720640,"path_taken":["M","?","?","?","$","?","R","E","T","M","M","M","R","M","R","BOSS","M","$","M","?","?","E","?","E"],"items_purchased_type":["Relic","Card","Relic"],"build_version":"2020-12-22","purchased_purges":1,"victory":false,"max_hp_per_floor":[72,72,72,72,72,72,72,72,72,72,72,72,72,72,72,72,72,72,72,72,72,72,72,72,72,72],"card_choices":[{"not_picked":["Evolve","Disarm"],"picked":"Searing Blow","floor":1.0},{"not_picked":["Clothesline","Anger","Sentinel"],"picked":"SKIP","floor":6.0},{"not_picked":["Cleave","Headbutt"],"picked":"Dropkick","floor":8.0},{"not_picked":["Perfected Strike","Sword Boomerang"],"picked":"Ghostly Armor","floor":10.0},{"not_picked":["Perfected Strike","True Grit"],"picked":"Seeing Red","floor":11.0},{"not_picked":["Pommel Strike","Clothesline"],"picked":"Uppercut","floor":12.0},{"not_picked":["Body Slam","Power Through"],"picked":"Carnage","floor":14.0},{"not_picked":["Immolate","Berserk"],"picked":"Reaper","floor":16},{"not_picked":["Rupture+1","Cleave"],"picked":"Inflame","floor":18},{"not_picked":["Cleave","Iron Wave"],"picked":"Shrug It Off","floor":20},{"not_picked":["Brutality","Battle Trance"],"picked":"Wild Strike","floor":23}],"player_experience":313141,"relics_obtained":[{"floor":8.0,"key":"Art of War"},{"floor":9.0,"key":"Orichalcum"},{"floor":23,"key":"Kunai"}],"event_choices":[{"damage_healed":0.0,"max_hp_gain":0.0,"max_hp_loss":0.0,"gold_gain":175.0,"event_name":"Liars Game","player_choice":"AGREE","floor":2.0,"gold_loss":0.0,"damage_taken":0.0,"cards_obtained":["Doubt"]},{"damage_healed":0.0,"max_hp_gain":0.0,"max_hp_loss":0.0,"gold_gain":75.0,"event_name":"World of Goop","player_choice":"Gather Gold","floor":3.0,"gold_loss":0.0,"damage_taken":11.0},{"cards_removed":["Doubt"],"damage_healed":0.0,"max_hp_gain":0.0,"max_hp_loss":0.0,"gold_gain":0.0,"event_name":"Fountain of Cleansing","player_choice":"Removed Curses","floor":4.0,"gold_loss":0.0,"damage_taken":0.0},{"damage_healed":0,"gold_gain":0,"player_choice":"Read","damage_taken":0,"max_hp_gain":0,"max_hp_loss":0,"event_name":"The Library","floor":21,"gold_loss":0,"cards_obtained":["Body Slam"]},{"damage_healed":0,"gold_gain":0,"player_choice":"Opened","damage_taken":0,"relics_obtained":["Blood Vial"],"max_hp_gain":0,"max_hp_loss":0,"event_name":"The Mausoleum","floor":22,"gold_loss":0,"cards_obtained":["Writhe"]},{"damage_healed":0,"gold_gain":99,"player_choice":"Stole From Cult","damage_taken":0,"max_hp_gain":0,"max_hp_loss":0,"event_name":"Nest","floor":24,"gold_loss":0}],"is_beta":false,"boss_relics":[{"not_picked":["Runic Cube","Coffee Dripper"],"picked":"Sozu"}],"items_purged_floors":[19],"is_endless":false,"potions_floor_spawned":[1,6,12,16,18],"killed_by":"Gremlin Leader","ascension_level":9}}