{"host":"yq7vhdvcv08g2502","time":1612688223,"event":{"mods":["100% Spire Juice","BaseMod","Colored Powertips","Custom Start","Minty Spire (QoL Compilation)","Quick Restart","StSLib"],"gold_per_floor":[111,111,111,134,159,159,77,96,147,147,0,0,41,55,55,178,178,198,297,297,322,346,346,360,360,360],"floor_reached":25,"language":"ENG","playtime":1048,"items_purged":[],"score":203,"play_id":"d13ed515-9b61-4e84-80ba-314f0aa47c92","local_time":"20210207085703","is_ascension_mode":false,"campfire_choices":[{"data":"Moonworks:JonathanRush","floor":6,"key":"SMITH"},{"floor":10,"key":"REST"},{"data":"Moonworks:JonathanRush","floor":12,"key":"SMITH"},{"floor":15,"key":"REST"},{"floor":23,"key":"REST"}],"circlet_count":0,"master_deck":["Moonworks:Strike","Moonworks:Strike","Moonworks:Strike","Moonworks:Strike","Moonworks:Defend","Moonworks:Defend","Moonworks:Defend","Moonworks:Defend","Moonworks:Ambush","Moonworks:EvilSpyWorkPreparation","Moonworks:JonathanRush+1","Moonworks:AngelHand","Moonworks:ImOnFire","Moonworks:SakisCookie","Moonworks:JonathanRush+1","Moonworks:NicePresent","Moonworks:CloudOfSeagulls","Moonworks:AnotherUltimateWeapon","Moonworks:NicePresent","Moonworks:JonathanRush","Moonworks:CloudOfSeagulls+1"],"relics":["Moonworks:BrokenBomb","Moonworks:Homemark","Golden Idol","Odd Mushroom","Orichalcum","Bag of Marbles","Art of War","Philosopher\u0027s Stone"],"acts_visited":["Exordium","TheCity"],"potions_floor_usage":[13,16,22,22],"damage_taken":[{"damage":1,"enemies":"Jaw Worm","floor":1,"turns":4},{"damage":5,"enemies":"Small Slimes","floor":4,"turns":4},{"damage":0,"enemies":"Cultist","floor":5,"turns":3},{"damage":18,"enemies":"The Mushroom Lair","floor":7,"turns":4},{"damage":4,"enemies":"Looter","floor":8,"turns":3},{"damage":20,"enemies":"Lagavulin","floor":13,"turns":5},{"damage":4,"enemies":"Exordium Wildlife","floor":14,"turns":3},{"damage":7,"enemies":"Slime Boss","floor":16,"turns":7},{"damage":4,"enemies":"Shell Parasite","floor":18,"turns":4},{"damage":22,"enemies":"3 Byrds","floor":21,"turns":4},{"damage":21,"enemies":"Snecko","floor":22,"turns":6},{"damage":24,"enemies":"Cultist and Chosen","floor":24,"turns":5},{"damage":9,"enemies":"Centurion and Healer","floor":25,"turns":3}],"seed_played":"-5616753134832184066","potions_obtained":[{"floor":4,"key":"DuplicationPotion"},{"floor":5,"key":"Swift Potion"},{"floor":16,"key":"Block Potion"},{"floor":21,"key":"PowerPotion"}],"is_trial":false,"path_per_floor":["M","?","?","M","M","R","?","M","T","R","$","R","E","M","R","B",null,"M","?","?","M","M","R","M","M"],"character_chosen":"THE_STARBREAKER","items_purchased":["Bag of Marbles"],"campfire_rested":3,"item_purchase_floors":[11],"current_hp_per_floor":[59,44,60,55,55,55,37,35,35,53,53,53,35,31,49,44,60,56,56,56,34,13,31,7,0,0],"gold":360,"neow_bonus":"TRANSFORM_CARD","is_daily":false,"chose_seed":false,"campfire_upgraded":2,"win_rate":0.0,"timestamp":1612688223,"path_taken":["M","?","?","?","M","R","?","M","T","R","$","R","E","M","R","BOSS","M","?","?","M","M","R","M","M"],"items_purchased_type":["Relic"],"build_version":"2020-12-22","purchased_purges":0,"victory":false,"max_hp_per_floor":[60,60,60,60,60,60,60,60,60,60,60,60,60,60,60,60,60,60,60,60,60,60,60,60,60,60],"card_choices":[{"not_picked":["Moonworks:BigMagnum","Moonworks:CloudOfSeagulls"],"picked":"Moonworks:JonathanRush","floor":1},{"not_picked":["Moonworks:CloudOfSeagulls","Moonworks:BindingChains"],"picked":"Moonworks:AngelHand","floor":4},{"not_picked":["Moonworks:EvilSpyWorkPreparation","Moonworks:BigMagnum"],"picked":"Moonworks:ImOnFire","floor":5},{"not_picked":["Moonworks:DeployBits","Moonworks:IndiscriminateFireSupport"],"picked":"Moonworks:SakisCookie","floor":7},{"not_picked":["Moonworks:LulusLuckyEgg","Moonworks:Assault"],"picked":"Moonworks:JonathanRush","floor":8},{"not_picked":["Moonworks:ImOnFire","Moonworks:TreasureThief"],"picked":"Moonworks:NicePresent","floor":13},{"not_picked":["Moonworks:LulusLuckyEgg","Moonworks:SinkOrSwim"],"picked":"Moonworks:CloudOfSeagulls","floor":14},{"not_picked":["Moonworks:PlushieMaster","Moonworks:StarBlastingFuse"],"picked":"Moonworks:AnotherUltimateWeapon","floor":16},{"not_picked":["Moonworks:TacticalRetreat","Moonworks:LulusLuckyEgg"],"picked":"Moonworks:NicePresent","floor":18},{"not_picked":["Moonworks:DeployBits","Moonworks:FullSpeedAlicianrone","Moonworks:BigMagnum"],"picked":"SKIP","floor":21},{"not_picked":["Moonworks:SweetBattle","Moonworks:MiracleWalker","Moonworks:BeyondHell"],"picked":"SKIP","floor":22},{"not_picked":["Moonworks:IndiscriminateFireSupport+1","Moonworks:LulusLuckyEgg"],"picked":"Moonworks:CloudOfSeagulls+1","floor":24}],"player_experience":134344,"relics_obtained":[{"floor":7,"key":"Odd Mushroom"},{"floor":9,"key":"Orichalcum"},{"floor":13,"key":"Art of War"}],"event_choices":[{"damage_healed":0,"gold_gain":0,"player_choice":"Take Damage","damage_taken":15,"relics_obtained":["Golden Idol"],"max_hp_gain":0,"max_hp_loss":0,"event_name":"Golden Idol","floor":2,"gold_loss":0},{"damage_healed":16,"gold_gain":0,"player_choice":"Full Heal","damage_taken":0,"max_hp_gain":0,"max_hp_loss":0,"event_name":"Wheel of Change","floor":3,"gold_loss":0},{"damage_healed":0,"gold_gain":0,"player_choice":"Fought Mushrooms","damage_taken":0,"max_hp_gain":0,"max_hp_loss":0,"event_name":"Mushrooms","floor":7,"gold_loss":0},{"damage_healed":0,"gold_gain":99,"player_choice":"Stole From Cult","damage_taken":0,"max_hp_gain":0,"max_hp_loss":0,"event_name":"Nest","floor":19,"gold_loss":0},{"damage_healed":0,"gold_gain":0,"player_choice":"Read","damage_taken":0,"max_hp_gain":0,"max_hp_loss":0,"event_name":"The Library","floor":20,"gold_loss":0,"cards_obtained":["Moonworks:JonathanRush"]}],"is_beta":false,"boss_relics":[{"not_picked":["Runic Dome","Velvet Choker"],"picked":"Philosopher\u0027s Stone"}],"items_purged_floors":[],"is_endless":false,"potions_floor_spawned":[4,5,16,21],"killed_by":"Centurion and Healer","ascension_level":0}}