{"host":"aapp7ew3jk5k1bvd","time":1612710915,"event":{"mods":["AchievementEnabler","BaseMod","Colored Map","Minty Spire (QoL Compilation)","Permanent Neow","StSLib","SuperFastMode"],"gold_per_floor":[14,30,49,49,60,60,93,93,393,409,429,429,448,448,448,547,547,566,598,523,523,538,538,555,555,581,581,581,581,581,598,598,699,699,709,931,831,831,831,856,856,856,856,870,888,888],"floor_reached":45,"language":"KOR","playtime":874,"items_purged":["Strike_R","Power Through+1"],"score":493,"play_id":"01a8979c-d090-43a3-8aec-9c02e00baad3","local_time":"20210208001515","is_ascension_mode":false,"campfire_choices":[{"data":"Bash","floor":6.0,"key":"SMITH"},{"data":"Dropkick","floor":8.0,"key":"SMITH"},{"data":"Strike_R","floor":12.0,"key":"SMITH"},{"floor":15.0,"key":"REST"},{"floor":23.0,"key":"REST"},{"floor":25.0,"key":"REST"},{"data":"True Grit","floor":27.0,"key":"SMITH"},{"data":"Strike_R","floor":30.0,"key":"SMITH"},{"data":"Strike_R","floor":32.0,"key":"SMITH"},{"floor":41,"key":"REST"}],"circlet_count":0,"master_deck":["Strike_R+1","Bash+1","Dropkick+1","Clash+1","Dropkick+1"],"relics":["Burning Blood","StrikeDummy","Old Coin","Empty Cage","Red Mask","Gambling Chip","Tiny Chest","MutagenicStrength","Astrolabe","War Paint","Bronze Scales","Mango"],"acts_visited":["Exordium","TheCity","TheBeyond"],"potions_floor_usage":[],"damage_taken":[{"damage":5.0,"enemies":"Small Slimes","floor":1.0,"turns":3.0},{"damage":6.0,"enemies":"Jaw Worm","floor":2.0,"turns":3.0},{"damage":6.0,"enemies":"Cultist","floor":3.0,"turns":3.0},{"damage":11.0,"enemies":"3 Louse","floor":5.0,"turns":3.0},{"damage":27.0,"enemies":"Gremlin Nob","floor":7.0,"turns":4.0},{"damage":7.0,"enemies":"Looter","floor":10.0,"turns":4.0},{"damage":3.0,"enemies":"2 Fungi Beasts","floor":11.0,"turns":3.0},{"damage":10.0,"enemies":"Exordium Thugs","floor":13.0,"turns":4.0},{"damage":66.0,"enemies":"Hexaghost","floor":16.0,"turns":7.0},{"damage":23.0,"enemies":"2 Thieves","floor":18.0,"turns":4.0},{"damage":29.0,"enemies":"Masked Bandits","floor":19.0,"turns":4.0},{"damage":6.0,"enemies":"Chosen","floor":22.0,"turns":3.0},{"damage":23.0,"enemies":"3 Cultists","floor":24.0,"turns":5.0},{"damage":0.0,"enemies":"Shelled Parasite and Fungi","floor":31.0,"turns":3.0},{"damage":39.0,"enemies":"Collector","floor":33.0,"turns":5.0},{"damage":14,"enemies":"Orb Walker","floor":35,"turns":3},{"damage":0,"enemies":"Giant Head","floor":40,"turns":2},{"damage":23,"enemies":"3 Darklings","floor":44,"turns":4},{"damage":49,"enemies":"4 Shapes","floor":45,"turns":2}],"seed_played":"-2385123785325137980","potions_obtained":[{"floor":1.0,"key":"Ancient Potion"},{"floor":3.0,"key":"DistilledChaos"},{"floor":10.0,"key":"Energy Potion"},{"floor":13.0,"key":"ElixirPotion"},{"floor":16.0,"key":"BloodPotion"},{"floor":19.0,"key":"PowerPotion"},{"floor":22.0,"key":"Block Potion"},{"floor":45,"key":"SpeedPotion"}],"is_trial":false,"path_per_floor":["M","M","M","?","M","R","E","R","T","M","M","R","M","?","R","B",null,"M","?","$","?","M","R","M","R","T","R","?","?","R","M","R","B",null,"M","?","$","T","?","E","R","?","T","M","M"],"character_chosen":"IRONCLAD","items_purchased":[],"campfire_rested":4,"item_purchase_floors":[],"current_hp_per_floor":[80,80,80,80,75,75,54,54,54,53,56,56,52,52,76,16,80,63,40,40,40,56,80,63,80,80,80,80,80,80,80,80,47,80,72,72,72,72,72,78,80,80,94,77,34,34],"gold":888,"neow_bonus":"REMOVE_TWO","is_daily":false,"chose_seed":false,"campfire_upgraded":6,"win_rate":0.0,"timestamp":1612710915,"path_taken":["M","M","M","?","M","R","E","R","T","M","M","R","M","?","R","BOSS","M","?","$","?","M","R","M","R","T","R","?","?","R","M","R","BOSS","M","?","$","?","?","E","R","?","T","?","M"],"items_purchased_type":[],"build_version":"2020-12-22","purchased_purges":2,"victory":false,"max_hp_per_floor":[80,80,80,80,80,80,80,80,80,80,80,80,80,80,80,80,80,80,80,80,80,80,80,80,80,80,80,80,80,80,80,80,80,80,80,80,80,80,80,80,80,80,94,94,94,94],"card_choices":[{"not_picked":["Armaments","Heavy Blade","Rupture"],"picked":"SKIP","floor":1.0},{"not_picked":["Anger","Havoc","Fire Breathing"],"picked":"SKIP","floor":2.0},{"not_picked":["Burning Pact","Combust","Armaments"],"picked":"SKIP","floor":3.0},{"not_picked":["Heavy Blade","Entrench"],"picked":"Dropkick","floor":5.0},{"not_picked":["Corruption","Rampage","Shockwave"],"picked":"SKIP","floor":7.0},{"not_picked":["Clothesline","Body Slam","Iron Wave"],"picked":"SKIP","floor":10.0},{"not_picked":["Twin Strike","Metallicize","Seeing Red"],"picked":"SKIP","floor":11.0},{"not_picked":["Sword Boomerang","Shockwave","Warcry"],"picked":"SKIP","floor":13.0},{"not_picked":["Wild Strike+1","Iron Wave+1"],"picked":"Clash+1","floor":18.0},{"not_picked":["Intimidate+1","Flex","Shrug It Off"],"picked":"SKIP","floor":22.0},{"not_picked":["Disarm+1","Ghostly Armor","Carnage"],"picked":"SKIP","floor":24.0},{"not_picked":["Blood for Blood+1","Dark Embrace","Burning Pact"],"picked":"SKIP","floor":31.0},{"not_picked":["Feel No Pain","Sentinel","Intimidate+1"],"picked":"SKIP","floor":35},{"not_picked":["Exhume","Clash","Iron Wave+1"],"picked":"SKIP","floor":40},{"not_picked":["Exhume","Clash","Iron Wave+1"],"picked":"SKIP","floor":40},{"not_picked":["Entrench+1","Burning Pact+1","Warcry"],"picked":"SKIP","floor":44},{"not_picked":["Sword Boomerang+1","Pommel Strike","Iron Wave+1"],"picked":"SKIP","floor":45}],"player_experience":1343246,"relics_obtained":[{"floor":7.0,"key":"StrikeDummy"},{"floor":9.0,"key":"Old Coin"},{"floor":19.0,"key":"Red Mask"},{"floor":26.0,"key":"Tiny Chest"},{"floor":38,"key":"War Paint"},{"floor":40,"key":"Bronze Scales"},{"floor":43,"key":"Mango"}],"event_choices":[{"damage_healed":0.0,"max_hp_gain":0.0,"max_hp_loss":0.0,"gold_gain":0.0,"event_name":"Shining Light","player_choice":"Ignored","floor":4.0,"gold_loss":0.0,"damage_taken":0.0},{"damage_healed":0.0,"max_hp_gain":0.0,"max_hp_loss":0.0,"gold_gain":0.0,"cards_transformed":["Defend_R"],"event_name":"Transmorgrifier","player_choice":"Transformed","floor":14.0,"gold_loss":0.0,"damage_taken":0.0,"cards_obtained":["True Grit"]},{"damage_healed":0.0,"max_hp_gain":0.0,"max_hp_loss":0.0,"gold_gain":0.0,"event_name":"Masked Bandits","player_choice":"Fought Bandits","floor":19.0,"gold_loss":0.0,"damage_taken":0.0},{"damage_healed":0.0,"max_hp_gain":0.0,"max_hp_loss":0.0,"gold_gain":0.0,"event_name":"The Mausoleum","player_choice":"Opened","floor":21.0,"gold_loss":0.0,"damage_taken":0.0,"relics_obtained":["Gambling Chip"]},{"damage_healed":0.0,"max_hp_gain":0.0,"max_hp_loss":0.0,"gold_gain":0.0,"event_name":"Drug Dealer","player_choice":"Inject Mutagens","floor":28.0,"gold_loss":0.0,"damage_taken":0.0,"relics_obtained":["MutagenicStrength"]},{"damage_healed":0.0,"max_hp_gain":0.0,"max_hp_loss":0.0,"gold_gain":0.0,"event_name":"Ghosts","player_choice":"Ignored","floor":29.0,"gold_loss":0.0,"damage_taken":0.0},{"damage_healed":0,"gold_gain":222,"player_choice":"Wore Mask","damage_taken":0,"max_hp_gain":0,"max_hp_loss":0,"event_name":"Tomb of Lord Red Mask","floor":36,"gold_loss":0},{"cards_removed":["Armaments"],"damage_healed":0,"gold_gain":0,"player_choice":"Removed Skill","damage_taken":0,"max_hp_gain":0,"max_hp_loss":0,"event_name":"Falling","floor":39,"gold_loss":0},{"damage_healed":0,"gold_gain":0,"player_choice":"Ignored","damage_taken":0,"max_hp_gain":0,"max_hp_loss":0,"event_name":"Transmorgrifier","floor":42,"gold_loss":0}],"is_beta":false,"boss_relics":[{"not_picked":["Ectoplasm","Velvet Choker"],"picked":"Empty Cage"},{"not_picked":["Philosopher\u0027s Stone","Runic Dome"],"picked":"Astrolabe"}],"items_purged_floors":[20,37],"is_endless":false,"potions_floor_spawned":[1,3,10,13,16,19,22,45],"killed_by":"4 Shapes","ascension_level":0}}