{"host":"eulinuz724l58ltv","time":1612725166,"event":{"mods":["BaseMod","Colored Map","Colored Powertips","Highlight Path","Minty Spire (QoL Compilation)"],"gold_per_floor":[117,131,143,143,108,108,120,131,131,149,0,0,0,10,10,10,10],"floor_reached":16,"language":"ENG","playtime":1734,"items_purged":[],"score":108,"play_id":"20a40d09-35b6-42d1-8378-678615aeefaa","local_time":"20210207201246","is_ascension_mode":true,"campfire_choices":[{"data":"Carnage","floor":6,"key":"SMITH"},{"data":"Infernal Blade","floor":15,"key":"SMITH"}],"circlet_count":0,"master_deck":["Strike_R","Strike_R","Strike_R","Strike_R","Strike_R","Defend_R","Defend_R","Defend_R+1","Defend_R","Bash","Discovery+1","Infernal Blade+1","Carnage+1","Headbutt","Rampage","Flex","Body Slam","Sword Boomerang"],"relics":["Burning Blood","HornCleat","Dream Catcher","Singing Bowl"],"acts_visited":["Exordium"],"potions_floor_usage":[8,10,14],"damage_taken":[{"damage":5,"enemies":"2 Louse","floor":1,"turns":3},{"damage":12,"enemies":"Jaw Worm","floor":2,"turns":3},{"damage":0,"enemies":"Small Slimes","floor":3,"turns":1},{"damage":18,"enemies":"2 Fungi Beasts","floor":7,"turns":4},{"damage":1,"enemies":"3 Louse","floor":8,"turns":2},{"damage":3,"enemies":"Looter","floor":10,"turns":2},{"damage":12,"enemies":"Gremlin Gang","floor":14,"turns":4},{"damage":59,"enemies":"The Guardian","floor":16,"turns":8}],"seed_played":"3826396011937242275","potions_obtained":[{"floor":2,"key":"SteroidPotion"},{"floor":3,"key":"Energy Potion"},{"floor":8,"key":"Weak Potion"}],"is_trial":false,"path_per_floor":["M","M","M","?","?","R","M","M","T","M","$","$","?","M","R","B"],"character_chosen":"IRONCLAD","items_purchased":["Dream Catcher"],"campfire_rested":0,"item_purchase_floors":[11],"current_hp_per_floor":[80,74,80,64,80,80,68,73,73,76,76,76,64,58,58,0,0],"gold":10,"neow_bonus":"RANDOM_COLORLESS","is_daily":false,"chose_seed":false,"campfire_upgraded":2,"win_rate":0.0,"timestamp":1612725166,"path_taken":["M","M","M","?","?","R","M","M","T","M","?","$","?","M","R","BOSS"],"items_purchased_type":["Relic"],"build_version":"2020-12-22","purchased_purges":0,"victory":false,"max_hp_per_floor":[80,80,80,80,80,80,80,80,80,80,80,80,80,80,80,80,80],"card_choices":[{"not_picked":["Forethought","Good Instincts"],"picked":"Discovery","floor":0},{"not_picked":["Shrug It Off","Sword Boomerang"],"picked":"Infernal Blade","floor":1},{"not_picked":["Anger","Clash"],"picked":"Carnage","floor":2},{"not_picked":["Pommel Strike","Ghostly Armor"],"picked":"Headbutt","floor":3},{"not_picked":["Warcry","Twin Strike"],"picked":"Rampage","floor":7},{"not_picked":["Warcry","Body Slam"],"picked":"Flex","floor":8},{"not_picked":["Bloodletting","Demon Form"],"picked":"Body Slam","floor":10},{"not_picked":["Dual Wield","True Grit"],"picked":"Sword Boomerang","floor":14}],"player_experience":893047,"relics_obtained":[{"floor":9,"key":"HornCleat"}],"event_choices":[{"damage_healed":0,"gold_gain":0,"player_choice":"Entered Light","damage_taken":16,"max_hp_gain":0,"max_hp_loss":0,"event_name":"Shining Light","floor":4,"gold_loss":0,"cards_upgraded":["Discovery","Defend_R"]},{"damage_healed":20,"gold_gain":0,"player_choice":"Healed","damage_taken":0,"max_hp_gain":0,"max_hp_loss":0,"event_name":"The Cleric","floor":5,"gold_loss":35},{"damage_healed":0,"gold_gain":0,"player_choice":"Success","damage_taken":12,"relics_obtained":["Singing Bowl"],"max_hp_gain":0,"max_hp_loss":0,"event_name":"Scrap Ooze","floor":13,"gold_loss":0}],"is_beta":false,"boss_relics":[],"items_purged_floors":[],"is_endless":false,"potions_floor_spawned":[2,3,8],"killed_by":"The Guardian","ascension_level":3}}