{"host":"7jxhn92mkgyil7o5","time":1612724101,"event":{"mods":["BaseMod","Colored Map","Minty Spire (QoL Compilation)","Permanent Neow"],"gold_per_floor":[20,20,20,120,135,135,159,203,279,279,323,365,422,457,469,589,601,627,43,43,72,81,133,133,180,206,102,124,133,156,156,156],"floor_reached":31,"language":"ENG","playtime":1241,"items_purged":["Strike_P"],"score":636,"play_id":"f7ece54c-886b-4354-8c8b-d012178f033d","local_time":"20210207195501","is_ascension_mode":true,"campfire_choices":[{"data":"Ragnarok","floor":6.0,"key":"SMITH"},{"floor":10.0,"key":"REST"},{"data":"WreathOfFlame","floor":15.0,"key":"SMITH"},{"floor":24,"key":"REST"},{"floor":29,"key":"REST"}],"circlet_count":0,"master_deck":["AscendersBane","Strike_P+1","Strike_P","Strike_P","Defend_P","Defend_P+1","Defend_P","Defend_P","Eruption","Vigilance","Ragnarok+1","JustLucky","TalkToTheHand","Perseverance","LikeWater","WreathOfFlame+1","Crescendo","Swivel","ClearTheMind","Vault","Fasting2","Protect","RitualDagger","Wish","WaveOfTheHand","WreathOfFlame","Study","FearNoEvil"],"relics":["PureWater","Golden Idol","CeramicFish","MawBank","Pen Nib","Velvet Choker","Strange Spoon","Pantograph","Question Card","Bottled Flame","Matryoshka","Dream Catcher","Vajra","Ancient Tea Set"],"acts_visited":["Exordium","TheCity"],"potions_floor_usage":[21,23,30,31],"damage_taken":[{"damage":5.0,"enemies":"2 Louse","floor":1.0,"turns":3.0},{"damage":2.0,"enemies":"Small Slimes","floor":5.0,"turns":3.0},{"damage":0.0,"enemies":"Cultist","floor":7.0,"turns":2.0},{"damage":24.0,"enemies":"Gremlin Nob","floor":8.0,"turns":4.0},{"damage":14.0,"enemies":"3 Sentries","floor":11.0,"turns":4.0},{"damage":1.0,"enemies":"Lots of Slimes","floor":12.0,"turns":5.0},{"damage":0.0,"enemies":"Lagavulin","floor":13.0,"turns":4.0},{"damage":9.0,"enemies":"Exordium Thugs","floor":14.0,"turns":4.0},{"damage":7.0,"enemies":"The Guardian","floor":16.0,"turns":5.0},{"damage":3.0,"enemies":"Spheric Guardian","floor":18.0,"turns":4.0},{"damage":15,"enemies":"Shell Parasite","floor":21,"turns":2},{"damage":15,"enemies":"Book of Stabbing","floor":23,"turns":4},{"damage":35,"enemies":"Gremlin Leader","floor":25,"turns":5},{"damage":0,"enemies":"Snake Plant","floor":28,"turns":1},{"damage":14,"enemies":"Centurion and Healer","floor":30,"turns":3},{"damage":20,"enemies":"Book of Stabbing","floor":31,"turns":4}],"seed_played":"741564937595934480","potions_obtained":[{"floor":8.0,"key":"Fruit Juice"},{"floor":12.0,"key":"Fruit Juice"},{"floor":13.0,"key":"Strength Potion"},{"floor":14.0,"key":"SkillPotion"},{"floor":25,"key":"SkillPotion"},{"floor":30,"key":"BottledMiracle"}],"is_trial":false,"path_per_floor":["M","?","?","?","M","R","M","E","T","R","E","M","E","M","R","B",null,"M","$","T","M","?","E","R","E","T","?","M","R","M","E"],"character_chosen":"WATCHER","items_purchased":["Strange Spoon","Pantograph","AttackPotion","Fasting2"],"campfire_rested":3,"item_purchase_floors":[19,19,19,19],"current_hp_per_floor":[56,56,37,37,35,35,35,11,11,29,15,14,19,15,15,8,56,53,53,53,38,32,17,38,3,3,3,3,24,10,0,0],"gold":156,"neow_bonus":"THREE_RARE_CARDS","is_daily":false,"chose_seed":false,"campfire_upgraded":2,"win_rate":0.0,"timestamp":1612724101,"path_taken":["M","?","?","?","M","R","M","E","T","R","E","?","E","M","R","BOSS","M","?","?","M","?","E","R","E","T","?","?","R","M","E"],"items_purchased_type":["Relic","Relic","Potion","Card"],"build_version":"2020-12-22","purchased_purges":1,"victory":false,"max_hp_per_floor":[68,62,62,62,62,62,62,62,62,62,62,62,67,72,72,72,72,72,72,72,72,72,72,72,72,72,72,72,72,72,72,72],"card_choices":[{"not_picked":["DevaForm","DeusExMachina"],"picked":"Ragnarok","floor":0.0},{"not_picked":["Consecrate","EmptyFist"],"picked":"JustLucky","floor":1.0},{"not_picked":["ThirdEye","FlurryOfBlows"],"picked":"TalkToTheHand","floor":5.0},{"not_picked":["MentalFortress","ClearTheMind"],"picked":"Perseverance","floor":7.0},{"not_picked":["Fasting2","SandsOfTime"],"picked":"LikeWater","floor":8.0},{"not_picked":["Tantrum","BattleHymn"],"picked":"WreathOfFlame","floor":11.0},{"not_picked":["EmptyFist","Devotion"],"picked":"Crescendo","floor":12.0},{"not_picked":["EmptyBody","Wallop"],"picked":"Swivel","floor":13.0},{"not_picked":["Consecrate","BowlingBash"],"picked":"ClearTheMind","floor":14.0},{"not_picked":["SpiritShield","DeusExMachina"],"picked":"Vault","floor":16.0},{"not_picked":["Tantrum","JustLucky","Fasting2"],"picked":"SKIP","floor":18.0},{"not_picked":["FollowUp","CrushJoints","CutThroughFate+1"],"picked":"Protect","floor":21},{"not_picked":["EmptyBody+1","BowlingBash","PathToVictory"],"picked":"Wish","floor":23},{"not_picked":["FlyingSleeves","FollowUp","Consecrate"],"picked":"WaveOfTheHand","floor":25},{"not_picked":["Halt","CutThroughFate","Protect"],"picked":"WreathOfFlame","floor":28},{"not_picked":["FollowUp","SashWhip","Evaluate"],"picked":"Study","floor":29},{"not_picked":["FlyingSleeves","WreathOfFlame","CutThroughFate"],"picked":"FearNoEvil","floor":30}],"player_experience":982806,"relics_obtained":[{"floor":8.0,"key":"CeramicFish"},{"floor":11.0,"key":"MawBank"},{"floor":13.0,"key":"Pen Nib"},{"floor":20.0,"key":"Question Card"},{"floor":23,"key":"Bottled Flame"},{"floor":25,"key":"Matryoshka"},{"floor":26,"key":"Dream Catcher"},{"floor":26,"key":"Vajra"}],"event_choices":[{"damage_healed":0.0,"max_hp_gain":0.0,"max_hp_loss":6.0,"gold_gain":0.0,"event_name":"Golden Idol","player_choice":"Lose Max HP","floor":2.0,"gold_loss":0.0,"damage_taken":0.0,"relics_obtained":["Golden Idol"]},{"damage_healed":0.0,"max_hp_gain":0.0,"max_hp_loss":0.0,"gold_gain":0.0,"event_name":"Shining Light","player_choice":"Entered Light","floor":3.0,"gold_loss":0.0,"damage_taken":19.0,"cards_upgraded":["Strike_P","Defend_P"]},{"damage_healed":0.0,"max_hp_gain":0.0,"max_hp_loss":0.0,"gold_gain":100.0,"event_name":"Wheel of Change","player_choice":"Gold","floor":4.0,"gold_loss":0.0,"damage_taken":0.0},{"damage_healed":0,"gold_gain":0,"player_choice":"Joined the Cult","damage_taken":6,"max_hp_gain":0,"max_hp_loss":0,"event_name":"Nest","floor":22,"gold_loss":0,"cards_obtained":["RitualDagger"]},{"damage_healed":0,"gold_gain":0,"player_choice":"Paid Gold","damage_taken":0,"relics_obtained":["Ancient Tea Set"],"max_hp_gain":0,"max_hp_loss":0,"event_name":"WeMeetAgain","floor":27,"gold_loss":104}],"is_beta":false,"boss_relics":[{"not_picked":["SlaversCollar","Cursed Key"],"picked":"Velvet Choker"}],"items_purged_floors":[19],"is_endless":false,"potions_floor_spawned":[8,12,13,14,25,30],"killed_by":"Book of Stabbing","ascension_level":20}}