{"host":"6ve8qn5s1am4lo6s","time":1612665308,"event":{"mods":["AchievementEnabler","Act Like it!","BaseMod","Better Altar","Better Match","Better Note","Better Vampires","BetterRewards","CapriCore","Dio Mod","Displayed Cursed Tome","Evolution","Minty Spire (QoL Compilation)","Permanent Neow","Relic Stats","StSLib"],"gold_per_floor":[109,34,50,50,50,79,79,106,131,131,147,160,174,46,46,151,151,165,8,27,27,27,57,57,89,114,74,94,129,129,149,149,246,246,262,312,312,312,325,359,359,68,115,115,126,138,138,153,153,153,153,153,30,55,55],"floor_reached":56,"language":"ENG","playtime":4093,"items_purged":["dioMod:Defend","Pain"],"score":1368,"play_id":"80545296-c774-4a94-a7cc-057ac25ca586","local_time":"20210206213508","is_ascension_mode":false,"campfire_choices":[{"floor":10,"key":"RECALL"},{"floor":15,"key":"REST"},{"floor":24,"key":"REST"},{"floor":32,"key":"REST"},{"floor":41,"key":"REST"},{"floor":49,"key":"REST"},{"floor":52,"key":"REST"}],"circlet_count":0,"master_deck":["Bite","dioMod:BloodShield","dioMod:DoubleTime","dioMod:VengefulMuda","dioMod:Muda","dioMod:DaggerSpree","dioMod:VengefulMuda","dioMod:BloodSuck","dioMod:TheWalk","dioMod:MudaMudaMuda","dioMod:TheWalk","dioMod:MudaMudaMuda","dioMod:Muda","dioMod:Minions","dioMod:DaggerSpree","dioMod:Refresh","dioMod:Freeze+1","dioMod:DoubleTime+1","dioMod:DoubleTime","dioMod:DoubleTime+1","dioMod:RoadRoller","dioMod:VengefulMuda","dioMod:VengefulMuda","dioMod:ZaWarudo","dioMod:BloodSuck+1","dioMod:Muda+1","dioMod:Muda+1","dioMod:PhantomBlood","dioMod:Muda","Mayhem","dioMod:BloodSuck","dioMod:CoffinBath+1","dioMod:ComposedMuda+1","dioMod:CoffinBath","dioMod:ComboFever","dioMod:Muda","dioMod:BloodShield+1"],"relics":["EVO:Axolotl","Fusion Hammer","Boot","Smiling Mask","MealTicket","Pandora\u0027s Box","Chemical X","Nloth\u0027s Gift","WarpedTongs","PreservedInsect","Blue Candle","Vajra","Dream Catcher","Bottled Lightning","Runic Pyramid","Ginger","Nunchaku","Bag of Marbles","Peace Pipe","Letter Opener"],"acts_visited":["Exordium","TheCity","TheBeyond","TheEnding"],"potions_floor_usage":[6,8,12,55,55],"damage_taken":[{"damage":0,"enemies":"Cultist","floor":1,"turns":3},{"damage":1,"enemies":"Small Slimes","floor":3,"turns":3},{"damage":16,"enemies":"3 Sentries","floor":6,"turns":8},{"damage":22,"enemies":"Lagavulin","floor":8,"turns":6},{"damage":1,"enemies":"Jaw Worm","floor":11,"turns":2},{"damage":2,"enemies":"3 Louse","floor":12,"turns":2},{"damage":9,"enemies":"Blue Slaver","floor":13,"turns":3},{"damage":66,"enemies":"The Guardian","floor":16,"turns":7},{"damage":11,"enemies":"3 Byrds","floor":18,"turns":4},{"damage":9,"enemies":"2 Thieves","floor":20,"turns":2},{"damage":26,"enemies":"Slavers","floor":23,"turns":3},{"damage":1,"enemies":"Gremlin Leader","floor":25,"turns":2},{"damage":23,"enemies":"Snake Plant","floor":28,"turns":2},{"damage":1,"enemies":"Slavers","floor":29,"turns":1},{"damage":1,"enemies":"Snecko","floor":31,"turns":1},{"damage":32,"enemies":"Automaton","floor":33,"turns":5},{"damage":3,"enemies":"Orb Walker","floor":35,"turns":2},{"damage":1,"enemies":"Mind Bloom Boss Battle","floor":36,"turns":2},{"damage":12,"enemies":"3 Darklings","floor":39,"turns":3},{"damage":1,"enemies":"Reptomancer","floor":40,"turns":3},{"damage":1,"enemies":"Maw","floor":45,"turns":3},{"damage":0,"enemies":"Transient","floor":46,"turns":4},{"damage":12,"enemies":"4 Shapes","floor":48,"turns":2},{"damage":36,"enemies":"Awakened One","floor":50,"turns":6},{"damage":16,"enemies":"Shield and Spear","floor":54,"turns":4},{"damage":124,"enemies":"The Heart","floor":55,"turns":7}],"seed_played":"-7702198954765628630","potions_obtained":[{"floor":1,"key":"Regen Potion"},{"floor":3,"key":"Block Potion"},{"floor":8,"key":"DistilledChaos"},{"floor":12,"key":"BlessingOfTheForge"},{"floor":13,"key":"LiquidMemories"},{"floor":18,"key":"BlessingOfTheForge"}],"is_trial":false,"path_per_floor":["M","$","M","T","?","E","?","E","T","R","M","M","M","$","R","B",null,"M","$","M","?","?","E","R","E","T","?","M","E","T","M","R","B",null,"M","?","?","?","M","E","R","$","T","T","M","M","$","M","R","B",null,"R","$","E","B",null],"character_chosen":"THE_DEFAULT","items_purchased":["dioMod:VengefulMuda","dioMod:BloodSuck","Chemical X","Mayhem","dioMod:BloodSuck","dioMod:ComboFever","dioMod:Muda"],"campfire_rested":6,"item_purchase_floors":[14,14,19,42,42,53,53],"current_hp_per_floor":[75,75,75,75,60,54,51,47,47,47,50,50,45,60,75,22,75,75,75,66,66,66,50,72,75,75,75,53,52,52,51,73,41,75,75,74,74,74,75,75,75,75,75,75,75,75,75,65,75,55,75,75,75,59,9],"gold":55,"neow_bonus":"BOSS_RELIC","is_daily":false,"chose_seed":false,"campfire_upgraded":0,"win_rate":0.0,"timestamp":1612665308,"path_taken":["M","$","M","?","?","E","?","E","T","R","M","?","M","$","R","BOSS","M","$","M","?","?","E","R","E","T","?","M","E","?","M","R","BOSS","M","?","?","?","M","E","R","$","T","?","?","M","$","M","R","BOSS","R","$","E","BOSS"],"items_purchased_type":["Card","Card","Relic","Card","Card","Card","Card"],"build_version":"2020-12-22","purchased_purges":2,"victory":true,"max_hp_per_floor":[75,75,75,75,75,75,75,75,75,75,75,75,75,75,75,75,75,75,75,75,75,75,75,75,75,75,75,75,75,75,75,75,75,75,75,75,75,75,75,75,75,75,75,75,75,75,75,75,75,75,75,75,75,75,75],"relic_stats":{"counters":[26,90],"Blue Candle":[5],"PreservedInsect":211,"Ginger":[5],"Letter Opener":[15],"Boot":[21],"Smiling Mask":50,"WarpedTongs":[50],"Peace Pipe":0,"Dream Catcher":4,"Nunchaku":[10],"MealTicket":15,"Pandora\u0027s Box":["dioMod:MudaMudaMuda","dioMod:TheWalk","dioMod:MudaMudaMuda","dioMod:Muda","dioMod:Minions","dioMod:DaggerSpree","dioMod:Refresh"],"Nloth\u0027s Gift":4,"Chemical X":[55],"obtain_stats":[{"Blue Candle":25,"Vajra":26,"PreservedInsect":23,"EVO:Axolotl":0,"Ginger":36,"Letter Opener":54,"Boot":6,"Smiling Mask":7,"Ancient Tea Set":9,"WarpedTongs":22,"Peace Pipe":44,"Dream Catcher":29,"Nunchaku":40,"dioMod:VampireBlood":0,"MealTicket":8,"Pandora\u0027s Box":17,"Fusion Hammer":0,"Nloth\u0027s Gift":21,"Bag of Marbles":43,"Chemical X":19,"Bottled Lightning":30,"Runic Pyramid":34},{"Blue Candle":12,"Vajra":12,"PreservedInsect":11,"EVO:Axolotl":0,"Ginger":18,"Letter Opener":25,"Boot":3,"Smiling Mask":3,"Ancient Tea Set":4,"WarpedTongs":10,"Peace Pipe":20,"Dream Catcher":14,"Nunchaku":20,"dioMod:VampireBlood":0,"MealTicket":4,"Pandora\u0027s Box":8,"Fusion Hammer":0,"Nloth\u0027s Gift":10,"Bag of Marbles":20,"Chemical X":9,"Bottled Lightning":14,"Runic Pyramid":16},{"Blue Candle":45,"Vajra":45,"PreservedInsect":43,"EVO:Axolotl":0,"Ginger":58,"Letter Opener":83,"Boot":14,"Smiling Mask":14,"Ancient Tea Set":20,"WarpedTongs":40,"Peace Pipe":64,"Dream Catcher":48,"Nunchaku":64,"dioMod:VampireBlood":0,"MealTicket":20,"Pandora\u0027s Box":34,"Fusion Hammer":0,"Nloth\u0027s Gift":40,"Bag of Marbles":64,"Chemical X":38,"Bottled Lightning":48,"Runic Pyramid":54}]},"card_choices":[{"not_picked":["dioMod:Hiss","dioMod:StreetSign"],"picked":"dioMod:BloodShield","floor":1},{"not_picked":["dioMod:Diversion","dioMod:GoodbyeJojo"],"picked":"dioMod:DoubleTime","floor":3},{"not_picked":["dioMod:WRYYY","dioMod:TripleThreat"],"picked":"dioMod:VengefulMuda","floor":6},{"not_picked":["dioMod:DarkRebirth","dioMod:Despair"],"picked":"dioMod:Muda","floor":8},{"not_picked":["dioMod:GoodbyeJojo","dioMod:SlashThroughTime"],"picked":"dioMod:Minions","floor":11},{"not_picked":["dioMod:SecretPlan","dioMod:WRYYY","dioMod:BlendIn"],"picked":"SKIP","floor":12},{"not_picked":["dioMod:DarkRebirth","dioMod:DaggerToss"],"picked":"dioMod:DaggerSpree","floor":13},{"not_picked":["dioMod:SevenPageMuda","dioMod:UltimateSacrifice"],"picked":"dioMod:TheWalk","floor":16},{"not_picked":["dioMod:CautiousMuda+1","dioMod:StreetSign"],"picked":"dioMod:Freeze+1","floor":18},{"not_picked":["dioMod:HeavyLifting","dioMod:TripleThreat+1","dioMod:LaserVision"],"picked":"SKIP","floor":20},{"not_picked":["dioMod:CautiousMuda","dioMod:TripleThreat+1"],"picked":"dioMod:DoubleTime","floor":23},{"not_picked":["dioMod:SecretPlan","dioMod:GoodbyeJojo+1"],"picked":"dioMod:DoubleTime","floor":25},{"not_picked":["dioMod:HeavyLifting+1","dioMod:BloodSplash"],"picked":"dioMod:DoubleTime+1","floor":28},{"not_picked":["dioMod:SadisticLaugh","dioMod:BloodTransfusion+1"],"picked":"dioMod:RoadRoller","floor":29},{"not_picked":["dioMod:LaserVision","dioMod:CautiousMuda"],"picked":"dioMod:VengefulMuda","floor":31},{"not_picked":["dioMod:BlendIn","dioMod:DarkRebirth"],"picked":"dioMod:VengefulMuda","floor":32},{"not_picked":["dioMod:Despair","dioMod:MudaMudaMuda"],"picked":"dioMod:ZaWarudo","floor":33},{"not_picked":["dioMod:StreetSign+1","dioMod:Diversion"],"picked":"dioMod:BloodSuck+1","floor":35},{"not_picked":["dioMod:SevenPageMuda","dioMod:DarkRebirth"],"picked":"dioMod:Muda+1","floor":36},{"not_picked":["dioMod:CautiousMuda+1","dioMod:WRYYY"],"picked":"dioMod:Muda+1","floor":39},{"not_picked":["dioMod:Refresh","dioMod:SadisticLaugh+1"],"picked":"dioMod:PhantomBlood","floor":40},{"not_picked":["dioMod:Diversion","dioMod:ComboFever+1"],"picked":"dioMod:Muda","floor":41},{"not_picked":["dioMod:CautiousMuda","dioMod:RoadRoller"],"picked":"dioMod:CoffinBath+1","floor":45},{"not_picked":["dioMod:BlendIn+1","dioMod:TripleThreat","dioMod:Hiss"],"picked":"SKIP","floor":46},{"not_picked":["dioMod:Pluck+1","dioMod:SecretPlan+1","dioMod:StreetSign"],"picked":"SKIP","floor":48},{"not_picked":["dioMod:BloodTransfusion+1","dioMod:GoodbyeJojo"],"picked":"dioMod:ComposedMuda+1","floor":49},{"not_picked":["dioMod:Roundabout+1","dioMod:DarkRebirth+1"],"picked":"dioMod:CoffinBath","floor":52},{"not_picked":["dioMod:WRYYY","dioMod:Diversion"],"picked":"dioMod:BloodShield+1","floor":54}],"player_experience":268234,"relics_obtained":[{"floor":6,"key":"Boot"},{"floor":8,"key":"MealTicket"},{"floor":9,"key":"Ancient Tea Set"},{"floor":23,"key":"PreservedInsect"},{"floor":25,"key":"Blue Candle"},{"floor":26,"key":"Vajra"},{"floor":29,"key":"Dream Catcher"},{"floor":30,"key":"Bottled Lightning"},{"floor":36,"key":"Ginger"},{"floor":40,"key":"Nunchaku"},{"floor":43,"key":"Bag of Marbles"},{"floor":44,"key":"Peace Pipe"},{"floor":54,"key":"Letter Opener"}],"event_choices":[{"damage_healed":0,"gold_gain":0,"player_choice":"Entered Light","damage_taken":15,"max_hp_gain":0,"max_hp_loss":0,"event_name":"Shining Light","floor":5,"gold_loss":0,"cards_upgraded":["dioMod:Strike","dioMod:Strike"]},{"damage_healed":0,"gold_gain":0,"player_choice":"Success","damage_taken":3,"relics_obtained":["Smiling Mask"],"max_hp_gain":0,"max_hp_loss":0,"event_name":"Scrap Ooze","floor":7,"gold_loss":0},{"damage_healed":0,"gold_gain":0,"player_choice":"Traded Relic","damage_taken":0,"relics_obtained":["Nloth\u0027s Gift"],"max_hp_gain":0,"max_hp_loss":0,"event_name":"N\u0027loth","floor":21,"relics_lost":["Ancient Tea Set"],"gold_loss":0},{"damage_healed":0,"gold_gain":0,"player_choice":"Rummage","damage_taken":0,"relics_obtained":["WarpedTongs"],"max_hp_gain":0,"max_hp_loss":0,"event_name":"Accursed Blacksmith","floor":22,"gold_loss":0,"cards_obtained":["Pain"]},{"damage_healed":0,"gold_gain":0,"player_choice":"Upgrade","damage_taken":0,"max_hp_gain":0,"max_hp_loss":0,"event_name":"Designer","floor":27,"gold_loss":40,"cards_upgraded":["dioMod:DoubleTime"]},{"damage_healed":0,"gold_gain":0,"player_choice":"Fight","damage_taken":0,"max_hp_gain":0,"max_hp_loss":0,"event_name":"MindBloom","floor":36,"gold_loss":0},{"cards_removed":["dioMod:Minions"],"damage_healed":0,"gold_gain":0,"player_choice":"Removed Power","damage_taken":0,"max_hp_gain":0,"max_hp_loss":0,"event_name":"Falling","floor":37,"gold_loss":0},{"damage_healed":0,"gold_gain":0,"player_choice":"Memory 1","damage_taken":0,"max_hp_gain":0,"max_hp_loss":0,"event_name":"SensoryStone","floor":38,"gold_loss":0}],"is_beta":false,"boss_relics":[{"not_picked":["Calling Bell","Velvet Choker"],"picked":"Pandora\u0027s Box"},{"not_picked":["Empty Cage","Astrolabe"],"picked":"Runic Pyramid"}],"items_purged_floors":[2,42],"is_endless":false,"potions_floor_spawned":[1,3,8,12,13,18,23,25,31,33,35,39,45],"ascension_level":0}}