{"host":"gttgmv2wah99hzdm","time":1612724352,"event":{"mods":["AchievementEnabler","BaseMod","Bestiary","Block Reminder","Minty Spire (QoL Compilation)","Relic Stats","Weighted Paths","ojb\u0027s Info Mod"],"gold_per_floor":[117,117,2,12,23,49,49,63,63,63,63,63,63],"floor_reached":12,"language":"ENG","playtime":412,"items_purged":[],"score":156,"play_id":"3a78c479-5f45-443b-ba0c-e3eb4bac4abc","local_time":"20210207125912","is_ascension_mode":true,"campfire_choices":[{"data":"Accuracy","floor":7,"key":"SMITH"},{"data":"Acrobatics","floor":11,"key":"SMITH"}],"circlet_count":0,"master_deck":["AscendersBane","Strike_G","Strike_G","Strike_G","Strike_G+1","Strike_G+1","Defend_G","Defend_G","Defend_G","Defend_G","Defend_G","Survivor","Neutralize","CurseOfTheBell","Cloak And Dagger+1","Accuracy+1","Slice","Acrobatics+1","Backflip"],"relics":["Calling Bell","Regal Pillow","Ornamental Fan","Bird Faced Urn","Whetstone","Molten Egg 2"],"acts_visited":["Exordium"],"potions_floor_usage":[6,12],"damage_taken":[{"damage":4,"enemies":"Small Slimes","floor":1,"turns":5},{"damage":1,"enemies":"Cultist","floor":4,"turns":4},{"damage":3,"enemies":"2 Louse","floor":5,"turns":3},{"damage":32,"enemies":"Lagavulin","floor":6,"turns":9},{"damage":2,"enemies":"Blue Slaver","floor":8,"turns":4},{"damage":27,"enemies":"Gremlin Nob","floor":12,"turns":3}],"seed_played":"6376219321295788232","potions_obtained":[{"floor":4,"key":"SkillPotion"},{"floor":5,"key":"SpeedPotion"}],"is_trial":false,"path_per_floor":["M","?","$","M","M","E","R","M","T","$","R","E"],"character_chosen":"THE_SILENT","items_purchased":["Accuracy","Slice"],"campfire_rested":0,"item_purchase_floors":[3,3],"current_hp_per_floor":[55,55,55,56,55,25,25,25,25,25,25,0,0],"gold":63,"neow_bonus":"BOSS_RELIC","is_daily":false,"chose_seed":false,"campfire_upgraded":2,"win_rate":0.0,"timestamp":1612724352,"path_taken":["M","?","$","M","?","E","R","M","T","?","R","E"],"items_purchased_type":["Card","Card"],"build_version":"2020-12-22","purchased_purges":0,"victory":false,"max_hp_per_floor":[66,66,66,66,66,66,66,66,66,66,66,66,66],"relic_stats":{"Regal Pillow":0,"counters":[6,28],"Ornamental Fan":[48],"Bird Faced Urn":[10],"Whetstone":["Strike_G","Strike_G"],"obtain_stats":[{"Calling Bell":0,"Regal Pillow":0,"Ornamental Fan":0,"Bird Faced Urn":0,"Molten Egg 2":9,"Whetstone":6,"Ring of the Snake":0},{"Calling Bell":0,"Regal Pillow":0,"Ornamental Fan":0,"Bird Faced Urn":0,"Molten Egg 2":5,"Whetstone":4,"Ring of the Snake":0},{"Calling Bell":0,"Regal Pillow":0,"Ornamental Fan":0,"Bird Faced Urn":0,"Molten Egg 2":25,"Whetstone":21,"Ring of the Snake":0}]},"card_choices":[{"not_picked":["Underhanded Strike","PiercingWail"],"picked":"Cloak And Dagger","floor":1},{"not_picked":["Prepared","Bouncing Flask","Flying Knee"],"picked":"SKIP","floor":4},{"not_picked":["All Out Attack","Deadly Poison"],"picked":"Acrobatics","floor":5},{"not_picked":["Flying Knee","Sucker Punch"],"picked":"Backflip","floor":6},{"not_picked":["Dagger Spray","Riddle With Holes","Endless Agony"],"picked":"SKIP","floor":8}],"player_experience":1108194,"relics_obtained":[{"floor":0,"key":"Regal Pillow"},{"floor":0,"key":"Ornamental Fan"},{"floor":0,"key":"Bird Faced Urn"},{"floor":6,"key":"Whetstone"},{"floor":9,"key":"Molten Egg 2"}],"event_choices":[{"damage_healed":0,"gold_gain":0,"player_choice":"Upgraded","damage_taken":0,"max_hp_gain":0,"max_hp_loss":0,"event_name":"Upgrade Shrine","floor":2,"gold_loss":0,"cards_upgraded":["Cloak And Dagger"]}],"is_beta":false,"boss_relics":[],"items_purged_floors":[],"is_endless":false,"potions_floor_spawned":[4,5],"killed_by":"Gremlin Nob","ascension_level":20}}