{"host":"g2dipcf2fg7v2dle","time":1612670035,"event":{"mods":["AchievementEnabler","Aspiration","BaseMod","Bestiary","Better Third Choice","BetterRewards","Challenge The Spire","Colored Map","Colored Powertips","Conspire","Curses Come First","DeckTracker","GifTheSpireLib","Googly Eyes","Halation","Hubris","Infinite Spire","Minty Spire (QoL Compilation)","Relic Sorter","Relic Stats","Replay The Spire","Spicy Shops","Spire Arcade","StSLib","Stuff the Spire","SuperFastMode","The Jungle","The Servant 0.9.4","Trackpad","Waifu the Spire","[IsaacMod]????"],"gold_per_floor":[109,109,48,48,48,73,73,100,100,115,40,40,56,74,74,179,179,147,147,147,147],"floor_reached":20,"language":"ENG","playtime":873,"items_purged":["Parasite"],"score":255,"play_id":"b25780b2-b44e-4c97-aff3-2ec5a3579f84","local_time":"20210206225355","is_ascension_mode":false,"campfire_choices":[{"data":"SoulSculpture","floor":7,"key":"SMITH"},{"floor":12,"key":"RECALL"},{"data":"Revamp","floor":15,"key":"SMITH"}],"circlet_count":0,"master_deck":["Strike_S","Strike_S","Strike_S","Strike_S","Defend_S","Defend_S","Defend_S","Defend_S","KidneyShot","Exchange","BottledTime","SoulSculpture+1","SurpressingFire","Rearm","Rearm","Revamp+1","Dilation","FastForward+1"],"relics":["StuffTheSpire:OccultApparatus","HushsDoor","KeepersGift","NeowsBlessing","StuffTheSpire:HeavyRock","infinitespire:PuzzleCube","Lantern","halation:Prosthetics","MutagenicStrength"],"acts_visited":["Exordium","TheCity"],"potions_floor_usage":[16,16,18],"damage_taken":[{"damage":0,"enemies":"Small Slimes","floor":1,"turns":1},{"damage":0,"enemies":"Gremlin Nob","floor":6,"turns":1},{"damage":0,"enemies":"Lagavulin","floor":8,"turns":1},{"damage":0,"enemies":"2 Louse","floor":10,"turns":2},{"damage":0,"enemies":"conspire:RoseBush","floor":13,"turns":4},{"damage":2,"enemies":"Looter","floor":14,"turns":3},{"damage":33,"enemies":"Hexaghost","floor":16,"turns":16},{"damage":25,"enemies":"2 Thieves","floor":18,"turns":5},{"damage":7,"enemies":"conspire:FuzzyDice","floor":20,"turns":2}],"seed_played":"7717685119342630024","potions_obtained":[{"floor":1,"key":"FearPotion"},{"floor":6,"key":"SpeedPotion"},{"floor":13,"key":"Doom Potion"}],"is_trial":false,"path_per_floor":["M","?","$","?","?","E","R","E","T","M","$","R","M","M","R","B",null,"M","?","M"],"character_chosen":"THE_SERVANT","items_purchased":["StuffTheSpire:HeavyRock"],"campfire_rested":0,"item_purchase_floors":[3],"current_hp_per_floor":[65,65,65,65,65,65,65,65,65,65,62,62,62,60,60,27,27,2,2,0,0],"gold":147,"neow_bonus":"THREE_ENEMY_KILL","is_daily":false,"chose_seed":false,"campfire_upgraded":2,"win_rate":0.0,"timestamp":1612670035,"path_taken":["M","?","$","?","?","E","R","E","T","M","$","R","?","M","R","BOSS","M","?","M"],"items_purchased_type":["Relic"],"build_version":"2020-12-22","purchased_purges":1,"victory":false,"max_hp_per_floor":[65,65,65,65,65,65,65,65,65,65,62,62,62,62,62,62,27,27,27,27,27],"relic_stats":{"counters":[9,34],"obtain_stats":[{"KeepersGift":0,"StuffTheSpire:OccultApparatus":4,"Lantern":8,"NeowsBlessing":0,"StuffTheSpire:HeavyRock":3,"MutagenicStrength":19,"Uniform":0,"halation:Prosthetics":17,"HushsDoor":0,"infinitespire:PuzzleCube":6},{"KeepersGift":0,"StuffTheSpire:OccultApparatus":1,"Lantern":3,"NeowsBlessing":0,"StuffTheSpire:HeavyRock":1,"MutagenicStrength":8,"Uniform":0,"halation:Prosthetics":7,"HushsDoor":0,"infinitespire:PuzzleCube":2},{"KeepersGift":0,"StuffTheSpire:OccultApparatus":1,"Lantern":3,"NeowsBlessing":0,"StuffTheSpire:HeavyRock":1,"MutagenicStrength":32,"Uniform":0,"halation:Prosthetics":27,"HushsDoor":0,"infinitespire:PuzzleCube":2}]},"card_choices":[{"not_picked":["Defy","Bomb"],"picked":"BottledTime","floor":1},{"not_picked":["Rewind","SpecialFormula"],"picked":"SoulSculpture","floor":6},{"not_picked":["Revamp","Rewind"],"picked":"SurpressingFire","floor":8},{"not_picked":["Replace","Defy"],"picked":"Rearm","floor":10},{"not_picked":["StarChef","Hightail"],"picked":"Rearm","floor":13},{"not_picked":["Misdirection","Defy"],"picked":"Revamp","floor":14},{"not_picked":["Deny","ForgedInTime"],"picked":"Dilation","floor":16},{"not_picked":["Unruled+1","Alleviate"],"picked":"FastForward+1","floor":18}],"player_experience":188535,"relics_obtained":[{"floor":6,"key":"infinitespire:PuzzleCube"},{"floor":8,"key":"Lantern"}],"event_choices":[{"damage_healed":0,"gold_gain":0,"player_choice":"Ignored","damage_taken":0,"max_hp_gain":0,"max_hp_loss":0,"event_name":"Golden Wing","floor":2,"gold_loss":0},{"damage_healed":0,"gold_gain":0,"player_choice":"Inject Mutagens","damage_taken":0,"relics_obtained":["MutagenicStrength"],"max_hp_gain":0,"max_hp_loss":0,"event_name":"Drug Dealer","floor":19,"gold_loss":0}],"is_beta":false,"boss_relics":[{"not_picked":["hubris:ScarierMask","halation:Yufonium"],"picked":"halation:Prosthetics"},{"not_picked":[]}],"items_purged_floors":[11],"is_endless":false,"potions_floor_spawned":[1,6,13],"killed_by":"conspire:FuzzyDice","ascension_level":0}}