{"host":"fdip6nj211smoxvi","time":1612717666,"event":{"mods":["BaseMod","BetterRewards","Colored Map","Downfall","Hermit","Minty Spire (QoL Compilation)","Shop Mod","StSLib","The Hierophant","The Servant 0.9.4"],"gold_per_floor":[114,134,153,153,165,165,196,196,272,272,290,290,301,326,326,326,326],"floor_reached":16,"language":"DEU","playtime":615,"items_purged":[],"score":133,"play_id":"d4323781-5b10-4e92-ba05-40713a0e4447","local_time":"20210207180746","is_ascension_mode":true,"campfire_choices":[{"data":"Bash","floor":6,"key":"SMITH"},{"floor":8,"key":"REST"},{"floor":10,"key":"DIG"},{"floor":15,"key":"REST"}],"circlet_count":0,"master_deck":["Strike_R","Strike_R+1","Strike_R","Strike_R","Strike_R","Defend_R","Defend_R","Defend_R","Defend_R","Bash+1","Flex+1","Heavy Blade","Iron Wave","Demon Form"],"relics":["Busted Crown","Blue Candle","Shovel","Self Forming Clay","Happy Flower","Potion Belt"],"acts_visited":["Exordium"],"potions_floor_usage":[13,16],"damage_taken":[{"damage":0,"enemies":"Cultist","floor":1,"turns":2},{"damage":2,"enemies":"Jaw Worm","floor":2,"turns":3},{"damage":0,"enemies":"Small Slimes","floor":3,"turns":3},{"damage":7,"enemies":"Looter","floor":5,"turns":3},{"damage":35,"enemies":"3 Sentries","floor":7,"turns":10},{"damage":2,"enemies":"2 Fungi Beasts","floor":11,"turns":3},{"damage":0,"enemies":"Large Slime","floor":13,"turns":2},{"damage":53,"enemies":"The Guardian","floor":16,"turns":5}],"seed_played":"3241252896362656265","potions_obtained":[{"floor":2,"key":"SteroidPotion"},{"floor":5,"key":"Dexterity Potion"},{"floor":7,"key":"SpeedPotion"},{"floor":11,"key":"Fire Potion"}],"is_trial":false,"path_per_floor":["M","M","M","?","M","R","E","R","T","R","M","?","M","T","R","B"],"character_chosen":"IRONCLAD","items_purchased":[],"campfire_rested":2,"item_purchase_floors":[],"current_hp_per_floor":[72,70,70,65,58,58,23,47,47,47,45,29,29,29,53,0,0],"gold":326,"neow_bonus":"BOSS_RELIC","is_daily":false,"chose_seed":false,"campfire_upgraded":1,"win_rate":0.0,"timestamp":1612717666,"path_taken":["M","?","?","?","M","R","E","R","T","R","M","?","M","?","R","BOSS"],"items_purchased_type":[],"build_version":"2020-12-22","purchased_purges":0,"victory":false,"max_hp_per_floor":[80,80,80,80,80,80,80,80,80,80,80,80,80,80,80,80,80],"card_choices":[{"not_picked":[],"picked":"Flex","floor":1},{"not_picked":[],"picked":"Heavy Blade","floor":2},{"not_picked":["Twin Strike"],"picked":"SKIP","floor":3},{"not_picked":["Evolve"],"picked":"SKIP","floor":5},{"not_picked":[],"picked":"Iron Wave","floor":7},{"not_picked":[],"picked":"Demon Form","floor":11},{"not_picked":["Body Slam"],"picked":"SKIP","floor":13}],"player_experience":249707,"relics_obtained":[{"floor":7,"key":"Shovel"},{"floor":9,"key":"Self Forming Clay"},{"floor":10,"key":"Happy Flower"},{"floor":14,"key":"Potion Belt"}],"event_choices":[{"damage_healed":0,"gold_gain":0,"player_choice":"Entered Light","damage_taken":16,"max_hp_gain":0,"max_hp_loss":0,"event_name":"Shining Light","floor":12,"gold_loss":0,"cards_upgraded":["Strike_R","Flex"]}],"is_beta":false,"boss_relics":[],"items_purged_floors":[],"is_endless":false,"potions_floor_spawned":[2,5,7,11],"killed_by":"The Guardian","ascension_level":6}}