{"host":"unahupgi85cj6bxp","time":1612677392,"event":{"mods":["Act Like it!","Aspiration","BaseMod","Card Forge","Conspire","Downfall","Energized Spire","Hubris","Infinite Spire","Minty Spire (QoL Compilation)","Replay The Spire","StSLib"],"gold_per_floor":[349,367,367,367,467,533,533,9,36,36,86,111,161,172,192,295,295,95,114,164,260,276,176,199,249,574,608,626,653,671,731,744,842,842,842,856,906,906,1056,1122,1122,1150,1163,1163,462,481,531,581,603,699,699,699,710,760,660,745,755,803,814,830,40,85,135,168,212,253,385,385,385,443,493,616,516,80,80,80,80,80,80,80,30,30,30,30,30,30,30,30,30,30,30,30,30,30,30,30,30,30,30,30,30,30,30,30,30,30,30,30,30,30,30,30,30,4,4,4,4,4,4,4,4,4,4,4],"floor_reached":122,"language":"ENG","playtime":9391,"items_purged":["Clumsy"],"score":3261,"play_id":"d804cf02-e554-47d1-83e1-dfcdc92fc0da","local_time":"20210206215632","is_ascension_mode":false,"campfire_choices":[{"floor":1.0,"key":"RECALL"},{"floor":10.0,"key":"REST"},{"data":"bronze:ShipIt","floor":18.0,"key":"SMITH"},{"data":"bronze:Return","floor":23.0,"key":"SMITH"},{"data":"bronze:AlphaBuild","floor":35.0,"key":"SMITH"},{"floor":44.0,"key":"REST"},{"data":"bronze:Verify","floor":52,"key":"SMITH"},{"data":"ReplayTheSpireMod:Book of Names","floor":69,"key":"SMITH"},{"data":"Coolheaded","floor":81,"key":"SMITH"},{"floor":86,"key":"DIG"},{"data":"Turbo","floor":94,"key":"SMITH"},{"data":"Crow Ritual","floor":103,"key":"SMITH"},{"data":"bronze:Turbo","floor":108,"key":"SMITH"},{"data":"bronze:Explode","floor":113,"key":"SMITH"},{"data":"Hyperbeam","floor":120,"key":"SMITH"}],"circlet_count":2,"master_deck":["bronze:Strike+1","bronze:Strike+1","bronze:Strike+1","bronze:Strike+1","bronze:Defend+1","bronze:Defend+1","bronze:Defend+1","bronze:Defend+1","bronze:Replicate+1","bronze:Goto+1","bronze:Separator+1","ReplayTheSpireMod:Book of Names+1","bronze:WildBeam+1","bronze:WhirlingStrike+1","bronze:Flail+1","bronze:Constructor+1","bronze:Terminator+1","bronze:Branch+1","bronze:Branch+1","bronze:BronzeArmor+1","bronze:FollowUp+1","bronze:ShipIt+1","bronze:CutThrough+1","bronze:Return+1","Slimebound:CheckThePlaybook+1","hubris:InfiniteBlow+738","bronze:Safeguard+1","bronze:DarkDash+1","bronze:Separator+1","bronze:DelayedSlice+1","bronze:Break+1","bronze:DelayedGuard+1","bronze:AlphaBuild+1","bronze:Overload+1","Pot Of Greed+1","Pot Of Greed+1","Pot Of Greed+1","Pot Of Greed+1","infinitespire:DeathsTouch+1","infinitespire:Oblivion+1","hubris:InfiniteBlow+733","infinitespire:UltimateForm+1","bronze:Overheat+1","bronze:RecursiveStrike+1","bronze:DelayedGuard+1","bronze:RecursiveStrike+1","bronze:FineTuning+1","bronze:WildBeam+1","bronze:Invalidate+1","bronze:MaxOutput+1","expansioncontent:StudyTheSpire+1","Pot Of Greed+1","Blind+1","bronze:BronzeOrb+1","bronze:BronzeOrb+1","Panache+1","Midas Touch+1","hubris:EnhanceAbility+1","bronze:Iterate+1","bronze:Invalidate+1","bronze:Verify+1","bronze:FineTuning+1","bronze:BronzeOrb+1","bronze:Overheat+1","bronze:BuggyMess+1","bronze:Iterate+1","expansioncontent:YouAreMine+1","bronze:Branch+1","bronze:Branch+1","bronze:OilSpill+1","bronze:Turbo+1","bronze:MaxOutput+1","Pot Of Greed+1","bronze:WildBeam+1","downfall:Malfunctioning","bronze:DelayedGuard+1","bronze:WhirlingStrike+1","bronze:SpaghettiCode+1","bronze:BurnOut+1","ReplayTheSpireMod:Book of Names+1","bronze:Branch+1","Turbo+1","bronze:FineTuning+1","Ghostly","downfall:Icky","expansioncontent:DashGenerateEvil","Crow Ritual+1","Dark Shackles","conspire:Banana","hexamod:FirstSeal","bronze:Separator","bronze:Iterate","Coolheaded+1","bronze:Flail","Hyperbeam","Regret","ReplayGash+1","Consecrate","Turbo+1","bronze:OilSpill+1","Beam Cell","Rip and Tear","Electrodynamics","Ball Lightning","Aggregate+1","Creative AI+1","CurseOfTheBell","CarveReality","bronze:Spike","bronze:DazingPulse","bronze:Explode+1","bronze:Turbo+1","bronze:ItsAFeature+1","WheelKick+1","ReplaySort","bronze:DelayedGuard","bronze:DelayedSlice","downfall:Malfunctioning","Cold Snap","bronze:Turbo","Hyperbeam+1"],"relics":["Guardian:BottledAnomaly","Ectoplasm","Runic Capacitor","Snake Skull","conspire:RoyalGoblet","Slimebound:PreparedRelic","Mark of Pain","Replay:Frozen Program","Replay:Rubber Ducky","ReplayTheSpireMod:CursedCoin","bronze:MakeshiftBattery","StrikeDummy","downfall:KnowingSkull","hubris:Icosahedron","Ring of the Snake","TheAbacus","Replay:Grab Bag","InkBottle","Snecko Heart","conspire:TopHat","m_BronzeBlood","champ:BerserkersGuideToSlaughter","Incense Burner","Ornamental Fan","Slimebound:GreedOozeRelic","Guide Book","aspiration:DefectSkillbook","Nilry\u0027s Codex","hubris:BottledRain","m_DevilBlood","Seething Fire","Whetstone","hubris:BallOfYels","champ:SignatureFinisher","ReplayTheSpireMod:ShopPack","Ring of Misfortune","NeowsBlessing","Nunchaku","hubris:Towel","hubris:DeckOfHolding","Bottled Tornado","MutagenicStrength","Calipers","champ:DuelingGlove","infinitespire:Chaos","Circlet","Replay:Wanted Poster","Philosopher\u0027s Stone","Replay:Drink Me","aspiration:WatcherSkillbook","Shuriken","Gremlin Horn","aspiration:FutureDiary","Potion Belt","Calling Bell","ReplayTheSpireMod:TigerMarble","infinitespire:BottledMercury","Replay:Kaleidoscope","Replay:Bronze Core"],"acts_visited":["Exordium","TheCity","TheBeyond","TheCity","TheBeyond","Exordium","TheCity"],"potions_floor_usage":[67,76,92,93,96,101,101,101,118,118,118],"damage_taken":[{"damage":1.0,"enemies":"Cultist","floor":2.0,"turns":4.0},{"damage":13.0,"enemies":"downfall:FaceTrader","floor":5.0,"turns":8.0},{"damage":0.0,"enemies":"2 Louse","floor":6.0,"turns":2.0},{"damage":10.0,"enemies":"downfall:FleeingMerchant","floor":8.0,"turns":4.0},{"damage":12.0,"enemies":"3 Sentries","floor":9.0,"turns":6.0},{"damage":0.0,"enemies":"Gremlin Nob","floor":12.0,"turns":3.0},{"damage":0.0,"enemies":"Small Slimes","floor":14.0,"turns":3.0},{"damage":0.0,"enemies":"Blue Slaver","floor":15.0,"turns":3.0},{"damage":22.0,"enemies":"WA_ARCHETYPE_RETAIN","floor":16.0,"turns":4.0},{"damage":0.0,"enemies":"Shell Parasite","floor":19.0,"turns":2.0},{"damage":0.0,"enemies":"3 Byrds","floor":22.0,"turns":3.0},{"damage":53.0,"enemies":"Nightmare","floor":27.0,"turns":6.0},{"damage":13.0,"enemies":"Snake Plant","floor":28.0,"turns":2.0},{"damage":0.0,"enemies":"Gremlin Leader","floor":29.0,"turns":1.0},{"damage":0.0,"enemies":"Sentry and Sphere","floor":30.0,"turns":3.0},{"damage":0.0,"enemies":"Centurion and Healer","floor":31.0,"turns":2.0},{"damage":0.0,"enemies":"Cultist and Chosen","floor":32.0,"turns":2.0},{"damage":12.0,"enemies":"SI_MIRROR_ARCHETYPE","floor":33.0,"turns":3.0},{"damage":4.0,"enemies":"Orb Walker","floor":36.0,"turns":3.0},{"damage":0.0,"enemies":"Orb Walker","floor":39.0,"turns":1.0},{"damage":7.0,"enemies":"3 Shapes","floor":40.0,"turns":3.0},{"damage":54.0,"enemies":"Nightmare","floor":42.0,"turns":5.0},{"damage":0.0,"enemies":"Sphere and 2 Shapes","floor":43.0,"turns":3.0},{"damage":26.0,"enemies":"downfall:FleeingMerchant","floor":45.0,"turns":3.0},{"damage":0.0,"enemies":"Spire Growth","floor":46.0,"turns":2.0},{"damage":0.0,"enemies":"Transient","floor":49.0,"turns":4.0},{"damage":5.0,"enemies":"DF_ARCHETYPE_ORBS","floor":50.0,"turns":2.0},{"damage":0,"enemies":"Small Slimes","floor":53,"turns":1},{"damage":0,"enemies":"3 Sentries","floor":56,"turns":1},{"damage":0,"enemies":"2 Louse","floor":57,"turns":1},{"damage":0,"enemies":"Cultist","floor":59,"turns":1},{"damage":0,"enemies":"2 Fungi Beasts","floor":60,"turns":1},{"damage":0,"enemies":"Exordium Thugs","floor":62,"turns":1},{"damage":0,"enemies":"Red Slaver","floor":64,"turns":1},{"damage":0,"enemies":"3 Louse","floor":65,"turns":1},{"damage":0,"enemies":"Blue Slaver","floor":66,"turns":1},{"damage":0,"enemies":"Slime Boss","floor":67,"turns":1},{"damage":0,"enemies":"conspire:FuzzyDice","floor":70,"turns":2},{"damage":0,"enemies":"Slavers","floor":72,"turns":1},{"damage":0,"enemies":"Gremlin Leader","floor":75,"turns":1},{"damage":0,"enemies":"3 Byrds","floor":76,"turns":1},{"damage":0,"enemies":"conspire:HollyBat","floor":78,"turns":12},{"damage":0,"enemies":"Centurion and Healer","floor":79,"turns":1},{"damage":0,"enemies":"3 Cultists","floor":83,"turns":1},{"damage":0,"enemies":"Collector","floor":84,"turns":3},{"damage":2,"enemies":"3 Darklings","floor":88,"turns":1},{"damage":0,"enemies":"Orb Walker","floor":91,"turns":2},{"damage":0,"enemies":"R_Hoarder","floor":92,"turns":3},{"damage":0,"enemies":"Transient","floor":93,"turns":3},{"damage":0,"enemies":"Spire Growth","floor":95,"turns":2},{"damage":0,"enemies":"Reptomancer","floor":96,"turns":1},{"damage":0,"enemies":"downfall:LadyInBlue","floor":98,"turns":1},{"damage":0,"enemies":"Giant Head","floor":99,"turns":2},{"damage":0,"enemies":"Writhing Mass","floor":100,"turns":2},{"damage":0,"enemies":"conspire:OrnateMirror","floor":101,"turns":3},{"damage":0,"enemies":"conspire:RoseBush","floor":104,"turns":1},{"damage":0,"enemies":"conspire:RoseBush","floor":106,"turns":1},{"damage":0,"enemies":"Replay:BlueRogue","floor":109,"turns":1},{"damage":0,"enemies":"Jaw Worm","floor":110,"turns":1},{"damage":0,"enemies":"Small Slimes","floor":111,"turns":1},{"damage":0,"enemies":"Gremlin Nob","floor":112,"turns":1},{"damage":0,"enemies":"Blue Slaver","floor":116,"turns":1},{"damage":0,"enemies":"3 Louse","floor":117,"turns":2},{"damage":0,"enemies":"Fading Forest","floor":118,"turns":3},{"damage":0,"enemies":"Chosen","floor":122,"turns":1}],"seed_played":"-1936352958481019104","potions_obtained":[{"floor":6.0,"key":"SneckoOil"},{"floor":15.0,"key":"DuplicationPotion"},{"floor":16.0,"key":"Strength Potion"},{"floor":22.0,"key":"Reflective Coating"},{"floor":29.0,"key":"ColorlessPotion"},{"floor":32.0,"key":"Weak Potion"},{"floor":33.0,"key":"Fruit Juice"},{"floor":36.0,"key":"Elixir"},{"floor":39.0,"key":"hexamod:SoulburnPotion"},{"floor":56,"key":"Venom Potion"},{"floor":62,"key":"Swift Potion"},{"floor":67,"key":"champ:CounterPotion"},{"floor":70,"key":"Fire Potion"},{"floor":75,"key":"Venom Potion"},{"floor":78,"key":"DuplicationPotion"},{"floor":79,"key":"Adrenaline Potion"},{"floor":92,"key":"SkillPotion"},{"floor":93,"key":"Energy Potion"},{"floor":98,"key":"SteroidPotion"},{"floor":98,"key":"GamblersBrew"},{"floor":98,"key":"champ:CounterPotion"},{"floor":106,"key":"BlessingOfTheForge"},{"floor":109,"key":"FearPotion"},{"floor":112,"key":"Swift Potion"},{"floor":116,"key":"Strength Potion"},{"floor":121,"key":"downfall:CursedFountainPotion"}],"is_trial":false,"path_per_floor":["R","M","?","?","?","M","T","$","E","R","?","E","T","M","M","B",null,"R","M","?","T","M","R","T","?","?","NM","M","E","M","M","M","B",null,"R","M","T","AVR","?","M","T","NM","M","R","?","M","T","?","M","B",null,"R","M","?","?","E","M","T","M","M","$","M","?","M","M","M","B",null,"R","M","?","E","?","$","E","M","M","M","M","?","R","?","M","B",null,"R","?","M","AVR","$","M","E","M","R","M","E","?","?","E","M","B",null,"R","M","?","?","?","R","E","M","M","E","R","$","?","M","M","B",null,"R","?","M"],"character_chosen":"THE_AUTOMATON","items_purchased":["Tiny Chest","infinitespire:PuzzleCube","hubris:HerbalPaste","bronze:Terminator","PreservedInsect","ReplayTheSpireMod:ShopPack","bronze:SilverBullet","bronze:FineTuning","bronze:WildBeam","bronze:Invalidate","bronze:MaxOutput","expansioncontent:StudyTheSpire","Blind","bronze:BronzeOrb","Replay:Bandana","Chemical X","Mercury Hourglass","expansioncontent:YouAreMine","bronze:Branch","bronze:OilSpill","bronze:Turbo","bronze:MaxOutput","Pet Ghost","infinitespire:Chaos","expansioncontent:DashGenerateEvil","bronze:DelayedSlice"],"campfire_rested":2,"item_purchase_floors":[8,8,8,8,45,45,45,45,45,45,45,45,45,45,61,61,61,61,61,61,61,61,74,74,74,114],"current_hp_per_floor":[70,69,69,69,56,57,57,48,43,64,64,70,70,75,76,58,77,77,78,78,78,79,89,89,89,89,38,29,30,36,40,44,38,96,96,97,97,97,98,97,97,47,55,85,67,73,73,73,82,100,105,105,106,106,116,117,118,118,119,120,120,121,121,122,123,124,125,125,125,126,126,127,127,127,127,127,127,128,128,128,128,128,128,129,97,97,97,97,97,97,97,97,98,98,99,99,99,99,99,100,100,100,100,100,100,100,100,100,100,100,100,100,100,100,100,100,100,101,101,101,101,101,101,101],"gold":4,"neow_bonus":"TWO_FIFTY_GOLD","is_daily":false,"chose_seed":false,"campfire_upgraded":11,"win_rate":0.0,"timestamp":1612677392,"path_taken":["R","M","?","?","?","?","T","$","E","R","?","E","?","M","M","BOSS","R","M","?","?","M","R","T","?","?","NM","M","E","M","?","M","BOSS","R","M","?","AVR","?","?","T","NM","M","R","?","M","?","?","M","BOSS","R","M","?","?","?","M","T","M","M","?","M","?","M","M","M","BOSS","R","M","?","?","?","?","E","?","M","M","M","?","R","?","M","BOSS","R","?","M","AVR","?","M","E","?","R","M","E","?","?","E","M","BOSS","R","M","?","?","?","R","E","?","M","E","R","?","?","M","M","BOSS","R","?","?"],"items_purchased_type":["Relic","Relic","Relic","Card","Relic","Relic","Relic","Card","Card","Card","Card","Card","Card","Card","Relic","Relic","Relic","Card","Card","Card","Card","Card","Relic","Relic","Card","Card"],"build_version":"2020-12-22","purchased_purges":1,"victory":false,"max_hp_per_floor":[70,70,70,70,70,71,71,72,73,73,73,74,74,75,76,77,77,77,78,78,78,79,89,89,89,89,90,91,92,93,94,95,96,96,96,97,97,97,98,99,99,100,101,101,102,103,103,103,104,105,105,105,106,106,116,117,118,118,119,120,120,121,121,122,123,124,125,125,125,126,126,127,127,127,127,127,127,128,128,128,128,128,128,129,97,97,97,97,97,97,97,97,98,98,99,99,99,99,99,100,100,100,100,100,100,100,100,100,100,100,100,100,100,100,100,100,100,101,101,101,101,101,101,101],"card_choices":[{"not_picked":["bronze:Terminator","bronze:Branch"],"picked":"bronze:Separator","floor":2.0},{"not_picked":["infinitespire:NeuralNetwork","infinitespire:SevenWalls"],"picked":"ReplayTheSpireMod:Book of Names","floor":3.0},{"not_picked":["bronze:Repair","bronze:BugBarrage"],"picked":"bronze:WhirlingStrike","floor":5.0},{"not_picked":["bronze:Shield","bronze:Invalidate"],"picked":"bronze:Flail","floor":6.0},{"not_picked":["bronze:HyperBeam","bronze:Turbo"],"picked":"bronze:Constructor","floor":8.0},{"not_picked":["bronze:CloningBeam","bronze:Break"],"picked":"bronze:Branch","floor":9.0},{"not_picked":["bronze:Overload","bronze:Return"],"picked":"bronze:Branch","floor":12.0},{"not_picked":["bronze:Invalidate","bronze:Iterate"],"picked":"bronze:BronzeArmor","floor":14.0},{"not_picked":["bronze:Frontload","bronze:DigitalCarnage"],"picked":"bronze:FollowUp","floor":15.0},{"not_picked":["bronze:FindAndReplace","bronze:Virus"],"picked":"bronze:ShipIt","floor":16.0},{"not_picked":["bronze:Backtrace","bronze:Shell"],"picked":"bronze:CutThrough+1","floor":19.0},{"not_picked":["bronze:Constructor","bronze:Deprecate"],"picked":"bronze:Return","floor":22.0},{"not_picked":["ReplayTheSpireMod:Book of Names","hubris:Fate"],"picked":"hubris:InfiniteBlow+361","floor":27.0},{"not_picked":["bronze:DigitalCarnage","bronze:WildBeam"],"picked":"bronze:Safeguard","floor":27.0},{"not_picked":["bronze:Flail","bronze:ForLoop"],"picked":"bronze:DarkDash","floor":28.0},{"not_picked":["bronze:Turbo","bronze:DelayedSlice"],"picked":"bronze:Separator+1","floor":29.0},{"not_picked":["bronze:WildBeam","bronze:Iterate"],"picked":"bronze:DelayedSlice+1","floor":30.0},{"not_picked":["bronze:Safeguard","bronze:DarkDash"],"picked":"bronze:Break","floor":31.0},{"not_picked":["bronze:Constructor","bronze:Frontload"],"picked":"bronze:DelayedGuard","floor":32.0},{"not_picked":["bronze:HardenedForm","bronze:ShipIt"],"picked":"bronze:AlphaBuild","floor":33.0},{"not_picked":["bronze:Terminator+1","bronze:Separator+1"],"picked":"bronze:Overload","floor":36.0},{"not_picked":["bronze:DelayedGuard+1","bronze:Boost+1"],"picked":"bronze:Overheat+1","floor":40.0},{"not_picked":["bronze:Overload","bronze:Safeguard"],"picked":"bronze:RecursiveStrike","floor":42.0},{"not_picked":["bronze:DelayedSlice","bronze:Boost+1"],"picked":"bronze:DelayedGuard","floor":43.0},{"not_picked":["bronze:Overload+1","bronze:FineTuning"],"picked":"bronze:RecursiveStrike","floor":45.0},{"not_picked":["Crow Ritual","HandOfGreed"],"picked":"Panache","floor":45.0},{"not_picked":["Replay:Bootleg Shield Generator","Secret Weapon"],"picked":"Midas Touch","floor":45.0},{"not_picked":["Discovery","Jack Of All Trades"],"picked":"hubris:EnhanceAbility","floor":45.0},{"not_picked":["bronze:Virus","bronze:Repulsor"],"picked":"bronze:Iterate","floor":46.0},{"not_picked":["bronze:ForceShield+1","bronze:Iterate"],"picked":"bronze:Invalidate","floor":49.0},{"not_picked":["bronze:BurnOut","bronze:FindAndReplace"],"picked":"bronze:Verify","floor":50.0},{"not_picked":["bronze:Terminator","bronze:CutThrough"],"picked":"bronze:FineTuning","floor":53},{"not_picked":["bronze:RecursiveStrike","bronze:CloningBeam"],"picked":"bronze:BronzeOrb","floor":56},{"not_picked":["bronze:NullPointer","bronze:DelayedSlice"],"picked":"bronze:Overheat","floor":57},{"not_picked":["bronze:Deprecate","bronze:Repulsor"],"picked":"bronze:BuggyMess","floor":59},{"not_picked":["bronze:DigitalCarnage","bronze:Overheat"],"picked":"bronze:Iterate","floor":60},{"not_picked":["bronze:Shell","bronze:Shield"],"picked":"bronze:WildBeam","floor":62},{"not_picked":["bronze:ForLoop","bronze:Branch"],"picked":"bronze:DelayedGuard","floor":64},{"not_picked":["bronze:OilSpill","bronze:Allocate"],"picked":"bronze:WhirlingStrike","floor":65},{"not_picked":["bronze:Invalidate","bronze:Fortify"],"picked":"bronze:SpaghettiCode","floor":66},{"not_picked":["bronze:CleanCode","bronze:ThunderWave"],"picked":"bronze:BurnOut","floor":67},{"not_picked":["ReplayTheSpireMod:Chaos Vortex","infinitespire:Fortify"],"picked":"ReplayTheSpireMod:Book of Names","floor":68},{"not_picked":["bronze:CloningBeam","Streamline","Hologram"],"picked":"bronze:Branch+1","floor":70},{"not_picked":["Steam","Panic Button","ReplayTheSpireMod:Reroute Power"],"picked":"bronze:FineTuning","floor":72},{"not_picked":["Thinking Ahead","Violence","Replay:Dark Deal"],"picked":"Crow Ritual","floor":74},{"not_picked":["Panacea","Chrysalis","Poisoned Strike"],"picked":"Dark Shackles","floor":74},{"not_picked":["Good Instincts","Replay:Sssssssssstrike","ReplayTheSpireMod:Private Reserves"],"picked":"conspire:Banana","floor":74},{"not_picked":["bronze:MaxOutput+1","bronze:Deprecate","Sweeping Beam"],"picked":"hexamod:FirstSeal","floor":75},{"not_picked":["Power Through","Metallicize","Compile Driver"],"picked":"bronze:Separator","floor":76},{"not_picked":["Dark Embrace","Compile Driver","Wild Strike"],"picked":"bronze:Iterate","floor":78},{"not_picked":["Barrage","Force Field","True Grit"],"picked":"Coolheaded","floor":79},{"not_picked":["ReplayReversal","bronze:Backtrace","bronze:DigitalCarnage"],"picked":"bronze:Flail","floor":83},{"not_picked":["bronze:Verify","Reboot","ReplayRNGCard"],"picked":"Hyperbeam","floor":84},{"not_picked":["WaveOfTheHand","bronze:OilSpill","Sanctity","bronze:Overheat"],"picked":"ReplayGash+1","floor":88},{"not_picked":["bronze:BuggyMess","Swivel+1","bronze:DelayedSlice+1","bronze:FineTuning"],"picked":"Consecrate","floor":91},{"not_picked":["Tantrum","bronze:BugBarrage","Barrage+1","bronze:Turbo"],"picked":"Turbo+1","floor":92},{"not_picked":["bronze:Deprecate+1","conspire:SharedLibrary+1","Consecrate","bronze:BugBarrage"],"picked":"bronze:OilSpill+1","floor":93},{"not_picked":["Redo","BowlingBash+1","Rip and Tear","bronze:Shield+1"],"picked":"Beam Cell","floor":95},{"not_picked":["Wallop+1","Go for the Eyes+1","Halt","Steam+1"],"picked":"Rip and Tear","floor":96},{"not_picked":["Steam+1","Pray+1","SignatureMove+1","Tantrum"],"picked":"Electrodynamics","floor":98},{"not_picked":["WheelKick+1","ClearTheMind+1","bronze:ForLoop+1","Reinforced Body"],"picked":"Ball Lightning","floor":99},{"not_picked":["ReplayGash","Undo","Wallop","JustLucky"],"picked":"Aggregate+1","floor":100},{"not_picked":["Amplify","Seek","hubris:DoWhile","Electrodynamics"],"picked":"Creative AI","floor":101},{"not_picked":["Gash","bronze:Overheat","JustLucky","bronze:FollowUp"],"picked":"CarveReality","floor":104},{"not_picked":[],"picked":"bronze:Spike","floor":106},{"not_picked":[],"picked":"bronze:DazingPulse","floor":106},{"not_picked":[],"picked":"bronze:Explode","floor":106},{"not_picked":["CutThroughFate","Evaluate","Streamline","LikeWater"],"picked":"bronze:Turbo","floor":106},{"not_picked":["Conserve Battery","Creative AI","CrushJoints","FTL"],"picked":"bronze:ItsAFeature","floor":109},{"not_picked":["Cold Snap","Steam Power","bronze:FineTuning","bronze:Invalidate"],"picked":"WheelKick","floor":110},{"not_picked":["Hologram","Perseverance","Evaluate","Collect"],"picked":"ReplaySort","floor":111},{"not_picked":["bronze:Repair","Consecrate","DevaForm","ReplayGash"],"picked":"bronze:DelayedGuard","floor":112},{"not_picked":["Evaluate","bronze:Shell","conspire:SharedLibrary","BootSequence"],"picked":"Cold Snap","floor":116},{"not_picked":["SashWhip","bronze:Safeguard","Loop","Collect"],"picked":"bronze:Turbo","floor":117},{"not_picked":["Devotion","bronze:HyperBeam","bronze:Virus","Echo Form"],"picked":"Hyperbeam","floor":118}],"player_experience":876970,"relics_obtained":[{"floor":5.0,"key":"downfall:CloakOfManyFaces"},{"floor":9.0,"key":"conspire:TopHat"},{"floor":12.0,"key":"hubris:Metronome"},{"floor":21.0,"key":"Nunchaku"},{"floor":24.0,"key":"MealTicket"},{"floor":27.0,"key":"aspiration:StickyExplosives_weak"},{"floor":29.0,"key":"ReplayTheSpireMod:Ninjato"},{"floor":37.0,"key":"Pantograph"},{"floor":39.0,"key":"downfall:GremlinWheel"},{"floor":41.0,"key":"bronze:CableSpool"},{"floor":42.0,"key":"Blood Vial"},{"floor":47.0,"key":"Lizard Tail"},{"floor":54,"key":"Ring of Misfortune"},{"floor":54,"key":"Ring of Panic"},{"floor":58,"key":"Oddly Smooth Stone"},{"floor":69,"key":"hubris:Reverence"},{"floor":86,"key":"Shuriken"},{"floor":98,"key":"Potion Belt"},{"floor":102,"key":"ReplayTheSpireMod:TigerMarble"},{"floor":102,"key":"infinitespire:BottledMercury"},{"floor":102,"key":"Replay:Kaleidoscope"}],"event_choices":[{"damage_healed":0.0,"max_hp_gain":0.0,"max_hp_loss":0.0,"gold_gain":0.0,"event_name":"conspire:Investor","player_choice":"Leave","floor":11.0,"gold_loss":0.0,"damage_taken":0.0},{"damage_healed":0.0,"max_hp_gain":0.0,"max_hp_loss":0.0,"gold_gain":0.0,"event_name":"Lab","player_choice":"Got Potions","floor":48.0,"gold_loss":0.0,"damage_taken":0.0},{"damage_healed":0,"gold_gain":0,"player_choice":"Relic","damage_taken":0,"max_hp_gain":0,"max_hp_loss":0,"event_name":"Wheel of Change","floor":69,"gold_loss":0},{"damage_healed":0,"gold_gain":0,"player_choice":"Read","damage_taken":0,"max_hp_gain":0,"max_hp_loss":0,"event_name":"The Library","floor":71,"gold_loss":0,"cards_obtained":["Turbo"]},{"damage_healed":0,"gold_gain":0,"player_choice":"Inject Mutagens","damage_taken":0,"relics_obtained":["Circlet"],"max_hp_gain":0,"max_hp_loss":0,"event_name":"Drug Dealer","floor":80,"gold_loss":0},{"cards_removed":["Doubt"],"damage_healed":0,"gold_gain":0,"player_choice":"Card Removal","damage_taken":0,"max_hp_gain":0,"max_hp_loss":0,"event_name":"The Cleric","floor":105,"gold_loss":0}],"is_beta":false,"boss_relics":[{"not_picked":["hubris:RunicObelisk","conspire:RunicOctahedron"],"picked":"bronze:MakeshiftBattery"},{"not_picked":["Replay:Drink Me","SacredBark"],"picked":"energizedSpire:NeverEndingSparkler"},{"not_picked":["Snecko Eye","Busted Crown"],"picked":"Replay:Bronze Core"},{"not_picked":["Honey Jar","Cursed Key"],"picked":"aspiration:DefectSkillbook"},{"not_picked":["Coffee Dripper","energizedSpire:SpiderWeb"],"picked":"Replay:Wanted Poster"},{"not_picked":["hubris:CrackedHourglass","Velvet Choker"],"picked":"Philosopher\u0027s Stone"},{"not_picked":["aspiration:WatcherSkillbook","aspiration:RitualDagger"],"picked":"Replay:Drink Me"},{"not_picked":["aspiration:RitualDagger","Replay:Drink Me"],"picked":"aspiration:WatcherSkillbook"},{"not_picked":["aspiration:Stellarator","energizedSpire:EnergizedDie"],"picked":"Calling Bell"},{"not_picked":["hubris:RunicObelisk","Velvet Choker"],"picked":"Replay:Bronze Core"}],"items_purged_floors":[45],"is_endless":true,"potions_floor_spawned":[6,15,16,22,29,30,32,33,36,39,49,56,57,59,62,67,70,75,78,79,88,92,93,95,100,106,109,112,116],"killed_by":"Chosen","ascension_level":0}}