{"host":"vpaavrwbmey593fx","time":1612734975,"event":{"mods":["AchievementEnabler","BaseMod","Bestiary","Colored Map","Colored Powertips","DeckTracker","Minty Spire (QoL Compilation)","Relic Sorter"],"gold_per_floor":[109,314,325,337,337,337,348,348,348,367,381,381,425,425,425,539,539,553,571,571,593,593,593,623,623,623,341,341,341,131,46,46,154,154,182,202,202,256,272,272,298,298,321,349,349,377,314,338,338,338,338,338,133,159,159],"floor_reached":56,"language":"ENG","playtime":6440,"items_purged":["Strike_R","Strike_R"],"score":1651,"play_id":"4ff0c558-27c4-4515-9569-ac7bc1bc4f7e","local_time":"20210207135615","is_ascension_mode":true,"campfire_choices":[{"data":"Wild Strike","floor":6.0,"key":"SMITH"},{"data":"Metallicize","floor":8.0,"key":"SMITH"},{"data":"Immolate","floor":12.0,"key":"SMITH"},{"data":"Uppercut","floor":15.0,"key":"SMITH"},{"floor":23.0,"key":"RECALL"},{"data":"Double Tap","floor":25.0,"key":"SMITH"},{"data":"Shockwave","floor":28.0,"key":"SMITH"},{"data":"Disarm","floor":32.0,"key":"SMITH"},{"data":"Heavy Blade","floor":40.0,"key":"SMITH"},{"floor":42,"key":"REST"},{"data":"Flame Barrier","floor":49,"key":"SMITH"},{"data":"Burning Pact","floor":52,"key":"SMITH"}],"circlet_count":0,"master_deck":["Strike_R","Defend_R","Defend_R","Defend_R","Defend_R","Wild Strike+1","Metallicize+1","Flame Barrier+1","Uppercut+1","Immolate+1","Evolve","Reaper","Burning Pact+1","Double Tap+1","Power Through+1","Shockwave+1","Disarm+1","Demon Form+1","Heavy Blade+1","Dual Wield+1","Flame Barrier+1","Shrug It Off+1"],"relics":["Burning Blood","Kunai","Happy Flower","Omamori","HornCleat","Akabeko","Old Coin","White Beast Statue","CeramicFish","Blood Vial","Snecko Eye","WingedGreaves","Nilry\u0027s Codex","War Paint","Toy Ornithopter","Anchor","Juzu Bracelet","SlaversCollar","Champion Belt","Strawberry","Oddly Smooth Stone"],"acts_visited":["Exordium","TheCity","TheBeyond","TheEnding"],"potions_floor_usage":[41,48,50,55,55,55],"damage_taken":[{"damage":2.0,"enemies":"Jaw Worm","floor":1.0,"turns":5.0},{"damage":0.0,"enemies":"Cultist","floor":3.0,"turns":2.0},{"damage":1.0,"enemies":"Small Slimes","floor":4.0,"turns":3.0},{"damage":1.0,"enemies":"Looter","floor":7.0,"turns":4.0},{"damage":3.0,"enemies":"3 Louse","floor":10.0,"turns":4.0},{"damage":7.0,"enemies":"Exordium Wildlife","floor":11.0,"turns":4.0},{"damage":1.0,"enemies":"Gremlin Nob","floor":13.0,"turns":3.0},{"damage":21.0,"enemies":"The Guardian","floor":16.0,"turns":12.0},{"damage":19.0,"enemies":"2 Thieves","floor":18.0,"turns":4.0},{"damage":0.0,"enemies":"Chosen","floor":21.0,"turns":4.0},{"damage":19.0,"enemies":"Book of Stabbing","floor":24.0,"turns":5.0},{"damage":10.0,"enemies":"Champ","floor":33.0,"turns":13.0},{"damage":0.0,"enemies":"Orb Walker","floor":35.0,"turns":2.0},{"damage":18.0,"enemies":"3 Darklings","floor":36.0,"turns":3.0},{"damage":39.0,"enemies":"2 Orb Walkers","floor":38.0,"turns":5.0},{"damage":38.0,"enemies":"Transient","floor":39.0,"turns":5.0},{"damage":97,"enemies":"Reptomancer","floor":41,"turns":6},{"damage":14,"enemies":"Giant Head","floor":44,"turns":6},{"damage":10,"enemies":"Nemesis","floor":46,"turns":9},{"damage":14,"enemies":"Spire Growth","floor":48,"turns":5},{"damage":37,"enemies":"Donu and Deca","floor":50,"turns":8},{"damage":58,"enemies":"Shield and Spear","floor":54,"turns":7},{"damage":62,"enemies":"The Heart","floor":55,"turns":9}],"seed_played":"-537160288453965098","potions_obtained":[{"floor":3.0,"key":"AttackPotion"},{"floor":10.0,"key":"Weak Potion"},{"floor":11.0,"key":"AttackPotion"},{"floor":13.0,"key":"ColorlessPotion"},{"floor":16.0,"key":"BlessingOfTheForge"},{"floor":18.0,"key":"ColorlessPotion"},{"floor":24.0,"key":"HeartOfIron"},{"floor":33.0,"key":"FairyPotion"},{"floor":35.0,"key":"AttackPotion"},{"floor":38.0,"key":"SpeedPotion"},{"floor":39.0,"key":"Block Potion"},{"floor":41,"key":"Energy Potion"},{"floor":44,"key":"AttackPotion"},{"floor":46,"key":"Strength Potion"},{"floor":48,"key":"HeartOfIron"}],"is_trial":false,"path_per_floor":["M","?","M","M","?","R","M","R","T","M","M","R","E","?","R","B",null,"M","?","?","M","?","R","E","R","T","$","R","?","$","?","R","B",null,"M","M","?","?","M","R","E","R","T","E","?","E","$","M","R","B",null,"R","$","E","B",null],"character_chosen":"IRONCLAD","items_purchased":["Shockwave","Toy Ornithopter","Disarm","Anchor","Flame Barrier","HeartOfIron"],"campfire_rested":1,"item_purchase_floors":[27,27,30,30,47,53],"current_hp_per_floor":[76,76,80,80,80,80,80,80,80,80,79,79,80,73,73,60,75,64,64,64,80,64,64,53,53,53,53,53,53,53,53,53,76,79,80,68,68,47,22,22,37,63,63,57,57,55,55,84,84,74,84,84,84,34,25],"gold":159,"neow_bonus":"RANDOM_COMMON_RELIC","is_daily":false,"chose_seed":false,"campfire_upgraded":10,"win_rate":0.0,"timestamp":1612734975,"path_taken":["M","?","M","?","?","R","M","R","T","M","?","R","E","?","R","BOSS","M","?","?","?","?","R","E","R","T","$","R","?","$","?","R","BOSS","M","M","?","?","M","R","E","R","T","E","?","E","$","M","R","BOSS","R","$","E","BOSS"],"items_purchased_type":["Card","Relic","Card","Relic","Card","Potion"],"build_version":"2020-12-22","purchased_purges":2,"victory":true,"max_hp_per_floor":[80,80,80,80,80,80,80,80,80,80,80,80,80,80,80,80,80,80,80,80,80,80,80,80,80,80,80,80,80,80,80,80,80,80,80,80,80,80,80,80,87,87,87,87,87,87,87,87,87,87,87,87,87,87,87],"card_choices":[{"not_picked":["Twin Strike","Heavy Blade"],"picked":"Wild Strike","floor":1.0},{"not_picked":["Hemokinesis","Anger"],"picked":"Metallicize","floor":3.0},{"not_picked":["Intimidate","Pommel Strike"],"picked":"Flame Barrier","floor":4.0},{"not_picked":["Sentinel","Warcry","Flex"],"picked":"SKIP","floor":7.0},{"not_picked":["Body Slam","Sword Boomerang"],"picked":"Uppercut","floor":10.0},{"not_picked":["Perfected Strike","Fire Breathing"],"picked":"Immolate","floor":11.0},{"not_picked":["Sword Boomerang","Flex"],"picked":"Evolve","floor":13.0},{"not_picked":["Barricade","Bludgeon"],"picked":"Reaper","floor":16.0},{"not_picked":["Cleave","Evolve","Headbutt"],"picked":"SKIP","floor":18.0},{"not_picked":["Havoc","Anger"],"picked":"Power Through","floor":21.0},{"not_picked":["Perfected Strike","Body Slam+1","Berserk"],"picked":"SKIP","floor":24.0},{"not_picked":["Juggernaut","Exhume"],"picked":"Demon Form","floor":33.0},{"not_picked":["Twin Strike+1","Cleave"],"picked":"Heavy Blade","floor":35.0},{"not_picked":["Second Wind","Blood for Blood+1"],"picked":"Dual Wield+1","floor":36.0},{"not_picked":["Flex+1","Wild Strike+1","True Grit"],"picked":"SKIP","floor":39.0},{"not_picked":["Clash","Double Tap","Dual Wield+1"],"picked":"SKIP","floor":41},{"not_picked":["Blood for Blood","Heavy Blade","Whirlwind+1"],"picked":"SKIP","floor":44},{"not_picked":["Rupture","Clash+1","Dual Wield+1"],"picked":"SKIP","floor":46},{"not_picked":["Rupture","Clash+1","Dual Wield+1"],"picked":"SKIP","floor":46},{"not_picked":["Anger","True Grit"],"picked":"Shrug It Off+1","floor":48},{"not_picked":["Armaments+1","Sever Soul","Double Tap"],"picked":"SKIP","floor":54}],"player_experience":329940,"relics_obtained":[{"floor":9.0,"key":"White Beast Statue"},{"floor":13.0,"key":"CeramicFish"},{"floor":20.0,"key":"WingedGreaves"},{"floor":22.0,"key":"Nilry\u0027s Codex"},{"floor":24.0,"key":"War Paint"},{"floor":38.0,"key":"Champion Belt"},{"floor":41,"key":"Strawberry"},{"floor":43,"key":"Omamori"},{"floor":44,"key":"Oddly Smooth Stone"},{"floor":45,"key":"HornCleat"},{"floor":46,"key":"Kunai"},{"floor":54,"key":"Happy Flower"}],"event_choices":[{"damage_healed":0.0,"max_hp_gain":0.0,"max_hp_loss":0.0,"gold_gain":0.0,"event_name":"WeMeetAgain","player_choice":"Paid Gold","floor":2.0,"gold_loss":95.0,"damage_taken":0.0,"relics_obtained":["Old Coin"]},{"cards_removed":["Strike_R"],"damage_healed":0.0,"max_hp_gain":0.0,"max_hp_loss":0.0,"gold_gain":0.0,"event_name":"Purifier","player_choice":"Purged","floor":5.0,"gold_loss":0.0,"damage_taken":0.0},{"damage_healed":0.0,"max_hp_gain":0.0,"max_hp_loss":0.0,"gold_gain":0.0,"event_name":"Scrap Ooze","player_choice":"Success","floor":14.0,"gold_loss":0.0,"damage_taken":7.0,"relics_obtained":["Blood Vial"]},{"damage_healed":0.0,"max_hp_gain":0.0,"max_hp_loss":0.0,"gold_gain":0.0,"cards_transformed":["Bash","Strike_R"],"event_name":"Drug Dealer","player_choice":"Became Test Subject","floor":19.0,"gold_loss":0.0,"damage_taken":0.0,"cards_obtained":["Burning Pact","Double Tap"]},{"damage_healed":0.0,"max_hp_gain":0.0,"max_hp_loss":0.0,"gold_gain":0.0,"event_name":"Wheel of Change","player_choice":"Relic","floor":20.0,"gold_loss":0.0,"damage_taken":0.0},{"damage_healed":0.0,"max_hp_gain":0.0,"max_hp_loss":0.0,"gold_gain":0.0,"event_name":"Cursed Tome","player_choice":"Obtained Book","floor":22.0,"gold_loss":0.0,"damage_taken":16.0},{"damage_healed":0.0,"max_hp_gain":0.0,"max_hp_loss":0.0,"gold_gain":0.0,"event_name":"Ghosts","player_choice":"Ignored","floor":29.0,"gold_loss":0.0,"damage_taken":0.0},{"damage_healed":0.0,"max_hp_gain":0.0,"max_hp_loss":0.0,"gold_gain":0.0,"event_name":"Addict","player_choice":"Obtained Relic","floor":31.0,"gold_loss":85.0,"damage_taken":0.0,"relics_obtained":["Juzu Bracelet"]},{"damage_healed":0.0,"max_hp_gain":0.0,"max_hp_loss":0.0,"gold_gain":0.0,"event_name":"Upgrade Shrine","player_choice":"Upgraded","floor":37.0,"gold_loss":0.0,"damage_taken":0.0,"cards_upgraded":["Demon Form"]},{"damage_healed":0.0,"max_hp_gain":0.0,"max_hp_loss":0.0,"gold_gain":0.0,"event_name":"Mysterious Sphere","player_choice":"Fight","floor":38.0,"gold_loss":0.0,"damage_taken":0.0},{"damage_healed":0,"gold_gain":0,"player_choice":"Relic","damage_taken":0,"max_hp_gain":0,"max_hp_loss":0,"event_name":"Wheel of Change","floor":45,"gold_loss":0}],"is_beta":false,"boss_relics":[{"not_picked":["Cursed Key","Runic Pyramid"],"picked":"Snecko Eye"},{"not_picked":["Calling Bell","Black Star"],"picked":"SlaversCollar"}],"items_purged_floors":[27,53],"is_endless":false,"potions_floor_spawned":[3,10,11,13,16,18,21,24,33,35,36,38,39,41,44,46,48,54],"ascension_level":9}}