{"host":"l5zfpd2l2htson6l","time":1612693577,"event":{"mods":["AchievementEnabler","BaseMod","Colored Map","Colored Powertips","Minty Spire (QoL Compilation)","Permanent Neow","Quick Restart","Rare Cards Sparkle","Relic Stats","SuperFastMode"],"gold_per_floor":[114,133,147,147,147,181,181,213,213,233,261,261,281,281,281,281,281],"floor_reached":16,"language":"ENG","playtime":714,"items_purged":[],"score":290,"play_id":"d9da0b53-5d50-4dc7-bc77-e26ea4ee11f9","local_time":"20210207022617","is_ascension_mode":true,"campfire_choices":[{"data":"Pummel","floor":7,"key":"SMITH"},{"floor":12,"key":"REST"},{"data":"Rage","floor":15,"key":"SMITH"}],"circlet_count":0,"master_deck":["AscendersBane","Bash","Infernal Blade+1","Feel No Pain","Heavy Blade","Shrug It Off","Pummel+1","Impervious","Rage+1","Burning Pact","Inflame","Blood for Blood","Wild Strike","Flame Barrier"],"relics":["Pandora\u0027s Box","Shuriken","Vajra","HornCleat","StrikeDummy"],"acts_visited":["Exordium"],"potions_floor_usage":[11,16,16],"damage_taken":[{"damage":12,"enemies":"Jaw Worm","floor":1,"turns":5},{"damage":0,"enemies":"Small Slimes","floor":2,"turns":2},{"damage":3,"enemies":"Cultist","floor":3,"turns":3},{"damage":8,"enemies":"Gremlin Nob","floor":6,"turns":3},{"damage":18,"enemies":"Lagavulin","floor":8,"turns":6},{"damage":8,"enemies":"Blue Slaver","floor":10,"turns":2},{"damage":0,"enemies":"Gremlin Nob","floor":11,"turns":2},{"damage":2,"enemies":"2 Fungi Beasts","floor":13,"turns":3},{"damage":39,"enemies":"The Guardian","floor":16,"turns":10}],"seed_played":"3538615845557086646","potions_obtained":[{"floor":1,"key":"ColorlessPotion"},{"floor":6,"key":"DistilledChaos"},{"floor":11,"key":"EssenceOfSteel"}],"is_trial":false,"path_per_floor":["M","M","M","$","?","E","R","E","T","M","E","R","M","T","R","B"],"character_chosen":"IRONCLAD","items_purchased":[],"campfire_rested":1,"item_purchase_floors":[],"current_hp_per_floor":[56,56,53,53,53,45,45,27,27,19,19,41,39,39,39,0,0],"gold":281,"neow_bonus":"BOSS_RELIC","is_daily":false,"chose_seed":false,"campfire_upgraded":2,"win_rate":0.0,"timestamp":1612693577,"path_taken":["M","M","M","$","?","E","R","E","T","M","E","R","M","?","R","BOSS"],"items_purchased_type":[],"build_version":"2020-12-22","purchased_purges":0,"victory":false,"max_hp_per_floor":[75,75,75,75,75,75,75,75,75,75,75,75,75,75,75,75,75],"relic_stats":{"counters":[9,36],"Shuriken":[3],"Pandora\u0027s Box":["Infernal Blade","Feel No Pain","Heavy Blade","Shrug It Off","Pummel","Impervious","Rage","Burning Pact","Inflame"],"obtain_stats":[{"HornCleat":9,"Shuriken":6,"Vajra":8,"Pandora\u0027s Box":0,"StrikeDummy":11,"Burning Blood":0},{"HornCleat":5,"Shuriken":4,"Vajra":5,"Pandora\u0027s Box":0,"StrikeDummy":7,"Burning Blood":0},{"HornCleat":19,"Shuriken":13,"Vajra":19,"Pandora\u0027s Box":0,"StrikeDummy":23,"Burning Blood":0}]},"card_choices":[{"not_picked":["Cleave","Anger"],"picked":"Blood for Blood","floor":1},{"not_picked":["Warcry","Thunderclap","Shrug It Off"],"picked":"SKIP","floor":2},{"not_picked":["Perfected Strike","Shrug It Off"],"picked":"Wild Strike","floor":3},{"not_picked":["Blood for Blood","Searing Blow","Fire Breathing"],"picked":"SKIP","floor":6},{"not_picked":["Fire Breathing","Feel No Pain","Cleave"],"picked":"SKIP","floor":8},{"not_picked":["Evolve","Clash","Anger"],"picked":"SKIP","floor":10},{"not_picked":["Clothesline","Juggernaut","Combust"],"picked":"SKIP","floor":11},{"not_picked":["Warcry","Cleave"],"picked":"Flame Barrier","floor":13}],"player_experience":941882,"relics_obtained":[{"floor":6,"key":"Shuriken"},{"floor":8,"key":"Vajra"},{"floor":9,"key":"HornCleat"},{"floor":11,"key":"StrikeDummy"}],"event_choices":[{"damage_healed":0,"gold_gain":0,"player_choice":"Grow","damage_taken":0,"max_hp_gain":0,"max_hp_loss":0,"event_name":"Living Wall","floor":5,"gold_loss":0,"cards_upgraded":["Infernal Blade"]}],"is_beta":false,"boss_relics":[],"items_purged_floors":[],"is_endless":false,"potions_floor_spawned":[1,6,11],"killed_by":"The Guardian","ascension_level":20}}