{"host":"ao4lxi9bhtts409i","time":1612711216,"event":{"mods":["AchievementEnabler","BaseMod","Colored Map","Colored Powertips","Minty Spire (QoL Compilation)","SuperFastMode"],"gold_per_floor":[118,132,78,93,93,93,124,124,150,150,167,208,208,250,250,361,361,382,411,424,449,461,470,490,529,556,556,556,579,588,608,617,727,754,775,793,793,820,820,862,862,899,899,899,899,899],"floor_reached":45,"language":"ENG","playtime":1547,"items_purged":[],"score":646,"play_id":"c91c2112-6870-470e-a749-99f073160df4","local_time":"20210207162016","is_ascension_mode":true,"campfire_choices":[{"data":"Bash","floor":6,"key":"SMITH"},{"data":"Juggernaut","floor":8,"key":"SMITH"},{"data":"Carnage","floor":10,"key":"SMITH"},{"data":"Perfected Strike","floor":13,"key":"SMITH"},{"data":"Clothesline","floor":15,"key":"SMITH"},{"floor":23,"key":"REST"},{"floor":27,"key":"REST"},{"floor":30,"key":"REST"},{"floor":32,"key":"REST"},{"floor":41,"key":"REST"},{"floor":44,"key":"REST"}],"circlet_count":0,"master_deck":["Strike_R","Strike_R","Defend_R+1","Defend_R+1","Defend_R","Bash+1","Iron Wave","Fire Breathing","Perfected Strike+1","Carnage+1","Juggernaut+1","Disarm","Twin Strike","Clothesline+1","Demon Form","Carnage+1","Shrug It Off","Clothesline","Metallicize","Berserk","Perfected Strike","Shrug It Off","Juggernaut","Heavy Blade","Demon Form","Headbutt+1","Bludgeon+1","Rampage+1","Heavy Blade+1","Cleave","Blood for Blood","Clothesline"],"relics":["Snecko Eye","MealTicket","Dream Catcher","CeramicFish","Bag of Preparation","Philosopher\u0027s Stone","War Paint","Akabeko","Bag of Marbles","Nilry\u0027s Codex","Astrolabe","Lantern","Vajra","Sundial"],"acts_visited":["Exordium","TheCity","TheBeyond"],"potions_floor_usage":[7,24,29,33,33,45],"damage_taken":[{"damage":5,"enemies":"Small Slimes","floor":1,"turns":5},{"damage":1,"enemies":"Cultist","floor":2,"turns":3},{"damage":13,"enemies":"2 Louse","floor":4,"turns":3},{"damage":15,"enemies":"Lagavulin","floor":7,"turns":3},{"damage":0,"enemies":"Looter","floor":11,"turns":1},{"damage":5,"enemies":"3 Sentries","floor":12,"turns":4},{"damage":0,"enemies":"Lagavulin","floor":14,"turns":2},{"damage":13,"enemies":"Hexaghost","floor":16,"turns":4},{"damage":20,"enemies":"3 Byrds","floor":18,"turns":3},{"damage":9,"enemies":"Shell Parasite","floor":19,"turns":3},{"damage":10,"enemies":"Chosen and Byrds","floor":20,"turns":4},{"damage":23,"enemies":"Shelled Parasite and Fungi","floor":22,"turns":6},{"damage":0,"enemies":"3 Cultists","floor":24,"turns":3},{"damage":23,"enemies":"Book of Stabbing","floor":25,"turns":4},{"damage":12,"enemies":"Snake Plant","floor":29,"turns":4},{"damage":9,"enemies":"Snecko","floor":31,"turns":3},{"damage":17,"enemies":"Champ","floor":33,"turns":7},{"damage":0,"enemies":"3 Darklings","floor":35,"turns":2},{"damage":0,"enemies":"Orb Walker","floor":36,"turns":1},{"damage":0,"enemies":"Transient","floor":38,"turns":5},{"damage":48,"enemies":"Nemesis","floor":40,"turns":5},{"damage":46,"enemies":"Giant Head","floor":42,"turns":6},{"damage":37,"enemies":"Nemesis","floor":45,"turns":5}],"seed_played":"-6247708099832342017","potions_obtained":[{"floor":2,"key":"AttackPotion"},{"floor":4,"key":"Strength Potion"},{"floor":14,"key":"GamblersBrew"},{"floor":18,"key":"SteroidPotion"},{"floor":22,"key":"CultistPotion"},{"floor":24,"key":"ColorlessPotion"},{"floor":36,"key":"SkillPotion"},{"floor":38,"key":"FearPotion"}],"is_trial":false,"path_per_floor":["M","M","$","M","?","R","E","R","T","R","M","E","R","E","R","B",null,"M","M","M","T","M","R","M","E","T","R","?","M","R","M","R","B",null,"M","M","?","M","?","E","R","E","T","R","E"],"character_chosen":"IRONCLAD","items_purchased":["Perfected Strike"],"campfire_rested":6,"item_purchase_floors":[3],"current_hp_per_floor":[75,74,74,61,80,80,65,65,65,65,65,60,60,60,60,47,80,60,51,41,41,18,42,42,19,19,43,27,15,39,30,54,37,80,80,80,80,80,80,32,56,10,10,34,0,0],"gold":899,"neow_bonus":"BOSS_RELIC","is_daily":false,"chose_seed":false,"campfire_upgraded":5,"win_rate":0.0,"timestamp":1612711216,"path_taken":["M","M","$","M","?","R","E","R","T","R","M","E","R","E","R","BOSS","M","M","M","?","M","R","M","E","T","R","?","M","R","M","R","BOSS","M","M","?","M","?","E","R","E","T","R","E"],"items_purchased_type":["Card"],"build_version":"2020-12-22","purchased_purges":0,"victory":false,"max_hp_per_floor":[80,80,80,80,80,80,80,80,80,80,80,80,80,80,80,80,80,80,80,80,80,80,80,80,80,80,80,80,80,80,80,80,80,80,80,80,80,80,80,80,80,80,80,80,80,80],"card_choices":[{"not_picked":["Warcry","Anger"],"picked":"Iron Wave","floor":1},{"not_picked":["Twin Strike","Thunderclap"],"picked":"Fire Breathing","floor":2},{"not_picked":["Twin Strike","Infernal Blade"],"picked":"Carnage","floor":4},{"not_picked":["Spot Weakness","Headbutt"],"picked":"Juggernaut","floor":7},{"not_picked":["Ghostly Armor","Twin Strike"],"picked":"Disarm","floor":11},{"not_picked":["Intimidate","Hemokinesis"],"picked":"Twin Strike","floor":12},{"not_picked":["Anger","Metallicize"],"picked":"Clothesline","floor":14},{"not_picked":["Feed","Exhume"],"picked":"Demon Form","floor":16},{"not_picked":["Seeing Red+1","Battle Trance"],"picked":"Carnage+1","floor":18},{"not_picked":["Pommel Strike","Hemokinesis"],"picked":"Shrug It Off","floor":19},{"not_picked":["Flex","Pummel+1","Body Slam"],"picked":"SKIP","floor":20},{"not_picked":["Reckless Charge","Whirlwind","Warcry"],"picked":"SKIP","floor":22},{"not_picked":["Havoc","Iron Wave"],"picked":"Clothesline","floor":23},{"not_picked":["Bloodletting","Pommel Strike"],"picked":"Metallicize","floor":24},{"not_picked":["Sentinel","Battle Trance"],"picked":"Berserk","floor":25},{"not_picked":["Whirlwind","Iron Wave"],"picked":"Perfected Strike","floor":29},{"not_picked":["Wild Strike","Clash"],"picked":"Shrug It Off","floor":30},{"not_picked":["Sentinel+1","Headbutt"],"picked":"Juggernaut","floor":31},{"not_picked":["Pommel Strike","Twin Strike"],"picked":"Heavy Blade","floor":32},{"not_picked":["Berserk","Barricade"],"picked":"Demon Form","floor":33},{"not_picked":["Clothesline+1","Battle Trance+1"],"picked":"Heavy Blade+1","floor":35},{"not_picked":["Flex","Pommel Strike+1","Wild Strike+1"],"picked":"SKIP","floor":36},{"not_picked":["Headbutt","Anger"],"picked":"Cleave","floor":38},{"not_picked":["Thunderclap","Exhume"],"picked":"Blood for Blood","floor":40},{"not_picked":["Rampage+1","Iron Wave+1"],"picked":"Clothesline","floor":42}],"player_experience":273771,"relics_obtained":[{"floor":7,"key":"MealTicket"},{"floor":9,"key":"Dream Catcher"},{"floor":12,"key":"CeramicFish"},{"floor":14,"key":"Bag of Preparation"},{"floor":21,"key":"War Paint"},{"floor":25,"key":"Akabeko"},{"floor":26,"key":"Bag of Marbles"},{"floor":28,"key":"Nilry\u0027s Codex"},{"floor":40,"key":"Lantern"},{"floor":42,"key":"Vajra"},{"floor":43,"key":"Sundial"}],"event_choices":[{"damage_healed":19,"gold_gain":0,"player_choice":"Full Heal","damage_taken":0,"max_hp_gain":0,"max_hp_loss":0,"event_name":"Wheel of Change","floor":5,"gold_loss":0},{"damage_healed":0,"gold_gain":0,"player_choice":"Obtained Book","damage_taken":16,"max_hp_gain":0,"max_hp_loss":0,"event_name":"Cursed Tome","floor":28,"gold_loss":0},{"cards_removed":["Defend_R"],"damage_healed":0,"gold_gain":0,"player_choice":"Removed Skill","damage_taken":0,"max_hp_gain":0,"max_hp_loss":0,"event_name":"Falling","floor":37,"gold_loss":0},{"damage_healed":0,"gold_gain":0,"player_choice":"Ignored","damage_taken":0,"max_hp_gain":0,"max_hp_loss":0,"event_name":"Tomb of Lord Red Mask","floor":39,"gold_loss":0}],"is_beta":false,"boss_relics":[{"not_picked":["Empty Cage","Cursed Key"],"picked":"Philosopher\u0027s Stone"},{"not_picked":["Runic Dome","Fusion Hammer"],"picked":"Astrolabe"}],"items_purged_floors":[],"is_endless":false,"potions_floor_spawned":[2,4,14,18,22,24,25,36,38],"killed_by":"Nemesis","ascension_level":4}}