{"host":"soyfmymeou4emntr","time":1612667917,"event":{"mods":["BaseMod","Minty Spire (QoL Compilation)","Permanent Neow","Relic Sorter","Relic Stats","StSLib"],"gold_per_floor":[116,116,132,48,61,94,94,105,105,160,160,160,199,223,223,223,223],"floor_reached":16,"language":"ENG","playtime":1572,"items_purged":[],"score":270,"play_id":"790ead04-ba88-46f0-9328-02ef24a77af9","local_time":"20210206201837","is_ascension_mode":true,"campfire_choices":[{"data":"Dagger Spray","floor":7,"key":"SMITH"},{"floor":12,"key":"REST"},{"floor":15,"key":"REST"}],"circlet_count":0,"master_deck":["AscendersBane","Strike_G","Strike_G","Strike_G+1","Strike_G","Strike_G","Defend_G","Defend_G","Defend_G","Defend_G","Defend_G","Survivor","Neutralize","Secret Weapon","Masterful Stab+1","Heel Hook","Blade Dance","Dagger Spray+1","Malaise","Unload","Accuracy","Tools of the Trade+1","Reflex"],"relics":["Ring of the Snake","PreservedInsect","Frozen Egg 2","Question Card","Golden Idol","Unceasing Top"],"acts_visited":["Exordium"],"potions_floor_usage":[6,10,16,16,16],"damage_taken":[{"damage":0,"enemies":"2 Louse","floor":1,"turns":4},{"damage":0,"enemies":"Jaw Worm","floor":3,"turns":3},{"damage":0,"enemies":"Small Slimes","floor":5,"turns":2},{"damage":21,"enemies":"Lagavulin","floor":6,"turns":9},{"damage":1,"enemies":"2 Fungi Beasts","floor":8,"turns":3},{"damage":12,"enemies":"Lagavulin Event","floor":10,"turns":4},{"damage":0,"enemies":"Gremlin Nob","floor":13,"turns":2},{"damage":4,"enemies":"Red Slaver","floor":14,"turns":3},{"damage":35,"enemies":"Hexaghost","floor":16,"turns":9}],"seed_played":"3245082111594048972","potions_obtained":[{"floor":1,"key":"EssenceOfSteel"},{"floor":3,"key":"Ancient Potion"},{"floor":5,"key":"Energy Potion"},{"floor":14,"key":"EntropicBrew"}],"is_trial":false,"path_per_floor":["M","?","M","$","M","E","R","M","T","?","?","R","E","M","R","B"],"character_chosen":"THE_SILENT","items_purchased":["Blade Dance","Dagger Spray"],"campfire_rested":2,"item_purchase_floors":[4,4],"current_hp_per_floor":[59,41,41,41,41,20,20,19,19,7,7,23,23,19,35,0,0],"gold":223,"neow_bonus":"RANDOM_COLORLESS_2","is_daily":false,"chose_seed":false,"campfire_upgraded":1,"win_rate":0.0,"timestamp":1612667917,"path_taken":["M","?","M","$","M","E","R","M","T","?","?","R","E","M","R","BOSS"],"items_purchased_type":["Card","Card"],"build_version":"2020-12-22","purchased_purges":0,"victory":false,"max_hp_per_floor":[60,60,60,60,60,60,60,60,60,60,54,54,54,54,54,54,54],"relic_stats":{"counters":[9,39],"Golden Idol":13,"PreservedInsect":50,"Question Card":2,"obtain_stats":[{"Golden Idol":11,"PreservedInsect":6,"Frozen Egg 2":9,"Question Card":10,"Unceasing Top":13,"Ring of the Snake":0},{"Golden Idol":6,"PreservedInsect":4,"Frozen Egg 2":5,"Question Card":6,"Unceasing Top":7,"Ring of the Snake":0},{"Golden Idol":25,"PreservedInsect":18,"Frozen Egg 2":21,"Question Card":25,"Unceasing Top":27,"Ring of the Snake":0}],"Unceasing Top":[1],"Ring of the Snake":[18]},"card_choices":[{"not_picked":["Master of Strategy","The Bomb"],"picked":"Secret Weapon","floor":0},{"not_picked":["Flying Knee","Deadly Poison"],"picked":"Masterful Stab","floor":1},{"not_picked":["Slice","Backflip"],"picked":"Heel Hook","floor":3},{"not_picked":["Slice","Outmaneuver"],"picked":"Malaise","floor":5},{"not_picked":["Prepared","Acrobatics"],"picked":"Unload","floor":6},{"not_picked":["PiercingWail","Flechettes"],"picked":"Accuracy","floor":8},{"not_picked":["Blur","Cloak And Dagger","Outmaneuver"],"picked":"Tools of the Trade+1","floor":13},{"not_picked":["Underhanded Strike","Flying Knee","Acrobatics"],"picked":"Reflex","floor":14}],"player_experience":3088160,"relics_obtained":[{"floor":6,"key":"PreservedInsect"},{"floor":9,"key":"Frozen Egg 2"},{"floor":10,"key":"Question Card"},{"floor":13,"key":"Unceasing Top"}],"event_choices":[{"damage_healed":0,"gold_gain":0,"player_choice":"Entered Light","damage_taken":18,"max_hp_gain":0,"max_hp_loss":0,"event_name":"Shining Light","floor":2,"gold_loss":0,"cards_upgraded":["Strike_G","Masterful Stab"]},{"damage_healed":0,"gold_gain":0,"player_choice":"Searched \u00272\u0027 times","damage_taken":0,"max_hp_gain":0,"max_hp_loss":0,"event_name":"Dead Adventurer","floor":10,"gold_loss":0},{"damage_healed":0,"gold_gain":0,"player_choice":"Lose Max HP","damage_taken":0,"relics_obtained":["Golden Idol"],"max_hp_gain":0,"max_hp_loss":6,"event_name":"Golden Idol","floor":11,"gold_loss":0}],"is_beta":false,"boss_relics":[],"items_purged_floors":[],"is_endless":false,"potions_floor_spawned":[1,3,5,14],"killed_by":"Hexaghost","ascension_level":20}}