{"host":"46dxij13gllk3u9t","time":1612740966,"event":{"mods":["BaseMod","Better Note","BetterRewards","Colored Powertips","Custom Start","Jedi Mod","Minty Spire (QoL Compilation)","Relic Sorter","Shop Mod","StSLib","The IronCluck","slay the spire mod where everything is the same but ironclad has a cowboy hat"],"gold_per_floor":[118,118,118,118,138,185,208,208,208,261,288,321,65,87,87,216,216,238,263,263,263,291,330,349,349,349,35,63,333,354,389,389,501,510,537,557,557,557],"floor_reached":37,"language":"ENG","playtime":1892,"items_purged":["Strike_R","Strike_R"],"score":473,"play_id":"5cd2220a-9eed-480a-ac36-9055925d3784","local_time":"20210207183606","is_ascension_mode":false,"campfire_choices":[{"data":"Flex","floor":8.0,"key":"SMITH"},{"data":"Armaments","floor":15.0,"key":"SMITH"},{"data":"Armaments","floor":25.0,"key":"SMITH"},{"data":"Infernal Blade","floor":32.0,"key":"SMITH"}],"circlet_count":0,"master_deck":["Strike_R+1","Strike_R","Strike_R","Defend_R","Defend_R+1","Defend_R","Defend_R","Bash","Twin Strike","Flex+1","Twin Strike","Iron Wave","Armaments+1","Rage","Flex","Pummel+1","Shrug It Off+1","Armaments+1","Infernal Blade+1","Shrug It Off","Pommel Strike","Bloodletting","Intimidate+1","Double Tap","CurseOfTheBell","Havoc+1","Disarm+1"],"relics":["Burning Blood","NeowsBlessing","Bloody Idol","CeramicFish","The Courier","Kunai","Meat on the Bone","Sozu","Mercury Hourglass","Pear","Ice Cream","Self Forming Clay","Calling Bell","Omamori","Molten Egg 2","FossilizedHelix"],"acts_visited":["TheBeyond"],"potions_floor_usage":[],"damage_taken":[{"damage":0.0,"enemies":"2 Louse","floor":1.0,"turns":1.0},{"damage":0.0,"enemies":"Small Slimes","floor":5.0,"turns":1.0},{"damage":0.0,"enemies":"Lagavulin","floor":6.0,"turns":1.0},{"damage":1.0,"enemies":"Jaw Worm","floor":7.0,"turns":3.0},{"damage":14.0,"enemies":"Gremlin Nob","floor":10.0,"turns":3.0},{"damage":0.0,"enemies":"Gremlin Gang","floor":11.0,"turns":4.0},{"damage":0.0,"enemies":"Red Slaver","floor":12.0,"turns":3.0},{"damage":0.0,"enemies":"3 Louse","floor":14.0,"turns":3.0},{"damage":27.0,"enemies":"The Guardian","floor":16.0,"turns":13.0},{"damage":6.0,"enemies":"Chosen","floor":18.0,"turns":2.0},{"damage":16.0,"enemies":"Shell Parasite","floor":19.0,"turns":3.0},{"damage":7.0,"enemies":"Snake Plant","floor":22.0,"turns":3.0},{"damage":38.0,"enemies":"Slavers","floor":23.0,"turns":7.0},{"damage":0.0,"enemies":"3 Cultists","floor":24.0,"turns":5.0},{"damage":12.0,"enemies":"Shelled Parasite and Fungi","floor":28.0,"turns":5.0},{"damage":5.0,"enemies":"Centurion and Healer","floor":30.0,"turns":3.0},{"damage":15.0,"enemies":"Book of Stabbing","floor":31.0,"turns":4.0},{"damage":51.0,"enemies":"Collector","floor":33.0,"turns":12.0},{"damage":0,"enemies":"Orb Walker","floor":35,"turns":4},{"damage":17,"enemies":"3 Darklings","floor":36,"turns":7}],"seed_played":"-6012937990819106093","potions_obtained":[{"floor":7.0,"key":"GamblersBrew"},{"floor":12.0,"key":"GamblersBrew"},{"floor":16.0,"key":"Dexterity Potion"}],"is_trial":false,"path_per_floor":["M","?","?","?","M","E","M","R","T","E","M","M","$","M","R","B",null,"M","M","?","?","M","E","M","R","T","$","M","?","M","E","R","B",null,"M","M","$"],"character_chosen":"IRONCLAD","items_purchased":["Meat on the Bone","Ice Cream"],"campfire_rested":0,"item_purchase_floors":[13,27],"current_hp_per_floor":[80,74,59,59,65,71,74,74,74,66,72,74,74,74,74,53,74,74,64,64,84,84,62,78,78,88,88,92,80,91,92,92,69,94,94,93,93,93],"gold":557,"neow_bonus":"THREE_ENEMY_KILL","is_daily":false,"chose_seed":false,"campfire_upgraded":4,"win_rate":0.0,"timestamp":1612740966,"path_taken":["M","?","?","?","M","E","M","R","T","E","M","M","$","M","R","BOSS","M","M","?","?","?","E","M","R","T","?","M","?","?","E","R","BOSS","M","M","$"],"items_purchased_type":["Relic","Relic"],"build_version":"2020-12-22","purchased_purges":2,"victory":false,"max_hp_per_floor":[80,74,74,74,74,74,74,74,74,74,74,74,74,74,74,74,74,74,74,74,84,84,84,84,84,94,94,94,94,94,94,94,94,94,94,94,94,94],"card_choices":[{"not_picked":["True Grit","Thunderclap"],"picked":"Twin Strike","floor":1.0},{"not_picked":["Bloodletting","Thunderclap"],"picked":"Flex","floor":5.0},{"not_picked":["Reckless Charge","Hemokinesis"],"picked":"Twin Strike","floor":6.0},{"not_picked":["Body Slam","Iron Wave","Impervious"],"picked":"SKIP","floor":7.0},{"not_picked":["Seeing Red","Warcry"],"picked":"Iron Wave","floor":10.0},{"not_picked":["Warcry","Wild Strike"],"picked":"Armaments","floor":11.0},{"not_picked":["Entrench","Rupture"],"picked":"Rage","floor":12.0},{"not_picked":["Perfected Strike","Thunderclap"],"picked":"Flex","floor":14.0},{"not_picked":["Impervious","Fiend Fire"],"picked":"Offering","floor":16.0},{"not_picked":["Spot Weakness+1","Cleave"],"picked":"Pummel+1","floor":18.0},{"not_picked":["Twin Strike+1","True Grit"],"picked":"Shrug It Off+1","floor":19.0},{"not_picked":["Intimidate","Clothesline"],"picked":"Armaments","floor":22.0},{"not_picked":["Brutality","Berserk"],"picked":"Infernal Blade","floor":23.0},{"not_picked":["Armaments","Evolve"],"picked":"Shrug It Off","floor":24.0},{"not_picked":["Flex+1","Perfected Strike"],"picked":"Pommel Strike","floor":28.0},{"not_picked":["Battle Trance","Pommel Strike"],"picked":"Bloodletting","floor":30.0},{"not_picked":["Impervious","Pommel Strike"],"picked":"Intimidate+1","floor":31.0},{"not_picked":["Berserk","Brutality"],"picked":"Double Tap","floor":33.0},{"not_picked":["Clash+1","Shockwave"],"picked":"Havoc+1","floor":35},{"not_picked":["Thunderclap+1","Clothesline+1"],"picked":"Disarm+1","floor":36}],"player_experience":366734,"relics_obtained":[{"floor":6.0,"key":"CeramicFish"},{"floor":9.0,"key":"The Courier"},{"floor":10.0,"key":"Kunai"},{"floor":23.0,"key":"Mercury Hourglass"},{"floor":26.0,"key":"Pear"},{"floor":31.0,"key":"Self Forming Clay"},{"floor":34,"key":"Omamori"},{"floor":34,"key":"Molten Egg 2"},{"floor":34,"key":"FossilizedHelix"}],"event_choices":[{"damage_healed":0.0,"max_hp_gain":0.0,"max_hp_loss":6.0,"gold_gain":0.0,"event_name":"Golden Idol","player_choice":"Lose Max HP","floor":2.0,"gold_loss":0.0,"damage_taken":0.0,"relics_obtained":["Golden Idol"]},{"damage_healed":0.0,"max_hp_gain":0.0,"max_hp_loss":0.0,"gold_gain":0.0,"event_name":"Shining Light","player_choice":"Entered Light","floor":3.0,"gold_loss":0.0,"damage_taken":15.0,"cards_upgraded":["Strike_R","Defend_R"]},{"damage_healed":0.0,"max_hp_gain":0.0,"max_hp_loss":0.0,"gold_gain":0.0,"event_name":"Liars Game","player_choice":"Ignored","floor":4.0,"gold_loss":0.0,"damage_taken":0.0},{"damage_healed":0.0,"max_hp_gain":0.0,"max_hp_loss":0.0,"gold_gain":0.0,"event_name":"Forgotten Altar","player_choice":"Gave Idol","floor":20.0,"relics_lost":["Golden Idol"],"gold_loss":0.0,"damage_taken":0.0,"relics_obtained":["Bloody Idol"]},{"cards_removed":["Offering"],"damage_healed":10.0,"max_hp_gain":10.0,"max_hp_loss":0.0,"gold_gain":0.0,"event_name":"Bonfire Elementals","player_choice":"Offered Rare","floor":21.0,"gold_loss":0.0,"damage_taken":0.0},{"damage_healed":0.0,"max_hp_gain":0.0,"max_hp_loss":0.0,"gold_gain":270.0,"event_name":"Knowing Skull","player_choice":"GOLD GOLD GOLD ","floor":29.0,"potions_obtained":[],"gold_loss":0.0,"damage_taken":27.0,"cards_obtained":[]}],"is_beta":false,"boss_relics":[{"not_picked":["Philosopher\u0027s Stone","Runic Pyramid"],"picked":"Sozu"},{"not_picked":["Pandora\u0027s Box","Runic Cube"],"picked":"Calling Bell"}],"items_purged_floors":[13,27],"is_endless":false,"potions_floor_spawned":[7,12,16,18,22,30,31,35,36],"ascension_level":0}}