{"host":"l6vifo5ajdb3p20b","time":1612683156,"event":{"mods":["2.2 Compatiblity","BaseMod","Better Altar","Better Sensory Stone","Better Skull","Better Third Choice","BetterRewards","Block Reminder","Booster Modes","Card Forge","Clockwork Mod","Colored Map","Defuse TimeMaze Blight","Energized Spire","Evolution","Hubris","Minty Spire (QoL Compilation)","Relic Stats","Reliquary","StSLib","The Blackbeard","The Necromancer"],"gold_per_floor":[114,114,130,142,142,142,142],"floor_reached":6,"language":"ENG","playtime":646,"items_purged":[],"score":38,"play_id":"bbc6b479-aeb4-4c1b-9999-b4c2e128db1d","local_time":"20210207143236","is_ascension_mode":true,"campfire_choices":[],"circlet_count":0,"master_deck":["Clockwork:ForgeStrike+1","Clockwork:ChargingBlade","Clockwork:Pluck","Clockwork:Friction","Clockwork:Shield","Clockwork:Shield","Clockwork:Shield","Clockwork:Shield","Clockwork:Tinker","Clockwork:WarmUp","Clockwork:Handicap","Clockwork:Improve","Clockwork:ForgeStrike"],"relics":["Clockwork:MomentumEngine","Hammer of Thor","Seething Fire","Anvil of the Gods","EVO:Axolotl","NeowsBlessing","Clockwork:Varja","Golden Idol"],"acts_visited":["Exordium"],"potions_floor_usage":[],"damage_taken":[{"damage":0,"enemies":"Small Slimes","floor":1,"turns":5},{"damage":0,"enemies":"Jaw Worm","floor":3,"turns":3},{"damage":8,"enemies":"2 Louse","floor":4,"turns":7},{"damage":34,"enemies":"3 Sentries","floor":6,"turns":8}],"seed_played":"-8386302073890751365","potions_obtained":[{"floor":1,"key":"FearPotion"},{"floor":4,"key":"SmokeBomb"}],"is_trial":false,"path_per_floor":["M","?","M","M","?","E"],"character_chosen":"CLOCKWORK","items_purchased":[],"campfire_rested":0,"item_purchase_floors":[],"current_hp_per_floor":[85,85,85,77,56,22,22],"gold":142,"neow_bonus":"THREE_ENEMY_KILL","is_daily":false,"chose_seed":false,"campfire_upgraded":0,"win_rate":0.0,"timestamp":1612683156,"path_taken":["M","?","M","M","?","E"],"items_purchased_type":[],"build_version":"2020-12-22","purchased_purges":0,"victory":false,"max_hp_per_floor":[85,85,85,85,85,85,85],"relic_stats":{"counters":[4,23],"Golden Idol":0,"obtain_stats":[{"Clockwork:MomentumEngine":0,"NeowsBlessing":0,"Anvil of the Gods":0,"Golden Idol":5,"Hammer of Thor":0,"Clockwork:Varja":4,"EVO:Axolotl":0,"Seething Fire":0},{"Clockwork:MomentumEngine":0,"NeowsBlessing":0,"Anvil of the Gods":0,"Golden Idol":3,"Hammer of Thor":0,"Clockwork:Varja":3,"EVO:Axolotl":0,"Seething Fire":0},{"Clockwork:MomentumEngine":0,"NeowsBlessing":0,"Anvil of the Gods":0,"Golden Idol":15,"Hammer of Thor":0,"Clockwork:Varja":15,"EVO:Axolotl":0,"Seething Fire":0}]},"card_choices":[{"not_picked":["Clockwork:FalseStart","Clockwork:Clone"],"picked":"Clockwork:CraftVarja","floor":1},{"not_picked":["Clockwork:ChargingBlade","Clockwork:AdaptiveCannon"],"picked":"Clockwork:Improve","floor":3},{"not_picked":["Clockwork:StasisBreak","Clockwork:TiltAWhirl"],"picked":"Clockwork:ForgeStrike","floor":4}],"player_experience":1173965,"relics_obtained":[],"event_choices":[{"damage_healed":0,"gold_gain":0,"player_choice":"Take Damage","damage_taken":21,"relics_obtained":["Golden Idol"],"max_hp_gain":0,"max_hp_loss":0,"event_name":"Golden Idol","floor":5,"gold_loss":0}],"is_beta":false,"boss_relics":[],"items_purged_floors":[],"is_endless":false,"potions_floor_spawned":[1,4],"killed_by":"3 Sentries","ascension_level":1}}