{"host":"kxz5izodaorfb9am","time":1612722179,"event":{"mods":["BaseMod","GifTheSpireLib","Minty Spire (QoL Compilation)","Shop Mod","StSLib"],"gold_per_floor":[14,25,44,44,44,44,57,57,57,132,132,12,38,65,65,146,146,169,178,103,103,24,24,61,61,134,144,160,185,85,85,85],"floor_reached":31,"language":"ENG","playtime":2120,"items_purged":["Strike_G","Defend_G"],"score":450,"play_id":"10e5f53e-f6eb-477f-9560-abd337e36529","local_time":"20210207192259","is_ascension_mode":true,"campfire_choices":[{"data":"Neutralize","floor":6.0,"key":"SMITH"},{"data":"Sucker Punch","floor":8.0,"key":"SMITH"},{"floor":15,"key":"REST"},{"data":"Footwork","floor":23,"key":"SMITH"},{"data":"Accuracy","floor":25,"key":"SMITH"}],"circlet_count":0,"master_deck":["AscendersBane","Strike_G","Defend_G","Defend_G","Defend_G","Survivor","Neutralize+1","Leg Sweep+1","Sucker Punch+1","Blade Dance","Heel Hook","Backflip","Poisoned Stab","Backflip","Adrenaline","Catalyst","Accuracy+1","Footwork+1","Accuracy"],"relics":["Ring of the Snake","CeramicFish","Sundial","Sozu","Tiny Chest","Potion Belt","Red Mask"],"acts_visited":["Exordium","TheCity"],"potions_floor_usage":[16,16],"damage_taken":[{"damage":1.0,"enemies":"Cultist","floor":1.0,"turns":5.0},{"damage":1.0,"enemies":"Small Slimes","floor":2.0,"turns":4.0},{"damage":0.0,"enemies":"Jaw Worm","floor":3.0,"turns":5.0},{"damage":0.0,"enemies":"Exordium Thugs","floor":7.0,"turns":4.0},{"damage":2.0,"enemies":"2 Fungi Beasts","floor":13.0,"turns":3.0},{"damage":11.0,"enemies":"Large Slime","floor":14.0,"turns":6.0},{"damage":7,"enemies":"The Guardian","floor":16,"turns":12},{"damage":0,"enemies":"3 Byrds","floor":18,"turns":6},{"damage":22,"enemies":"Book of Stabbing","floor":24,"turns":9},{"damage":0,"enemies":"Shell Parasite","floor":27,"turns":5},{"damage":11,"enemies":"3 Cultists","floor":28,"turns":7},{"damage":10,"enemies":"Masked Bandits","floor":29,"turns":6},{"damage":20,"enemies":"Sentry and Sphere","floor":31,"turns":5}],"seed_played":"3127252143472026611","potions_obtained":[{"floor":2.0,"key":"Fire Potion"},{"floor":3.0,"key":"DuplicationPotion"},{"floor":13.0,"key":"Poison Potion"}],"is_trial":false,"path_per_floor":["M","M","M","?","?","R","M","R","T","?","?","$","M","M","R","B",null,"M","?","?","T","$","R","E","R","T","M","M","?","$","M"],"character_chosen":"THE_SILENT","items_purchased":["Backflip","Footwork"],"campfire_rested":1,"item_purchase_floors":[12,22],"current_hp_per_floor":[58,57,57,39,39,39,39,39,39,28,28,28,26,15,34,27,56,56,56,56,56,56,56,34,34,34,34,23,13,13,0,0],"gold":85,"neow_bonus":"TRANSFORM_TWO_CARDS","is_daily":false,"chose_seed":false,"campfire_upgraded":4,"win_rate":0.0,"timestamp":1612722179,"path_taken":["M","?","M","?","?","R","?","R","T","?","?","$","?","M","R","BOSS","M","?","?","?","$","R","E","R","T","?","M","?","$","M"],"items_purchased_type":["Card","Card"],"build_version":"2020-12-22","purchased_purges":2,"victory":false,"max_hp_per_floor":[66,66,66,66,66,66,66,66,66,66,66,66,66,66,66,66,66,66,66,66,66,66,66,66,66,66,66,66,66,66,66,66],"card_choices":[{"not_picked":["Outmaneuver","Cloak And Dagger"],"picked":"Blade Dance","floor":1.0},{"not_picked":["Bouncing Flask","Calculated Gamble"],"picked":"Heel Hook","floor":2.0},{"not_picked":["Catalyst","Expertise","Dagger Spray"],"picked":"SKIP","floor":3.0},{"not_picked":["Reflex","Riddle With Holes","Expertise"],"picked":"SKIP","floor":7.0},{"not_picked":["Slice","Backflip"],"picked":"Poisoned Stab","floor":13.0},{"not_picked":["Deflect","Skewer"],"picked":"Backflip","floor":14.0},{"not_picked":["Phantasmal Killer","Burst"],"picked":"Adrenaline","floor":16},{"not_picked":["Bouncing Flask","All Out Attack"],"picked":"Catalyst","floor":18},{"not_picked":["Choke","Bane"],"picked":"Accuracy","floor":24},{"not_picked":["Reflex","Flying Knee","Underhanded Strike"],"picked":"SKIP","floor":27},{"not_picked":["Acrobatics","PiercingWail","Bane"],"picked":"SKIP","floor":28}],"player_experience":304575,"relics_obtained":[{"floor":9.0,"key":"Sundial"},{"floor":21,"key":"Tiny Chest"},{"floor":24,"key":"Potion Belt"},{"floor":29,"key":"Red Mask"}],"event_choices":[{"damage_healed":0.0,"max_hp_gain":0.0,"max_hp_loss":0.0,"gold_gain":0.0,"event_name":"Scrap Ooze","player_choice":"Success","floor":4.0,"gold_loss":0.0,"damage_taken":18.0,"relics_obtained":["CeramicFish"]},{"damage_healed":0.0,"max_hp_gain":0.0,"max_hp_loss":0.0,"gold_gain":0.0,"event_name":"Living Wall","player_choice":"Grow","floor":5.0,"gold_loss":0.0,"damage_taken":0.0,"cards_upgraded":["Leg Sweep"]},{"damage_healed":0.0,"max_hp_gain":0.0,"max_hp_loss":0.0,"gold_gain":75.0,"event_name":"World of Goop","player_choice":"Gather Gold","floor":10.0,"gold_loss":0.0,"damage_taken":11.0},{"cards_removed":["Defend_G"],"damage_healed":0.0,"max_hp_gain":0.0,"max_hp_loss":0.0,"gold_gain":0.0,"event_name":"Purifier","player_choice":"Purged","floor":11.0,"gold_loss":0.0,"damage_taken":0.0},{"damage_healed":0,"gold_gain":0,"player_choice":"Read","damage_taken":0,"max_hp_gain":0,"max_hp_loss":0,"event_name":"The Library","floor":19,"gold_loss":0,"cards_obtained":["Accuracy"]},{"cards_removed":["Strike_G"],"damage_healed":0,"gold_gain":0,"player_choice":"Gave Gold","damage_taken":0,"max_hp_gain":0,"max_hp_loss":0,"event_name":"Beggar","floor":20,"gold_loss":75},{"damage_healed":0,"gold_gain":0,"player_choice":"Fought Bandits","damage_taken":0,"max_hp_gain":0,"max_hp_loss":0,"event_name":"Masked Bandits","floor":29,"gold_loss":0}],"is_beta":false,"boss_relics":[{"not_picked":["WristBlade","Runic Pyramid"],"picked":"Sozu"}],"items_purged_floors":[12,30],"is_endless":false,"potions_floor_spawned":[2,3,13,14,18,29],"killed_by":"Sentry and Sphere","ascension_level":17}}