{"host":"Lucas","time":1612725520,"event":{"mods":["BaseMod","Downfall","Minty Spire (QoL Compilation)","READ ME - Guardian Mod","StSLib","The Cursed","The Disciple","The Necromancer","The Servant 0.9.4"],"gold_per_floor":[99,119,132,142,127,153,153,153,153,116,128,128,142,155,166,261,261,261,273,290,390,408,408,408,424,424,424,424,437,454,189,208,208,208,208],"floor_reached":33,"language":"ENG","playtime":4060,"items_purged":[],"score":278,"play_id":"46c82ae6-cefe-49ad-80db-23ad90b391f0","local_time":"20210207191840","is_ascension_mode":false,"campfire_choices":[{"data":"sneckomod:TailWhip","floor":1.0,"key":"SMITH"},{"floor":12.0,"key":"REST"},{"data":"bronze:SpaghettiCode","floor":18.0,"key":"SMITH"},{"floor":26,"key":"REST"},{"floor":27,"key":"REST"}],"circlet_count":0,"master_deck":["sneckomod:Strike","sneckomod:Strike","sneckomod:Strike","sneckomod:Defend","sneckomod:Defend","sneckomod:Defend","sneckomod:TailWhip+1","sneckomod:SnekBite","sneckomod:Unknown","sneckomod:Unknown","sneckomod:SoulDraw","sneckomod:IronFang","sneckomod:UnknownUncommonSkill","sneckomod:UnknownCommonSkill","sneckomod:Cheat","Regret","sneckomod:SoulCleanse","sneckomod:RainOfDice","sneckomod:QuickMove","sneckomod:CheapStock","sneckomod:ImprovisedAttack","bronze:SpaghettiCode+1","sneckomod:UnendingSupply","sneckomod:DiceBoulder","sneckomod:DiceBoulder+1","sneckomod:UnknownClassTHE_CHAMP_GRAY","sneckomod:DiceBoulder+1","champ:TripleStrike","sneckomod:DiceCrush+1","sneckomod:SerpentIdol+1","sneckomod:WideSting+1","expansioncontent:QuickStudy","sneckomod:Unknown1Cost"],"relics":["sneckomod:SuperSneckoSoul","Darkstone Periapt","Vajra","Tiny Chest","Ornamental Fan","WingedGreaves","Meat on the Bone","Sundial","MealTicket"],"acts_visited":["Exordium","TheCity"],"potions_floor_usage":[29,33,33,33],"damage_taken":[{"damage":5.0,"enemies":"Small Slimes","floor":2.0,"turns":3.0},{"damage":0.0,"enemies":"Jaw Worm","floor":3.0,"turns":2.0},{"damage":1.0,"enemies":"2 Louse","floor":4.0,"turns":3.0},{"damage":0.0,"enemies":"downfall:FleeingMerchant","floor":5.0,"turns":4.0},{"damage":20.0,"enemies":"Lagavulin","floor":6.0,"turns":8.0},{"damage":7.0,"enemies":"downfall:FleeingMerchant","floor":10.0,"turns":4.0},{"damage":9.0,"enemies":"2 Fungi Beasts","floor":11.0,"turns":3.0},{"damage":11.0,"enemies":"Large Slime","floor":13.0,"turns":6.0},{"damage":11.0,"enemies":"Gremlin Gang","floor":14.0,"turns":6.0},{"damage":7.0,"enemies":"Red Slaver","floor":15.0,"turns":3.0},{"damage":29.0,"enemies":"SI_SHIV_ARCHETYPE","floor":16.0,"turns":9.0},{"damage":35.0,"enemies":"3 Byrds","floor":19.0,"turns":7.0},{"damage":36.0,"enemies":"Spheric Guardian","floor":20.0,"turns":6.0},{"damage":29.0,"enemies":"Colosseum Nobs","floor":21.0,"turns":5.0},{"damage":8.0,"enemies":"Shelled Parasite and Fungi","floor":22.0,"turns":3.0},{"damage":45,"enemies":"3 Cultists","floor":25,"turns":7},{"damage":25,"enemies":"Centurion and Healer","floor":29,"turns":5},{"damage":11,"enemies":"Sentry and Sphere","floor":30,"turns":3},{"damage":15,"enemies":"downfall:FleeingMerchant","floor":31,"turns":4},{"damage":43,"enemies":"Snake Plant","floor":32,"turns":4},{"damage":57,"enemies":"DF_ARCHETYPE_CLAW","floor":33,"turns":5}],"seed_played":"6291964205229600023","potions_obtained":[{"floor":3.0,"key":"sneckomod:CheatPotion"},{"floor":4.0,"key":"FearPotion"},{"floor":14.0,"key":"LiquidBronze"},{"floor":16.0,"key":"PowerPotion"},{"floor":21.0,"key":"ColorlessPotion"},{"floor":22.0,"key":"GamblersBrew"},{"floor":25,"key":"Swift Potion"},{"floor":29,"key":"Explosive Potion"}],"is_trial":false,"path_per_floor":["R","M","M","M","$","E","T","?","T","$","M","R","M","M","M","B",null,"R","M","M","?","M","?","T","M","R","R","T","M","M","$","M","B"],"character_chosen":"THE_SNECKO","items_purchased":["sneckomod:RainOfDice","expansioncontent:QuickStudy","Regen Potion"],"campfire_rested":3,"item_purchase_floors":[10,31,31],"current_hp_per_floor":[99,94,94,93,93,73,73,79,79,72,63,94,83,72,65,36,105,105,75,39,10,14,49,49,16,47,78,78,53,54,54,23,0,0,0],"gold":208,"neow_bonus":"TEN_PERCENT_HP_BONUS","is_daily":false,"chose_seed":false,"campfire_upgraded":2,"win_rate":0.0,"timestamp":1612725520,"path_taken":["R","M","M","M","$","E","T","?","?","$","M","R","M","M","M","BOSS","R","M","M","?","M","?","T","M","R","R","?","M","M","$","M","BOSS"],"items_purchased_type":["Card","Card","Potion"],"build_version":"2020-12-18","purchased_purges":0,"victory":false,"max_hp_per_floor":[99,99,99,99,99,99,99,105,105,105,105,105,105,105,105,105,105,105,105,105,105,105,105,105,105,105,105,105,105,105,105,105,105,105,105],"card_choices":[{"not_picked":["sneckomod:UnknownCommonAttack","sneckomod:QuickMove"],"picked":"sneckomod:SoulDraw","floor":2.0},{"not_picked":["sneckomod:UnknownExhaust","sneckomod:SoulDraw"],"picked":"sneckomod:IronFang","floor":3.0},{"not_picked":["sneckomod:DiceCrush","sneckomod:QuickBite"],"picked":"sneckomod:UnknownUncommonSkill","floor":4.0},{"not_picked":["sneckomod:DiceBlock","sneckomod:Nope"],"picked":"sneckomod:UnknownCommonSkill","floor":5.0},{"not_picked":["sneckomod:Nope","sneckomod:DiceBlock"],"picked":"sneckomod:Cheat","floor":6.0},{"not_picked":["sneckomod:UnknownDraw","sneckomod:DiceCrush"],"picked":"sneckomod:SoulCleanse","floor":10.0},{"not_picked":["sneckomod:UnknownUncommonSkill","sneckomod:UnknownBlock"],"picked":"sneckomod:UnknownExhaust","floor":11.0},{"not_picked":["sneckomod:ImprovisedGuard","sneckomod:UnknownBlock"],"picked":"sneckomod:QuickMove","floor":13.0},{"not_picked":["sneckomod:SoulDraw","sneckomod:UnknownCommonAttack"],"picked":"sneckomod:CheapStock","floor":14.0},{"not_picked":["sneckomod:SoulCleanse","sneckomod:Nope"],"picked":"sneckomod:ImprovisedAttack","floor":15.0},{"not_picked":["sneckomod:MorePower","sneckomod:UnlimitedRolls"],"picked":"sneckomod:UnknownRareSkill","floor":16.0},{"not_picked":["sneckomod:UnknownExhaust","sneckomod:UnknownVulnerable"],"picked":"sneckomod:UnendingSupply","floor":19.0},{"not_picked":["sneckomod:DefensiveFlair","sneckomod:SnakeSap"],"picked":"sneckomod:DiceBoulder","floor":20.0},{"not_picked":["sneckomod:UnknownUncommonAttack","sneckomod:UnknownClassWHITE"],"picked":"sneckomod:DiceBoulder+1","floor":21.0},{"not_picked":["sneckomod:CheapStock+1","sneckomod:Unknown1Cost"],"picked":"sneckomod:UnknownClassTHE_CHAMP_GRAY","floor":22.0},{"not_picked":["sneckomod:CheapStock+1","sneckomod:UnknownUncommonPower"],"picked":"sneckomod:DiceBoulder+1","floor":25},{"not_picked":["sneckomod:Unknown1Cost","sneckomod:DefensiveFlair+1"],"picked":"sneckomod:DiceCrush+1","floor":29},{"not_picked":["sneckomod:UnknownDraw","sneckomod:UnknownUncommonSkill"],"picked":"sneckomod:SerpentIdol+1","floor":30},{"not_picked":["sneckomod:UnknownExhaust","sneckomod:RainOfDice"],"picked":"sneckomod:WideSting+1","floor":31},{"not_picked":["sneckomod:Nope","sneckomod:UnknownUncommonAttack"],"picked":"sneckomod:Unknown1Cost","floor":32}],"player_experience":1292883,"relics_obtained":[{"floor":6.0,"key":"Darkstone Periapt"},{"floor":7.0,"key":"Vajra"},{"floor":9.0,"key":"Ornamental Fan"},{"floor":21.0,"key":"WingedGreaves"},{"floor":21.0,"key":"Meat on the Bone"},{"floor":24.0,"key":"Sundial"},{"floor":28,"key":"MealTicket"}],"event_choices":[{"damage_healed":0.0,"max_hp_gain":0.0,"max_hp_loss":0.0,"gold_gain":0.0,"event_name":"Big Fish","player_choice":"Box","floor":8.0,"gold_loss":0.0,"damage_taken":0.0,"relics_obtained":["Tiny Chest"],"cards_obtained":["Regret"]},{"damage_healed":35.0,"max_hp_gain":0.0,"max_hp_loss":0.0,"gold_gain":0.0,"event_name":"The Library","player_choice":"Heal","floor":23.0,"gold_loss":0.0,"damage_taken":0.0}],"is_beta":true,"boss_relics":[{"not_picked":["Pandora\u0027s Box","Runic Pyramid"],"picked":"sneckomod:SuperSneckoSoul"}],"items_purged_floors":[],"is_endless":false,"potions_floor_spawned":[3,4,14,16,21,22,25,29],"killed_by":"DF_ARCHETYPE_CLAW","ascension_level":0}}