{"host":"aukiz5jlacd3g5yc","time":1612661928,"event":{"mods":["2.2 Compatiblity","BaseMod","Bestiary","Colored Map","Colored Powertips","Downfall","GifTheSpireLib","Hubris","Minty Spire (QoL Compilation)","Permanent Neow","Quick Restart","Random Character Button","Rare Cards Sparkle","Relic Sorter","Relic Stats","Replay The Spire","StSLib","everything is the same but u backflip on backflip","slay the spire mod where everything is the same but ironclad has a cowboy hat"],"gold_per_floor":[0,19,38,23,33,33,33,62,77,91,191,218,232,263,273,273,273,273],"floor_reached":16,"language":"ENG","playtime":892,"items_purged":[],"score":130,"play_id":"28ce0e9e-0c1a-4159-9b7c-976e53635a30","local_time":"20210206193848","is_ascension_mode":true,"campfire_choices":[{"data":"hexamod:Float","floor":1.0,"key":"SMITH"},{"data":"hexamod:HeatShield","floor":6.0,"key":"SMITH"}],"circlet_count":0,"master_deck":["hexamod:Strike","hexamod:Strike","hexamod:Strike","hexamod:Defend","hexamod:Defend","hexamod:Defend","hexamod:Sear","hexamod:Float+1","hexamod:VolcanoVisage+1","hexamod:Firestarter","hexamod:HeatShield+1","hexamod:GhostShield","hexamod:Hexaguard","hexamod:PhantomFireball","hexamod:GhostShield","hexamod:NightmareGuise","hexamod:RadiantFlame","hexamod:ThermalTransfer","hexamod:HeatMetal","hexamod:BurningTouch"],"relics":["hexamod:SpiritBrand","Replay:Bottled Flurry","StrikeDummy","Kunai","Mercury Hourglass"],"acts_visited":["Exordium"],"potions_floor_usage":[16,16],"damage_taken":[{"damage":0.0,"enemies":"Cultist","floor":2.0,"turns":3.0},{"damage":6.0,"enemies":"Jaw Worm","floor":3.0,"turns":3.0},{"damage":0.0,"enemies":"downfall:FleeingMerchant","floor":4.0,"turns":4.0},{"damage":0.0,"enemies":"2 Louse","floor":5.0,"turns":3.0},{"damage":3.0,"enemies":"Replay:BlueRogue","floor":8.0,"turns":5.0},{"damage":17.0,"enemies":"Large Slime","floor":9.0,"turns":6.0},{"damage":0.0,"enemies":"2 Fungi Beasts","floor":10.0,"turns":5.0},{"damage":14.0,"enemies":"downfall:Heads","floor":11.0,"turns":5.0},{"damage":7.0,"enemies":"Lagavulin","floor":12.0,"turns":6.0},{"damage":1.0,"enemies":"Red Slaver","floor":13.0,"turns":4.0},{"damage":11.0,"enemies":"3 Sentries","floor":14.0,"turns":6.0},{"damage":0.0,"enemies":"Blue Slaver","floor":15.0,"turns":4.0},{"damage":17,"enemies":"DF_ARCHETYPE_STREAMLINE","floor":16,"turns":4}],"seed_played":"-2100002199535116301","potions_obtained":[{"floor":3.0,"key":"Reflective Coating"},{"floor":5.0,"key":"hexamod:SoulburnPotion"},{"floor":9.0,"key":"Dexterity Potion"},{"floor":10.0,"key":"Guardian:BlockOnCardUsePotion"},{"floor":14.0,"key":"champ:CounterPotion"},{"floor":15.0,"key":"hexamod:SoulburnPotion"}],"is_trial":false,"path_per_floor":["R","M","M","$","M","R","T","E","M","M","?","E","M","E","M","B"],"character_chosen":"THE_SPIRIT","items_purchased":[],"campfire_rested":0,"item_purchase_floors":[],"current_hp_per_floor":[70,70,64,64,64,64,64,61,44,44,30,23,22,11,11,0,0,0],"gold":273,"neow_bonus":"THREE_RARE_CARDS","is_daily":false,"chose_seed":false,"campfire_upgraded":2,"win_rate":0.0,"timestamp":1612661928,"path_taken":["R","M","?","$","M","R","T","E","M","M","?","E","M","E","M","BOSS"],"items_purchased_type":[],"build_version":"2020-12-22","purchased_purges":0,"victory":false,"max_hp_per_floor":[70,70,70,70,70,70,70,70,70,70,70,70,70,70,70,70,70,70],"relic_stats":{"counters":[13,58],"Kunai":[1],"obtain_stats":[{"Replay:Bottled Flurry":7,"Kunai":12,"StrikeDummy":8,"hexamod:SpiritBrand":0,"Mercury Hourglass":14},{"Replay:Bottled Flurry":4,"Kunai":9,"StrikeDummy":5,"hexamod:SpiritBrand":0,"Mercury Hourglass":11},{"Replay:Bottled Flurry":13,"Kunai":40,"StrikeDummy":18,"hexamod:SpiritBrand":0,"Mercury Hourglass":50}],"Mercury Hourglass":[12]},"card_choices":[{"not_picked":["hexamod:Toasty","hexamod:FifthSeal"],"picked":"hexamod:VolcanoVisage","floor":0.0},{"not_picked":["hexamod:InspiringFlames","hexamod:NightmareGuise"],"picked":"hexamod:Firestarter","floor":2.0},{"not_picked":["hexamod:FlamesFromBeyond","hexamod:SoulSteal"],"picked":"hexamod:HeatShield","floor":3.0},{"not_picked":["hexamod:BacktrackSmack","hexamod:DynamicBlow","hexamod:ForkedFlame"],"picked":"SKIP","floor":4.0},{"not_picked":["hexamod:Incineration","hexamod:SwordOfDarkness"],"picked":"hexamod:GhostShield","floor":5.0},{"not_picked":["hexamod:InspiringFlames","hexamod:FastForward","hexamod:PowerFromBeyond"],"picked":"SKIP","floor":8.0},{"not_picked":["hexamod:FastForward","hexamod:BacktrackSmack"],"picked":"hexamod:Hexaguard","floor":9.0},{"not_picked":["hexamod:FourthSeal","hexamod:EmpoweredFlame"],"picked":"hexamod:PhantomFireball","floor":10.0},{"not_picked":["hexamod:DynamicBlow","hexamod:NightmareGuise"],"picked":"hexamod:GhostShield","floor":11.0},{"not_picked":["hexamod:FourthSeal","hexamod:SpectersWail"],"picked":"hexamod:RadiantFlame","floor":12.0},{"not_picked":["hexamod:Hexaguard","hexamod:NightmareGuise"],"picked":"hexamod:ThermalTransfer","floor":13.0},{"not_picked":["hexamod:ParanormalForm","hexamod:Rewind"],"picked":"hexamod:HeatMetal","floor":14.0},{"not_picked":["hexamod:SwordOfDarkness","hexamod:StepThrough"],"picked":"hexamod:BurningTouch","floor":15.0}],"player_experience":385068,"relics_obtained":[{"floor":7.0,"key":"Replay:Bottled Flurry"},{"floor":8.0,"key":"StrikeDummy"},{"floor":12.0,"key":"Kunai"},{"floor":14.0,"key":"Mercury Hourglass"}],"event_choices":[],"is_beta":false,"boss_relics":[],"items_purged_floors":[],"is_endless":false,"potions_floor_spawned":[3,5,9,10,14,15],"killed_by":"DF_ARCHETYPE_STREAMLINE","ascension_level":1}}