{"host":"z5bn7jsck728mmiq","time":1612658202,"event":{"mods":["BaseMod","Bestiary","DeckTracker","Downfall","Minty Spire (QoL Compilation)","Permanent Neow","StSLib","Trackpad","Wide Potions"],"gold_per_floor":[99,117,133,133,133,43,90,126,126,145,45,59,59,73,87,87,87],"floor_reached":16,"language":"ENG","playtime":444,"items_purged":["downfall:Icky"],"score":94,"play_id":"d4444779-36a1-4261-8155-aa9d2083ac1a","local_time":"20210206163642","is_ascension_mode":false,"campfire_choices":[{"floor":1,"key":"RECALL"},{"data":"Eruption","floor":11,"key":"SMITH"},{"data":"Swivel","floor":13,"key":"SMITH"}],"circlet_count":0,"master_deck":["Strike_P","Strike_P","Strike_P","Defend_P","Defend_P","Defend_P","Eruption+1","Vigilance","Worship","Swivel+1","PathToVictory+1","WheelKick","PathToVictory+1","Swivel","Wish","SignatureMove","EmptyBody","Wallop"],"relics":["PureWater","downfall:HeartBlessingBlue"],"acts_visited":["Exordium"],"potions_floor_usage":[],"damage_taken":[{"damage":11,"enemies":"2 Louse","floor":2,"turns":3},{"damage":0,"enemies":"Jaw Worm","floor":3,"turns":4},{"damage":2,"enemies":"downfall:FleeingMerchant","floor":6,"turns":4},{"damage":0,"enemies":"Cultist","floor":8,"turns":3},{"damage":10,"enemies":"Looter","floor":10,"turns":3},{"damage":0,"enemies":"Exordium Thugs","floor":12,"turns":3},{"damage":8,"enemies":"2 Fungi Beasts","floor":14,"turns":3},{"damage":0,"enemies":"3 Louse","floor":15,"turns":2},{"damage":47,"enemies":"Slime Boss","floor":16,"turns":6}],"seed_played":"-8143200628336228762","potions_obtained":[{"floor":3,"key":"Strength Potion"},{"floor":8,"key":"FearPotion"}],"is_trial":false,"path_per_floor":["R","M","M","?","?","$","T","M","?","M","R","M","R","M","M","B"],"character_chosen":"WATCHER","items_purchased":[],"campfire_rested":0,"item_purchase_floors":[],"current_hp_per_floor":[65,54,54,54,54,52,52,52,52,42,52,52,52,44,44,0,0],"gold":87,"neow_bonus":"TRANSFORM_TWO_CARDS","is_daily":false,"chose_seed":false,"campfire_upgraded":2,"win_rate":0.0,"timestamp":1612658202,"path_taken":["R","M","M","?","?","$","T","?","?","M","R","M","R","?","M","BOSS"],"items_purchased_type":[],"build_version":"2020-12-22","purchased_purges":1,"victory":false,"max_hp_per_floor":[65,65,65,65,65,65,65,65,65,65,75,75,75,75,75,75,75],"card_choices":[{"not_picked":["BowlingBash","WindmillStrike"],"picked":"PathToVictory","floor":2},{"not_picked":["CrushJoints","Crescendo"],"picked":"WheelKick","floor":3},{"not_picked":["Adaptation","Crescendo"],"picked":"Wish","floor":6},{"not_picked":["Evaluate","FlurryOfBlows"],"picked":"SignatureMove","floor":8},{"not_picked":["FollowUp","BattleHymn","Pray"],"picked":"SKIP","floor":10},{"not_picked":["BowlingBash","CrushJoints"],"picked":"EmptyBody","floor":12},{"not_picked":["Weave","WheelKick","Fasting2"],"picked":"SKIP","floor":14},{"not_picked":["ThirdEye","Evaluate"],"picked":"Wallop","floor":15}],"player_experience":118661,"relics_obtained":[],"event_choices":[{"damage_healed":0,"gold_gain":0,"player_choice":"Grow","damage_taken":0,"max_hp_gain":0,"max_hp_loss":0,"event_name":"Living Wall","floor":4,"gold_loss":0,"cards_upgraded":["PathToVictory"]},{"damage_healed":0,"gold_gain":0,"player_choice":"Ignored","damage_taken":0,"max_hp_gain":0,"max_hp_loss":0,"event_name":"NoteForYourself","floor":9,"gold_loss":0}],"is_beta":false,"boss_relics":[],"items_purged_floors":[6],"is_endless":false,"potions_floor_spawned":[3,8,15],"killed_by":"Slime Boss","ascension_level":0}}