{"host":"q5l3nirlejh5mn15","time":1612672613,"event":{"mods":["100% Spire Juice","BaseMod","Downfall","Energized Spire","Hermit","Koishi","Marisa£®ÏF”Í°°ƒß¿Ì…≥£©","Minty Spire (QoL Compilation)","MostiFishMod","Reimu£®≤©¿ˆ¡È√Œ£©","Relic Filter Mod","Reliquary","Remilia£®¿Ÿ√◊¿Ú—«£©","RumiaBox-¬∂√◊Ê´µƒ…Ò√ÿ∫–◊”","Spicy Shops","StSLib","The Hierophant","The Servant 0.9.4","Warlord Emblem","[IsaacMod]“‘»ˆº‚À˛","°æπ¶ƒ‹Mod°øªÏ„Á÷Æª∑–ﬁ∏¥≤π∂°"],"gold_per_floor":[118,118,168,186,151,180,199,199,224,224,273,52,52,52,52,148,148,163,8,8,8,8,8,8,28,101,119,151,151,166,166],"floor_reached":30,"language":"ZHS","playtime":888,"items_purged":["Strike_RM"],"score":452,"play_id":"f3bb735c-9741-4892-842b-ca76608d36c2","local_time":"20210207123653","is_ascension_mode":false,"campfire_choices":[{"floor":8,"key":"REST"},{"data":"ScarletCoffin","floor":10,"key":"SMITH"},{"data":"BombardNight","floor":13,"key":"SMITH"},{"data":"MiserableFate","floor":15,"key":"SMITH"},{"data":"Slimebound:CheckThePlaybook","floor":23,"key":"SMITH"}],"circlet_count":0,"master_deck":["Strike_RM","Strike_RM","Strike_RM","Defend_RM","Defend_RM","Defend_RM","Defend_RM","RedMoon","ScarletShoot","BettingIsNotGood","BombardNight+1","ScarletCoffin+1","MiserableFate+1","MostiFishMod:Neptune","MostiFishMod:TheEndOfMoonlight","MostiFishMod:SparklingWater+1","MostiFishMod:FantasySummer","MostiFishMod:NightSea","Slimebound:CheckThePlaybook+1","Pride"],"relics":["ScarletHat","HushsDoor","DaveBox","BirthdayGift-Tetrahedron","PokeGo","SynthV:TestCard","Baka","Ccalipers","TuHaoJin","Omamori","WingedGreaves","WingedGreaves","Akabeko","reliquary:PartyBalloon","reliquary:Sideboard","Chaos","energizedSpire:NeverEndingSparkler","MoonlightInvasionPlan","GuppysTail","reliquary:BrokenClock","sneckomod:BabySnecko","reliquary:BallBearing","AddBug","ScarletHat","GodSword1","GreatHeart"],"acts_visited":["Exordium","TheCity"],"potions_floor_usage":[],"damage_taken":[{"damage":2,"enemies":"Jaw Worm","floor":1,"turns":2},{"damage":40,"enemies":"Hiden Room Battle","floor":3,"turns":5},{"damage":0,"enemies":"2 Louse","floor":4,"turns":1},{"damage":7,"enemies":"3 Sentries","floor":6,"turns":3},{"damage":2,"enemies":"Cultist","floor":7,"turns":2},{"damage":2,"enemies":"Gremlin Nob","floor":11,"turns":2},{"damage":24,"enemies":"The Guardian","floor":16,"turns":5},{"damage":2,"enemies":"3 Byrds","floor":18,"turns":2},{"damage":3,"enemies":"Spheric Guardian","floor":25,"turns":1},{"damage":8,"enemies":"Chosen and Byrds","floor":27,"turns":2},{"damage":4,"enemies":"Book of Stabbing","floor":28,"turns":2},{"damage":3,"enemies":"Snake Plant","floor":30,"turns":2}],"seed_played":"-8289792703546298043","potions_obtained":[{"floor":1,"key":"AttackPotion"},{"floor":4,"key":"Fire Potion"},{"floor":7,"key":"SpeedPotion"},{"floor":7,"key":"LiquidBronze"}],"is_trial":false,"path_per_floor":["M","?","?","M","?","E","M","R","T","R","E","$","R","$","R","B",null,"M","$","?","?","?","R","$","M","T","M","E","?","M"],"character_chosen":"REMILIA","items_purchased":["Chaos","GuppysTail","reliquary:BrokenClock"],"campfire_rested":1,"item_purchase_floors":[12,17,19],"current_hp_per_floor":[74,62,11,11,29,22,22,44,44,44,43,43,43,43,43,29,65,64,64,64,64,64,64,64,61,61,53,55,55,54,54],"gold":166,"neow_bonus":"ONE_RANDOM_RARE_CARD","is_daily":false,"chose_seed":false,"campfire_upgraded":4,"win_rate":0.0,"timestamp":1612672613,"path_taken":["M","?","?","M","?","E","M","R","T","R","E","$","R","?","R","BOSS","M","$","?","?","?","R","?","M","T","?","E","?","M"],"items_purchased_type":["Card","Relic","Relic"],"build_version":"2020-12-22","purchased_purges":1,"victory":false,"max_hp_per_floor":[75,75,75,75,75,75,75,75,75,75,75,75,75,75,75,75,65,65,65,65,65,65,65,65,65,65,65,65,65,65,65],"card_choices":[{"not_picked":[],"picked":"BettingIsNotGood","floor":0},{"not_picked":["ChainGang","BombardNight","ForbiddenFruit"],"picked":"SKIP","floor":1},{"not_picked":["UnstableMagic","FavorOfDestiny","EndlessAdversity","StarOfDavid"],"picked":"BombardNight","floor":3},{"not_picked":["Stigmanizer","ScarletDevil","SuperhumanBloodyKnife","CharismaGuard"],"picked":"ScarletCoffin","floor":4},{"not_picked":["ScarletSymphony","Septette","Bomb","UnstableMagic"],"picked":"MiserableFate","floor":6},{"not_picked":["NightDance","ReincarnationDial","UnderTheZenith","ChainGang","Stigmanizer"],"picked":"SKIP","floor":7},{"not_picked":["BloodHunter","ScarletDevil","Septette","RedRainbow"],"picked":"BombardNight","floor":11},{"not_picked":["BloodySeventeenLaser","KillingBlow","ScarletCoffin","CurseOfVladTepes"],"picked":"QueenOfMidnight","floor":16},{"not_picked":["MastersStateliness+1","AfternoonTea","BloodHunter","UnderTheZenith"],"picked":"BombardNight","floor":18},{"not_picked":["ChainGang","ScarletGensokyo","VampirishNight+1","DevilSight","UnstableMagic"],"picked":"SKIP","floor":25},{"not_picked":["FitfulNightmare","UltimateOffering","BombardNight","VampireClaw"],"picked":"DemonKingCradle","floor":27},{"not_picked":["BombardNight","BloodyMagicSquare","UnderTheZenith","StarOfDavid"],"picked":"ScarletSymphony","floor":28}],"player_experience":245517,"relics_obtained":[{"floor":1,"key":"SynthV:TestCard"},{"floor":1,"key":"Baka"},{"floor":3,"key":"TuHaoJin"},{"floor":3,"key":"Omamori"},{"floor":3,"key":"WingedGreaves"},{"floor":3,"key":"WingedGreaves"},{"floor":6,"key":"Akabeko"},{"floor":9,"key":"reliquary:PartyBalloon"},{"floor":11,"key":"reliquary:Sideboard"},{"floor":16,"key":"energizedSpire:NeverEndingSparkler"},{"floor":26,"key":"reliquary:BallBearing"},{"floor":27,"key":"AddBug"},{"floor":28,"key":"ScarletHat"},{"floor":28,"key":"GodSword1"}],"event_choices":[{"damage_healed":0,"gold_gain":0,"player_choice":"Success","damage_taken":12,"relics_obtained":["Ccalipers"],"max_hp_gain":0,"max_hp_loss":0,"event_name":"Scrap Ooze","floor":2,"gold_loss":0},{"damage_healed":0,"gold_gain":0,"player_choice":"Fight","damage_taken":0,"max_hp_gain":0,"max_hp_loss":0,"event_name":"HidenRoomEvent","floor":3,"gold_loss":0},{"damage_healed":18,"gold_gain":0,"player_choice":"Healed","damage_taken":0,"max_hp_gain":0,"max_hp_loss":0,"event_name":"The Cleric","floor":5,"gold_loss":35}],"is_beta":false,"boss_relics":[{"not_picked":["reliquary:ExpiredCoupon","DeathBook"],"picked":"MoonlightInvasionPlan"},{"not_picked":[]}],"items_purged_floors":[12],"is_endless":false,"potions_floor_spawned":[1,4,7,25,28],"killed_by":"Snake Plant","ascension_level":0}}