{"host":"hw4a6ivmtgcf119c","time":1612676881,"event":{"mods":["Abigail Mod","Aspiration","Astrologer","BaseMod","Better Third Choice","BetterRewards","Conspire","DeckTracker","Energized Spire","Gremlin Mod","Halation","Hermit","Hubris","Jorbs\u0027s Wanderer Trilogy","Marisa????????","Minty Spire (QoL Compilation)","Rare Cards Sparkle","StSLib","The Alterego","The Animator","The Bladedancer","The Cursed","The Disciple","The Hayseed","The Hierophant","The Marked","The Mystic","The Necromancer","The Poker Player","The Servant 0.9.4","The Spell Scribe","WarShipGirlsR/????R mod"],"gold_per_floor":[109,128,34,50,63,63,95,95,95,95,111,111,124,135,135,238,238,250,106,118,137,148,148,181,181,181,0,13,30,44,64,64,163,163,178,194,212,224,234,234,17,34,61,61,93,0,0,0,0,0,0],"floor_reached":50,"language":"ENG","playtime":3390,"items_purged":["Strike_W","Strike_W"],"score":552,"play_id":"d243d016-0200-439e-b547-36e1ac554d48","local_time":"20210206234801","is_ascension_mode":false,"campfire_choices":[{"data":"Finger_Of_Death","floor":6,"key":"SMITH"},{"floor":10,"key":"REST"},{"data":"Blood_Is_Power","floor":12,"key":"SMITH"},{"data":"Bone_Shift","floor":15,"key":"SMITH"},{"data":"Bone_Shift","floor":23,"key":"SMITH"},{"data":"Bones_to_Steel","floor":25,"key":"SMITH"},{"data":"Uncharnel","floor":32,"key":"SMITH"},{"data":"Summon_Undead_Army","floor":40,"key":"SMITH"},{"floor":44,"key":"REST"},{"data":"Summon_Undead","floor":49,"key":"SMITH"}],"circlet_count":0,"master_deck":["Strike_W","Strike_W","Defend_W","Defend_W","Defend_W","Defend_W","Negative_Energy_Arrows","Bone_Wall","Life_Tap","Negative_Energy_Javelin","Bones_to_Steel+1","Death_March_Dance","Life_Drain","Finger_Of_Death+1","Bone_Shift+1","Blood_Is_Power+1","Spectral_Armor","Vampiric_Strike","Summon_Death_Knight","Bone_Armory+1","Bone_Armory","Blood_for_Blood+1","Bone_Shift+1","Uncharnel+1","Shade_Step+1","Summon_Undead_Army+1","Blood_Is_Power","Uncharnel+1","Summon_Vampire_Lady","Shade_Step+1","Shackles_Of_Pain+1","Bones_to_Steel+1","Hellfire","Bone_Armory","Summon_Undead+1"],"relics":["Vampire_Amulet","Mummified Hand","halation:EternalFortune","halation:WeightlessCrab","Velvet Choker","hubris:Metronome","conspire:Flyswatter","hubris:VirtuousBlindfold","Nunchaku","aspiration:HatOfInfinitePower","Red Mask"],"acts_visited":["Exordium","TheCity","TheBeyond"],"potions_floor_usage":[16,22,37,42,50,50,50],"damage_taken":[{"damage":3,"enemies":"Cultist","floor":1,"turns":5},{"damage":2,"enemies":"Jaw Worm","floor":2,"turns":5},{"damage":1,"enemies":"2 Louse","floor":4,"turns":4},{"damage":33,"enemies":"Exordium Wildlife","floor":5,"turns":7},{"damage":45,"enemies":"Gremlin Nob","floor":7,"turns":5},{"damage":7,"enemies":"Looter","floor":11,"turns":3},{"damage":10,"enemies":"Lots of Slimes","floor":13,"turns":3},{"damage":8,"enemies":"Blue Slaver","floor":14,"turns":3},{"damage":61,"enemies":"Slime Boss","floor":16,"turns":11},{"damage":9,"enemies":"conspire:FuzzyDice","floor":18,"turns":8},{"damage":17,"enemies":"Chosen","floor":20,"turns":6},{"damage":23,"enemies":"Shelled Parasite and Fungi","floor":21,"turns":7},{"damage":28,"enemies":"Cultist and Chosen","floor":22,"turns":10},{"damage":22,"enemies":"conspire:SneckoGhost","floor":24,"turns":10},{"damage":16,"enemies":"Snake Plant","floor":28,"turns":5},{"damage":2,"enemies":"Chosen and Byrds","floor":29,"turns":5},{"damage":12,"enemies":"Snecko","floor":30,"turns":6},{"damage":8,"enemies":"conspire:HollyBat","floor":31,"turns":8},{"damage":35,"enemies":"Champ","floor":33,"turns":11},{"damage":7,"enemies":"Orb Walker","floor":35,"turns":4},{"damage":29,"enemies":"3 Darklings","floor":36,"turns":6},{"damage":14,"enemies":"Sphere and 2 Shapes","floor":37,"turns":6},{"damage":47,"enemies":"Jaw Worm Horde","floor":38,"turns":5},{"damage":36,"enemies":"Spire Growth","floor":39,"turns":6},{"damage":36,"enemies":"Transient","floor":42,"turns":5},{"damage":19,"enemies":"Nemesis","floor":45,"turns":6},{"damage":108,"enemies":"hubris:GrandSnecko","floor":50,"turns":12}],"seed_played":"-5799161263878663608","potions_obtained":[{"floor":1,"key":"SpeedPotion"},{"floor":11,"key":"PowerPotion"},{"floor":16,"key":"SkillPotion"},{"floor":18,"key":"Fire Potion"},{"floor":24,"key":"Swift Potion"},{"floor":28,"key":"PowerPotion"},{"floor":39,"key":"Fire Potion"},{"floor":42,"key":"Dexterity Potion"}],"is_trial":false,"path_per_floor":["M","M","$","M","M","R","E","?","T","R","M","R","M","M","R","B",null,"M","$","M","M","M","R","E","R","T","$","M","M","M","M","R","B",null,"M","M","M","M","M","R","$","M","T","R","E","?","$","?","R","B"],"character_chosen":"NECROMANCER","items_purchased":["Bones_to_Steel","Death_March_Dance","Bone_Armory","Summon_Undead_Army","Hellfire","Bone_Armory"],"campfire_rested":2,"item_purchase_floors":[3,3,19,27,41,41],"current_hp_per_floor":[81,81,81,82,53,53,20,23,23,48,49,49,55,49,49,34,85,85,85,76,69,60,60,54,54,54,54,46,56,62,67,67,49,91,91,74,81,56,42,42,42,28,28,55,57,57,57,57,57,0,0],"gold":0,"neow_bonus":"TEN_PERCENT_HP_BONUS","is_daily":false,"chose_seed":false,"campfire_upgraded":8,"win_rate":0.0,"timestamp":1612676881,"path_taken":["M","?","$","M","M","R","E","?","T","R","M","R","M","M","R","BOSS","M","$","M","M","M","R","E","R","T","$","M","M","M","M","R","BOSS","M","M","M","M","M","R","$","M","T","R","E","?","$","?","R","BOSS"],"items_purchased_type":["Card","Card","Card","Card","Card","Card"],"build_version":"2020-12-22","purchased_purges":2,"victory":false,"max_hp_per_floor":[82,82,82,82,82,82,82,85,85,85,85,85,85,85,85,85,85,85,85,85,85,88,88,88,88,88,88,88,88,91,91,91,91,91,91,91,91,91,91,91,91,91,91,91,91,91,91,91,91,91,91],"card_choices":[{"not_picked":["Chill_Blood","Bone_Armor"],"picked":"Life_Tap","floor":1},{"not_picked":["Negative_Energy_Shield","Vampiric_Strike"],"picked":"Negative_Energy_Javelin","floor":2},{"not_picked":["Epidemic","Bones_to_Steel"],"picked":"Life_Drain","floor":4},{"not_picked":["Blood_Curse","Death_Knell"],"picked":"Finger_Of_Death","floor":5},{"not_picked":["Shackles_Of_Pain","Bone_Bullets"],"picked":"Bone_Shift","floor":7},{"not_picked":["Violent_Necrosis","Acid_Javelin"],"picked":"Blood_Is_Power","floor":11},{"not_picked":["Negative_Energy_Mist","Negative_Energy_Burst"],"picked":"Spectral_Armor","floor":13},{"not_picked":["Finger_Of_Death","Blood_Curse"],"picked":"Vampiric_Strike","floor":14},{"not_picked":["Detonate_Bones","Reap_The_Weak"],"picked":"Summon_Death_Knight","floor":16},{"not_picked":["Negative_Energy_Mist","Bone_Shift"],"picked":"Bone_Armory+1","floor":18},{"not_picked":["Blood_Whip+1","Spectral_Walk"],"picked":"Blood_for_Blood+1","floor":20},{"not_picked":["Bone_Spikes","Chill_Blood"],"picked":"Bone_Shift","floor":21},{"not_picked":["Blood_Whip+1","Vampiric_Strike"],"picked":"Uncharnel+1","floor":22},{"not_picked":["Blood_Whip","Bone_Armor"],"picked":"Shade_Step+1","floor":24},{"not_picked":["Scare","Acid_Javelin+1"],"picked":"Blood_Is_Power","floor":28},{"not_picked":["Negative_Energy_Sphere","Death_March_Dance","Vampiric_Strike+1"],"picked":"SKIP","floor":29},{"not_picked":["Blood_Curse","Shade_Step","Chill_Blood"],"picked":"SKIP","floor":30},{"not_picked":["Toxic_Smoke_Screen","Finger_Of_Death"],"picked":"Uncharnel","floor":31},{"not_picked":["Reap_The_Weak","Summon_Death_Knight"],"picked":"Summon_Vampire_Lady","floor":33},{"not_picked":["Negative_Energy_Javelin","Blood_Is_Power"],"picked":"Shade_Step+1","floor":35},{"not_picked":["Epidemic","Finger_Of_Death","Thousand_Bone_Knives+1"],"picked":"SKIP","floor":36},{"not_picked":["Exploit","Chill_Blood+1","Death_March_Dance"],"picked":"SKIP","floor":37},{"not_picked":["Vampiric_Strike+1","Consume_Illness+1"],"picked":"Shackles_Of_Pain+1","floor":38},{"not_picked":["Chill_Blood+1","Death_Coil"],"picked":"Bones_to_Steel+1","floor":39},{"not_picked":["Reap_The_Weak","Scare+1","Toxic_Smoke_Screen"],"picked":"SKIP","floor":42},{"not_picked":["Flesh_Made_Foul","Summon_Undead_Army"],"picked":"Summon_Undead","floor":45}],"player_experience":434443,"relics_obtained":[{"floor":7,"key":"Mummified Hand"},{"floor":9,"key":"halation:WeightlessCrab"},{"floor":22,"key":"halation:EternalFortune"},{"floor":24,"key":"hubris:Metronome"},{"floor":26,"key":"conspire:Flyswatter"},{"floor":30,"key":"halation:EternalFortune"},{"floor":43,"key":"Nunchaku"},{"floor":45,"key":"aspiration:HatOfInfinitePower"}],"event_choices":[{"damage_healed":0,"gold_gain":0,"player_choice":"Paid","damage_taken":0,"relics_obtained":["Red Mask"],"max_hp_gain":0,"max_hp_loss":0,"event_name":"Tomb of Lord Red Mask","floor":46,"gold_loss":93},{"damage_healed":0,"gold_gain":0,"player_choice":"Leave","damage_taken":0,"max_hp_gain":0,"max_hp_loss":0,"event_name":"conspire:Investor","floor":48,"gold_loss":0}],"is_beta":false,"boss_relics":[{"not_picked":["SacredBark","hubris:ScarierMask"],"picked":"Velvet Choker"},{"not_picked":["halation:CatFaceCupcake","hubris:GrandSneckoEye"],"picked":"hubris:VirtuousBlindfold"}],"items_purged_floors":[19,27],"is_endless":false,"potions_floor_spawned":[1,11,16,18,24,28,29,33,35,39,42,45],"killed_by":"hubris:GrandSnecko","ascension_level":0}}