{"host":"3jpcvpprzj9sjffh","time":1612696856,"event":{"mods":["AchievementEnabler","BaseMod","Colored Map","Minty Spire (QoL Compilation)","Rare Cards Sparkle","SuperFastMode","everything is the same but u backflip on backflip"],"gold_per_floor":[112,127,19,32,32,66,78,88,115,115,115,115,139,139,139,269,269,294,141,141,56,44,44,62,24,24,45,45,68,84,124,124,124,124],"floor_reached":33,"language":"KOR","playtime":834,"items_purged":[],"score":269,"play_id":"62586f88-43dd-427f-b1c4-639f2d78e9e9","local_time":"20210207202056","is_ascension_mode":false,"campfire_choices":[{"floor":10.0,"key":"REST"},{"floor":12.0,"key":"REST"},{"data":"Pommel Strike","floor":15.0,"key":"SMITH"},{"data":"Juggernaut","floor":23.0,"key":"SMITH"},{"floor":32.0,"key":"REST"}],"circlet_count":0,"master_deck":["Strike_R","Strike_R","Strike_R","Strike_R","Strike_R","Defend_R","Defend_R","Defend_R","Defend_R","Bash","Rampage","Shrug It Off+1","Uppercut+1","Blood for Blood","Inflame","Perfected Strike","Evolve","Pommel Strike+1","Heavy Blade","Juggernaut+1","Metallicize+1","Iron Wave","Entrench+1","Whirlwind","Spot Weakness+1","Necronomicurse","Anger"],"relics":["Black Blood","Nunchaku","Pantograph","Anchor","Golden Idol","PreservedInsect","Bronze Scales","Ornamental Fan","Necronomicon","War Paint"],"acts_visited":["Exordium","TheCity"],"potions_floor_usage":[33],"damage_taken":[{"damage":13.0,"enemies":"Cultist","floor":1.0,"turns":5.0},{"damage":7.0,"enemies":"2 Louse","floor":2.0,"turns":2.0},{"damage":11.0,"enemies":"Jaw Worm","floor":4.0,"turns":2.0},{"damage":19.0,"enemies":"Lagavulin","floor":6.0,"turns":5.0},{"damage":11.0,"enemies":"Exordium Wildlife","floor":7.0,"turns":3.0},{"damage":33.0,"enemies":"Large Slime","floor":8.0,"turns":5.0},{"damage":9.0,"enemies":"Blue Slaver","floor":13.0,"turns":4.0},{"damage":49.0,"enemies":"Hexaghost","floor":16.0,"turns":6.0},{"damage":16.0,"enemies":"Chosen","floor":18.0,"turns":5.0},{"damage":22.0,"enemies":"2 Thieves","floor":22.0,"turns":4.0},{"damage":25.0,"enemies":"Shelled Parasite and Fungi","floor":24.0,"turns":5.0},{"damage":22.0,"enemies":"Snecko","floor":27.0,"turns":5.0},{"damage":6.0,"enemies":"Cultist and Chosen","floor":29.0,"turns":4.0},{"damage":23.0,"enemies":"Snake Plant","floor":30.0,"turns":4.0},{"damage":17.0,"enemies":"Book of Stabbing","floor":31.0,"turns":3.0},{"damage":72,"enemies":"Automaton","floor":33,"turns":6}],"seed_played":"-7690727912506881140","potions_obtained":[{"floor":1.0,"key":"Block Potion"},{"floor":6.0,"key":"FearPotion"},{"floor":16.0,"key":"BloodPotion"},{"floor":18.0,"key":"SteroidPotion"},{"floor":24.0,"key":"BlessingOfTheForge"},{"floor":30.0,"key":"Swift Potion"}],"is_trial":false,"path_per_floor":["M","M","$","M","$","E","M","M","T","R","?","R","M","?","R","B",null,"M","$","?","?","M","R","M","$","T","M","?","M","M","E","R","B"],"character_chosen":"IRONCLAD","items_purchased":["Uppercut","Blood for Blood","PreservedInsect","Whirlwind"],"campfire_rested":3,"item_purchase_floors":[3,3,19,25],"current_hp_per_floor":[73,72,72,67,67,54,49,22,22,46,46,68,65,65,65,31,74,70,70,70,70,60,60,47,47,47,51,35,41,30,25,47,0,0],"gold":124,"neow_bonus":"RANDOM_COMMON_RELIC","is_daily":false,"chose_seed":false,"campfire_upgraded":2,"win_rate":0.0,"timestamp":1612696856,"path_taken":["M","M","$","M","$","E","M","M","T","R","?","R","M","?","R","BOSS","M","$","?","?","M","R","M","$","T","M","?","M","M","E","R","BOSS"],"items_purchased_type":["Card","Card","Relic","Card"],"build_version":"2020-12-22","purchased_purges":0,"victory":false,"max_hp_per_floor":[80,80,80,80,80,80,80,80,80,80,74,74,74,74,74,74,74,74,74,74,74,74,74,74,74,74,74,74,74,74,74,74,74,74],"card_choices":[{"not_picked":["Carnage","Power Through"],"picked":"Rampage","floor":1.0},{"not_picked":["True Grit","Clash"],"picked":"Shrug It Off","floor":2.0},{"not_picked":["Seeing Red","Reckless Charge"],"picked":"Inflame","floor":4.0},{"not_picked":["True Grit","Wild Strike"],"picked":"Perfected Strike","floor":6.0},{"not_picked":["Bloodletting","Armaments"],"picked":"Evolve","floor":7.0},{"not_picked":["Hemokinesis","Ghostly Armor"],"picked":"Pommel Strike","floor":8.0},{"not_picked":["Fiend Fire","Iron Wave"],"picked":"Heavy Blade","floor":13.0},{"not_picked":["Immolate","Feed"],"picked":"Juggernaut","floor":16.0},{"not_picked":["True Grit+1","Bloodletting+1"],"picked":"Metallicize+1","floor":18.0},{"not_picked":["Uppercut","Headbutt"],"picked":"Iron Wave","floor":22.0},{"not_picked":["Battle Trance","Headbutt+1"],"picked":"Entrench+1","floor":24.0},{"not_picked":["Bludgeon","Pommel Strike"],"picked":"Spot Weakness","floor":27.0},{"not_picked":["Spot Weakness","Headbutt","Armaments+1"],"picked":"SKIP","floor":29.0},{"not_picked":["Blood for Blood+1","Cleave","Combust"],"picked":"SKIP","floor":30.0},{"not_picked":["Burning Pact","Havoc"],"picked":"Anger","floor":31.0}],"player_experience":307178,"relics_obtained":[{"floor":6.0,"key":"Pantograph"},{"floor":9.0,"key":"Anchor"},{"floor":26.0,"key":"Ornamental Fan"},{"floor":28.0,"key":"Necronomicon"},{"floor":31.0,"key":"War Paint"}],"event_choices":[{"damage_healed":0.0,"max_hp_gain":0.0,"max_hp_loss":6.0,"gold_gain":0.0,"event_name":"Golden Idol","player_choice":"Lose Max HP","floor":11.0,"gold_loss":0.0,"damage_taken":0.0,"relics_obtained":["Golden Idol"]},{"damage_healed":0.0,"max_hp_gain":0.0,"max_hp_loss":0.0,"gold_gain":0.0,"event_name":"Living Wall","player_choice":"Grow","floor":14.0,"gold_loss":0.0,"damage_taken":0.0,"cards_upgraded":["Uppercut"]},{"damage_healed":0.0,"max_hp_gain":0.0,"max_hp_loss":0.0,"gold_gain":0.0,"event_name":"Ghosts","player_choice":"Ignored","floor":20.0,"gold_loss":0.0,"damage_taken":0.0},{"damage_healed":0.0,"max_hp_gain":0.0,"max_hp_loss":0.0,"gold_gain":0.0,"event_name":"Addict","player_choice":"Obtained Relic","floor":21.0,"gold_loss":85.0,"damage_taken":0.0,"relics_obtained":["Bronze Scales"]},{"damage_healed":0.0,"max_hp_gain":0.0,"max_hp_loss":0.0,"gold_gain":0.0,"event_name":"Cursed Tome","player_choice":"Obtained Book","floor":28.0,"gold_loss":0.0,"damage_taken":16.0}],"is_beta":false,"boss_relics":[{"not_picked":["Philosopher\u0027s Stone","Calling Bell"],"picked":"Black Blood"}],"items_purged_floors":[],"is_endless":false,"potions_floor_spawned":[1,6,16,18,24,30],"killed_by":"Automaton","ascension_level":0}}