{"host":"4kmvpqjeiacgn1pr","time":1612742187,"event":{"mods":["A Penny For Your Troubles","AchievementEnabler","AlwaysNeverKeys","Aspiration","BaseMod","Bestiary","Better Altar","Better Match","Better Note","Better Sensory Stone","Better Skull","Better Third Choice","Better Vampires","BetterRewards","Colored Map","Colored Powertips","Conspire","Curses Come First","Downfall","Halation","Highlight Path","Infinite Spire","Minty Spire (QoL Compilation)","Permanent Neow","Quick Restart","Rare Cards Sparkle","Relic Sorter","Relic Stats","Replay The Spire","Reworked Bosses","Shop Mod","Smile Girya","Spicy Shops","Spikes Relics","StSLib","Waifu the Spire"],"gold_per_floor":[110,110,110,36,54,54,54],"floor_reached":6,"language":"ENG","playtime":294,"items_purged":[],"score":51,"play_id":"0623f430-4092-47df-8bf1-48e9587ee0b7","local_time":"20210207185627","is_ascension_mode":true,"campfire_choices":[],"circlet_count":0,"master_deck":["AscendersBane","Strike_G+1","Strike_G","Strike_G","Strike_G","Strike_G","Defend_G","Defend_G","Defend_G","Defend_G","Defend_G","Survivor","Neutralize","Notoriety","Mayhem","Underhanded Strike+1","Injury","ReplayTheSpireMod:Scrap Shanks"],"relics":["Ring of the Snake","Toxic Egg 2","aspiration:ChemicalBlood"],"acts_visited":["Exordium"],"potions_floor_usage":[6,6,6],"damage_taken":[{"damage":6,"enemies":"Cultist","floor":1,"turns":5},{"damage":7,"enemies":"2 Louse","floor":5,"turns":4},{"damage":35,"enemies":"3 Sentries","floor":6,"turns":8}],"seed_played":"2587657881375975501","potions_obtained":[{"floor":1,"key":"ColorlessPotion"}],"is_trial":false,"path_per_floor":["M","?","?","$","M","E"],"character_chosen":"THE_SILENT","items_purchased":["aspiration:ChemicalBlood"],"campfire_rested":0,"item_purchase_floors":[4],"current_hp_per_floor":[57,43,43,43,36,1,1],"gold":54,"neow_bonus":"RANDOM_COLORLESS_2","is_daily":false,"chose_seed":false,"campfire_upgraded":0,"win_rate":0.0,"timestamp":1612742187,"path_taken":["M","?","?","$","M","E"],"items_purchased_type":["Relic"],"build_version":"2020-12-22","purchased_purges":0,"victory":false,"max_hp_per_floor":[70,70,70,70,70,70,70],"relic_stats":{"counters":[3,17],"obtain_stats":[{"Toxic Egg 2":3,"Ring of the Snake":0,"aspiration:ChemicalBlood":4},{"Toxic Egg 2":1,"Ring of the Snake":0,"aspiration:ChemicalBlood":1},{"Toxic Egg 2":5,"Ring of the Snake":0,"aspiration:ChemicalBlood":5}],"Ring of the Snake":[6]},"card_choices":[{"not_picked":["Crow Ritual","Reforge"],"picked":"Mayhem","floor":0},{"not_picked":["Poisoned Stab","Slice"],"picked":"Underhanded Strike","floor":1},{"not_picked":["Poisoned Stab","Dagger Throw"],"picked":"ReplayTheSpireMod:Scrap Shanks","floor":5}],"player_experience":456636,"relics_obtained":[],"event_choices":[{"damage_healed":57,"gold_gain":0,"player_choice":"Upgrade","damage_taken":14,"max_hp_gain":0,"max_hp_loss":70,"event_name":"betterThird:BetterShining","floor":2,"gold_loss":0,"cards_upgraded":["Underhanded Strike","Strike_G"]}],"is_beta":false,"boss_relics":[],"items_purged_floors":[],"is_endless":false,"potions_floor_spawned":[1],"killed_by":"3 Sentries","ascension_level":10}}