{"host":"ecsunv2cvp1nq2km","time":1612708374,"event":{"mods":["BaseMod","Downfall","Googly Eyes","Hermit","Lobotomy","Minty Spire (QoL Compilation)","Replay The Spire","Robot Space Explorer","StSLib","The Animator","The Dragon Tamer"],"gold_per_floor":[114,114,127,77,129,158,175,210,286,313,313,338,338,357,357,460,460,473,487,412,431,431,465,483,517,517,536,536,536],"floor_reached":28,"language":"ZHS","playtime":1894,"items_purged":[],"score":380,"play_id":"895177ba-3040-4658-9e0c-b69049d106f8","local_time":"20210207223254","is_ascension_mode":true,"campfire_choices":[{"floor":13,"key":"REST"},{"floor":15,"key":"RECALL"}],"circlet_count":0,"master_deck":["Defend_G","Defend_G","Defend_G","Survivor","Neutralize+1","Masterful Stab+1","Calculated Gamble","Glass Knife","Dagger Spray","Finisher","Masterful Stab","Flying Knee","Caltrops+1","Burst","Deadly Poison+1","Accuracy+1","Sucker Punch+1","Bite","Bite","Bite","Bite","Bite","Blade Dance","Hidden Blade","Terror+1","Escape Plan"],"relics":["Ring of the Snake","Turnip","Whetstone","Art of War","Frozen Egg 2","TungstenRod","Akabeko","Black Star","MealTicket","Ginger","Sundial","Calipers"],"acts_visited":["Exordium","TheCity"],"potions_floor_usage":[8,8,16,23,25,27,28],"damage_taken":[{"damage":1,"enemies":"Jaw Worm","floor":1,"turns":4},{"damage":0,"enemies":"Small Slimes","floor":3,"turns":3},{"damage":28,"enemies":"Lagavulin","floor":6,"turns":8},{"damage":0,"enemies":"2 Louse","floor":7,"turns":1},{"damage":9,"enemies":"3 Sentries","floor":8,"turns":6},{"damage":0,"enemies":"Gremlin Nob","floor":10,"turns":3},{"damage":7,"enemies":"Lagavulin","floor":12,"turns":4},{"damage":0,"enemies":"Exordium Wildlife","floor":14,"turns":1},{"damage":13,"enemies":"Hexaghost","floor":16,"turns":9},{"damage":0,"enemies":"3 Byrds","floor":18,"turns":5},{"damage":1,"enemies":"Chosen","floor":19,"turns":3},{"damage":29,"enemies":"Snake Plant","floor":21,"turns":3},{"damage":0,"enemies":"Gremlin Leader","floor":23,"turns":6},{"damage":25,"enemies":"Centurion and Healer","floor":24,"turns":5},{"damage":32,"enemies":"Book of Stabbing","floor":25,"turns":5},{"damage":16,"enemies":"Chosen and Byrds","floor":27,"turns":6},{"damage":24,"enemies":"Gremlin Leader","floor":28,"turns":4}],"seed_played":"-623240277544113251","potions_obtained":[{"floor":1,"key":"Regen Potion"},{"floor":6,"key":"AttackPotion"},{"floor":12,"key":"Languid Potion"},{"floor":16,"key":"Doom Potion"},{"floor":21,"key":"PowerPotion"},{"floor":23,"key":"Elixir"},{"floor":25,"key":"Block Potion"},{"floor":27,"key":"Slimebound:ThreeZeroPotion"}],"is_trial":false,"path_per_floor":["M","?","M","?","?","E","M","E","T","E","?","E","R","M","R","B",null,"M","M","?","M","?","E","M","E","T","M","E"],"character_chosen":"THE_SILENT","items_purchased":[],"campfire_rested":1,"item_purchase_floors":[],"current_hp_per_floor":[76,73,73,73,73,45,45,51,51,51,37,30,53,53,53,40,77,77,76,76,47,47,53,36,18,18,14,0,0],"gold":536,"neow_bonus":"TEN_PERCENT_HP_BONUS","is_daily":false,"chose_seed":false,"campfire_upgraded":0,"win_rate":0.0,"timestamp":1612708374,"path_taken":["M","?","M","?","?","E","?","E","T","E","?","E","R","M","R","BOSS","M","M","?","M","?","E","M","E","T","M","E"],"items_purchased_type":[],"build_version":"2020-12-22","purchased_purges":0,"victory":false,"max_hp_per_floor":[77,77,77,77,77,77,77,77,77,77,77,77,77,77,77,77,77,77,77,77,77,53,53,53,53,53,53,53,53],"card_choices":[{"not_picked":["Acrobatics","Caltrops"],"picked":"Masterful Stab","floor":1},{"not_picked":["Backflip","Hidden Blade"],"picked":"Calculated Gamble","floor":3},{"not_picked":["Deflect","Dodge and Roll"],"picked":"Glass Knife","floor":6},{"not_picked":["Infinite Blades","Blade Dance"],"picked":"Dagger Spray","floor":7},{"not_picked":["Prepared","All Out Attack"],"picked":"Finisher","floor":8},{"not_picked":["Bane","Well Laid Plans+1"],"picked":"Masterful Stab","floor":10},{"not_picked":["Bane","Blade Dance"],"picked":"Flying Knee","floor":12},{"not_picked":["Distraction","Terror"],"picked":"Caltrops+1","floor":14},{"not_picked":["Bullet Time","Glass Knife"],"picked":"Burst","floor":16},{"not_picked":["ReplayTheSpireMod:Shiv Toss","Replay:Poison Smokescreen"],"picked":"Deadly Poison+1","floor":18},{"not_picked":["Outmaneuver","Bane"],"picked":"Accuracy+1","floor":19},{"not_picked":["Flying Knee","Poison Darts"],"picked":"Sucker Punch+1","floor":21},{"not_picked":["Deadly Poison","Reflex"],"picked":"Blade Dance","floor":23},{"not_picked":["Deflect","Prepared"],"picked":"Hidden Blade","floor":24},{"not_picked":["Expertise+1","Deflect"],"picked":"Terror+1","floor":25},{"not_picked":["Dagger Spray","Slice"],"picked":"Escape Plan","floor":27}],"player_experience":384286,"relics_obtained":[{"floor":6,"key":"Whetstone"},{"floor":8,"key":"Art of War"},{"floor":9,"key":"Frozen Egg 2"},{"floor":10,"key":"TungstenRod"},{"floor":12,"key":"Akabeko"},{"floor":23,"key":"MealTicket"},{"floor":23,"key":"Ginger"},{"floor":25,"key":"Sundial"},{"floor":25,"key":"Calipers"}],"event_choices":[{"damage_healed":0,"gold_gain":0,"player_choice":"Success","damage_taken":3,"relics_obtained":["Turnip"],"max_hp_gain":0,"max_hp_loss":0,"event_name":"Scrap Ooze","floor":2,"gold_loss":0},{"cards_removed":["Defend_G"],"damage_healed":0,"gold_gain":0,"player_choice":"Card Removal","damage_taken":0,"max_hp_gain":0,"max_hp_loss":0,"event_name":"The Cleric","floor":4,"gold_loss":50},{"damage_healed":0,"gold_gain":52,"player_choice":"Gained Gold","damage_taken":0,"max_hp_gain":0,"max_hp_loss":0,"event_name":"Golden Wing","floor":5,"gold_loss":0},{"damage_healed":0,"gold_gain":0,"player_choice":"Entered Light","damage_taken":15,"max_hp_gain":0,"max_hp_loss":0,"event_name":"Shining Light","floor":11,"gold_loss":0,"cards_upgraded":["Strike_G","Masterful Stab"]},{"cards_removed":["Defend_G"],"damage_healed":0,"gold_gain":0,"player_choice":"Gave Gold","damage_taken":0,"max_hp_gain":0,"max_hp_loss":0,"event_name":"Beggar","floor":20,"gold_loss":75},{"damage_healed":0,"gold_gain":0,"player_choice":"Became a vampire","damage_taken":0,"max_hp_gain":0,"max_hp_loss":24,"event_name":"Vampires","floor":22,"gold_loss":0,"cards_obtained":["Bite","Bite","Bite","Bite","Bite"]}],"is_beta":false,"boss_relics":[{"not_picked":["Cursed Key","Pandora\u0027s Box"],"picked":"Black Star"}],"items_purged_floors":[],"is_endless":false,"potions_floor_spawned":[1,6,12,16,21,23,25,27],"killed_by":"Gremlin Leader","ascension_level":1}}