{"host":"bg8va46pgqgvtzim","time":1612686873,"event":{"mods":["BaseMod","Minty Spire (QoL Compilation)","Quick Restart","StSLib","SuperFastMode"],"gold_per_floor":[113,113,38,38,52,70,70,70,91,135,149,149,196,196,212,252,152,170,211,246,266,266,397,397,418,418,254,266,283,303,303,333,353,353,388,388,414,513,545,555,570,670,686,705,722,722,722,818,818,834,853,868,570,582,582,615,292,311,342,394,394,404,404,404,415,465,465,480,480,480,480],"floor_reached":72,"language":"ZHS","playtime":7177,"items_purged":["Strike_R","Strike_R","Strike_R","Strike_R","Bash"],"score":1265,"play_id":"1f32565f-b120-4537-82db-ec842802efb4","local_time":"20210207163433","is_ascension_mode":true,"campfire_choices":[{"data":"Body Slam","floor":8,"key":"SMITH"},{"data":"True Grit","floor":12,"key":"SMITH"},{"data":"Armaments","floor":22,"key":"SMITH"},{"data":"Dark Embrace","floor":31,"key":"SMITH"},{"data":"Feel No Pain","floor":34,"key":"SMITH"},{"data":"Rampage","floor":46,"key":"SMITH"},{"data":"Feel No Pain","floor":47,"key":"SMITH"},{"data":"Corruption","floor":63,"key":"SMITH"},{"data":"Berserk","floor":67,"key":"SMITH"},{"data":"Metallicize","floor":70,"key":"SMITH"}],"circlet_count":0,"master_deck":["Defend_R+1","Defend_R","Defend_R+1","Defend_R+1","Body Slam+1","Dark Embrace+1","Metallicize+1","True Grit+1","Evolve","Armaments+1","Feel No Pain+1","Shrug It Off+1","Seeing Red+1","Power Through","Berserk+1","Intimidate+1","Feel No Pain+1","Corruption+1","Warcry+1","Warcry+1","Warcry+1","Battle Trance+1","Evaluate+1","Discovery","Thinking Ahead","Sanctity"],"relics":["Runic Dome","Bloody Idol","InkBottle","MealTicket","Pear","Strawberry","Odd Mushroom","Runic Pyramid","Bag of Preparation","Bronze Scales","Ornamental Fan","Dream Catcher","Du-Vu Doll","Letter Opener","Coffee Dripper","ClockworkSouvenir","StrikeDummy","PrismaticShard","Pen Nib","War Paint","Bottled Tornado","Champion Belt"],"acts_visited":["Exordium","TheCity","TheBeyond"],"potions_floor_usage":[10,20,32,65],"damage_taken":[{"damage":1,"enemies":"Cultist","floor":1,"turns":3},{"damage":2,"enemies":"2 Louse","floor":5,"turns":3},{"damage":3,"enemies":"Small Slimes","floor":6,"turns":3},{"damage":0,"enemies":"Blue Slaver","floor":9,"turns":4},{"damage":13,"enemies":"Gremlin Nob","floor":10,"turns":4},{"damage":1,"enemies":"Large Slime","floor":11,"turns":8},{"damage":0,"enemies":"Looter","floor":15,"turns":2},{"damage":13,"enemies":"3 Sentries","floor":16,"turns":7},{"damage":11,"enemies":"Exordium Thugs","floor":18,"turns":5},{"damage":0,"enemies":"Lagavulin","floor":19,"turns":8},{"damage":0,"enemies":"The Mushroom Lair","floor":20,"turns":4},{"damage":0,"enemies":"Blue Slaver","floor":21,"turns":3},{"damage":10,"enemies":"Hexaghost","floor":23,"turns":9},{"damage":4,"enemies":"2 Thieves","floor":25,"turns":5},{"damage":5,"enemies":"Shell Parasite","floor":28,"turns":6},{"damage":2,"enemies":"Shelled Parasite and Fungi","floor":29,"turns":6},{"damage":6,"enemies":"Snake Plant","floor":30,"turns":5},{"damage":27,"enemies":"Slavers","floor":32,"turns":9},{"damage":0,"enemies":"Centurion and Healer","floor":33,"turns":4},{"damage":3,"enemies":"Book of Stabbing","floor":35,"turns":6},{"damage":0,"enemies":"Gremlin Leader","floor":37,"turns":7},{"damage":0,"enemies":"Book of Stabbing","floor":39,"turns":4},{"damage":0,"enemies":"Chosen and Byrds","floor":40,"turns":5},{"damage":1,"enemies":"Snake Plant","floor":41,"turns":4},{"damage":11,"enemies":"Colosseum Slavers","floor":42,"turns":4},{"damage":0,"enemies":"Colosseum Nobs","floor":42,"turns":7},{"damage":2,"enemies":"Snecko","floor":43,"turns":6},{"damage":0,"enemies":"3 Cultists","floor":44,"turns":5},{"damage":0,"enemies":"Snake Plant","floor":45,"turns":4},{"damage":0,"enemies":"Automaton","floor":48,"turns":7},{"damage":0,"enemies":"3 Shapes","floor":50,"turns":3},{"damage":0,"enemies":"Orb Walker","floor":51,"turns":3},{"damage":0,"enemies":"Maw","floor":52,"turns":3},{"damage":0,"enemies":"Transient","floor":54,"turns":5},{"damage":0,"enemies":"Reptomancer","floor":56,"turns":2},{"damage":0,"enemies":"Writhing Mass","floor":58,"turns":3},{"damage":0,"enemies":"Giant Head","floor":59,"turns":2},{"damage":0,"enemies":"Sphere and 2 Shapes","floor":62,"turns":3},{"damage":0,"enemies":"3 Darklings","floor":65,"turns":1},{"damage":0,"enemies":"Mind Bloom Boss Battle","floor":66,"turns":3},{"damage":0,"enemies":"Jaw Worm Horde","floor":68,"turns":1},{"damage":0,"enemies":"Time Eater","floor":71,"turns":7}],"seed_played":"2024763723133444015","potions_obtained":[{"floor":5,"key":"Block Potion"},{"floor":9,"key":"Explosive Potion"},{"floor":10,"key":"LiquidBronze"},{"floor":16,"key":"Ancient Potion"},{"floor":20,"key":"PowerPotion"},{"floor":32,"key":"Block Potion"},{"floor":33,"key":"Regen Potion"},{"floor":45,"key":"Fire Potion"},{"floor":52,"key":"GamblersBrew"},{"floor":59,"key":"Fruit Juice"},{"floor":65,"key":"FearPotion"}],"is_trial":false,"path_per_floor":["M","?","$","?","M","M","?","R","M","E","M","R","T","T","M","E","$","M","E","?","M","R","B",null,"M","?","$","M","M","M","R","E","M","R","E","T","E","?","E","M","M","?","M","M","M","R","R","B",null,"M","M","M","$","M","?","E","$","M","E","T","T","M","R","?","M","?","R","M","?","R","B",null],"character_chosen":"IRONCLAD","items_purchased":["Feel No Pain","ClockworkSouvenir","PrismaticShard"],"campfire_rested":0,"item_purchase_floors":[27,53,57],"current_hp_per_floor":[79,59,59,52,50,47,31,31,31,18,17,17,17,17,17,14,29,18,25,25,25,25,15,97,93,93,97,97,97,96,96,74,79,79,81,81,86,91,96,97,97,91,94,97,97,97,97,97,97,97,97,97,97,97,97,97,97,97,97,97,97,97,97,87,97,102,102,102,102,102,102],"gold":480,"neow_bonus":"BOSS_RELIC","is_daily":false,"chose_seed":false,"campfire_upgraded":10,"win_rate":0.0,"timestamp":1612686873,"path_taken":["M","?","$","?","M","M","?","R","M","E","M","R","T","T","M","E","$","M","E","?","M","R","BOSS","M","?","$","M","M","M","R","E","M","R","E","T","E","?","E","M","M","?","M","M","M","R","R","BOSS","M","M","M","$","M","?","E","?","M","E","T","T","M","R","?","M","?","R","M","?","R","BOSS"],"items_purchased_type":["Card","Relic","Relic"],"build_version":"2020-12-22","purchased_purges":5,"victory":true,"max_hp_per_floor":[80,80,80,80,80,80,80,80,80,80,80,80,80,80,80,90,90,90,97,97,97,97,97,97,97,97,97,97,97,97,97,97,97,97,97,97,97,97,97,97,97,97,97,97,97,97,97,97,97,97,97,97,97,97,97,97,97,97,97,97,97,97,97,97,102,102,102,102,102,102,102],"card_choices":[{"not_picked":["Warcry","Havoc"],"picked":"Body Slam","floor":1},{"not_picked":["Sword Boomerang","Havoc"],"picked":"Dark Embrace","floor":5},{"not_picked":["Cleave","Anger"],"picked":"Metallicize","floor":6},{"not_picked":["Sentinel","Perfected Strike"],"picked":"True Grit","floor":9},{"not_picked":["Rupture","Havoc"],"picked":"Evolve","floor":10},{"not_picked":["Sword Boomerang","Ghostly Armor","Intimidate"],"picked":"SKIP","floor":11},{"not_picked":["Sword Boomerang","Twin Strike"],"picked":"Anger","floor":15},{"not_picked":["Infernal Blade","Headbutt","Clothesline"],"picked":"SKIP","floor":16},{"not_picked":["Uppercut","Warcry"],"picked":"Armaments","floor":18},{"not_picked":["Pommel Strike","Heavy Blade","Twin Strike"],"picked":"SKIP","floor":19},{"not_picked":["Exhume","Dropkick"],"picked":"Rampage","floor":21},{"not_picked":["Heavy Blade","Warcry","Perfected Strike"],"picked":"SKIP","floor":25},{"not_picked":["Thunderclap","Heavy Blade","Body Slam"],"picked":"SKIP","floor":28},{"not_picked":["Blood for Blood","Searing Blow"],"picked":"Shrug It Off","floor":29},{"not_picked":["Combust+1","Anger+1","Power Through"],"picked":"SKIP","floor":30},{"not_picked":["Dark Embrace+1","Spot Weakness"],"picked":"Seeing Red+1","floor":32},{"not_picked":["Headbutt+1","Iron Wave+1","Wild Strike+1"],"picked":"SKIP","floor":33},{"not_picked":["Wild Strike","Rampage","Clothesline"],"picked":"SKIP","floor":35},{"not_picked":["Juggernaut","Shrug It Off"],"picked":"Power Through","floor":37},{"not_picked":["True Grit","Flame Barrier+1"],"picked":"Berserk","floor":39},{"not_picked":["Pommel Strike+1","Iron Wave+1","Rupture"],"picked":"SKIP","floor":40},{"not_picked":["Perfected Strike","Anger","Pummel"],"picked":"SKIP","floor":41},{"not_picked":["Shrug It Off","Clothesline","Havoc"],"picked":"SKIP","floor":43},{"not_picked":["Clash","Ghostly Armor"],"picked":"Intimidate+1","floor":44},{"not_picked":["Power Through+1","Blood for Blood+1"],"picked":"Feel No Pain","floor":45},{"not_picked":["Bludgeon","Double Tap"],"picked":"Corruption","floor":48},{"not_picked":["Clash","Clothesline+1"],"picked":"Warcry+1","floor":50},{"not_picked":["Disarm","Flex+1"],"picked":"Warcry+1","floor":51},{"not_picked":["Havoc","Evolve","Inflame"],"picked":"SKIP","floor":52},{"not_picked":["Pommel Strike","Cleave+1"],"picked":"Warcry+1","floor":54},{"not_picked":["Combust","Spot Weakness+1"],"picked":"Battle Trance+1","floor":56},{"not_picked":["Collect","Force Field"],"picked":"Evaluate+1","floor":58},{"not_picked":["PathToVictory","Slice+1","Adaptation+1"],"picked":"SKIP","floor":59},{"not_picked":["Warcry","Multi-Cast","Go for the Eyes"],"picked":"SKIP","floor":62},{"not_picked":["Swift Strike","Mind Blast"],"picked":"Discovery","floor":64},{"not_picked":["Jack Of All Trades","Transmutation"],"picked":"Thinking Ahead","floor":64},{"not_picked":["Bane+1","WaveOfTheHand"],"picked":"Sanctity","floor":65},{"not_picked":["Slice+1","Heatsinks+1","Perfected Strike+1"],"picked":"SKIP","floor":68}],"player_experience":2416571,"relics_obtained":[{"floor":10,"key":"InkBottle"},{"floor":13,"key":"MealTicket"},{"floor":16,"key":"Pear"},{"floor":19,"key":"Strawberry"},{"floor":20,"key":"Odd Mushroom"},{"floor":32,"key":"Bag of Preparation"},{"floor":35,"key":"Bronze Scales"},{"floor":37,"key":"Ornamental Fan"},{"floor":39,"key":"Dream Catcher"},{"floor":42,"key":"Du-Vu Doll"},{"floor":42,"key":"Letter Opener"},{"floor":56,"key":"StrikeDummy"},{"floor":59,"key":"Pen Nib"},{"floor":60,"key":"War Paint"},{"floor":61,"key":"Bottled Tornado"},{"floor":66,"key":"Champion Belt"}],"event_choices":[{"damage_healed":0,"gold_gain":0,"player_choice":"Take Damage","damage_taken":20,"relics_obtained":["Golden Idol"],"max_hp_gain":0,"max_hp_loss":0,"event_name":"Golden Idol","floor":2,"gold_loss":0},{"cards_removed":["Strike_R"],"damage_healed":0,"gold_gain":0,"player_choice":"Card Removal","damage_taken":7,"max_hp_gain":0,"max_hp_loss":0,"event_name":"Golden Wing","floor":4,"gold_loss":0},{"damage_healed":0,"gold_gain":0,"player_choice":"Entered Light","damage_taken":16,"max_hp_gain":0,"max_hp_loss":0,"event_name":"Shining Light","floor":7,"gold_loss":0,"cards_upgraded":["Defend_R","Defend_R"]},{"damage_healed":0,"gold_gain":0,"player_choice":"Fought Mushrooms","damage_taken":0,"max_hp_gain":0,"max_hp_loss":0,"event_name":"Mushrooms","floor":20,"gold_loss":0},{"damage_healed":0,"gold_gain":0,"player_choice":"Gave Idol","damage_taken":0,"relics_obtained":["Bloody Idol"],"max_hp_gain":0,"max_hp_loss":0,"event_name":"Forgotten Altar","floor":26,"relics_lost":["Golden Idol"],"gold_loss":0},{"damage_healed":0,"gold_gain":99,"player_choice":"Stole From Cult","damage_taken":0,"max_hp_gain":0,"max_hp_loss":0,"event_name":"Nest","floor":38,"gold_loss":0},{"damage_healed":0,"gold_gain":0,"player_choice":"Fight","damage_taken":0,"max_hp_gain":0,"max_hp_loss":0,"event_name":"Colosseum","floor":42,"gold_loss":0},{"damage_healed":0,"gold_gain":0,"player_choice":"Fought Nobs","damage_taken":0,"max_hp_gain":0,"max_hp_loss":0,"event_name":"Colosseum","floor":42,"gold_loss":0},{"cards_removed":["Anger"],"damage_healed":0,"gold_gain":0,"player_choice":"Purged","damage_taken":0,"max_hp_gain":0,"max_hp_loss":0,"event_name":"Purifier","floor":55,"gold_loss":0},{"damage_healed":0,"gold_gain":0,"player_choice":"Memory 3","damage_taken":10,"max_hp_gain":0,"max_hp_loss":0,"event_name":"SensoryStone","floor":64,"gold_loss":0},{"damage_healed":0,"gold_gain":0,"player_choice":"Fight","damage_taken":0,"max_hp_gain":0,"max_hp_loss":0,"event_name":"MindBloom","floor":66,"gold_loss":0},{"cards_removed":["Rampage"],"damage_healed":0,"gold_gain":0,"player_choice":"Removed Attack","damage_taken":0,"max_hp_gain":0,"max_hp_loss":0,"event_name":"Falling","floor":69,"gold_loss":0}],"is_beta":false,"boss_relics":[{"not_picked":["Tiny House","Philosopher\u0027s Stone"],"picked":"Runic Pyramid"},{"not_picked":["Black Star","Snecko Eye"],"picked":"Coffee Dripper"}],"items_purged_floors":[3,17,27,53,57],"is_endless":false,"potions_floor_spawned":[5,9,10,16,20,23,32,33,39,42,44,45,48,51,52,56,59,65,68],"ascension_level":1}}