{"host":"soyfmymeou4emntr","time":1612673535,"event":{"mods":["BaseMod","Minty Spire (QoL Compilation)","Permanent Neow","Relic Sorter","Relic Stats","StSLib"],"gold_per_floor":[215,95,107,119,139,139,159,192,192,224,224,236,266,26,26,104,104,123,123,139,64,81,111,111,124,149,178,178,178],"floor_reached":28,"language":"ENG","playtime":2696,"items_purged":["Defend_B"],"score":585,"play_id":"218067f0-7f95-47f9-8220-f4288ceae799","local_time":"20210206215215","is_ascension_mode":true,"campfire_choices":[{"floor":6.0,"key":"REST"},{"floor":11.0,"key":"REST"},{"floor":15.0,"key":"REST"},{"data":"Fission","floor":24,"key":"SMITH"}],"circlet_count":0,"master_deck":["AscendersBane","Defend_B","Defend_B","Defend_B","Zap","Dualcast","Sweeping Beam","Defragment","White Noise+1","Reinforced Body+1","Rebound","Sweeping Beam","Glacier","Cold Snap","Barrage","Compile Driver","Undo","Capacitor","Fission+1","CurseOfTheBell","BootSequence","Bite","Bite","Bite","Bite","Bite","Hologram+1","Static Discharge","Undo"],"relics":["Cracked Core","Letter Opener","Toy Ornithopter","War Paint","Eternal Feather","OrangePellets","Calling Bell","Bronze Scales","Mummified Hand","Pocketwatch","MealTicket","Akabeko","Tiny Chest"],"acts_visited":["Exordium","TheCity"],"potions_floor_usage":[22,23,27,28],"damage_taken":[{"damage":1.0,"enemies":"Cultist","floor":1.0,"turns":3.0},{"damage":8.0,"enemies":"2 Louse","floor":3.0,"turns":2.0},{"damage":11.0,"enemies":"Small Slimes","floor":4.0,"turns":4.0},{"damage":6.0,"enemies":"Blue Slaver","floor":5.0,"turns":4.0},{"damage":23.0,"enemies":"Exordium Wildlife","floor":7.0,"turns":5.0},{"damage":24.0,"enemies":"3 Sentries","floor":8.0,"turns":9.0},{"damage":9.0,"enemies":"Lagavulin","floor":10.0,"turns":6.0},{"damage":0.0,"enemies":"Looter","floor":12.0,"turns":3.0},{"damage":26.0,"enemies":"Gremlin Nob","floor":13.0,"turns":4.0},{"damage":16.0,"enemies":"Slime Boss","floor":16.0,"turns":13.0},{"damage":13.0,"enemies":"Spheric Guardian","floor":18.0,"turns":6.0},{"damage":11,"enemies":"2 Thieves","floor":20,"turns":4},{"damage":16,"enemies":"Shelled Parasite and Fungi","floor":22,"turns":6},{"damage":32,"enemies":"Gremlin Leader","floor":23,"turns":7},{"damage":0,"enemies":"Sentry and Sphere","floor":25,"turns":7},{"damage":40,"enemies":"Slavers","floor":27,"turns":3},{"damage":33,"enemies":"Masked Bandits","floor":28,"turns":2}],"seed_played":"-2304336575391611954","potions_obtained":[{"floor":3.0,"key":"Dexterity Potion"},{"floor":4.0,"key":"SpeedPotion"},{"floor":5.0,"key":"PowerPotion"},{"floor":10.0,"key":"EssenceOfSteel"},{"floor":13.0,"key":"Ancient Potion"},{"floor":18.0,"key":"DistilledChaos"},{"floor":22,"key":"PowerPotion"},{"floor":23,"key":"Strength Potion"},{"floor":27,"key":"DistilledChaos"}],"is_trial":false,"path_per_floor":["M","$","M","M","M","R","M","E","T","E","R","M","E","$","R","B",null,"M","?","M","$","M","E","R","M","T","E","?"],"character_chosen":"DEFECT","items_purchased":["Defragment","White Noise","OrangePellets","Capacitor"],"campfire_rested":3,"item_purchase_floors":[2,2,14,14],"current_hp_per_floor":[63,63,55,44,38,59,36,12,12,3,24,24,3,3,36,20,58,45,45,42,42,43,31,46,49,49,17,0,0],"gold":178,"neow_bonus":"HUNDRED_GOLD","is_daily":false,"chose_seed":false,"campfire_upgraded":1,"win_rate":0.0,"timestamp":1612673535,"path_taken":["M","$","M","?","M","R","M","E","T","E","R","M","E","$","R","BOSS","M","?","M","$","M","E","R","M","T","E","?"],"items_purchased_type":["Card","Card","Relic","Card"],"build_version":"2020-12-22","purchased_purges":1,"victory":false,"max_hp_per_floor":[71,71,71,71,71,71,71,71,71,71,71,71,71,71,71,71,71,71,49,49,49,49,49,49,49,49,49,49,49],"relic_stats":{"OrangePellets":[7],"counters":[17,88],"Mummified Hand":[26],"Bronze Scales":[105],"Eternal Feather":27,"MealTicket":0,"Tiny Chest":0,"Letter Opener":[43],"War Paint":["Reinforced Body","White Noise"],"obtain_stats":[{"Eternal Feather":13,"Letter Opener":8,"War Paint":10,"Akabeko":26,"Calling Bell":17,"OrangePellets":14,"Mummified Hand":17,"Bronze Scales":17,"MealTicket":23,"Tiny Chest":27,"Cracked Core":0,"Toy Ornithopter":9,"Pocketwatch":17},{"Eternal Feather":9,"Letter Opener":6,"War Paint":7,"Akabeko":15,"Calling Bell":10,"OrangePellets":9,"Mummified Hand":10,"Bronze Scales":10,"MealTicket":14,"Tiny Chest":16,"Cracked Core":0,"Toy Ornithopter":6,"Pocketwatch":10},{"Eternal Feather":40,"Letter Opener":27,"War Paint":33,"Akabeko":83,"Calling Bell":53,"OrangePellets":40,"Mummified Hand":53,"Bronze Scales":53,"MealTicket":76,"Tiny Chest":86,"Cracked Core":0,"Toy Ornithopter":27,"Pocketwatch":53}],"Toy Ornithopter":18,"Pocketwatch":[33]},"card_choices":[{"not_picked":["Stack","Recycle"],"picked":"Sweeping Beam","floor":1.0},{"not_picked":["Aggregate","Gash"],"picked":"Reinforced Body","floor":3.0},{"not_picked":["Beam Cell","Conserve Battery"],"picked":"Rebound","floor":4.0},{"not_picked":["Conserve Battery","Redo"],"picked":"Sweeping Beam","floor":5.0},{"not_picked":["Conserve Battery","BootSequence"],"picked":"Glacier","floor":7.0},{"not_picked":["Aggregate","Rebound"],"picked":"Cold Snap","floor":8.0},{"not_picked":["Beam Cell","Creative AI"],"picked":"Barrage","floor":10.0},{"not_picked":["Hello World","Stack"],"picked":"Compile Driver","floor":12.0},{"not_picked":["Barrage","Redo"],"picked":"Undo","floor":13.0},{"not_picked":["Creative AI","Multi-Cast"],"picked":"Fission","floor":16.0},{"not_picked":["Sweeping Beam","Redo"],"picked":"BootSequence","floor":18.0},{"not_picked":["Streamline+1","Rebound","Compile Driver"],"picked":"SKIP","floor":20},{"not_picked":["Skim","Streamline+1","Rebound"],"picked":"SKIP","floor":22},{"not_picked":["Sweeping Beam","Steam Power"],"picked":"Hologram+1","floor":23},{"not_picked":["Redo","Lockon"],"picked":"Static Discharge","floor":25},{"not_picked":["Go for the Eyes","Thunder Strike"],"picked":"Undo","floor":27}],"player_experience":3090233,"relics_obtained":[{"floor":8.0,"key":"Letter Opener"},{"floor":9.0,"key":"Toy Ornithopter"},{"floor":10.0,"key":"War Paint"},{"floor":13.0,"key":"Eternal Feather"},{"floor":17.0,"key":"Bronze Scales"},{"floor":17.0,"key":"Mummified Hand"},{"floor":17.0,"key":"Pocketwatch"},{"floor":23,"key":"MealTicket"},{"floor":26,"key":"Akabeko"},{"floor":27,"key":"Tiny Chest"}],"event_choices":[{"damage_healed":0.0,"max_hp_gain":0.0,"max_hp_loss":22.0,"gold_gain":0.0,"event_name":"Vampires","player_choice":"Became a vampire","floor":19.0,"gold_loss":0.0,"damage_taken":0.0,"cards_obtained":["Bite","Bite","Bite","Bite","Bite"]},{"damage_healed":0,"gold_gain":0,"player_choice":"Fought Bandits","damage_taken":0,"max_hp_gain":0,"max_hp_loss":0,"event_name":"Masked Bandits","floor":28,"gold_loss":0}],"is_beta":false,"boss_relics":[{"not_picked":["Empty Cage","Philosopher\u0027s Stone"],"picked":"Calling Bell"}],"items_purged_floors":[21],"is_endless":false,"potions_floor_spawned":[3,4,5,10,13,18,22,23,27],"killed_by":"Masked Bandits","ascension_level":20}}