{"host":"skr63qsdfgeey3it","time":1612685628,"event":{"mods":["BaseMod","Colored Map","Hubris","Minty Spire (QoL Compilation)","Monster B Gone","Reliquary","Replay The Spire","Spicy Shops","StSLib"],"gold_per_floor":[118,118,118,118,135,135,161,176,200,214,214,214,234,260,260,337,337,354,18,18,36,51,51,51,51],"floor_reached":24,"language":"ENG","playtime":1249,"items_purged":[],"score":350,"play_id":"7dcf2992-7395-4e83-8522-c42533b87b13","local_time":"20210207021348","is_ascension_mode":true,"campfire_choices":[{"data":"Panache","floor":6,"key":"SMITH"},{"floor":12,"key":"REST"},{"floor":15,"key":"REST"},{"floor":23,"key":"REST"}],"circlet_count":0,"master_deck":["AscendersBane","Strike_B","Strike_B+1","Strike_B","Strike_B+1","Defend_B","Defend_B","Defend_B","Zap","Dualcast","Panache+1","Redo","Streamline+1","Ball Lightning","Loop","hubris:PowerSurge","Survey Options","Mirror Shield","Ball Lightning","Creative AI","Conserve Battery","ReplayTheSpireMod:Private Reserves","Redo+1","Self Repair"],"relics":["Cracked Core","hubris:Icosahedron","Simple Rune","hubris:BallOfYels","Ring of Chaos","Replay:Mystery Machine","Nloth\u0027s Gift"],"acts_visited":["Exordium","TheCity"],"potions_floor_usage":[13,13,24],"damage_taken":[{"damage":0,"enemies":"2 Louse","floor":1,"turns":2},{"damage":12,"enemies":"Small Slimes","floor":5,"turns":2},{"damage":35,"enemies":"Lagavulin","floor":7,"turns":5},{"damage":7,"enemies":"Jaw Worm","floor":8,"turns":2},{"damage":8,"enemies":"3 Louse","floor":10,"turns":3},{"damage":10,"enemies":"Gremlin Gang","floor":13,"turns":3},{"damage":12,"enemies":"Replay:BlueRogue","floor":14,"turns":4},{"damage":10,"enemies":"Hexaghost","floor":16,"turns":6},{"damage":18,"enemies":"Shell Parasite","floor":18,"turns":3},{"damage":22,"enemies":"2 Thieves","floor":21,"turns":2},{"damage":0,"enemies":"Chosen and Byrds","floor":22,"turns":4},{"damage":51,"enemies":"Gremlin Leader","floor":24,"turns":5}],"seed_played":"8049780089730185784","potions_obtained":[{"floor":1,"key":"FocusPotion"},{"floor":8,"key":"FearPotion"},{"floor":22,"key":"SkillPotion"}],"is_trial":false,"path_per_floor":["M","?","?","?","M","R","E","M","T","M","?","R","M","E","R","B",null,"M","$","?","M","M","R","E"],"character_chosen":"DEFECT","items_purchased":["ReplayTheSpireMod:Private Reserves","Replay:Mystery Machine","Redo+1","Self Repair"],"campfire_rested":3,"item_purchase_floors":[19,19,19,19],"current_hp_per_floor":[64,64,64,64,52,52,17,10,10,2,2,23,13,1,22,12,56,38,38,38,23,30,51,0,0],"gold":51,"neow_bonus":"RANDOM_COLORLESS_2","is_daily":false,"chose_seed":false,"campfire_upgraded":1,"win_rate":0.0,"timestamp":1612685628,"path_taken":["M","?","?","?","M","R","E","M","T","?","?","R","?","E","R","BOSS","M","$","?","?","M","R","E"],"items_purchased_type":["Card","Relic","Card","Card"],"build_version":"2020-12-22","purchased_purges":0,"victory":false,"max_hp_per_floor":[71,71,71,71,71,71,71,71,71,71,71,71,71,71,71,71,71,71,71,71,71,71,71,71,71],"card_choices":[{"not_picked":["Thinking Ahead","ReplayTheSpireMod:Necrogeddon"],"picked":"Panache","floor":0},{"not_picked":["Reinforced Body","ReplaySort"],"picked":"Redo","floor":1},{"not_picked":["Beam Cell","Hologram"],"picked":"Ball Lightning","floor":5},{"not_picked":["Barrage","Recycle","Go for the Eyes"],"picked":"SKIP","floor":7},{"not_picked":["ReplayTheSpireMod:Repulse","Cold Snap"],"picked":"Loop","floor":8},{"not_picked":["Hologram","Redo"],"picked":"hubris:PowerSurge","floor":10},{"not_picked":["Time Bomb","Compile Driver","Scrape"],"picked":"SKIP","floor":13},{"not_picked":["BasicCrystalCard","Darkness"],"picked":"Ball Lightning","floor":14},{"not_picked":["Mirror Shield","Core Surge"],"picked":"Creative AI","floor":16},{"not_picked":["Hologram","hubris:PowerSurge"],"picked":"Conserve Battery","floor":18},{"not_picked":["Redo","Rebound","Compile Driver"],"picked":"SKIP","floor":21},{"not_picked":["Stack","BasicCrystalCard","Coolheaded+1"],"picked":"SKIP","floor":22}],"player_experience":905547,"relics_obtained":[{"floor":7,"key":"Simple Rune"},{"floor":9,"key":"Blue Doll"},{"floor":14,"key":"hubris:BallOfYels"}],"event_choices":[{"cards_removed":["ReplayTheSpireMod:Restless Dread"],"damage_healed":0,"gold_gain":0,"player_choice":"Forget","damage_taken":0,"max_hp_gain":0,"max_hp_loss":0,"event_name":"Living Wall","floor":3,"gold_loss":0},{"damage_healed":0,"gold_gain":0,"player_choice":"2 cards matched","damage_taken":0,"max_hp_gain":0,"max_hp_loss":0,"event_name":"Match and Keep!","floor":11,"gold_loss":0,"cards_obtained":["Survey Options","Mirror Shield"]},{"damage_healed":0,"gold_gain":0,"player_choice":"Traded Relic","damage_taken":0,"relics_obtained":["Nloth\u0027s Gift"],"max_hp_gain":0,"max_hp_loss":0,"event_name":"N\u0027loth","floor":20,"relics_lost":["Blue Doll"],"gold_loss":0}],"is_beta":false,"boss_relics":[{"not_picked":["hubris:TerracottaHorce","reliquary:Craggleroot"],"picked":"Ring of Chaos"}],"items_purged_floors":[],"is_endless":false,"potions_floor_spawned":[1,8,10,22],"killed_by":"Gremlin Leader","ascension_level":14}}