{"host":"yiwf5cuj7e45awf3","time":1612702751,"event":{"mods":["BaseMod","Downfall","Hermit","Highlight Path","Hubris","Infinite Spire","Lobotomy","Marisa£®ÏF”Í°°ƒß¿Ì…≥£©","Minty Spire (QoL Compilation)","READ ME - Guardian Mod","Remilia£®¿Ÿ√◊¿Ú—«£©","Replay The Spire","StSLib","The Animator","The Construct","The Cursed","The Disciple","The Hierophant","The Jungle","The Necromancer","The Runesmith","The Servant 0.9.4"],"gold_per_floor":[109,109,121,136,136,86,97,20,47,47,47,63,63,79,79,184,184,204,204,204,219,94,94,40,59,59,59,59,59,59,59],"floor_reached":30,"language":"ZHS","playtime":1356,"items_purged":["Pain"],"score":243,"play_id":"f03fc357-17d8-4385-a493-ebcb6eef0f6e","local_time":"20210207205911","is_ascension_mode":false,"campfire_choices":[{"data":"construct:Synchronize","floor":10,"key":"SMITH"},{"data":"construct:Autoturret","floor":13,"key":"SMITH"},{"data":"construct:ClockworkEgg","floor":15,"key":"SMITH"},{"data":"construct:Zapper","floor":23,"key":"SMITH"},{"floor":29,"key":"REST"}],"circlet_count":0,"master_deck":["construct:Strike_Gold","construct:Strike_Gold","construct:Strike_Gold","construct:Strike_Gold","construct:Strike_Gold+1","construct:Defend_Gold","construct:Defend_Gold","construct:Defend_Gold","construct:Defend_Gold","construct:AttackMode","construct:DefenseMode","construct:SuppressiveFire","construct:Autoturret+1","construct:FocusedBeam","construct:SyphonStrike","construct:Synchronize+1","construct:Hazardproof","construct:ClockworkEgg+1","construct:Reserves","construct:ClusterMines","construct:Zapper+1","construct:Autoturret+1","construct:Autoturret+1","construct:Autoturret+1","Shame"],"relics":["construct:Cogwheel","infinitespire:PuzzleCube","hubris:ScarierMask","WarpedTongs","Replay:Bottled Eggs","Bag of Preparation"],"acts_visited":["Exordium","TheCity"],"potions_floor_usage":[16,16,25],"damage_taken":[{"damage":6,"enemies":"Cultist","floor":1,"turns":3},{"damage":1,"enemies":"Jaw Worm","floor":3,"turns":6},{"damage":3,"enemies":"Small Slimes","floor":4,"turns":5},{"damage":14,"enemies":"Blue Slaver","floor":7,"turns":4},{"damage":8,"enemies":"Red Slaver","floor":12,"turns":3},{"damage":19,"enemies":"3 Louse","floor":14,"turns":3},{"damage":25,"enemies":"The Guardian","floor":16,"turns":23},{"damage":19,"enemies":"Chosen","floor":18,"turns":5},{"damage":10,"enemies":"3 Byrds","floor":21,"turns":4},{"damage":30,"enemies":"Snecko","floor":25,"turns":4},{"damage":36,"enemies":"3 Cultists","floor":30,"turns":4}],"seed_played":"4334352779136723348","potions_obtained":[{"floor":1,"key":"Fire Potion"},{"floor":12,"key":"Explosive Potion"},{"floor":16,"key":"Adrenaline Potion"}],"is_trial":false,"path_per_floor":["M","$","M","M","?","?","M","$","T","R","?","M","R","M","R","B",null,"M","?","?","M","$","R","$","M","T","?","?","R","M"],"character_chosen":"THE_CONSTRUCT_MOD","items_purchased":["construct:Synchronize","construct:Autoturret","construct:Autoturret"],"campfire_rested":1,"item_purchase_floors":[8,22,24],"current_hp_per_floor":[84,84,83,80,80,80,66,66,66,66,90,82,82,63,63,38,90,71,53,53,43,43,43,43,13,13,13,4,32,0,0],"gold":59,"neow_bonus":"RANDOM_EVENT","is_daily":false,"chose_seed":false,"campfire_upgraded":4,"win_rate":0.0,"timestamp":1612702751,"path_taken":["M","?","M","M","?","?","M","?","T","R","?","?","R","M","R","BOSS","M","?","?","?","$","R","?","M","T","?","?","R","M"],"items_purchased_type":["Card","Card","Card"],"build_version":"2020-12-22","purchased_purges":1,"victory":false,"max_hp_per_floor":[90,90,90,90,90,90,90,90,90,90,90,90,90,90,90,90,90,90,95,95,95,95,95,95,95,95,95,95,95,95,95],"card_choices":[{"not_picked":["construct:SweepLaser","construct:Accumulate"],"picked":"construct:SuppressiveFire","floor":1},{"not_picked":["construct:Accumulate","construct:Analyze"],"picked":"construct:Autoturret","floor":3},{"not_picked":["construct:Construct_Overclock","construct:SaveState"],"picked":"construct:FocusedBeam","floor":4},{"not_picked":["construct:ModeShift","construct:UnbalancingBlast"],"picked":"construct:SyphonStrike","floor":7},{"not_picked":["construct:VentSteam","construct:SaveState"],"picked":"construct:Hazardproof","floor":12},{"not_picked":["construct:Anticipate","construct:SaveState"],"picked":"construct:ClockworkEgg","floor":14},{"not_picked":["construct:ShieldGenerator","construct:SpinDrive"],"picked":"construct:Reserves","floor":16},{"not_picked":["construct:ScrapCannon+1","construct:Backfire+1"],"picked":"construct:ClusterMines","floor":18},{"not_picked":["construct:Overcharge+1","construct:VentSteam"],"picked":"construct:Zapper","floor":21},{"not_picked":["construct:CripplingShot","construct:Failsafe"],"picked":"construct:Autoturret","floor":25}],"player_experience":89944,"relics_obtained":[{"floor":9,"key":"infinitespire:PuzzleCube"},{"floor":26,"key":"Replay:Bottled Eggs"}],"event_choices":[{"damage_healed":0,"gold_gain":0,"player_choice":"Donut","damage_taken":0,"max_hp_gain":5,"max_hp_loss":0,"event_name":"Big Fish","floor":0,"gold_loss":0},{"cards_removed":["construct:Defend_Gold"],"damage_healed":0,"gold_gain":0,"player_choice":"Card Removal","damage_taken":0,"max_hp_gain":0,"max_hp_loss":0,"event_name":"The Cleric","floor":6,"gold_loss":50},{"damage_healed":24,"gold_gain":0,"player_choice":"Full Heal","damage_taken":0,"max_hp_gain":0,"max_hp_loss":0,"event_name":"Wheel of Change","floor":11,"gold_loss":0},{"damage_healed":0,"gold_gain":0,"player_choice":"Shed Blood","damage_taken":23,"max_hp_gain":5,"max_hp_loss":0,"event_name":"Forgotten Altar","floor":19,"gold_loss":0},{"damage_healed":0,"gold_gain":0,"player_choice":"Rummage","damage_taken":0,"relics_obtained":["WarpedTongs"],"max_hp_gain":0,"max_hp_loss":0,"event_name":"Accursed Blacksmith","floor":20,"gold_loss":0,"cards_obtained":["Pain"]},{"damage_healed":0,"gold_gain":0,"player_choice":"Stole Relic","damage_taken":0,"relics_obtained":["Bag of Preparation"],"max_hp_gain":0,"max_hp_loss":0,"event_name":"Addict","floor":27,"gold_loss":0,"cards_obtained":["Shame"]},{"damage_healed":0,"gold_gain":0,"player_choice":"Stopped","damage_taken":9,"max_hp_gain":0,"max_hp_loss":0,"event_name":"Cursed Tome","floor":28,"gold_loss":0}],"is_beta":false,"boss_relics":[{"not_picked":["hubris:GrandSneckoEye","Empty Cage"],"picked":"hubris:ScarierMask"}],"items_purged_floors":[22],"is_endless":false,"potions_floor_spawned":[1,12,16],"killed_by":"3 Cultists","ascension_level":0}}