{"host":"2yqfi47fogfu1ic4","time":1612676537,"event":{"mods":["AchievementEnabler","BaseMod","Colored Map","Colored Powertips","Highlight Path","Minty Spire (QoL Compilation)","Permanent Neow","Relic Stats","StSLib"],"gold_per_floor":[109,124,143,157,173,207,207,207,207],"floor_reached":8,"language":"DEU","playtime":752,"items_purged":[],"score":120,"play_id":"edca7ca5-a0c0-4576-9385-63c1471a923d","local_time":"20210207064217","is_ascension_mode":true,"campfire_choices":[{"floor":7,"key":"REST"}],"circlet_count":0,"master_deck":["AscendersBane","Strike_G","Strike_G","Strike_G","Defend_G","Defend_G","Defend_G","Defend_G","Survivor","Neutralize","Bullet Time+1","Caltrops+1","Blur+1","Backflip","All Out Attack","Backflip","Die Die Die","Blur","Backstab"],"relics":["Astrolabe","Turnip"],"acts_visited":["Exordium"],"potions_floor_usage":[],"damage_taken":[{"damage":0.0,"enemies":"Small Slimes","floor":1.0,"turns":5.0},{"damage":3.0,"enemies":"Cultist","floor":2.0,"turns":6.0},{"damage":0,"enemies":"2 Louse","floor":3,"turns":3},{"damage":4,"enemies":"2 Fungi Beasts","floor":4,"turns":4},{"damage":0,"enemies":"Exordium Wildlife","floor":5,"turns":2},{"damage":36,"enemies":"Lagavulin","floor":6,"turns":13},{"damage":71,"enemies":"Gremlin Nob","floor":8,"turns":4}],"seed_played":"-3489262773354212008","potions_obtained":[],"is_trial":false,"path_per_floor":["M","M","M","M","M","E","R","E"],"character_chosen":"THE_SILENT","items_purchased":[],"campfire_rested":1,"item_purchase_floors":[],"current_hp_per_floor":[59,56,56,52,52,16,35,0,0],"gold":207,"neow_bonus":"BOSS_RELIC","is_daily":false,"chose_seed":false,"campfire_upgraded":0,"win_rate":0.0,"timestamp":1612676537,"path_taken":["M","M","M","M","M","E","R","E"],"items_purchased_type":[],"build_version":"2020-12-22","purchased_purges":0,"victory":false,"max_hp_per_floor":[66,66,66,66,66,66,66,66,66],"relic_stats":{"counters":[7,37],"Astrolabe":["Bullet Time","Caltrops","Blur"],"Turnip":[0],"obtain_stats":[{"Astrolabe":0,"Turnip":6,"Ring of the Snake":0},{"Astrolabe":0,"Turnip":6,"Ring of the Snake":0},{"Astrolabe":0,"Turnip":33,"Ring of the Snake":0}]},"card_choices":[{"not_picked":["Poisoned Stab","Flying Knee"],"picked":"Backflip","floor":1.0},{"not_picked":["Sucker Punch","Poisoned Stab"],"picked":"All Out Attack","floor":2.0},{"not_picked":["Setup","Tactician"],"picked":"Backflip","floor":3},{"not_picked":["Backflip","Deflect"],"picked":"Die Die Die","floor":4},{"not_picked":["Underhanded Strike","Flying Knee"],"picked":"Blur","floor":5},{"not_picked":["Reflex","Eviscerate"],"picked":"Backstab","floor":6}],"player_experience":1696692,"relics_obtained":[{"floor":6,"key":"Turnip"}],"event_choices":[],"is_beta":false,"boss_relics":[],"items_purged_floors":[],"is_endless":false,"potions_floor_spawned":[],"killed_by":"Gremlin Nob","ascension_level":20}}