{"host":"qc268ltokmxwqyrx","time":1612732516,"event":{"mods":["BaseMod","Colored Map","Colored Powertips","Minty Spire (QoL Compilation)","Relic Stats","Slay the Relics Exporter","StSLib","ojb\u0027s Info Mod"],"gold_per_floor":[113,127,52,70,80,107,107,107,134,162,162,224,12,30,30,104,104,120,120,137,147,158,158,175,41,41,53,87,87,87,100,100,100,100],"floor_reached":33,"language":"ENG","playtime":1979,"items_purged":["Strike_R"],"score":558,"play_id":"82614acd-f9c0-45a9-a1cd-3463abae3313","local_time":"20210207151516","is_ascension_mode":true,"campfire_choices":[{"data":"Bash","floor":8.0,"key":"SMITH"},{"data":"Rampage","floor":11.0,"key":"SMITH"},{"data":"True Grit","floor":15.0,"key":"SMITH"},{"floor":23.0,"key":"REST"},{"floor":32.0,"key":"REST"}],"circlet_count":0,"master_deck":["AscendersBane","Strike_R+1","Strike_R+1","Strike_R+1","Strike_R+1","Defend_R+1","Defend_R+1","Defend_R+1","Defend_R+1","Bash+1","Cleave","Cleave+1","Rampage+1","Rage","Headbutt","Feel No Pain","Hemokinesis+1","True Grit+1","Flame Barrier","Feed","Sentinel","RitualDagger","Shrug It Off","Shrug It Off+1","Carnage","Infernal Blade+1","Dark Embrace","True Grit"],"relics":["Burning Blood","Orichalcum","Potion Belt","Oddly Smooth Stone","Sundial","Fusion Hammer","Whetstone","StoneCalendar"],"acts_visited":["Exordium","TheCity"],"potions_floor_usage":[33],"damage_taken":[{"damage":13.0,"enemies":"Cultist","floor":1.0,"turns":5.0},{"damage":10.0,"enemies":"Small Slimes","floor":2.0,"turns":4.0},{"damage":7.0,"enemies":"2 Louse","floor":4.0,"turns":3.0},{"damage":4.0,"enemies":"Large Slime","floor":5.0,"turns":3.0},{"damage":35.0,"enemies":"3 Sentries","floor":6.0,"turns":6.0},{"damage":20.0,"enemies":"Gremlin Nob","floor":10.0,"turns":4.0},{"damage":22.0,"enemies":"Gremlin Nob","floor":12.0,"turns":4.0},{"damage":8.0,"enemies":"Blue Slaver","floor":14.0,"turns":5.0},{"damage":29.0,"enemies":"Slime Boss","floor":16.0,"turns":9.0},{"damage":15.0,"enemies":"2 Thieves","floor":18.0,"turns":4.0},{"damage":21.0,"enemies":"Shell Parasite","floor":20.0,"turns":6.0},{"damage":26.0,"enemies":"Snecko","floor":21.0,"turns":4.0},{"damage":19.0,"enemies":"3 Cultists","floor":22.0,"turns":6.0},{"damage":1.0,"enemies":"Centurion and Healer","floor":24.0,"turns":11.0},{"damage":6.0,"enemies":"Snecko","floor":27.0,"turns":7.0},{"damage":46.0,"enemies":"Book of Stabbing","floor":28.0,"turns":7.0},{"damage":21.0,"enemies":"Snake Plant","floor":31.0,"turns":4.0},{"damage":50,"enemies":"Automaton","floor":33,"turns":6}],"seed_played":"-8874356839786024214","potions_obtained":[{"floor":1.0,"key":"BloodPotion"},{"floor":4.0,"key":"Energy Potion"},{"floor":10.0,"key":"SkillPotion"},{"floor":16.0,"key":"AttackPotion"},{"floor":24.0,"key":"BloodPotion"},{"floor":27.0,"key":"Ancient Potion"},{"floor":28.0,"key":"AttackPotion"}],"is_trial":false,"path_per_floor":["M","M","$","M","M","E","?","R","T","E","R","?","$","M","R","B",null,"M","?","M","M","M","R","M","$","T","M","E","?","?","M","R","B"],"character_chosen":"IRONCLAD","items_purchased":["Rampage","Strength Potion","Block Potion","True Grit","Dark Embrace","Fire Potion"],"campfire_rested":2,"item_purchase_floors":[3,13,13,13,25,25],"current_hp_per_floor":[68,64,64,63,65,36,63,63,63,49,49,33,33,31,31,8,64,58,52,37,17,21,46,54,54,54,54,14,14,14,19,46,0,0],"gold":100,"neow_bonus":"TEN_PERCENT_HP_BONUS","is_daily":false,"chose_seed":false,"campfire_upgraded":3,"win_rate":0.0,"timestamp":1612732516,"path_taken":["M","?","$","M","M","E","?","R","T","E","R","?","$","M","R","BOSS","M","?","M","M","M","R","M","$","T","M","E","?","?","M","R","BOSS"],"items_purchased_type":["Card","Potion","Potion","Card","Card","Potion"],"build_version":"2020-12-22","purchased_purges":1,"victory":false,"max_hp_per_floor":[82,82,82,82,82,82,82,82,82,82,82,82,82,82,82,82,82,85,85,85,85,85,85,88,88,88,88,88,88,88,91,91,91,91],"relic_stats":{"counters":[18,98],"Sundial":[6],"StoneCalendar":[0],"Whetstone":["Hemokinesis","Cleave"],"Orichalcum":[144],"obtain_stats":[{"Potion Belt":9,"Sundial":12,"Oddly Smooth Stone":10,"StoneCalendar":28,"Fusion Hammer":17,"Whetstone":26,"Orichalcum":6,"Burning Blood":0},{"Potion Belt":5,"Sundial":7,"Oddly Smooth Stone":6,"StoneCalendar":16,"Fusion Hammer":9,"Whetstone":14,"Orichalcum":5,"Burning Blood":0},{"Potion Belt":21,"Sundial":29,"Oddly Smooth Stone":25,"StoneCalendar":88,"Fusion Hammer":43,"Whetstone":74,"Orichalcum":21,"Burning Blood":0}],"Burning Blood":102},"card_choices":[{"not_picked":["Sever Soul","Clash"],"picked":"Cleave","floor":1.0},{"not_picked":["Shrug It Off","Flex"],"picked":"Cleave","floor":2.0},{"not_picked":["Sword Boomerang","Carnage"],"picked":"Rage","floor":4.0},{"not_picked":["Warcry","Armaments"],"picked":"Headbutt","floor":5.0},{"not_picked":["Rampage","Wild Strike"],"picked":"Feel No Pain","floor":6.0},{"not_picked":["Anger","Headbutt"],"picked":"Hemokinesis","floor":10.0},{"not_picked":["Feel No Pain","Body Slam"],"picked":"Flame Barrier","floor":14.0},{"not_picked":["Berserk","Barricade"],"picked":"Feed","floor":16.0},{"not_picked":["Heavy Blade","Cleave"],"picked":"Sentinel","floor":18.0},{"not_picked":["Armaments","Bloodletting"],"picked":"Shrug It Off","floor":20.0},{"not_picked":["Thunderclap","Cleave"],"picked":"Shrug It Off+1","floor":21.0},{"not_picked":["Rampage","Disarm"],"picked":"Carnage","floor":22.0},{"not_picked":["Evolve","Wild Strike"],"picked":"Infernal Blade+1","floor":24.0},{"not_picked":["Blood for Blood","Combust"],"picked":"True Grit","floor":27.0},{"not_picked":["Berserk","Clothesline","Twin Strike"],"picked":"SKIP","floor":28.0},{"not_picked":["Body Slam","Intimidate","Anger"],"picked":"SKIP","floor":31.0}],"player_experience":1811146,"relics_obtained":[{"floor":6.0,"key":"Orichalcum"},{"floor":9.0,"key":"Potion Belt"},{"floor":10.0,"key":"Oddly Smooth Stone"},{"floor":12.0,"key":"Sundial"},{"floor":26.0,"key":"Whetstone"},{"floor":28.0,"key":"StoneCalendar"}],"event_choices":[{"damage_healed":27.0,"max_hp_gain":0.0,"max_hp_loss":0.0,"gold_gain":0.0,"event_name":"Big Fish","player_choice":"Banana","floor":7.0,"gold_loss":0.0,"damage_taken":0.0},{"damage_healed":0.0,"max_hp_gain":0.0,"max_hp_loss":0.0,"gold_gain":0.0,"event_name":"Dead Adventurer","player_choice":"Searched \u00271\u0027 times","floor":12.0,"gold_loss":0.0,"damage_taken":0.0},{"damage_healed":0.0,"max_hp_gain":0.0,"max_hp_loss":0.0,"gold_gain":0.0,"event_name":"Nest","player_choice":"Joined the Cult","floor":19.0,"gold_loss":0.0,"damage_taken":6.0,"cards_obtained":["RitualDagger"]},{"damage_healed":0.0,"max_hp_gain":0.0,"max_hp_loss":0.0,"gold_gain":0.0,"event_name":"Back to Basics","player_choice":"Simplicity","floor":29.0,"gold_loss":0.0,"damage_taken":0.0,"cards_upgraded":["Strike_R","Strike_R","Strike_R","Strike_R","Defend_R","Defend_R","Defend_R","Defend_R"]},{"damage_healed":0.0,"max_hp_gain":0.0,"max_hp_loss":0.0,"gold_gain":0.0,"event_name":"Cursed Tome","player_choice":"Ignored","floor":30.0,"gold_loss":0.0,"damage_taken":0.0}],"is_beta":false,"boss_relics":[{"not_picked":["Ectoplasm","Empty Cage"],"picked":"Fusion Hammer"}],"items_purged_floors":[13],"is_endless":false,"potions_floor_spawned":[1,4,10,16,24,27,28],"killed_by":"Automaton","ascension_level":20}}