{"host":"4a0aa7b2d8dxohwr","time":1612678384,"event":{"mods":["ATMod(∞¢Ë™Mod)","Act Like it!","BaseMod","Dota2Spire","Friendly Minions","Gensokyo","GifTheSpireLib","GungeonMod","Marisa£®ÏF”Í°°ƒß¿Ì…≥£©","Minty Spire (QoL Compilation)","Reimu£®≤©¿ˆ¡È√Œ£©","Remilia£®¿Ÿ√◊¿Ú—«£©","Shop Mod","StSLib","The Senshi","The Servant 0.9.4","Youmu£®ªÍ∆«—˝√Œ£©","[IsaacMod]“‘»ˆº‚À˛"],"gold_per_floor":[219,219,229,139,153,153,153,188,259,277,293,319,335,347,347,419,419,448,459,489,518,164,164,199,218,218,251,251,41,71,105,105,179,179,208,443,468,498,532,560,560,609,609,609,738,738,865,1000,1000,1100,1600,1600,1600,1260,1495,1609],"floor_reached":57,"language":"ZHS","playtime":3070,"items_purged":["Strike_RM","Strike_RM"],"score":5231,"play_id":"c4763585-ce3e-42c0-b93b-9a53d0c238a4","local_time":"20210207141304","is_ascension_mode":true,"campfire_choices":[{"data":"AT_FamilyPortrait","floor":6,"key":"SMITH"},{"data":"ScarletImprint","floor":15,"key":"SMITH"},{"data":"Stigmanizer","floor":23,"key":"SMITH"},{"data":"ChaoticDestiny","floor":28,"key":"SMITH"},{"data":"BloodAndWine","floor":32,"key":"SMITH"},{"data":"DemonKingCradle","floor":44,"key":"SMITH"},{"floor":49,"key":"RECALL"},{"data":"QueenOfMidnight","floor":53,"key":"SMITH"}],"circlet_count":0,"master_deck":["AscendersBane","Strike_RM","Strike_RM","Defend_RM","Defend_RM","Defend_RM","Defend_RM","RedMoon","ScarletShoot","AT_FamilyPortrait+1","DiffusionOfMisfortune","HunterOfTheNight","BloodAndWine+1","ScarletImprint+1","NightDance","BatForm","Ultimatum","ChaoticDestiny+1","Stigmanizer+1","UnstableMagic","ScarletNetherworld","MillenniumVampire","StarOfDavid","DemonKingCradle+1","BloodySeventeenLaser","MillenniumVampire","QueenOfMidnight+1"],"relics":["ScarletHat","HushsDoor","AT_ATBox","GuppysHead","Gensokyo:Mercy","Oddly Smooth Stone","AT_BellDemon","Dota2Spire:ArmletOfMordiggian","BookofShadows","Leech","BookOfRevelations","AT_DeathDance","DoctorsRemote","ChampionBelt","GuppysTail","SatanicBible","DemoMod:GlassGuonStoneRelic","Kunai","AT_BellowingDragoncrestRing","Dota2Spire:Satanic","Gremlin Horn","StrikeDummy","SteamSale","AT_BladeRuinedKing","DemoMod:SevenLeafClover","DemoMod:PoisonVial","Black Star","ChampionBelt","Dota2Spire:CrimsonGuard","DemoMod:BigBoy","Bag of Preparation","SalivaCoin","PunchingBag","Bag of Marbles","Bird Faced Urn","HowToJump","RuthlessExorcism:ReiMu","Dota2Spire:DrumOfEndurance","AT_RabadonDeathcap","AT_TheCollector","Dota2Spire:BlackKingBar","Orichalcum","TungstenRod","Ancient Tea Set","InkBottle","TuHaoJin","Boot","DeadEye","BFFS","MerchantsRug","Blood Vial","Dota2Spire:PhaseBoots"],"acts_visited":["Exordium","Gensokyo:Gensokyo","TheBeyond","TheEnding"],"potions_floor_usage":[12,12,56,56],"damage_taken":[{"damage":4,"enemies":"Gensokyo:Python","floor":1,"turns":3},{"damage":0,"enemies":"Gensokyo:2_Kodama","floor":3,"turns":2},{"damage":0,"enemies":"Gensokyo:3_Fairies","floor":5,"turns":5},{"damage":6,"enemies":"Gensokyo:Mamizou","floor":8,"turns":7},{"damage":0,"enemies":"Gensokyo:LivingMonolith","floor":10,"turns":3},{"damage":0,"enemies":"Gensokyo:3_Kodama","floor":11,"turns":2},{"damage":0,"enemies":"Gensokyo:Aya","floor":12,"turns":3},{"damage":1,"enemies":"Gensokyo:Python_and_Kodama","floor":13,"turns":3},{"damage":0,"enemies":"Gensokyo:CorruptedTreant","floor":14,"turns":3},{"damage":0,"enemies":"Gensokyo:Yukari","floor":16,"turns":7},{"damage":0,"enemies":"Gensokyo:Koishi","floor":18,"turns":6},{"damage":0,"enemies":"Gensokyo:2_Gloops","floor":19,"turns":4},{"damage":0,"enemies":"Gensokyo:Tenshi","floor":20,"turns":4},{"damage":0,"enemies":"Gensokyo:Reisen","floor":21,"turns":3},{"damage":0,"enemies":"Gensokyo:Tenshi","floor":24,"turns":4},{"damage":0,"enemies":"Gensokyo:CosmicMonolith","floor":25,"turns":1},{"damage":0,"enemies":"Gensokyo:Reisen","floor":27,"turns":3},{"damage":0,"enemies":"Gensokyo:Tenshi","floor":30,"turns":4},{"damage":0,"enemies":"Gensokyo:Reisen","floor":31,"turns":2},{"damage":0,"enemies":"Gensokyo:Kaguya","floor":33,"turns":5},{"damage":0,"enemies":"Nemesis","floor":35,"turns":4},{"damage":0,"enemies":"Giant Head","floor":36,"turns":4},{"damage":0,"enemies":"Nemesis","floor":37,"turns":3},{"damage":0,"enemies":"Reptomancer","floor":38,"turns":1},{"damage":0,"enemies":"Giant Head","floor":39,"turns":3},{"damage":0,"enemies":"Nemesis","floor":40,"turns":3},{"damage":0,"enemies":"2 Orb Walkers","floor":42,"turns":2},{"damage":0,"enemies":"Giant Head","floor":45,"turns":3},{"damage":0,"enemies":"Nemesis","floor":47,"turns":3},{"damage":0,"enemies":"Giant Head","floor":48,"turns":3},{"damage":0,"enemies":"Time Eater","floor":50,"turns":5},{"damage":0,"enemies":"Awakened One","floor":51,"turns":4},{"damage":0,"enemies":"Shield and Spear","floor":55,"turns":2},{"damage":0,"enemies":"The Heart","floor":56,"turns":5}],"seed_played":"-6854830416241445545","potions_obtained":[{"floor":5,"key":"FearPotion"},{"floor":8,"key":"Swift Potion"},{"floor":11,"key":"Energy Potion"},{"floor":13,"key":"Regen Potion"}],"is_trial":false,"path_per_floor":["M","?","M","COS","M","R","?","E","T","M","M","E","M","M","R","B",null,"M","M","M","M","$","R","M","M","T","M","R","COS","M","M","R","B",null,"M","M","M","M","M","E","?","?","T","R","E","?","M","E","R","B","B",null,"R","$","E","B",null],"character_chosen":"REMILIA","items_purchased":["GuppysTail","AT_BellowingDragoncrestRing","Boot","DeadEye","BFFS","MerchantsRug","AttackPotion"],"campfire_rested":0,"item_purchase_floors":[17,22,54,54,54,54,54],"current_hp_per_floor":[59,59,59,59,59,59,44,38,38,38,42,48,50,52,52,61,60,60,60,60,60,60,60,60,60,60,60,60,60,60,60,60,60,60,60,60,60,60,60,60,60,60,60,60,60,60,60,60,60,60,60,60,60,60,60,60],"gold":1609,"neow_bonus":"HUNDRED_GOLD","is_daily":false,"chose_seed":false,"campfire_upgraded":7,"win_rate":0.0,"timestamp":1612678384,"path_taken":["M","?","M","COS","M","R","?","E","T","M","M","E","M","M","R","BOSS","M","M","M","M","$","R","M","M","T","M","R","COS","M","M","R","BOSS","M","M","M","M","M","E","?","?","T","R","E","?","M","E","R","BOSS","BOSS","R","$","E","BOSS"],"items_purchased_type":["Relic","Relic","Relic","Relic","Relic","Relic","Potion"],"build_version":"2020-12-22","purchased_purges":2,"victory":true,"max_hp_per_floor":[70,70,70,70,70,70,70,70,70,70,70,70,70,70,70,70,60,60,60,60,60,60,60,60,60,60,60,60,60,60,60,60,60,60,60,60,60,60,60,60,60,60,60,60,60,60,60,60,60,60,60,60,60,60,60,60],"card_choices":[{"not_picked":["ScarletGensokyo","CharismaGuard"],"picked":"ScarletImprint","floor":1},{"not_picked":["ScarletDevil","BlasphemousPunishment"],"picked":"DiffusionOfMisfortune","floor":3},{"not_picked":["DiffusionOfMisfortune","ScarletDevil"],"picked":"HunterOfTheNight","floor":5},{"not_picked":["CharismaGuard","VampireKiss"],"picked":"BloodAndWine","floor":8},{"not_picked":["BloodAndWine","ScarletSymphony"],"picked":"ScarletImprint","floor":10},{"not_picked":["CurseOfVladTepes","UnderTheZenith"],"picked":"NightDance","floor":11},{"not_picked":["VampireClaw","Ultimatum"],"picked":"BatForm","floor":12},{"not_picked":["SuperhumanBloodyKnife","VampireSweep"],"picked":"MastersStateliness","floor":13},{"not_picked":["StarOfDavid","RedRainbow"],"picked":"Ultimatum","floor":14},{"not_picked":["BloodySeventeenLaser","KillingBlow"],"picked":"ChaoticDestiny","floor":16},{"not_picked":["CharismaGuard","BloodHunter"],"picked":"Stigmanizer","floor":18},{"not_picked":["BloodHunter","RedRainbow","BloodAndWine+1"],"picked":"SKIP","floor":18},{"not_picked":["UnstableMagic","Stigmanizer","NightLord"],"picked":"SKIP","floor":19},{"not_picked":["Stigmanizer","NightLord"],"picked":"UnstableMagic","floor":19},{"not_picked":["RedRainbow","HunterOfTheNight","UltimateOffering+1"],"picked":"SKIP","floor":20},{"not_picked":["DiffusionOfMisfortune","BloodyTrap","ScarletImprint"],"picked":"SKIP","floor":20},{"not_picked":["ScarletGensokyo","StarOfDavid"],"picked":"ScarletNetherworld","floor":21},{"not_picked":["VampireFantasy+1","BlasphemousPunishment"],"picked":"MillenniumVampire","floor":24},{"not_picked":["EndlessAdversity","RedMagic","UnderTheZenith"],"picked":"SKIP","floor":25},{"not_picked":["FavorOfDestiny","ScarletImprint","ReincarnationDial"],"picked":"SKIP","floor":27},{"not_picked":["EquivalentExchange","UnstableMagic","ScarletDevil"],"picked":"SKIP","floor":30},{"not_picked":["NightLord","RedRainbow"],"picked":"StarOfDavid","floor":31},{"not_picked":["UnstableMagic","RedNightlessCastle","Ultimatum"],"picked":"SKIP","floor":31},{"not_picked":["TransientEternity","EquivalentExchange"],"picked":"DemonKingCradle","floor":33},{"not_picked":["VampireKiss+1","Stigmanizer","BloodyMagicSquare+1"],"picked":"SKIP","floor":35},{"not_picked":["CharismaGuard","Stigmanizer","NightDance"],"picked":"SKIP","floor":36},{"not_picked":["Maim","ScarletImprint"],"picked":"BloodySeventeenLaser","floor":37},{"not_picked":["BlasphemousPunishment","Stigmanizer+1","MastersStateliness"],"picked":"SKIP","floor":38},{"not_picked":["ChainGang","ScarletSymphony","BatForm"],"picked":"SKIP","floor":39},{"not_picked":["LeisurelyOfLord+1","DiffusionOfMisfortune","VampireKiss"],"picked":"SKIP","floor":40},{"not_picked":["MastersStateliness+1","NightLord"],"picked":"MillenniumVampire","floor":42},{"not_picked":["TricksterDevil","CurseOfVladTepes","KillingBlow"],"picked":"SKIP","floor":43},{"not_picked":["EmergencyRegeneration+1","RedMagic","MastersStateliness"],"picked":"SKIP","floor":45},{"not_picked":["RedRainbow","NightLord+1"],"picked":"QueenOfMidnight","floor":47},{"not_picked":["BlasphemousPunishment+1","Maim","VampirishNight+1"],"picked":"SKIP","floor":48},{"not_picked":["ScarletGensokyo","ScarletImprint","RedNightlessCastle"],"picked":"SKIP","floor":55}],"player_experience":566308,"relics_obtained":[{"floor":8,"key":"Dota2Spire:ArmletOfMordiggian"},{"floor":9,"key":"BookofShadows"},{"floor":12,"key":"BookOfRevelations"},{"floor":13,"key":"AT_DeathDance"},{"floor":14,"key":"DoctorsRemote"},{"floor":18,"key":"Diplopia"},{"floor":20,"key":"SatanicBible"},{"floor":21,"key":"Kunai"},{"floor":24,"key":"Dota2Spire:Satanic"},{"floor":26,"key":"Gremlin Horn"},{"floor":27,"key":"StrikeDummy"},{"floor":30,"key":"AT_BladeRuinedKing"},{"floor":31,"key":"DemoMod:SevenLeafClover"},{"floor":35,"key":"MealTicket"},{"floor":35,"key":"Dota2Spire:CrimsonGuard"},{"floor":36,"key":"DemoMod:BigBoy"},{"floor":36,"key":"Bag of Preparation"},{"floor":37,"key":"SalivaCoin"},{"floor":37,"key":"PunchingBag"},{"floor":38,"key":"Bag of Marbles"},{"floor":38,"key":"Bird Faced Urn"},{"floor":39,"key":"HowToJump"},{"floor":39,"key":"Bottled Tornado"},{"floor":40,"key":"RuthlessExorcism:ReiMu"},{"floor":40,"key":"Dota2Spire:DrumOfEndurance"},{"floor":42,"key":"AT_RabadonDeathcap"},{"floor":43,"key":"AT_TheCollector"},{"floor":45,"key":"Dota2Spire:BlackKingBar"},{"floor":45,"key":"Orichalcum"},{"floor":47,"key":"TungstenRod"},{"floor":47,"key":"Ancient Tea Set"},{"floor":48,"key":"InkBottle"},{"floor":48,"key":"TuHaoJin"},{"floor":55,"key":"Blood Vial"},{"floor":55,"key":"Dota2Spire:PhaseBoots"}],"event_choices":[{"damage_healed":0,"gold_gain":0,"player_choice":"Full Heal","damage_taken":0,"max_hp_gain":0,"max_hp_loss":0,"event_name":"Wheel of Change","floor":41,"gold_loss":0},{"damage_healed":0,"gold_gain":0,"player_choice":"Fight","damage_taken":0,"max_hp_gain":0,"max_hp_loss":0,"event_name":"Mysterious Sphere","floor":42,"gold_loss":0},{"cards_removed":["MastersStateliness"],"damage_healed":0,"gold_gain":0,"player_choice":"Removed Power","damage_taken":0,"max_hp_gain":0,"max_hp_loss":0,"event_name":"Falling","floor":46,"gold_loss":0}],"is_beta":false,"boss_relics":[{"not_picked":["Cursed Key","Calling Bell"],"picked":"ChampionBelt"},{"not_picked":[]},{"not_picked":["AT_TrinityForce","Sozu"],"picked":"Black Star"},{"not_picked":[]}],"items_purged_floors":[22,54],"is_endless":false,"potions_floor_spawned":[5,8,11,13,19,21,30,33,37,40,42,45,47],"ascension_level":20}}