{"host":"0068lo8nqxkxlxxx","time":1612737213,"event":{"mods":["2.2 Compatiblity","AchievementEnabler","Act Like it!","Aspiration","BaseMod","Bestiary","Better Altar","Better Match","Better Note","Better Sensory Stone","Better Skull","Better Third Choice","BetterRewards","Colored Map","Elementarium","Energized Spire","Fox Events","Friendly Minions","GifTheSpireLib","Halation","Hubris","Infinite Spire","Jedi Mod","Minty Spire (QoL Compilation)","Pale of the Ancients","Potionbrewer","Rare Cards Sparkle","Reliquary","Replay The Spire","Shop Mod","Somnambulant","Spicy Shops","Spikes Relics","Spire Arcade","StSLib","Stuff the Spire","The Disciple","The Gatherer","The Jungle","The Marked","The Sage","Trackpad"],"gold_per_floor":[117,130,180,180,203,203,263,263,286,286,317,333,333,353,353,482,482,504,504,535,549,125,125,138,138,138],"floor_reached":25,"language":"ENG","playtime":1550,"items_purged":["Writhe"],"score":203,"play_id":"05fd84a0-8ea4-42a4-a6de-4130aa4a22cd","local_time":"20210207173333","is_ascension_mode":false,"campfire_choices":[{"floor":6,"key":"REST"},{"floor":8,"key":"REST"},{"data":"Sunder","floor":10,"key":"SMITH"},{"data":"Stack","floor":13,"key":"SMITH"},{"data":"Beam Cell","floor":13,"key":"SMITH"},{"floor":15,"key":"REST"}],"circlet_count":0,"master_deck":["Strike_B","Strike_B","Strike_B","Strike_B","Defend_B","Defend_B","Defend_B","Zap","Dualcast","Coolheaded","White Noise","Creative AI+1","Stack+1","Sunder+1","Beam Cell+1","FIFO Queue","Elementarium:StickyTar","Buffer","jedi:reiji","ReplaySolidLightProjector","Conserve Battery","Darkness","Leap+1"],"relics":["Cracked Core","infinitespire:Satchel","Ring of Greed","Ring of Peace","Blue Doll","aspiration:Lifesprig","hubris:SlimyHat","halation:PenCase","potionbrewer:BhaskarasWheel","SpikesRelics:ToyHorsey","halation:AfternoonTea","StuffTheSpire:PointBlank","Nloth\u0027s Gift"],"acts_visited":["Exordium","TheCity"],"potions_floor_usage":[5,11,12,20,25],"damage_taken":[{"damage":2,"enemies":"2 Louse","floor":1,"turns":2},{"damage":6,"enemies":"Jaw Worm","floor":2,"turns":3},{"damage":11,"enemies":"Small Slimes","floor":5,"turns":5},{"damage":24,"enemies":"Gremlin Nob","floor":7,"turns":5},{"damage":6,"enemies":"Gremlin Nob","floor":11,"turns":4},{"damage":0,"enemies":"Red Slaver","floor":12,"turns":2},{"damage":8,"enemies":"Exordium Wildlife","floor":14,"turns":3},{"damage":63,"enemies":"Hexaghost","floor":16,"turns":11},{"damage":13,"enemies":"Shell Parasite","floor":18,"turns":6},{"damage":18,"enemies":"3 Byrds","floor":20,"turns":6},{"damage":12,"enemies":"Snecko","floor":21,"turns":6},{"damage":19,"enemies":"3 Cultists","floor":24,"turns":7},{"damage":16,"enemies":"Cultist and Chosen","floor":25,"turns":4}],"seed_played":"7912179783920592981","potions_obtained":[{"floor":1,"key":"sagemod:Wine"},{"floor":2,"key":"potionbrewer:CleansingPotion"},{"floor":7,"key":"SkillPotion"},{"floor":11,"key":"Adrenaline Potion"},{"floor":18,"key":"Fire Potion"},{"floor":21,"key":"Cursed Concoction"}],"is_trial":false,"path_per_floor":["M","M","?","?","M","R","?","R","T","R","E","M","R","M","R","B",null,"M","AVR","M","M","$","?","M","M"],"character_chosen":"DEFECT","items_purchased":["Darkness","halation:AfternoonTea","StuffTheSpire:PointBlank"],"campfire_rested":3,"item_purchase_floors":[22,22,22],"current_hp_per_floor":[73,67,67,67,56,75,51,73,73,73,67,67,67,59,75,12,75,62,62,44,32,32,32,13,0,0],"gold":138,"neow_bonus":"RANDOM_COMMON_RELIC","is_daily":false,"chose_seed":false,"campfire_upgraded":3,"win_rate":0.0,"timestamp":1612737213,"path_taken":["M","M","?","?","M","R","?","R","T","R","E","M","R","M","R","BOSS","M","AVR","M","M","$","?","?","M"],"items_purchased_type":["Card","Relic","Relic"],"build_version":"2020-12-22","purchased_purges":1,"victory":false,"max_hp_per_floor":[75,75,75,75,75,75,75,75,75,75,75,75,75,75,75,75,75,75,75,75,75,75,75,75,75,75],"card_choices":[{"not_picked":["Rebound","jedi:BurstFrost"],"picked":"Coolheaded","floor":1},{"not_picked":["hubris:Ukulele","Coolheaded"],"picked":"White Noise","floor":2},{"not_picked":["jedi:sharpshooter","FTL"],"picked":"Stack","floor":5},{"not_picked":["Go for the Eyes","Undo"],"picked":"Sunder","floor":7},{"not_picked":["Auto Shields","jedi:bruteforce"],"picked":"Beam Cell","floor":11},{"not_picked":["jedi:BurstLightning","jedi:sharpshooter","ReplayGash"],"picked":"SKIP","floor":12},{"not_picked":["Go for the Eyes","Glacier"],"picked":"FIFO Queue","floor":14},{"not_picked":["jedi:readyaimfire","Amplify"],"picked":"Buffer","floor":16},{"not_picked":["jedi:spotbugs","Skim"],"picked":"jedi:reiji","floor":18},{"not_picked":["Barrage","StuffTheSpire:LoadUp"],"picked":"ReplaySolidLightProjector","floor":20},{"not_picked":["Streamline+1","Coolheaded+1"],"picked":"Conserve Battery","floor":21},{"not_picked":["Glacier","Coolheaded"],"picked":"Leap+1","floor":24}],"player_experience":103181,"relics_obtained":[{"floor":3,"key":"Ring of Greed"},{"floor":3,"key":"Ring of Peace"},{"floor":3,"key":"infinitespire:Midas Blood"},{"floor":3,"key":"Blue Doll"},{"floor":9,"key":"hubris:SlimyHat"},{"floor":11,"key":"halation:PenCase"}],"event_choices":[{"damage_healed":0,"gold_gain":30,"player_choice":"Searched \u00273\u0027 times","damage_taken":0,"relics_obtained":["aspiration:Lifesprig"],"max_hp_gain":0,"max_hp_loss":0,"event_name":"Dead Adventurer","floor":7,"gold_loss":0},{"damage_healed":0,"gold_gain":0,"player_choice":"Traded Relic","damage_taken":0,"relics_obtained":["Nloth\u0027s Gift"],"max_hp_gain":0,"max_hp_loss":0,"event_name":"N\u0027loth","floor":23,"relics_lost":["infinitespire:Midas Blood"],"gold_loss":0}],"is_beta":false,"boss_relics":[{"not_picked":["energizedSpire:RedRose","ReplayTheSpireMod:SealedPack"],"picked":"potionbrewer:BhaskarasWheel"}],"items_purged_floors":[19],"is_endless":false,"potions_floor_spawned":[1,2,7,11,18,21],"killed_by":"Cultist and Chosen","ascension_level":0}}