{"host":"mydft8i2zzydgggw","time":1612666449,"event":{"mods":["AchievementEnabler","BaseMod","BetterRewards","Colored Map","Colored Powertips","DeckTracker","Keyboard Shortcuts","Minty Spire (QoL Compilation)","Rare Cards Sparkle","StSLib","SuperFastMode","everything is the same but u backflip on backflip"],"gold_per_floor":[112,130,130,205,221,221,255,280,303,323,20,20,39,39,39,39,39],"floor_reached":16,"language":"KOR","playtime":214,"items_purged":[],"score":143,"play_id":"6e429404-50ea-435e-8d21-adc062e758b2","local_time":"20210207115409","is_ascension_mode":true,"campfire_choices":[{"data":"Blood for Blood","floor":6,"key":"SMITH"},{"floor":12,"key":"REST"},{"data":"1","floor":15,"key":"LIFT"}],"circlet_count":0,"master_deck":["Strike_R","Strike_R","Strike_R+1","Strike_R","Defend_R","Defend_R","Defend_R","Bash","Twin Strike","Blood for Blood+1","Disarm+1","Body Slam","Dark Embrace","Armaments"],"relics":["Burning Blood","Golden Idol","Lantern","PreservedInsect","Girya"],"acts_visited":["Exordium"],"potions_floor_usage":[7,10,16],"damage_taken":[{"damage":15,"enemies":"Small Slimes","floor":1,"turns":5},{"damage":7,"enemies":"Jaw Worm","floor":2,"turns":3},{"damage":7,"enemies":"2 Louse","floor":5,"turns":3},{"damage":34,"enemies":"3 Sentries","floor":7,"turns":7},{"damage":12,"enemies":"2 Fungi Beasts","floor":8,"turns":4},{"damage":12,"enemies":"Blue Slaver","floor":10,"turns":4},{"damage":0,"enemies":"Large Slime","floor":13,"turns":4},{"damage":24,"enemies":"The Guardian","floor":16,"turns":2}],"seed_played":"-1715446858043347550","potions_obtained":[{"floor":2,"key":"SkillPotion"},{"floor":5,"key":"Explosive Potion"},{"floor":13,"key":"Weak Potion"}],"is_trial":false,"path_per_floor":["M","M","?","?","M","R","E","M","T","M","$","R","M","?","R","B"],"character_chosen":"IRONCLAD","items_purchased":["Girya"],"campfire_rested":1,"item_purchase_floors":[11],"current_hp_per_floor":[63,62,62,51,50,50,22,16,16,10,10,30,36,23,23,0,0],"gold":39,"neow_bonus":"REMOVE_TWO","is_daily":false,"chose_seed":false,"campfire_upgraded":1,"win_rate":0.0,"timestamp":1612666449,"path_taken":["M","M","?","?","M","R","E","M","T","M","$","R","M","?","R","BOSS"],"items_purchased_type":["Relic"],"build_version":"2020-12-22","purchased_purges":0,"victory":false,"max_hp_per_floor":[72,72,67,67,67,67,67,67,67,67,67,67,67,67,67,67,67],"card_choices":[{"not_picked":["Intimidate","Uppercut"],"picked":"Twin Strike","floor":1},{"not_picked":["Perfected Strike","Pommel Strike"],"picked":"Blood for Blood","floor":2},{"not_picked":["Havoc","Rampage"],"picked":"Disarm","floor":5},{"not_picked":["Wild Strike","Rampage"],"picked":"Body Slam","floor":7},{"not_picked":["Carnage","Exhume"],"picked":"Dark Embrace","floor":8},{"not_picked":["Uppercut","Headbutt","Infernal Blade"],"picked":"SKIP","floor":10},{"not_picked":["Intimidate","Pommel Strike"],"picked":"Armaments","floor":13}],"player_experience":240430,"relics_obtained":[{"floor":7,"key":"Lantern"},{"floor":9,"key":"PreservedInsect"}],"event_choices":[{"damage_healed":0,"gold_gain":0,"player_choice":"Lose Max HP","damage_taken":0,"relics_obtained":["Golden Idol"],"max_hp_gain":0,"max_hp_loss":5,"event_name":"Golden Idol","floor":3,"gold_loss":0},{"damage_healed":0,"gold_gain":75,"player_choice":"Gather Gold","damage_taken":11,"max_hp_gain":0,"max_hp_loss":0,"event_name":"World of Goop","floor":4,"gold_loss":0},{"damage_healed":0,"gold_gain":0,"player_choice":"Entered Light","damage_taken":13,"max_hp_gain":0,"max_hp_loss":0,"event_name":"Shining Light","floor":14,"gold_loss":0,"cards_upgraded":["Strike_R","Disarm"]}],"is_beta":false,"boss_relics":[],"items_purged_floors":[],"is_endless":false,"potions_floor_spawned":[2,5,13],"killed_by":"The Guardian","ascension_level":8}}