{"host":"am0cr9xwekqmrere","time":1612675049,"event":{"mods":["AchievementEnabler","Act Like it!","BaseMod","Better Altar","Better Match","Better Note","Better Sensory Stone","Better Skull","Better Third Choice","BetterRewards","Conspire","Downfall","Hubris","Infinite Spire","Minty Spire (QoL Compilation)","Rare Cards Sparkle","Spicy Shops","StSLib","Unceasing Turn Reminder"],"gold_per_floor":[99,113,129,53,53,81,106,6,37,37,54,54,54,54],"floor_reached":12,"language":"ENG","playtime":373,"items_purged":[],"score":80,"play_id":"f0634311-653a-4835-a310-5884c796725c","local_time":"20210206231729","is_ascension_mode":true,"campfire_choices":[{"data":"champ:Taunt","floor":1,"key":"SMITH"}],"circlet_count":0,"master_deck":["champ:Strike","champ:Strike","champ:Strike","champ:Strike","champ:Defend","champ:Defend","champ:Defend","champ:Defend","champ:Execute","champ:Taunt+1","Pain","Magnetism","champ:Haymaker","champ:FanOfKnives","champ:RecklessLeap","Decay","champ:StanceDance","conspire:SpireCoStock","conspire:SpireCoStock","champ:IronFortress","champ:Backstep"],"relics":["champ:ChampionCrown","OrangePellets","Potion Belt","MealTicket","Lantern"],"acts_visited":["Exordium"],"potions_floor_usage":[3,11],"damage_taken":[{"damage":25,"enemies":"Cultist","floor":2,"turns":4},{"damage":13,"enemies":"Jaw Worm","floor":3,"turns":5},{"damage":32,"enemies":"downfall:FleeingMerchant","floor":4,"turns":4},{"damage":75,"enemies":"Lagavulin","floor":6,"turns":6},{"damage":21,"enemies":"downfall:FleeingMerchant","floor":9,"turns":4},{"damage":1,"enemies":"Small Slimes","floor":11,"turns":3},{"damage":12,"enemies":"Gremlin Nob","floor":12,"turns":2}],"seed_played":"-5726615796296960760","potions_obtained":[{"floor":2,"key":"Energy Potion"},{"floor":6,"key":"Weak Potion"},{"floor":11,"key":"DuplicationPotion"}],"is_trial":false,"path_per_floor":["R","M","M","$","?","E","T","?","$","?","M","E"],"character_chosen":"THE_CHAMP","items_purchased":["OrangePellets"],"campfire_rested":0,"item_purchase_floors":[4],"current_hp_per_floor":[90,85,72,60,60,9,9,9,13,13,12,0,0,0],"gold":54,"neow_bonus":"RANDOM_COLORLESS_2","is_daily":false,"chose_seed":false,"campfire_upgraded":1,"win_rate":0.0,"timestamp":1612675049,"path_taken":["R","M","M","$","?","E","T","?","$","?","M","E"],"items_purchased_type":["Relic"],"build_version":"2020-12-22","purchased_purges":0,"victory":false,"max_hp_per_floor":[90,90,90,90,90,90,90,90,90,90,90,90,90,90],"card_choices":[{"not_picked":["Transmutation","The Bomb"],"picked":"Magnetism","floor":0},{"not_picked":["champ:ViciousMockery","champ:HeartStrike"],"picked":"champ:Haymaker","floor":2},{"not_picked":["champ:BladeFlurry","champ:Haymaker"],"picked":"champ:FanOfKnives","floor":3},{"not_picked":["champ:PerfectedStrike","champ:ArenaPreparation"],"picked":"champ:RecklessLeap","floor":4},{"not_picked":["champ:EndlessRage","champ:SwordSigil"],"picked":"champ:StanceDance","floor":6},{"not_picked":["champ:Parry","champ:Backstep"],"picked":"champ:IronFortress","floor":9},{"not_picked":["champ:DefensiveShout","champ:FanOfKnives"],"picked":"champ:Backstep","floor":11}],"player_experience":2735210,"relics_obtained":[{"floor":6,"key":"Potion Belt"},{"floor":7,"key":"MealTicket"}],"event_choices":[{"damage_healed":0,"gold_gain":0,"player_choice":"Invest 2","damage_taken":0,"max_hp_gain":0,"max_hp_loss":0,"event_name":"conspire:Investor","floor":8,"gold_loss":0}],"is_beta":false,"boss_relics":[],"items_purged_floors":[],"is_endless":false,"potions_floor_spawned":[2,6,11],"killed_by":"Gremlin Nob","ascension_level":1}}