{"host":"sum4dy402bbv9y4o","time":1612734132,"event":{"mods":["Aspiration","BaseMod","Conspire","Highlight Path","Minty Spire (QoL Compilation)","StSLib"],"gold_per_floor":[110,260,260,270,287,314,314,314,314,38,49,83,94,94,94,173,173,185,8,18,18,18,18],"floor_reached":22,"language":"ENG","playtime":603,"items_purged":["Doubt","Strike_P"],"score":438,"play_id":"62252e28-0262-48b0-a63f-13e95a9c8d19","local_time":"20210208004212","is_ascension_mode":true,"campfire_choices":[{"data":"TalkToTheHand","floor":8,"key":"SMITH"},{"data":"Eruption","floor":15,"key":"SMITH"}],"circlet_count":0,"master_deck":["AscendersBane","Strike_P","Defend_P","Defend_P","Defend_P","Eruption+1","Vigilance","TalkToTheHand+1","FlurryOfBlows","BowlingBash","Consecrate","Poisoned Stab","Dash","conspire:DoublingDagger","MentalFortress","FearNoEvil","Weave","Evaluate","CutThroughFate","MentalFortress","DeusExMachina","Adaptation","Consecrate","SashWhip","EmptyFist"],"relics":["PureWater","NeowsBlessing","Ancient Tea Set","aspiration:SeaSaltIceCream","Red Skull","aspiration:AnachronicSnailShell","conspire:Boomerang"],"acts_visited":["Exordium","TheCity"],"potions_floor_usage":[6,12,18,22],"damage_taken":[{"damage":0,"enemies":"2 Louse","floor":1,"turns":1},{"damage":0,"enemies":"conspire:RoseBush","floor":4,"turns":1},{"damage":0,"enemies":"Cultist","floor":5,"turns":1},{"damage":28,"enemies":"Gremlin Nob","floor":6,"turns":4},{"damage":0,"enemies":"Lots of Slimes","floor":11,"turns":1},{"damage":0,"enemies":"3 Sentries","floor":12,"turns":3},{"damage":2,"enemies":"Blue Slaver","floor":13,"turns":3},{"damage":25,"enemies":"The Guardian","floor":16,"turns":8},{"damage":30,"enemies":"2 Thieves","floor":18,"turns":4},{"damage":15,"enemies":"Shell Parasite","floor":20,"turns":3},{"damage":10,"enemies":"Snake Plant","floor":22,"turns":1}],"seed_played":"3037366053531248675","potions_obtained":[{"floor":1,"key":"BlessingOfTheForge"},{"floor":3,"key":"ColorlessPotion"},{"floor":5,"key":"CultistPotion"},{"floor":11,"key":"SteroidPotion"},{"floor":16,"key":"Explosive Potion"},{"floor":20,"key":"AttackPotion"}],"is_trial":false,"path_per_floor":["M","?","?","M","M","E","?","R","T","$","M","E","M","T","R","B",null,"M","$","M","$","M"],"character_chosen":"WATCHER","items_purchased":["MentalFortress","FearNoEvil","Weave","Consecrate","SashWhip"],"campfire_rested":0,"item_purchase_floors":[10,10,10,19,19],"current_hp_per_floor":[61,61,61,61,61,33,33,33,33,33,33,33,31,31,31,6,53,23,23,8,8,0,0],"gold":18,"neow_bonus":"THREE_ENEMY_KILL","is_daily":false,"chose_seed":false,"campfire_upgraded":2,"win_rate":0.0,"timestamp":1612734132,"path_taken":["M","?","?","M","?","E","?","R","T","$","?","E","?","?","R","BOSS","M","$","M","?","M"],"items_purchased_type":["Card","Card","Card","Card","Card"],"build_version":"2020-12-22","purchased_purges":2,"victory":false,"max_hp_per_floor":[68,68,68,68,68,68,68,68,68,68,68,68,68,68,68,68,68,68,68,68,68,68,68],"card_choices":[{"not_picked":["SandsOfTime","SignatureMove"],"picked":"TalkToTheHand","floor":1},{"not_picked":["Evaluate","EmptyBody"],"picked":"FlurryOfBlows","floor":4},{"not_picked":["Halt","Protect"],"picked":"BowlingBash","floor":5},{"not_picked":["Pray","ClearTheMind"],"picked":"Consecrate","floor":6},{"not_picked":["Crescendo","BattleHymn"],"picked":"Evaluate","floor":11},{"not_picked":["BattleHymn","InnerPeace"],"picked":"CutThroughFate","floor":12},{"not_picked":["Meditate","WaveOfTheHand"],"picked":"MentalFortress","floor":13},{"not_picked":["Scrawl","Alpha"],"picked":"DeusExMachina","floor":16},{"not_picked":["ClearTheMind+1","Conclude"],"picked":"Adaptation","floor":18},{"not_picked":["WreathOfFlame","CutThroughFate"],"picked":"EmptyFist","floor":20}],"player_experience":3057556,"relics_obtained":[{"floor":6,"key":"Ancient Tea Set"},{"floor":9,"key":"aspiration:SeaSaltIceCream"},{"floor":12,"key":"aspiration:AnachronicSnailShell"},{"floor":14,"key":"conspire:Boomerang"}],"event_choices":[{"damage_healed":0,"gold_gain":150,"player_choice":"AGREE","damage_taken":0,"max_hp_gain":0,"max_hp_loss":0,"event_name":"Liars Game","floor":2,"gold_loss":0,"cards_obtained":["Doubt"]},{"damage_healed":0,"gold_gain":0,"player_choice":"Got Potions","damage_taken":0,"max_hp_gain":0,"max_hp_loss":0,"event_name":"Lab","floor":3,"gold_loss":0}],"is_beta":false,"boss_relics":[{"not_picked":["conspire:RoyalGoblet","Cursed Key","Snecko Eye"]}],"items_purged_floors":[10,19],"is_endless":false,"potions_floor_spawned":[1,5,11,16,20],"killed_by":"Snake Plant","ascension_level":20}}