{"host":"jou5gy8et5i77wvo","time":1612741913,"event":{"mods":["AchievementEnabler","BaseMod","Colored Map","Colored Powertips","Downfall","Highlight Path","Minty Spire (QoL Compilation)","Quick Restart","StSLib"],"gold_per_floor":[119,139,155,155,170,170,90,90,90,90,104,104,104,59,59,59,59],"floor_reached":16,"language":"ENG","playtime":764,"items_purged":[],"score":90,"play_id":"6f6bf2ca-8f6f-41a6-8864-2fe1f7e2d7ab","local_time":"20210207155153","is_ascension_mode":false,"campfire_choices":[{"floor":6,"key":"REST"},{"data":"Dramatic Entrance","floor":10,"key":"SMITH"},{"data":"Redo","floor":13,"key":"SMITH"},{"data":"Dualcast","floor":15,"key":"SMITH"}],"circlet_count":0,"master_deck":["Strike_B","Strike_B","Strike_B","Strike_B","Defend_B","Defend_B","Defend_B","Defend_B","Zap","Dualcast+1","Dramatic Entrance+1","Redo+1","Sweeping Beam","Go for the Eyes","Melter","Ball Lightning","Regret","Go for the Eyes"],"relics":["Cracked Core","Mummified Hand","Question Card","Lantern"],"acts_visited":["Exordium"],"potions_floor_usage":[],"damage_taken":[{"damage":0,"enemies":"Small Slimes","floor":1,"turns":2},{"damage":1,"enemies":"Jaw Worm","floor":2,"turns":3},{"damage":0,"enemies":"Cultist","floor":3,"turns":2},{"damage":6,"enemies":"3 Louse","floor":5,"turns":2},{"damage":2,"enemies":"Exordium Thugs","floor":11,"turns":2},{"damage":74,"enemies":"Hexaghost","floor":16,"turns":10}],"seed_played":"-6291216564552593112","potions_obtained":[{"floor":3,"key":"DuplicationPotion"},{"floor":11,"key":"Energy Potion"}],"is_trial":false,"path_per_floor":["M","M","M","?","M","R","$","?","T","R","M","?","R","$","R","B"],"character_chosen":"DEFECT","items_purchased":["Melter","Go for the Eyes"],"campfire_rested":1,"item_purchase_floors":[7,14],"current_hp_per_floor":[75,74,74,62,56,75,75,75,75,75,73,73,73,73,73,0,0],"gold":59,"neow_bonus":"RANDOM_COLORLESS","is_daily":false,"chose_seed":false,"campfire_upgraded":3,"win_rate":0.0,"timestamp":1612741913,"path_taken":["M","M","M","?","M","R","$","?","T","R","M","?","R","?","R","BOSS"],"items_purchased_type":["Card","Card"],"build_version":"2020-12-22","purchased_purges":0,"victory":false,"max_hp_per_floor":[75,75,75,75,75,75,75,75,75,75,75,75,75,75,75,75,75],"card_choices":[{"not_picked":["Deep Breath","Purity"],"picked":"Dramatic Entrance","floor":0},{"not_picked":["Rebound","Barrage"],"picked":"Redo","floor":1},{"not_picked":["Hologram","Aggregate"],"picked":"Sweeping Beam","floor":2},{"not_picked":["Turbo","Hello World","Fusion"],"picked":"SKIP","floor":3},{"not_picked":["Conserve Battery","Cold Snap"],"picked":"Go for the Eyes","floor":5},{"not_picked":["Rebound","Darkness","Turbo"],"picked":"Ball Lightning","floor":11}],"player_experience":31580,"relics_obtained":[{"floor":9,"key":"Question Card"}],"event_choices":[{"damage_healed":0,"gold_gain":0,"player_choice":"Success","damage_taken":12,"relics_obtained":["Mummified Hand"],"max_hp_gain":0,"max_hp_loss":0,"event_name":"Scrap Ooze","floor":4,"gold_loss":0},{"damage_healed":0,"gold_gain":0,"player_choice":"Ignored","damage_taken":0,"max_hp_gain":0,"max_hp_loss":0,"event_name":"Liars Game","floor":8,"gold_loss":0},{"damage_healed":0,"gold_gain":0,"player_choice":"Box","damage_taken":0,"relics_obtained":["Lantern"],"max_hp_gain":0,"max_hp_loss":0,"event_name":"Big Fish","floor":12,"gold_loss":0,"cards_obtained":["Regret"]}],"is_beta":false,"boss_relics":[],"items_purged_floors":[],"is_endless":false,"potions_floor_spawned":[3,11],"killed_by":"Hexaghost","ascension_level":0}}