{"host":"53w25izqmiakdcya","time":1612683564,"event":{"mods":["BaseMod","Colored Powertips","Downfall","Minty Spire (QoL Compilation)","Quick Restart","Rare Cards Sparkle","StSLib"],"gold_per_floor":[199,216,391,406,406,422,422,457,118,132,32,58,58,58,78,178,228,228,245,261,261,6,18,18,18,18,31,47,32,32,51,66,66,66,66],"floor_reached":33,"language":"ENG","playtime":2284,"items_purged":["Doubt"],"score":284,"play_id":"ba0e942c-d41d-4408-9db7-7991530c20af","local_time":"20210207013924","is_ascension_mode":false,"campfire_choices":[{"data":"bronze:Replicate","floor":1.0,"key":"SMITH"},{"floor":11.0,"key":"REST"},{"floor":13.0,"key":"REST"},{"data":"bronze:CloningBeam","floor":18.0,"key":"SMITH"},{"floor":25.0,"key":"REST"}],"circlet_count":0,"master_deck":["bronze:Strike","bronze:Strike","bronze:Strike","bronze:Defend","bronze:Defend","bronze:Defend","bronze:Defend","bronze:Replicate+1","bronze:Goto+1","bronze:FineTuning","bronze:Frontload","bronze:ChosenStrike","bronze:CloningBeam+1","bronze:RecursiveStrike+1","Flash of Steel","bronze:WhirlingStrike","bronze:DelayedSlice","bronze:DelayedGuard","bronze:SpaghettiCode","bronze:BitShift","bronze:Branch","bronze:FineTuning","bronze:ClassDefault","bronze:FineTuning","bronze:Fortify","bronze:Backtrace+1","bronze:Repair","bronze:DigitalCarnage","bronze:ForLoop+1","bronze:CloningBeam+1"],"relics":["bronze:BronzeCore","InkBottle","PreservedInsect","downfall:HeartBlessingBlue","Lantern","Tiny House","Tiny Chest","downfall:RedIOU","Enchiridion"],"acts_visited":["Exordium","TheCity"],"potions_floor_usage":[33,33],"damage_taken":[{"damage":1.0,"enemies":"Jaw Worm","floor":2.0,"turns":4.0},{"damage":0.0,"enemies":"Small Slimes","floor":4.0,"turns":4.0},{"damage":0.0,"enemies":"Cultist","floor":6.0,"turns":4.0},{"damage":31.0,"enemies":"3 Sentries","floor":8.0,"turns":11.0},{"damage":10.0,"enemies":"downfall:FleeingMerchant","floor":9.0,"turns":4.0},{"damage":6.0,"enemies":"Large Slime","floor":10.0,"turns":3.0},{"damage":19.0,"enemies":"Lagavulin","floor":12.0,"turns":5.0},{"damage":0.0,"enemies":"Lots of Slimes","floor":15.0,"turns":3.0},{"damage":59.0,"enemies":"IC_STATUS_ARCHETYPE","floor":16.0,"turns":12.0},{"damage":0.0,"enemies":"Spheric Guardian","floor":19.0,"turns":3.0},{"damage":1.0,"enemies":"3 Cultists","floor":20.0,"turns":5.0},{"damage":10.0,"enemies":"downfall:FleeingMerchant","floor":22.0,"turns":4.0},{"damage":32.0,"enemies":"Shelled Parasite and Fungi","floor":23.0,"turns":4.0},{"damage":19.0,"enemies":"Cultist and Chosen","floor":27.0,"turns":6.0},{"damage":26.0,"enemies":"Snake Plant","floor":28.0,"turns":6.0},{"damage":0.0,"enemies":"downfall:FleeingMerchant","floor":29.0,"turns":4.0},{"damage":3.0,"enemies":"Sentry and Sphere","floor":31.0,"turns":3.0},{"damage":20.0,"enemies":"Centurion and Healer","floor":32.0,"turns":6.0},{"damage":60,"enemies":"SI_MIRROR_ARCHETYPE","floor":33,"turns":8}],"seed_played":"-5630538533602752771","potions_obtained":[{"floor":4.0,"key":"LiquidBronze"},{"floor":10.0,"key":"FairyPotion"},{"floor":15.0,"key":"PowerPotion"},{"floor":17.0,"key":"Guardian:BlockOnCardUsePotion"},{"floor":32.0,"key":"GamblersBrew"}],"is_trial":false,"path_per_floor":["R","M","?","M","?","M","T","E","$","M","R","E","R","?","M","B",null,"R","M","M","?","$","M","T","R","?","M","M","$","?","M","M","B"],"character_chosen":"THE_AUTOMATON","items_purchased":["PreservedInsect","Flash of Steel","Bronze Scales","bronze:FineTuning","bronze:Fortify"],"campfire_rested":3,"item_purchase_floors":[9,9,22,22,22],"current_hp_per_floor":[70,69,69,69,69,69,69,38,28,22,56,37,61,61,61,2,85,85,85,84,84,74,42,42,67,67,48,46,46,30,27,14,0,0,0],"gold":66,"neow_bonus":"HUNDRED_GOLD","is_daily":false,"chose_seed":false,"campfire_upgraded":2,"win_rate":0.0,"timestamp":1612683564,"path_taken":["R","M","?","M","?","M","T","E","$","M","R","E","R","?","M","BOSS","R","M","M","?","$","M","T","R","?","M","M","$","?","M","M","BOSS"],"items_purchased_type":["Relic","Card","Relic","Card","Card"],"build_version":"2020-12-22","purchased_purges":1,"victory":false,"max_hp_per_floor":[70,70,70,70,70,70,70,70,70,70,80,80,80,80,80,80,85,85,85,85,85,85,85,85,85,85,85,85,85,85,85,85,85,85,85],"card_choices":[{"not_picked":["bronze:OilSpill","bronze:WildBeam"],"picked":"bronze:FineTuning","floor":2.0},{"not_picked":["bronze:Invalidate","bronze:DarkDash"],"picked":"bronze:Frontload","floor":4.0},{"not_picked":["bronze:Allocate","bronze:ClassDefault"],"picked":"bronze:ChosenStrike","floor":6.0},{"not_picked":["bronze:ItsAFeature","bronze:Return"],"picked":"bronze:CloningBeam","floor":8.0},{"not_picked":["bronze:CutThrough","bronze:BuggyMess"],"picked":"bronze:RecursiveStrike","floor":9.0},{"not_picked":["bronze:BugBarrage","bronze:Turbo"],"picked":"bronze:WhirlingStrike","floor":10.0},{"not_picked":["bronze:Return","bronze:BugBarrage"],"picked":"bronze:DelayedSlice","floor":12.0},{"not_picked":["bronze:BuggyMess","bronze:WildBeam"],"picked":"bronze:DelayedGuard","floor":15.0},{"not_picked":["bronze:Break","bronze:Mutator"],"picked":"bronze:SpaghettiCode","floor":16.0},{"not_picked":["bronze:Overheat","bronze:Iterate"],"picked":"bronze:BitShift","floor":17.0},{"not_picked":["bronze:BugBarrage+1","bronze:Turbo"],"picked":"bronze:Branch","floor":19.0},{"not_picked":["bronze:BronzeArmor","bronze:Iterate"],"picked":"bronze:FineTuning","floor":20.0},{"not_picked":["bronze:Frontload","bronze:DelayedGuard"],"picked":"bronze:ClassDefault","floor":22.0},{"not_picked":["bronze:CutThrough+1","bronze:Frontload+1"],"picked":"bronze:Backtrace+1","floor":23.0},{"not_picked":["bronze:DelayedSlice","bronze:Verify"],"picked":"bronze:Repair","floor":27.0},{"not_picked":["bronze:WildBeam","bronze:OilSpill+1"],"picked":"bronze:DigitalCarnage","floor":28.0},{"not_picked":["bronze:BugBarrage","bronze:MaxOutput","bronze:Return"],"picked":"SKIP","floor":29.0},{"not_picked":["bronze:Invalidate","bronze:BuggyMess"],"picked":"bronze:ForLoop+1","floor":31.0},{"not_picked":["bronze:Overheat","bronze:Return"],"picked":"bronze:CloningBeam+1","floor":32.0}],"player_experience":574919,"relics_obtained":[{"floor":8.0,"key":"InkBottle"},{"floor":12.0,"key":"Lantern"},{"floor":24.0,"key":"Tiny Chest"},{"floor":30.0,"key":"Enchiridion"}],"event_choices":[{"damage_healed":0.0,"max_hp_gain":0.0,"max_hp_loss":0.0,"gold_gain":0.0,"event_name":"Living Wall","player_choice":"Grow","floor":5.0,"gold_loss":0.0,"damage_taken":0.0,"cards_upgraded":["bronze:Goto"]}],"is_beta":false,"boss_relics":[{"not_picked":["Empty Cage","Runic Dome"],"picked":"Tiny House"}],"items_purged_floors":[9],"is_endless":false,"potions_floor_spawned":[4,10,15,16,20,27,32],"killed_by":"SI_MIRROR_ARCHETYPE","ascension_level":0}}