{"host":"4eao2pkwlmv012cz","time":1612677844,"event":{"mods":["BaseMod","Colored Powertips","Minty Spire (QoL Compilation)","Permanent Neow","Quick Restart","Random Character Button","StSLib"],"gold_per_floor":[11,11,27,39,51,51,51,51],"floor_reached":7,"language":"ENG","playtime":248,"items_purged":[],"score":86,"play_id":"7b1ca5e0-dce2-40b8-bcc1-72c92ce087b7","local_time":"20210207010404","is_ascension_mode":true,"campfire_choices":[{"data":"Apotheosis","floor":6,"key":"SMITH"}],"circlet_count":0,"master_deck":["AscendersBane","Strike_B","Strike_B","Strike_B","Defend_B","Defend_B","Defend_B","Defend_B","Zap","Dualcast","Apotheosis+1","Compile Driver","Rainbow","Gash","White Noise","Tempest"],"relics":["Cracked Core"],"acts_visited":["Exordium"],"potions_floor_usage":[5,7],"damage_taken":[{"damage":7.0,"enemies":"Cultist","floor":1.0,"turns":4.0},{"damage":2.0,"enemies":"Small Slimes","floor":3.0,"turns":4.0},{"damage":2.0,"enemies":"2 Louse","floor":4.0,"turns":3.0},{"damage":6,"enemies":"Lots of Slimes","floor":5,"turns":2},{"damage":48,"enemies":"3 Sentries","floor":7,"turns":4}],"seed_played":"205821200125389515","potions_obtained":[{"floor":3.0,"key":"Explosive Potion"},{"floor":4.0,"key":"LiquidMemories"}],"is_trial":false,"path_per_floor":["M","?","M","M","M","R","E"],"character_chosen":"DEFECT","items_purchased":[],"campfire_rested":0,"item_purchase_floors":[],"current_hp_per_floor":[57,57,55,53,47,47,0,0],"gold":51,"neow_bonus":"RANDOM_COLORLESS_2","is_daily":false,"chose_seed":false,"campfire_upgraded":1,"win_rate":0.0,"timestamp":1612677844,"path_taken":["M","?","M","M","M","R","E"],"items_purchased_type":[],"build_version":"2020-12-22","purchased_purges":0,"victory":false,"max_hp_per_floor":[71,71,71,71,71,71,71,71],"card_choices":[{"not_picked":["Magnetism","Chrysalis"],"picked":"Apotheosis","floor":0.0},{"not_picked":["Go for the Eyes","Streamline"],"picked":"Compile Driver","floor":1.0},{"not_picked":["Steam Power","Stack"],"picked":"Gash","floor":3.0},{"not_picked":["Blizzard","Sweeping Beam"],"picked":"White Noise","floor":4.0},{"not_picked":["Streamline","Aggregate"],"picked":"Tempest","floor":5}],"player_experience":2901671,"relics_obtained":[],"event_choices":[{"damage_healed":0.0,"max_hp_gain":0.0,"max_hp_loss":0.0,"gold_gain":0.0,"cards_transformed":["Strike_B"],"event_name":"Transmorgrifier","player_choice":"Transformed","floor":2.0,"gold_loss":0.0,"damage_taken":0.0,"cards_obtained":["Rainbow"]}],"is_beta":false,"boss_relics":[],"items_purged_floors":[],"is_endless":false,"potions_floor_spawned":[3,4],"killed_by":"3 Sentries","ascension_level":20}}