{"host":"6q94iy5iz6612v89","time":1612731226,"event":{"mods":["2.2 Compatiblity","AchievementEnabler","BaseMod","Colored Map","DeckTracker","Keyboard Shortcuts","Minty Spire (QoL Compilation)","Permanent Neow","StSLib","SuperFastMode"],"gold_per_floor":[116,116,127,142,159,159,186,126,177,177,177,189,222,239,239,313,313,331,349,349,269,289,289,289],"floor_reached":23,"language":"KOR","playtime":564,"items_purged":["Strike_B","Strike_B"],"score":506,"play_id":"506fcc3e-9a8d-487e-ae67-cf19a142ea3e","local_time":"20210208055346","is_ascension_mode":true,"campfire_choices":[{"data":"Ball Lightning","floor":6,"key":"SMITH"},{"floor":11,"key":"REST"},{"data":"Zap","floor":15,"key":"SMITH"}],"circlet_count":0,"master_deck":["AscendersBane","Strike_B","Defend_B","Defend_B","Defend_B","Defend_B","Zap+1","Dualcast","Ball Lightning+1","Glacier","Leap","Ball Lightning","Coolheaded","Glacier","Biased Cognition","Loop","Gash"],"relics":["Cracked Core","FossilizedHelix","The Courier","Orichalcum","Strawberry","Cursed Key"],"acts_visited":["Exordium","TheCity"],"potions_floor_usage":[13,16,18,23],"damage_taken":[{"damage":0,"enemies":"Small Slimes","floor":1,"turns":4},{"damage":0,"enemies":"Jaw Worm","floor":3,"turns":2},{"damage":0,"enemies":"2 Louse","floor":4,"turns":2},{"damage":12,"enemies":"Large Slime","floor":5,"turns":6},{"damage":10,"enemies":"Lagavulin","floor":7,"turns":6},{"damage":0,"enemies":"2 Fungi Beasts","floor":12,"turns":4},{"damage":4,"enemies":"3 Sentries","floor":13,"turns":6},{"damage":0,"enemies":"Looter","floor":14,"turns":3},{"damage":0,"enemies":"The Guardian","floor":16,"turns":16},{"damage":0,"enemies":"Chosen","floor":18,"turns":5},{"damage":0,"enemies":"Shell Parasite","floor":19,"turns":6},{"damage":30,"enemies":"3 Cultists","floor":22,"turns":7},{"damage":40,"enemies":"Book of Stabbing","floor":23,"turns":6}],"seed_played":"-8216005317714781883","potions_obtained":[{"floor":4,"key":"LiquidBronze"},{"floor":12,"key":"Energy Potion"},{"floor":13,"key":"AttackPotion"},{"floor":14,"key":"Dexterity Potion"},{"floor":18,"key":"Ancient Potion"}],"is_trial":false,"path_per_floor":["M","?","M","M","M","R","E","$","T","T","R","M","E","M","R","B",null,"M","M","?","$","M","E"],"character_chosen":"DEFECT","items_purchased":[],"campfire_rested":1,"item_purchase_floors":[],"current_hp_per_floor":[46,39,39,39,27,27,17,17,17,17,38,38,41,41,41,41,69,69,69,69,69,39,0,0],"gold":289,"neow_bonus":"ONE_RARE_RELIC","is_daily":false,"chose_seed":false,"campfire_upgraded":2,"win_rate":0.0,"timestamp":1612731226,"path_taken":["M","?","M","M","M","R","E","$","T","?","R","M","E","M","R","BOSS","M","M","?","$","M","E"],"items_purchased_type":[],"build_version":"2020-12-22","purchased_purges":2,"victory":false,"max_hp_per_floor":[71,71,71,71,71,71,71,71,71,71,71,71,78,78,78,78,78,78,78,78,78,78,78,78],"card_choices":[{"not_picked":["Streamline","Beam Cell"],"picked":"Ball Lightning","floor":1},{"not_picked":["Redo","Tempest"],"picked":"Glacier","floor":3},{"not_picked":["White Noise","Beam Cell"],"picked":"Leap","floor":4},{"not_picked":["Lockon","Go for the Eyes","Stack"],"picked":"SKIP","floor":5},{"not_picked":["Multi-Cast","Chaos","Steam Power"],"picked":"SKIP","floor":7},{"not_picked":["Streamline","Reinforced Body"],"picked":"Ball Lightning","floor":12},{"not_picked":["Steam","Undo"],"picked":"Coolheaded","floor":13},{"not_picked":["Streamline","Steam Power"],"picked":"Glacier","floor":14},{"not_picked":["Fission","Core Surge"],"picked":"Biased Cognition","floor":16},{"not_picked":["Gash","Leap"],"picked":"Loop","floor":18},{"not_picked":["Double Energy","Ball Lightning","Doom and Gloom"],"picked":"SKIP","floor":19},{"not_picked":["Double Energy","Ball Lightning","Doom and Gloom"],"picked":"SKIP","floor":19},{"not_picked":["Hologram","Reboot","Gash"],"picked":"SKIP","floor":22},{"not_picked":["Hologram","Reboot"],"picked":"Gash","floor":22}],"player_experience":1474448,"relics_obtained":[{"floor":7,"key":"The Courier"},{"floor":9,"key":"Orichalcum"},{"floor":13,"key":"Strawberry"}],"event_choices":[{"cards_removed":["Strike_B"],"damage_healed":0,"gold_gain":0,"player_choice":"Card Removal","damage_taken":7,"max_hp_gain":0,"max_hp_loss":0,"event_name":"Golden Wing","floor":2,"gold_loss":0},{"damage_healed":0,"gold_gain":0,"player_choice":"Ignored","damage_taken":0,"max_hp_gain":0,"max_hp_loss":0,"event_name":"The Mausoleum","floor":20,"gold_loss":0}],"is_beta":false,"boss_relics":[{"not_picked":["Velvet Choker","Sozu"],"picked":"Cursed Key"}],"items_purged_floors":[8,21],"is_endless":false,"potions_floor_spawned":[4,12,13,14,18],"killed_by":"Book of Stabbing","ascension_level":20}}