{"host":"d52brwsy6af8zvaq","time":1612722481,"event":{"mods":["AchievementEnabler","BaseMod","Bestiary","Highlight Path","Minty Spire (QoL Compilation)","Quick Restart","Relic Stats","ojb\u0027s Better Paths Mod"],"gold_per_floor":[109,125,24,42,42,42,67,67,67,92,103,103,123,135,135,212,212,230,145,160,160,160,160,160,160],"floor_reached":24,"language":"ENG","playtime":812,"items_purged":["Strike_B"],"score":492,"play_id":"e6c4f444-2b23-4552-a01c-3e9848f622ed","local_time":"20210207112801","is_ascension_mode":true,"campfire_choices":[{"data":"Streamline","floor":6.0,"key":"SMITH"},{"data":"Barrage","floor":8.0,"key":"SMITH"},{"data":"Zap","floor":12.0,"key":"SMITH"},{"floor":15.0,"key":"REST"},{"floor":23,"key":"DIG"}],"circlet_count":0,"master_deck":["AscendersBane","Strike_B+1","Strike_B+1","Strike_B+1","Defend_B+1","Defend_B+1","Defend_B+1","Defend_B+1","Zap+1","Dualcast","Barrage+1","Cold Snap","Redo","Streamline+1","Hologram","BootSequence","Ball Lightning","Go for the Eyes","Multi-Cast","CurseOfTheBell","Turbo","Skim"],"relics":["Cracked Core","Bag of Preparation","Shovel","StoneCalendar","Calling Bell","Centennial Puzzle","Blue Candle","Girya","Oddly Smooth Stone","Blood Vial"],"acts_visited":["Exordium","TheCity"],"potions_floor_usage":[18],"damage_taken":[{"damage":14.0,"enemies":"Jaw Worm","floor":1.0,"turns":4.0},{"damage":0.0,"enemies":"Cultist","floor":2.0,"turns":3.0},{"damage":2.0,"enemies":"2 Louse","floor":4.0,"turns":3.0},{"damage":22.0,"enemies":"3 Sentries","floor":7.0,"turns":6.0},{"damage":4.0,"enemies":"Blue Slaver","floor":11.0,"turns":4.0},{"damage":0.0,"enemies":"Looter","floor":13.0,"turns":2.0},{"damage":2.0,"enemies":"3 Louse","floor":14.0,"turns":3.0},{"damage":0.0,"enemies":"Slime Boss","floor":16.0,"turns":5.0},{"damage":12,"enemies":"Chosen","floor":18,"turns":4},{"damage":3,"enemies":"Spheric Guardian","floor":20,"turns":3},{"damage":58,"enemies":"Slavers","floor":24,"turns":5}],"seed_played":"-2864200326230283411","potions_obtained":[{"floor":2.0,"key":"FearPotion"},{"floor":4.0,"key":"Energy Potion"},{"floor":14.0,"key":"PowerPotion"},{"floor":16.0,"key":"SneckoOil"}],"is_trial":false,"path_per_floor":["M","M","$","M","?","R","E","R","T","T","M","R","M","M","R","B",null,"M","?","M","?","?","R","E"],"character_chosen":"DEFECT","items_purchased":["Redo"],"campfire_rested":1,"item_purchase_floors":[3],"current_hp_per_floor":[50,50,50,48,48,48,26,26,26,26,22,22,22,20,41,41,64,52,52,49,49,49,49,0,0],"gold":160,"neow_bonus":"RANDOM_COMMON_RELIC","is_daily":false,"chose_seed":false,"campfire_upgraded":3,"win_rate":0.0,"timestamp":1612722481,"path_taken":["M","M","$","M","?","R","E","R","T","?","M","R","M","?","R","BOSS","M","?","M","?","?","R","E"],"items_purchased_type":["Card"],"build_version":"2020-12-22","purchased_purges":1,"victory":false,"max_hp_per_floor":[71,71,71,71,71,71,71,71,71,71,71,71,71,71,71,71,71,71,71,71,71,71,71,71,71],"relic_stats":{"Blood Vial":2,"Centennial Puzzle":[9],"Shovel":1,"counters":[11,42],"Blue Candle":[0],"StoneCalendar":[0],"Bag of Preparation":[22],"obtain_stats":[{"Calling Bell":17,"Blood Vial":23,"Girya":17,"Centennial Puzzle":17,"Shovel":7,"Blue Candle":17,"Oddly Smooth Stone":19,"StoneCalendar":9,"Bag of Preparation":0,"Cracked Core":0},{"Calling Bell":8,"Blood Vial":10,"Girya":8,"Centennial Puzzle":8,"Shovel":4,"Blue Candle":8,"Oddly Smooth Stone":9,"StoneCalendar":4,"Bag of Preparation":0,"Cracked Core":0},{"Calling Bell":30,"Blood Vial":37,"Girya":30,"Centennial Puzzle":30,"Shovel":16,"Blue Candle":30,"Oddly Smooth Stone":34,"StoneCalendar":16,"Bag of Preparation":0,"Cracked Core":0}]},"card_choices":[{"not_picked":["Leap","Go for the Eyes"],"picked":"Barrage","floor":1.0},{"not_picked":["Go for the Eyes","Capacitor"],"picked":"Cold Snap","floor":2.0},{"not_picked":["Coolheaded","Gash"],"picked":"Streamline","floor":4.0},{"not_picked":["Hyperbeam","Gash"],"picked":"Hologram","floor":7.0},{"not_picked":["Hologram","Reinforced Body"],"picked":"BootSequence","floor":11.0},{"not_picked":["Coolheaded","Steam"],"picked":"Ball Lightning","floor":13.0},{"not_picked":["Redo","Blizzard"],"picked":"Go for the Eyes","floor":14.0},{"not_picked":["Meteor Strike","Hyperbeam"],"picked":"Multi-Cast","floor":16.0},{"not_picked":["Tempest","Sweeping Beam"],"picked":"Turbo","floor":18},{"not_picked":["Barrage","Sweeping Beam"],"picked":"Skim","floor":20}],"player_experience":2184378,"relics_obtained":[{"floor":7.0,"key":"Shovel"},{"floor":9.0,"key":"StoneCalendar"},{"floor":17,"key":"Centennial Puzzle"},{"floor":17,"key":"Blue Candle"},{"floor":17,"key":"Girya"},{"floor":23,"key":"Blood Vial"}],"event_choices":[{"damage_healed":0.0,"max_hp_gain":0.0,"max_hp_loss":0.0,"gold_gain":0.0,"event_name":"Liars Game","player_choice":"Ignored","floor":5.0,"gold_loss":0.0,"damage_taken":0.0},{"damage_healed":0,"gold_gain":0,"player_choice":"Obtained Relic","damage_taken":0,"relics_obtained":["Oddly Smooth Stone"],"max_hp_gain":0,"max_hp_loss":0,"event_name":"Addict","floor":19,"gold_loss":85},{"damage_healed":0,"gold_gain":0,"player_choice":"Simplicity","damage_taken":0,"max_hp_gain":0,"max_hp_loss":0,"event_name":"Back to Basics","floor":21,"gold_loss":0,"cards_upgraded":["Strike_B","Strike_B","Strike_B","Defend_B","Defend_B","Defend_B","Defend_B"]},{"damage_healed":0,"gold_gain":0,"player_choice":"Ignored","damage_taken":0,"max_hp_gain":0,"max_hp_loss":0,"event_name":"The Mausoleum","floor":22,"gold_loss":0}],"is_beta":false,"boss_relics":[{"not_picked":["Pandora\u0027s Box","Coffee Dripper"],"picked":"Calling Bell"}],"items_purged_floors":[3],"is_endless":false,"potions_floor_spawned":[2,4,14,16],"killed_by":"Slavers","ascension_level":20}}