{"host":"mo324zvkdr1xwprd","time":1612714218,"event":{"mods":["BaseMod","Better Note","BetterRewards","Hermit","Highlight Path","Hubris","Minty Spire (QoL Compilation)","Quick Restart","Rare Cards Sparkle","Shop Mod","StSLib","The Cursed","The Hierophant"],"gold_per_floor":[110,0,17,32,43,43,57,86,110,130,148,168,168,243,243,320,320,334,314,24,26,40,40,59,59,59,69,82,116,116,144,144,221,221,239,239,257,67,67,93,112,12,35,35,63,79,79,90,90,90,90,90,9,34,34],"floor_reached":56,"language":"ENG","playtime":4655,"items_purged":[],"score":2757,"play_id":"0ea8b2c1-1ad6-4deb-92db-77c473714f2a","local_time":"20210207161018","is_ascension_mode":true,"campfire_choices":[{"floor":6.0,"key":"REST"},{"data":"1","floor":13.0,"key":"LIFT"},{"floor":15.0,"key":"REST"},{"data":"2","floor":23.0,"key":"LIFT"},{"data":"3","floor":25.0,"key":"LIFT"},{"floor":30.0,"key":"RECALL"},{"data":"Mayhem","floor":32.0,"key":"SMITH"},{"floor":44.0,"key":"REST"},{"data":"TheCursedMod:CircleOfCorruption","floor":49.0,"key":"SMITH"},{"data":"TheCursedMod:StingEye","floor":52.0,"key":"SMITH"}],"circlet_count":0,"master_deck":["AscendersBane","TheCursedMod:Strike_TheCursed","TheCursedMod:Strike_TheCursed","TheCursedMod:Strike_TheCursed","TheCursedMod:Strike_TheCursed","TheCursedMod:Defend_TheCursed","TheCursedMod:Defend_TheCursed","TheCursedMod:Defend_TheCursed","TheCursedMod:CursedWand","TheCursedMod:CleanUpWorkshop","TheCursedMod:Dregs","TheCursedMod:CursedAmulet","TheCursedMod:CursedArmor","TheCursedMod:CursedSpellbook","TheCursedMod:TroublousMinions","TheCursedMod:RapidMovement","TheCursedMod:AshesToAshes","TheCursedMod:FleshFromBone","TheCursedMod:Neurasthenia","Mayhem+1","TheCursedMod:SurpriseAttack","TheCursedMod:SpitefulStrike","TheCursedMod:SpreadPlague","TheCursedMod:CursedBlade","TheCursedMod:CursedSpellbook","TheCursedMod:CursedShiv","TheCursedMod:CursedBlade","TheCursedMod:SoulReap","TheCursedMod:CursedShiv","TheCursedMod:CircleOfCorruption","TheCursedMod:ManaCirculation","TheCursedMod:StingEye","TheCursedMod:RapidMovement","TheCursedMod:StingEye+1","TheCursedMod:SpitefulStrike","TheCursedMod:CircleOfCorruption+1","TheCursedMod:SurpriseAttack","TheCursedMod:WearCloak","TheCursedMod:SpitefulStrike","TheCursedMod:CircleOfCorruption+1","TheCursedMod:ReleasedStrength+1","TheCursedMod:CircleOfCorruption+1","TheCursedMod:NeowsMight+1","TheCursedMod:TacticalStrike","TheCursedMod:SurpriseAttack","TheCursedMod:TroublousMinions+1","TheCursedMod:Grudge+1","Purity+1","TheCursedMod:Grudge+1","TheCursedMod:Torture+1","TheCursedMod:DarkBarrier+1","TheCursedMod:TroublousMinions+1","TheCursedMod:CursedShiv","TheCursedMod:Torture+1","hubris:DuctTapeCard","TheCursedMod:DoubleShield+1"],"relics":["TheCursedMod:BlackMagic101","hubris:OldNail","Vajra","Girya","SacredBark","Runic Pyramid","MerchantsRug","hubris:EmptyBottle","Toxic Egg 2","Lizard Tail","hubris:Zylophone","hubris:Backtick","Ice Cream","hubris:Towel","Gambling Chip","Pen Nib","Sundial","hubris:DuctTape","Bottled Flame"],"acts_visited":["Exordium","TheCity","TheBeyond","TheEnding"],"potions_floor_usage":[54,55,55],"damage_taken":[{"damage":0.0,"enemies":"Jaw Worm","floor":1.0,"turns":2.0},{"damage":3.0,"enemies":"Small Slimes","floor":3.0,"turns":3.0},{"damage":0.0,"enemies":"Cultist","floor":4.0,"turns":3.0},{"damage":1.0,"enemies":"Looter","floor":5.0,"turns":2.0},{"damage":0.0,"enemies":"2 Fungi Beasts","floor":7.0,"turns":1.0},{"damage":16.0,"enemies":"Lagavulin","floor":8.0,"turns":4.0},{"damage":0.0,"enemies":"Blue Slaver","floor":10.0,"turns":2.0},{"damage":0.0,"enemies":"Exordium Wildlife","floor":11.0,"turns":2.0},{"damage":3.0,"enemies":"Large Slime","floor":12.0,"turns":6.0},{"damage":34.0,"enemies":"The Guardian","floor":16.0,"turns":7.0},{"damage":3.0,"enemies":"Spheric Guardian","floor":18.0,"turns":4.0},{"damage":0.0,"enemies":"3 Byrds","floor":22.0,"turns":2.0},{"damage":13.0,"enemies":"Sentry and Sphere","floor":24.0,"turns":4.0},{"damage":5.0,"enemies":"Centurion and Healer","floor":27.0,"turns":3.0},{"damage":6.0,"enemies":"Cultist and Chosen","floor":28.0,"turns":4.0},{"damage":6.0,"enemies":"Book of Stabbing","floor":29.0,"turns":2.0},{"damage":6.0,"enemies":"Gremlin Leader","floor":31.0,"turns":5.0},{"damage":0.0,"enemies":"Collector","floor":33.0,"turns":4.0},{"damage":12.0,"enemies":"3 Shapes","floor":35.0,"turns":3.0},{"damage":8.0,"enemies":"Orb Walker","floor":37.0,"turns":3.0},{"damage":0.0,"enemies":"Nemesis","floor":40.0,"turns":2.0},{"damage":0.0,"enemies":"Jaw Worm Horde","floor":41.0,"turns":2.0},{"damage":0.0,"enemies":"Reptomancer","floor":45.0,"turns":1.0},{"damage":0.0,"enemies":"Spire Growth","floor":46.0,"turns":2.0},{"damage":0.0,"enemies":"Transient","floor":48.0,"turns":6.0},{"damage":13.0,"enemies":"Awakened One","floor":50.0,"turns":6.0},{"damage":0,"enemies":"Shield and Spear","floor":54,"turns":3},{"damage":109,"enemies":"The Heart","floor":55,"turns":6}],"seed_played":"881949423478351962","potions_obtained":[{"floor":7.0,"key":"SmokeBomb"},{"floor":8.0,"key":"PowerPotion"},{"floor":18.0,"key":"ColorlessPotion"},{"floor":29.0,"key":"FearPotion"},{"floor":37.0,"key":"AttackPotion"},{"floor":46.0,"key":"Energy Potion"}],"is_trial":false,"path_per_floor":["M","$","M","M","M","R","M","E","T","M","M","M","R","?","R","B",null,"M","?","$","$","M","R","M","R","T","M","M","E","R","E","R","B",null,"M","?","M","$","?","E","M","NS","T","R","E","M","T","M","R","B",null,"R","$","E","B",null],"character_chosen":"THE_CURSED","items_purchased":["hubris:OldNail","Orrery","Vajra","Mayhem","TheCursedMod:SurpriseAttack","TheCursedMod:SpitefulStrike","SmokeBomb","Fruit Juice","MerchantsRug","TheCursedMod:RapidMovement","TheCursedMod:StingEye","TheCursedMod:SpitefulStrike","Strength Potion","TheCursedMod:CircleOfCorruption","hubris:EmptyBottle","TheCursedMod:SurpriseAttack","TheCursedMod:SurpriseAttack","TheCursedMod:TroublousMinions+1","TheCursedMod:Grudge+1","ColorlessPotion","TheCursedMod:Torture+1"],"campfire_rested":3,"item_purchase_floors":[0,0,0,0,0,0,0,2,20,20,20,20,20,20,21,21,38,38,38,53,53],"current_hp_per_floor":[22,32,29,29,28,52,52,36,36,36,42,45,45,34,58,34,69,73,73,73,73,80,80,70,70,70,74,77,71,71,79,79,81,81,69,69,61,61,51,51,51,51,51,75,75,75,75,81,81,81,81,81,81,81,12],"gold":34,"neow_bonus":"","is_daily":false,"chose_seed":false,"campfire_upgraded":3,"win_rate":0.0,"timestamp":1612714218,"path_taken":["M","$","M","M","M","R","M","E","T","M","M","M","R","?","R","BOSS","M","?","?","$","M","R","M","R","T","M","M","E","R","E","R","BOSS","M","?","M","$","?","E","M","NS","T","R","E","M","?","M","R","BOSS","R","$","E","BOSS"],"items_purchased_type":["Relic","Relic","Relic","Card","Card","Card","Potion","Potion","Relic","Card","Card","Card","Potion","Card","Relic","Card","Card","Card","Card","Potion","Card"],"build_version":"2020-12-22","purchased_purges":0,"victory":true,"max_hp_per_floor":[71,81,81,81,81,81,81,81,81,81,81,81,81,81,81,81,81,81,81,81,81,81,81,81,81,81,81,81,81,81,81,81,81,81,81,81,81,81,81,81,81,81,81,81,81,81,81,81,81,81,81,81,81,81,81],"card_choices":[{"not_picked":["TheCursedMod:CircleOfFlame","TheCursedMod:VitalStrike"],"picked":"TheCursedMod:CursedAmulet","floor":0.0},{"not_picked":["TheCursedMod:BloodBarrier","TheCursedMod:CursedMace"],"picked":"TheCursedMod:CursedArmor","floor":0.0},{"not_picked":["TheCursedMod:CircleOfFlame","TheCursedMod:RavingStaff"],"picked":"TheCursedMod:CursedSpellbook","floor":0.0},{"not_picked":["TheCursedMod:FleshFromBone","TheCursedMod:TacticalStrike"],"picked":"TheCursedMod:TroublousMinions","floor":0.0},{"not_picked":["TheCursedMod:ReleasedKnowledge","TheCursedMod:CircleOfFlame"],"picked":"TheCursedMod:RapidMovement","floor":0.0},{"not_picked":["TheCursedMod:DarkBarrier","TheCursedMod:BlessingInDisguise"],"picked":"TheCursedMod:SurpriseAttack","floor":1.0},{"not_picked":["TheCursedMod:DoubleShield","TheCursedMod:RapidMovement"],"picked":"TheCursedMod:SpreadPlague","floor":3.0},{"not_picked":["TheCursedMod:CircleOfBlood","TheCursedMod:TroublousMinions"],"picked":"TheCursedMod:CursedBlade","floor":4.0},{"not_picked":["TheCursedMod:SmokeScreen","TheCursedMod:CircleOfBlood"],"picked":"TheCursedMod:CursedSpellbook","floor":5.0},{"not_picked":["TheCursedMod:VitalStrike","TheCursedMod:HellsGateOpen"],"picked":"TheCursedMod:CursedShiv","floor":7.0},{"not_picked":["TheCursedMod:Wield","TheCursedMod:CursedBoomerang"],"picked":"TheCursedMod:CursedBlade","floor":8.0},{"not_picked":["TheCursedMod:AbyssShockwave","TheCursedMod:Wield"],"picked":"TheCursedMod:SoulReap","floor":10.0},{"not_picked":["TheCursedMod:Stigma","TheCursedMod:TacticalStrike"],"picked":"TheCursedMod:CursedShiv","floor":11.0},{"not_picked":["TheCursedMod:FleshFromBone","TheCursedMod:CursedAmulet"],"picked":"TheCursedMod:CircleOfCorruption","floor":12.0},{"not_picked":["TheCursedMod:UltimatePain","TheCursedMod:ParallelWorld"],"picked":"TheCursedMod:ManaCirculation","floor":16.0},{"not_picked":["TheCursedMod:Stretching","TheCursedMod:HellfireBreathing"],"picked":"TheCursedMod:StingEye","floor":18.0},{"not_picked":["TheCursedMod:SoulCrush","TheCursedMod:PrepareRite","TheCursedMod:BloodBarrier"],"picked":"SKIP","floor":22.0},{"not_picked":["TheCursedMod:Hemoplague","TheCursedMod:CursedBoomerang"],"picked":"TheCursedMod:WearCloak","floor":24.0},{"not_picked":["TheCursedMod:EmpowerCircles","TheCursedMod:TacticalStrike"],"picked":"TheCursedMod:SpitefulStrike","floor":27.0},{"not_picked":["TheCursedMod:Stretching+1","TheCursedMod:Obscuration+1"],"picked":"TheCursedMod:CircleOfCorruption+1","floor":28.0},{"not_picked":["TheCursedMod:LuckyCharm","TheCursedMod:Wield"],"picked":"TheCursedMod:ReleasedStrength+1","floor":29.0},{"not_picked":["TheCursedMod:SpreadPlague+1","TheCursedMod:SaltUponWound+1"],"picked":"TheCursedMod:CircleOfCorruption+1","floor":31.0},{"not_picked":["TheCursedMod:DemonSword","TheCursedMod:DemonicPact"],"picked":"TheCursedMod:NeowsMight+1","floor":33.0},{"not_picked":["TheCursedMod:CursedMace","TheCursedMod:CursedShiv"],"picked":"TheCursedMod:Stretching+1","floor":35.0},{"not_picked":["TheCursedMod:Wield+1","TheCursedMod:FleshFromBone+1"],"picked":"TheCursedMod:TacticalStrike","floor":37.0},{"not_picked":["Panacea+1","Violence+1"],"picked":"Apotheosis+1","floor":39.0},{"not_picked":["Impatience+1","hubris:Insight+1"],"picked":"Purity+1","floor":39.0},{"not_picked":["Purity+1","Panacea+1"],"picked":"Enlightenment+1","floor":39.0},{"not_picked":["TheCursedMod:Obscuration+1","TheCursedMod:SpitefulStrike+1"],"picked":"TheCursedMod:Grudge+1","floor":40.0},{"not_picked":["TheCursedMod:SpitefulStrike","TheCursedMod:Stigma"],"picked":"TheCursedMod:Torture+1","floor":41.0},{"not_picked":["TheCursedMod:RavingStaff","TheCursedMod:ParallelWorld+1"],"picked":"TheCursedMod:DarkBarrier+1","floor":45.0},{"not_picked":["TheCursedMod:Wield+1","TheCursedMod:CursedMace"],"picked":"TheCursedMod:TroublousMinions+1","floor":46.0},{"not_picked":["TheCursedMod:ReleasedKnowledge+1","TheCursedMod:RavingStaff"],"picked":"TheCursedMod:CursedShiv","floor":48.0},{"not_picked":["TheCursedMod:Hemoplague","TheCursedMod:RavingStaff"],"picked":"TheCursedMod:DoubleShield+1","floor":54}],"player_experience":512244,"relics_obtained":[{"floor":8.0,"key":"Peace Pipe"},{"floor":26.0,"key":"Toxic Egg 2"},{"floor":29.0,"key":"Lizard Tail"},{"floor":31.0,"key":"hubris:Zylophone"},{"floor":40.0,"key":"Gambling Chip"},{"floor":43.0,"key":"Pen Nib"},{"floor":45.0,"key":"Sundial"},{"floor":47.0,"key":"hubris:DuctTape"},{"floor":54,"key":"Bottled Flame"}],"event_choices":[{"damage_healed":0.0,"max_hp_gain":0.0,"max_hp_loss":0.0,"gold_gain":75.0,"event_name":"World of Goop","player_choice":"Gather Gold","floor":14.0,"gold_loss":0.0,"damage_taken":11.0},{"damage_healed":0.0,"max_hp_gain":0.0,"max_hp_loss":0.0,"gold_gain":0.0,"event_name":"The Woman in Blue","player_choice":"Bought 1 Potion","floor":19.0,"gold_loss":0.0,"damage_taken":0.0},{"damage_healed":0.0,"max_hp_gain":0.0,"max_hp_loss":0.0,"gold_gain":0.0,"event_name":"SensoryStone","player_choice":"Memory 3","floor":39.0,"gold_loss":0.0,"damage_taken":10.0}],"is_beta":false,"boss_relics":[{"not_picked":["TheCursedMod:FourLeafCloverCharm","Empty Cage"],"picked":"Runic Pyramid"},{"not_picked":["hubris:HollowSoul","TheCursedMod:OminousMark"],"picked":"hubris:Backtick"}],"items_purged_floors":[],"is_endless":false,"potions_floor_spawned":[7,8,11,12,18,22,28,29,37,40,46,48,54],"ascension_level":17}}