{"host":"6rz02yiipefhcw4r","time":1612659485,"event":{"mods":["2.2 Compatiblity","BaseMod","Block Reminder","Colored Map","Curses Come First","DeckTracker","Googly Eyes","Minty Spire (QoL Compilation)","Quick Restart","Rare Cards Sparkle","StSLib"],"gold_per_floor":[363,17,33,44,44,44,71,36,86,86,86,105,105,140,140,217,217,233,245,245,257,275,275,275,319,344,344,19,19,29,64,64,151,151,169,183,26,14,24,50,70,90,90,90,90],"floor_reached":44,"language":"ENG","playtime":1898,"items_purged":[],"score":1076,"play_id":"92cb4428-004e-444f-99e3-8d79c33d15da","local_time":"20210206225805","is_ascension_mode":true,"campfire_choices":[{"data":"Apotheosis","floor":6.0,"key":"SMITH"},{"floor":11.0,"key":"REST"},{"data":"Adrenaline","floor":13.0,"key":"SMITH"},{"data":"Footwork","floor":15.0,"key":"SMITH"},{"floor":23.0,"key":"REST"},{"floor":27.0,"key":"REST"},{"floor":29.0,"key":"REST"},{"floor":32.0,"key":"REST"}],"circlet_count":0,"master_deck":["AscendersBane","Strike_G+1","Defend_G","Defend_G","Defend_G","Defend_G","Defend_G","Survivor","Neutralize+1","Terror","Apotheosis+1","Footwork+1","Crippling Poison","Backflip","Deadly Poison","Adrenaline+1","All Out Attack","Malaise","Flechettes+1","Burst+1","Poisoned Stab+1","Crippling Poison","Catalyst","Dodge and Roll","PiercingWail+1","Calculated Gamble","Corpse Explosion","Noxious Fumes","PiercingWail+1"],"relics":["Ring of the Snake","Centennial Puzzle","Bag of Marbles","Whetstone","Astrolabe","CeramicFish","Snake Skull","Ice Cream","Nunchaku","Busted Crown","Membership Card","Thread and Needle"],"acts_visited":["Exordium","TheCity","TheBeyond"],"potions_floor_usage":[42],"damage_taken":[{"damage":9.0,"enemies":"Cultist","floor":1.0,"turns":5.0},{"damage":1.0,"enemies":"2 Louse","floor":3.0,"turns":6.0},{"damage":4.0,"enemies":"Small Slimes","floor":4.0,"turns":4.0},{"damage":28.0,"enemies":"3 Sentries","floor":7.0,"turns":14.0},{"damage":2.0,"enemies":"Exordium Thugs","floor":12.0,"turns":5.0},{"damage":15.0,"enemies":"Lagavulin","floor":14.0,"turns":6.0},{"damage":7.0,"enemies":"Hexaghost","floor":16.0,"turns":10.0},{"damage":0.0,"enemies":"Spheric Guardian","floor":18.0,"turns":4.0},{"damage":5.0,"enemies":"Chosen","floor":19.0,"turns":5.0},{"damage":10.0,"enemies":"Snecko","floor":21.0,"turns":4.0},{"damage":15.0,"enemies":"Chosen and Byrds","floor":22.0,"turns":6.0},{"damage":43.0,"enemies":"Slavers","floor":25.0,"turns":9.0},{"damage":0.0,"enemies":"Sentry and Sphere","floor":30.0,"turns":2.0},{"damage":0.0,"enemies":"Gremlin Leader","floor":31.0,"turns":5.0},{"damage":24.0,"enemies":"Collector","floor":33.0,"turns":5.0},{"damage":7.0,"enemies":"3 Darklings","floor":35.0,"turns":3.0},{"damage":5.0,"enemies":"Orb Walker","floor":36.0,"turns":5.0},{"damage":22.0,"enemies":"Transient","floor":39.0,"turns":6.0},{"damage":17.0,"enemies":"Reptomancer","floor":40.0,"turns":7.0},{"damage":5.0,"enemies":"Spire Growth","floor":41.0,"turns":6.0},{"damage":0,"enemies":"3 Darklings","floor":42,"turns":4},{"damage":20,"enemies":"Giant Head","floor":44,"turns":4}],"seed_played":"1841795264422902890","potions_obtained":[{"floor":3.0,"key":"AttackPotion"},{"floor":4.0,"key":"EssenceOfSteel"},{"floor":14.0,"key":"DuplicationPotion"},{"floor":30.0,"key":"Block Potion"},{"floor":35.0,"key":"LiquidBronze"},{"floor":41.0,"key":"Swift Potion"},{"floor":42,"key":"FearPotion"}],"is_trial":false,"path_per_floor":["M","$","M","M","$","R","E","?","T","?","R","M","R","E","R","B",null,"M","M","$","M","M","R","?","E","T","R","$","R","M","E","R","B",null,"M","M","$","$","M","E","M","M","T","E"],"character_chosen":"THE_SILENT","items_purchased":["Apotheosis","Footwork","Crippling Poison","Ice Cream","Membership Card","Noxious Fumes"],"campfire_rested":5,"item_purchase_floors":[2,2,2,28,37,38],"current_hp_per_floor":[50,50,49,45,45,45,17,33,33,33,52,50,50,35,35,28,57,57,52,52,42,27,46,46,3,3,22,22,41,41,41,60,36,59,52,47,47,47,25,8,3,3,3,0,0],"gold":90,"neow_bonus":"TWO_FIFTY_GOLD","is_daily":false,"chose_seed":false,"campfire_upgraded":3,"win_rate":0.0,"timestamp":1612659485,"path_taken":["M","$","M","M","$","R","E","?","T","?","R","M","R","E","R","BOSS","M","M","$","M","?","R","?","E","T","R","$","R","M","E","R","BOSS","M","M","?","$","M","E","?","M","T","E"],"items_purchased_type":["Card","Card","Card","Relic","Relic","Card"],"build_version":"2020-12-22","purchased_purges":0,"victory":false,"max_hp_per_floor":[66,66,66,66,66,66,66,66,66,66,66,66,66,66,66,66,66,66,66,66,66,66,66,66,66,66,66,66,66,66,66,66,66,66,66,66,66,66,66,66,66,66,66,66,66],"card_choices":[{"not_picked":["Blade Dance","PiercingWail"],"picked":"Terror","floor":1.0},{"not_picked":["Quick Slash","Sucker Punch"],"picked":"Backflip","floor":3.0},{"not_picked":["Dagger Throw","Acrobatics"],"picked":"Deadly Poison","floor":4.0},{"not_picked":["Distraction","Poisoned Stab","Blur"],"picked":"SKIP","floor":7.0},{"not_picked":["Dodge and Roll","Poisoned Stab"],"picked":"Adrenaline","floor":12.0},{"not_picked":["Finisher","Infinite Blades"],"picked":"All Out Attack","floor":14.0},{"not_picked":["Doppelganger","Die Die Die"],"picked":"Malaise","floor":16.0},{"not_picked":["Prepared","Sucker Punch"],"picked":"Crippling Poison","floor":18.0},{"not_picked":["Sucker Punch","Dodge and Roll"],"picked":"Catalyst","floor":19.0},{"not_picked":["Accuracy","Outmaneuver","Bane+1"],"picked":"SKIP","floor":21.0},{"not_picked":["Slice+1","Flying Knee"],"picked":"Dodge and Roll","floor":22.0},{"not_picked":["Flying Knee","Slice"],"picked":"PiercingWail+1","floor":25.0},{"not_picked":["Deflect","Acrobatics","Tools of the Trade"],"picked":"SKIP","floor":30.0},{"not_picked":["Prepared","Predator"],"picked":"Calculated Gamble","floor":31.0},{"not_picked":["Burst","Grand Finale"],"picked":"Corpse Explosion","floor":33.0},{"not_picked":["Quick Slash"],"picked":"SKIP","floor":35.0},{"not_picked":["Dagger Spray"],"picked":"SKIP","floor":36.0},{"not_picked":["Blade Dance"],"picked":"SKIP","floor":39.0},{"not_picked":["Slice"],"picked":"SKIP","floor":40.0},{"not_picked":["Accuracy"],"picked":"SKIP","floor":41.0},{"not_picked":[],"picked":"PiercingWail+1","floor":42}],"player_experience":804335,"relics_obtained":[{"floor":7.0,"key":"Centennial Puzzle"},{"floor":9.0,"key":"Bag of Marbles"},{"floor":14.0,"key":"Whetstone"},{"floor":25.0,"key":"CeramicFish"},{"floor":26.0,"key":"Snake Skull"},{"floor":31.0,"key":"Nunchaku"},{"floor":40.0,"key":"Thread and Needle"}],"event_choices":[{"damage_healed":16.0,"max_hp_gain":0.0,"max_hp_loss":0.0,"gold_gain":0.0,"event_name":"The Cleric","player_choice":"Healed","floor":8.0,"gold_loss":35.0,"damage_taken":0.0},{"cards_removed":["Decay"],"damage_healed":0.0,"max_hp_gain":0.0,"max_hp_loss":0.0,"gold_gain":0.0,"event_name":"Purifier","player_choice":"Purged","floor":10.0,"gold_loss":0.0,"damage_taken":0.0},{"cards_removed":["Strike_G"],"damage_healed":0.0,"max_hp_gain":0.0,"max_hp_loss":0.0,"gold_gain":0.0,"event_name":"Purifier","player_choice":"Purged","floor":24.0,"gold_loss":0.0,"damage_taken":0.0}],"is_beta":false,"boss_relics":[{"not_picked":["Coffee Dripper","Snecko Eye"],"picked":"Astrolabe"},{"not_picked":["Runic Dome","Ring of the Serpent"],"picked":"Busted Crown"}],"items_purged_floors":[],"is_endless":false,"potions_floor_spawned":[3,4,14,16,21,30,35,41,42],"killed_by":"Giant Head","ascension_level":20}}