{"host":"syozzdlzcqop4jia","time":1612662411,"event":{"mods":["BaseMod","Colored Map","Colored Powertips","Minty Spire (QoL Compilation)","Quick Restart"],"gold_per_floor":[119,69,85,50,61,90,90,110,134,158,182,194,206,246,258,367,379,409,434,18,35,35,65,83,182,182,182,196,196,50,63,63,63,63],"floor_reached":33,"language":"ENG","playtime":2116,"items_purged":["Defend_B"],"score":293,"play_id":"45aa964c-40eb-457e-ba20-2ff97d0f2640","local_time":"20210207024651","is_ascension_mode":true,"campfire_choices":[{"floor":7,"key":"REST"},{"floor":15,"key":"REST"},{"floor":27,"key":"REST"},{"floor":29,"key":"REST"},{"data":"Ball Lightning","floor":32,"key":"SMITH"}],"circlet_count":0,"master_deck":["Strike_B","Strike_B","Strike_B","Strike_B","Defend_B","Defend_B","Zap","Dualcast","Buffer","Go for the Eyes","Ball Lightning","Static Discharge","Capacitor","Conserve Battery","Lockon","Beam Cell","Echo Form","Rainbow","Ball Lightning+1","Biased Cognition","Conserve Battery","Steam+1","Redo+1","Cold Snap+1","Lockon","Defragment+1","Sunder","Lockon+1","Beam Cell+1"],"relics":["Cracked Core","Ancient Tea Set","MawBank","Blood Vial","Question Card","SlaversCollar","Orrery","Bag of Preparation","Molten Egg 2","Anchor"],"acts_visited":["Exordium","TheCity"],"potions_floor_usage":[23],"damage_taken":[{"damage":10,"enemies":"Small Slimes","floor":1,"turns":3},{"damage":0,"enemies":"2 Louse","floor":3,"turns":2},{"damage":3,"enemies":"Jaw Worm","floor":5,"turns":3},{"damage":31,"enemies":"Lagavulin","floor":6,"turns":5},{"damage":10,"enemies":"2 Fungi Beasts","floor":8,"turns":3},{"damage":9,"enemies":"Blue Slaver","floor":10,"turns":3},{"damage":0,"enemies":"Large Slime","floor":11,"turns":4},{"damage":24,"enemies":"3 Sentries","floor":14,"turns":5},{"damage":30,"enemies":"The Guardian","floor":16,"turns":8},{"damage":8,"enemies":"Chosen","floor":18,"turns":6},{"damage":13,"enemies":"3 Byrds","floor":19,"turns":3},{"damage":58,"enemies":"3 Cultists","floor":21,"turns":6},{"damage":23,"enemies":"Book of Stabbing","floor":23,"turns":4},{"damage":0,"enemies":"Snake Plant","floor":24,"turns":3},{"damage":7,"enemies":"Cultist and Chosen","floor":28,"turns":5},{"damage":5,"enemies":"3 Cultists","floor":31,"turns":5},{"damage":72,"enemies":"Automaton","floor":33,"turns":8}],"seed_played":"-2408608605826941081","potions_obtained":[{"floor":3,"key":"Strength Potion"},{"floor":6,"key":"FairyPotion"},{"floor":8,"key":"FocusPotion"},{"floor":21,"key":"Block Potion"}],"is_trial":false,"path_per_floor":["M","$","M","?","M","E","R","M","T","M","M","?","?","E","R","B",null,"M","M","$","M","?","E","M","?","T","R","M","R","$","M","R","B"],"character_chosen":"DEFECT","items_purchased":["Ball Lightning","Biased Cognition","Conserve Battery","Orrery","Anchor"],"campfire_rested":4,"item_purchase_floors":[2,20,20,20,30],"current_hp_per_floor":[65,65,65,75,72,41,63,53,53,44,44,69,66,44,66,38,75,67,56,56,22,47,26,28,28,28,50,45,67,67,64,64,0,0],"gold":63,"neow_bonus":"TRANSFORM_CARD","is_daily":false,"chose_seed":false,"campfire_upgraded":1,"win_rate":0.0,"timestamp":1612662411,"path_taken":["M","$","M","?","M","E","R","M","T","M","M","?","?","E","R","BOSS","M","M","$","M","?","E","M","?","T","R","M","R","?","M","R","BOSS"],"items_purchased_type":["Card","Card","Card","Relic","Relic"],"build_version":"2020-12-22","purchased_purges":1,"victory":false,"max_hp_per_floor":[75,75,75,75,75,75,75,75,75,75,75,75,75,75,75,75,75,75,75,75,75,75,75,75,75,75,75,75,75,75,75,75,75,75],"card_choices":[{"not_picked":["Turbo","Heatsinks"],"picked":"Go for the Eyes","floor":1},{"not_picked":["Streamline","Recycle"],"picked":"Static Discharge","floor":3},{"not_picked":["Hologram","Tempest"],"picked":"Capacitor","floor":5},{"not_picked":["Reboot","Undo"],"picked":"Conserve Battery","floor":6},{"not_picked":["Barrage","Self Repair","Hologram"],"picked":"SKIP","floor":8},{"not_picked":["Go for the Eyes","Coolheaded"],"picked":"Lockon","floor":10},{"not_picked":["Streamline","Turbo"],"picked":"Beam Cell","floor":11},{"not_picked":["Meteor Strike","Force Field"],"picked":"Echo Form","floor":14},{"not_picked":["Echo Form","Creative AI","Seek"],"picked":"Rainbow","floor":16},{"not_picked":["Cold Snap+1","Reprogram","Genetic Algorithm"],"picked":"Ball Lightning","floor":18},{"not_picked":["Gash+1","Hologram","Undo","Sweeping Beam"],"picked":"SKIP","floor":19},{"not_picked":["Machine Learning","Double Energy+1","Conserve Battery"],"picked":"Steam+1","floor":20},{"not_picked":["Consume","FTL","Steam"],"picked":"Redo+1","floor":20},{"not_picked":["Rebound","Steam Power","Beam Cell"],"picked":"Cold Snap+1","floor":20},{"not_picked":["Coolheaded+1","White Noise","Streamline+1"],"picked":"Lockon","floor":21},{"not_picked":["Leap","Darkness","Turbo"],"picked":"Defragment+1","floor":23},{"not_picked":["Barrage+1","Storm+1","Streamline"],"picked":"Sunder","floor":24},{"not_picked":["Recycle","Barrage+1","Redo"],"picked":"Lockon+1","floor":28},{"not_picked":["Compile Driver+1","Stack","Creative AI"],"picked":"Beam Cell+1","floor":31}],"player_experience":580665,"relics_obtained":[{"floor":6,"key":"Ancient Tea Set"},{"floor":9,"key":"MawBank"},{"floor":14,"key":"Question Card"},{"floor":23,"key":"Bag of Preparation"},{"floor":26,"key":"Molten Egg 2"}],"event_choices":[{"damage_healed":18,"gold_gain":0,"player_choice":"Healed","damage_taken":0,"max_hp_gain":0,"max_hp_loss":0,"event_name":"The Cleric","floor":4,"gold_loss":35},{"damage_healed":25,"gold_gain":0,"player_choice":"Banana","damage_taken":0,"max_hp_gain":0,"max_hp_loss":0,"event_name":"Big Fish","floor":12,"gold_loss":0},{"damage_healed":0,"gold_gain":0,"player_choice":"Success","damage_taken":3,"relics_obtained":["Blood Vial"],"max_hp_gain":0,"max_hp_loss":0,"event_name":"Scrap Ooze","floor":13,"gold_loss":0},{"damage_healed":25,"gold_gain":0,"player_choice":"Heal","damage_taken":0,"max_hp_gain":0,"max_hp_loss":0,"event_name":"The Library","floor":22,"gold_loss":0},{"damage_healed":0,"gold_gain":99,"player_choice":"Stole From Cult","damage_taken":0,"max_hp_gain":0,"max_hp_loss":0,"event_name":"Nest","floor":25,"gold_loss":0}],"is_beta":false,"boss_relics":[{"not_picked":["Snecko Eye","Runic Dome"],"picked":"SlaversCollar"}],"items_purged_floors":[20],"is_endless":false,"potions_floor_spawned":[3,6,8,10,16,18,21],"killed_by":"Automaton","ascension_level":1}}