{"host":"fxrgx7wt2cpkbhka","time":1612674753,"event":{"mods":["AchievementEnabler","BaseMod","Colored Powertips","Dark Map","Minty Spire (QoL Compilation)","Permanent Neow","Quick Restart","Slay-I","StSLib","Waifu the Spire"],"gold_per_floor":[112,125,46,46,46,84,113,113,168,187,214,214,164,197,197,197,197],"floor_reached":16,"language":"ENG","playtime":314,"items_purged":[],"score":188,"play_id":"c7b7b89b-d912-406d-8a5e-0928855fdd2f","local_time":"20210206211233","is_ascension_mode":true,"campfire_choices":[{"data":"Poisoned Stab","floor":8,"key":"SMITH"},{"data":"Poisoned Stab","floor":12,"key":"SMITH"},{"data":"Backstab","floor":15,"key":"SMITH"}],"circlet_count":0,"master_deck":["AscendersBane","Strike_G","Strike_G","Strike_G","Strike_G","Defend_G","Defend_G","Defend_G","Defend_G","Defend_G","Survivor","Neutralize","Finisher+1","Finisher","Poisoned Stab+1","Poisoned Stab+1","Deadly Poison","Backstab+1"],"relics":["Ring of the Snake","NeowsBlessing","CeramicFish","PreservedInsect","Odd Mushroom"],"acts_visited":["Exordium"],"potions_floor_usage":[16],"damage_taken":[{"damage":0,"enemies":"Small Slimes","floor":1,"turns":1},{"damage":0,"enemies":"Cultist","floor":2,"turns":1},{"damage":0,"enemies":"3 Sentries","floor":6,"turns":1},{"damage":0,"enemies":"2 Louse","floor":7,"turns":2},{"damage":12,"enemies":"2 Fungi Beasts","floor":10,"turns":4},{"damage":4,"enemies":"Blue Slaver","floor":11,"turns":2},{"damage":18,"enemies":"The Mushroom Lair","floor":14,"turns":4},{"damage":31,"enemies":"Hexaghost","floor":16,"turns":9}],"seed_played":"1253784338282644072","potions_obtained":[{"floor":1,"key":"CunningPotion"},{"floor":2,"key":"FearPotion"},{"floor":11,"key":"Block Potion"},{"floor":14,"key":"Fire Potion"}],"is_trial":false,"path_per_floor":["M","M","$","?","$","E","M","R","T","M","M","R","?","?","R","B"],"character_chosen":"THE_SILENT","items_purchased":["Finisher"],"campfire_rested":0,"item_purchase_floors":[3],"current_hp_per_floor":[63,63,63,63,63,63,63,63,63,51,47,47,47,29,29,0,0],"gold":197,"neow_bonus":"THREE_ENEMY_KILL","is_daily":false,"chose_seed":false,"campfire_upgraded":3,"win_rate":0.0,"timestamp":1612674753,"path_taken":["M","M","$","?","$","E","M","R","T","?","M","R","?","?","R","BOSS"],"items_purchased_type":["Card"],"build_version":"2020-12-22","purchased_purges":0,"victory":false,"max_hp_per_floor":[70,70,70,70,70,70,70,70,70,70,70,70,70,70,70,70,70],"card_choices":[{"not_picked":["Concentrate","Riddle With Holes","Cloak And Dagger"],"picked":"SKIP","floor":1},{"not_picked":["Blur","Endless Agony","Underhanded Strike"],"picked":"SKIP","floor":2},{"not_picked":["Skewer","Bane"],"picked":"Finisher","floor":6},{"not_picked":["Escape Plan","Outmaneuver"],"picked":"Poisoned Stab","floor":7},{"not_picked":["Setup","Noxious Fumes"],"picked":"Poisoned Stab","floor":10},{"not_picked":["Quick Slash","Caltrops"],"picked":"Deadly Poison","floor":11},{"not_picked":["Flying Knee","Dodge and Roll"],"picked":"Backstab","floor":14}],"player_experience":748791,"relics_obtained":[{"floor":6,"key":"CeramicFish"},{"floor":9,"key":"PreservedInsect"},{"floor":14,"key":"Odd Mushroom"}],"event_choices":[{"damage_healed":0,"gold_gain":0,"player_choice":"Upgraded","damage_taken":0,"max_hp_gain":0,"max_hp_loss":0,"event_name":"Upgrade Shrine","floor":4,"gold_loss":0,"cards_upgraded":["Finisher"]},{"cards_removed":["Strike_G"],"damage_healed":0,"gold_gain":0,"player_choice":"Card Removal","damage_taken":0,"max_hp_gain":0,"max_hp_loss":0,"event_name":"The Cleric","floor":13,"gold_loss":50},{"damage_healed":0,"gold_gain":0,"player_choice":"Fought Mushrooms","damage_taken":0,"max_hp_gain":0,"max_hp_loss":0,"event_name":"Mushrooms","floor":14,"gold_loss":0}],"is_beta":false,"boss_relics":[],"items_purged_floors":[],"is_endless":false,"potions_floor_spawned":[1,2,11,14],"killed_by":"Hexaghost","ascension_level":10}}