{"host":"x3xr1fzypq6qqz5s","time":1612723701,"event":{"mods":["BaseMod","Better Vampires","Colored Powertips","DeckTracker","Highlight Path","Minty Spire (QoL Compilation)","Quick Restart","Rare Cards Sparkle","Relic Stats"],"gold_per_floor":[115,115,130,205,52,80,80,80,153,193,193,214,214,235,235,345,404,431,431,356,183,171,196,196,214,240,267,287,316,348,374,386,512,524,553,575,137,187,187,187,204,204,253,253,253,271,15,26,26,26,26,26,26,67,67,67],"floor_reached":55,"language":"ZHS","playtime":3230,"items_purged":["Strike_R","Bash","Strike_R"],"score":826,"play_id":"cbaf0592-12d6-4ecf-9990-f9d9667c94cc","local_time":"20210208024821","is_ascension_mode":true,"campfire_choices":[{"data":"Armaments","floor":8.0,"key":"SMITH"},{"floor":13.0,"key":"REST"},{"data":"Body Slam","floor":15.0,"key":"SMITH"},{"data":"Juggernaut","floor":24.0,"key":"SMITH"},{"floor":32.0,"key":"REST"},{"data":"Entrench","floor":40.0,"key":"SMITH"},{"data":"Strike_R","floor":45.0,"key":"PURGE"},{"floor":49.0,"key":"RECALL"},{"data":"Body Slam","floor":52,"key":"SMITH"}],"circlet_count":0,"master_deck":["Strike_R+1","Strike_R","Defend_R","Defend_R","Defend_R","Power Through","Armaments+1","Flame Barrier","Body Slam+1","Metallicize","Shrug It Off","Juggernaut+1","Ghostly Armor","Uppercut","Body Slam+1","Good Instincts","Entrench+1","Shockwave+1","Warcry","Impervious","Madness","Madness","Bloodletting","Metallicize"],"relics":["Burning Blood","NeowsBlessing","HandDrill","Shuriken","Bottled Lightning","CeramicFish","Tiny House","Paper Frog","MawBank","Runic Pyramid","Peace Pipe","Mango","Toy Ornithopter","Calipers"],"acts_visited":["Exordium","TheCity","TheBeyond","TheEnding"],"potions_floor_usage":[50,50,54],"damage_taken":[{"damage":0.0,"enemies":"Small Slimes","floor":1.0,"turns":1.0},{"damage":0.0,"enemies":"Cultist","floor":3.0,"turns":1.0},{"damage":0.0,"enemies":"Lagavulin","floor":6.0,"turns":1.0},{"damage":76.0,"enemies":"Gremlin Nob","floor":10.0,"turns":8.0},{"damage":0.0,"enemies":"2 Louse","floor":12.0,"turns":3.0},{"damage":1.0,"enemies":"Looter","floor":14.0,"turns":4.0},{"damage":9.0,"enemies":"Hexaghost","floor":16.0,"turns":12.0},{"damage":10.0,"enemies":"Spheric Guardian","floor":18.0,"turns":6.0},{"damage":3.0,"enemies":"2 Thieves","floor":22.0,"turns":4.0},{"damage":40.0,"enemies":"Book of Stabbing","floor":23.0,"turns":9.0},{"damage":10.0,"enemies":"Snake Plant","floor":25.0,"turns":4.0},{"damage":0.0,"enemies":"3 Cultists","floor":27.0,"turns":5.0},{"damage":18.0,"enemies":"Chosen and Byrds","floor":28.0,"turns":7.0},{"damage":8.0,"enemies":"Gremlin Leader","floor":29.0,"turns":7.0},{"damage":16.0,"enemies":"Shelled Parasite and Fungi","floor":30.0,"turns":6.0},{"damage":16.0,"enemies":"Sentry and Sphere","floor":31.0,"turns":6.0},{"damage":15.0,"enemies":"Champ","floor":33.0,"turns":13.0},{"damage":6.0,"enemies":"Orb Walker","floor":35.0,"turns":6.0},{"damage":18.0,"enemies":"3 Shapes","floor":36.0,"turns":7.0},{"damage":0.0,"enemies":"Mind Bloom Boss Battle","floor":38.0,"turns":9.0},{"damage":16.0,"enemies":"Sphere and 2 Shapes","floor":41.0,"turns":7.0},{"damage":11.0,"enemies":"Maw","floor":48.0,"turns":9.0},{"damage":45,"enemies":"Donu and Deca","floor":50,"turns":12},{"damage":73,"enemies":"Shield and Spear","floor":54,"turns":8},{"damage":43,"enemies":"The Heart","floor":55,"turns":3}],"seed_played":"8633098437552654150","potions_obtained":[{"floor":3.0,"key":"Regen Potion"},{"floor":10.0,"key":"AttackPotion"},{"floor":12.0,"key":"FearPotion"},{"floor":17.0,"key":"EssenceOfSteel"},{"floor":18.0,"key":"BlessingOfTheForge"},{"floor":25.0,"key":"PowerPotion"},{"floor":28.0,"key":"Swift Potion"},{"floor":31.0,"key":"ElixirPotion"},{"floor":33.0,"key":"DistilledChaos"},{"floor":35.0,"key":"HeartOfIron"},{"floor":38.0,"key":"Strength Potion"}],"is_trial":false,"path_per_floor":["M","?","M","?","$","E","?","R","T","E","?","M","R","M","R","B",null,"M","?","?","$","M","E","R","M","T","M","M","E","M","M","R","B",null,"M","M","$","?","?","R","M","?","T","?","R","?","$","M","R","B",null,"R","$","E","B"],"character_chosen":"IRONCLAD","items_purchased":["HandDrill","Body Slam","Good Instincts","Metallicize","Peace Pipe","Bloodletting","LiquidBronze"],"campfire_rested":2,"item_purchase_floors":[5,21,21,37,37,47,47],"current_hp_per_floor":[80,80,80,69,69,75,80,80,80,10,10,16,41,46,46,43,90,86,68,68,68,71,51,51,47,47,53,41,39,29,19,47,38,95,95,83,83,103,103,103,93,93,93,93,93,79,79,74,74,45,109,109,109,42,0,0],"gold":67,"neow_bonus":"THREE_ENEMY_KILL","is_daily":false,"chose_seed":false,"campfire_upgraded":5,"win_rate":0.0,"timestamp":1612723701,"path_taken":["M","?","?","?","$","E","?","R","T","E","?","M","R","M","R","BOSS","M","?","?","?","?","E","R","M","T","M","M","E","?","M","R","BOSS","M","M","$","?","?","R","M","?","T","?","R","?","$","M","R","BOSS","R","$","E","BOSS"],"items_purchased_type":["Relic","Card","Card","Card","Relic","Card","Potion"],"build_version":"2020-12-22","purchased_purges":3,"victory":false,"max_hp_per_floor":[80,80,80,80,80,80,85,85,85,85,85,85,85,85,85,85,90,90,95,95,95,95,95,95,95,95,95,95,95,95,95,95,95,95,95,95,95,109,109,109,109,109,109,109,109,109,109,109,109,109,109,109,109,109,109,109],"relic_stats":{"Peace Pipe":1,"counters":[25,158],"Shuriken":[8],"CeramicFish":153,"HandDrill":[76],"MawBank":96,"obtain_stats":[{"Tiny House":17,"Calipers":54,"NeowsBlessing":0,"CeramicFish":10,"Mango":38,"MawBank":29,"Burning Blood":0,"Peace Pipe":37,"Shuriken":6,"HandDrill":5,"Bottled Lightning":9,"Toy Ornithopter":43,"Paper Frog":23,"Runic Pyramid":34},{"Tiny House":7,"Calipers":24,"NeowsBlessing":0,"CeramicFish":4,"Mango":20,"MawBank":14,"Burning Blood":0,"Peace Pipe":19,"Shuriken":3,"HandDrill":2,"Bottled Lightning":3,"Toy Ornithopter":21,"Paper Frog":10,"Runic Pyramid":17},{"Tiny House":30,"Calipers":155,"NeowsBlessing":0,"CeramicFish":11,"Mango":119,"MawBank":72,"Burning Blood":0,"Peace Pipe":110,"Shuriken":3,"HandDrill":2,"Bottled Lightning":3,"Toy Ornithopter":126,"Paper Frog":49,"Runic Pyramid":97}],"Burning Blood":132,"Toy Ornithopter":10},"card_choices":[{"not_picked":["True Grit","Clash"],"picked":"Power Through","floor":1.0},{"not_picked":["Wild Strike","Uppercut"],"picked":"Armaments","floor":3.0},{"not_picked":["Headbutt","Sword Boomerang"],"picked":"Flame Barrier","floor":6.0},{"not_picked":["Limit Break","Immolate"],"picked":"Body Slam","floor":10.0},{"not_picked":["Flex","Armaments"],"picked":"Metallicize","floor":12.0},{"not_picked":["Sentinel","Dark Embrace"],"picked":"Shrug It Off","floor":14.0},{"not_picked":["Limit Break","Berserk"],"picked":"Juggernaut","floor":16.0},{"not_picked":["Thunderclap","Iron Wave"],"picked":"Ghostly Armor","floor":17.0},{"not_picked":["Shockwave","Hemokinesis"],"picked":"Uppercut","floor":18.0},{"not_picked":["Twin Strike","Iron Wave","Burning Pact"],"picked":"SKIP","floor":22.0},{"not_picked":["Searing Blow","Cleave","Armaments"],"picked":"SKIP","floor":23.0},{"not_picked":["Sword Boomerang","Blood for Blood","Rage+1"],"picked":"SKIP","floor":25.0},{"not_picked":["Dual Wield","Havoc+1"],"picked":"Entrench","floor":27.0},{"not_picked":["Wild Strike","Headbutt"],"picked":"Shockwave+1","floor":28.0},{"not_picked":["Havoc","Juggernaut","Infernal Blade"],"picked":"SKIP","floor":29.0},{"not_picked":["Thunderclap","Iron Wave"],"picked":"Warcry","floor":30.0},{"not_picked":["Clash","Twin Strike+1","Shrug It Off"],"picked":"SKIP","floor":31.0},{"not_picked":["Limit Break","Offering"],"picked":"Impervious","floor":33.0},{"not_picked":["Cleave+1","Clash+1","Wild Strike"],"picked":"SKIP","floor":35.0},{"not_picked":["Rage+1","Perfected Strike","Second Wind+1"],"picked":"SKIP","floor":36.0},{"not_picked":["Thunderclap+1","Headbutt","True Grit"],"picked":"SKIP","floor":41.0},{"not_picked":["Clash","Blood for Blood","Perfected Strike+1"],"picked":"SKIP","floor":48.0},{"not_picked":["Pommel Strike","Shrug It Off+1"],"picked":"Metallicize","floor":54}],"player_experience":662268,"relics_obtained":[{"floor":6.0,"key":"Shuriken"},{"floor":9.0,"key":"Bottled Lightning"},{"floor":10.0,"key":"CeramicFish"},{"floor":23.0,"key":"Paper Frog"},{"floor":29.0,"key":"MawBank"},{"floor":38.0,"key":"Mango"},{"floor":43.0,"key":"Toy Ornithopter"},{"floor":54,"key":"Calipers"}],"event_choices":[{"damage_healed":0.0,"max_hp_gain":0.0,"max_hp_loss":0.0,"gold_gain":0.0,"event_name":"WeMeetAgain","player_choice":"Ignored","floor":2.0,"gold_loss":0.0,"damage_taken":0.0},{"damage_healed":0.0,"max_hp_gain":0.0,"max_hp_loss":0.0,"gold_gain":75.0,"event_name":"World of Goop","player_choice":"Gather Gold","floor":4.0,"gold_loss":0.0,"damage_taken":11.0},{"damage_healed":0.0,"max_hp_gain":5.0,"max_hp_loss":0.0,"gold_gain":0.0,"event_name":"Big Fish","player_choice":"Donut","floor":7.0,"gold_loss":0.0,"damage_taken":0.0},{"damage_healed":0.0,"max_hp_gain":0.0,"max_hp_loss":0.0,"gold_gain":0.0,"event_name":"Scrap Ooze","player_choice":"Fled","floor":11.0,"gold_loss":0.0,"damage_taken":0.0},{"damage_healed":0.0,"max_hp_gain":5.0,"max_hp_loss":0.0,"gold_gain":0.0,"event_name":"Forgotten Altar","player_choice":"Shed Blood","floor":19.0,"gold_loss":0.0,"damage_taken":23.0},{"cards_removed":["Defend_R"],"damage_healed":0.0,"max_hp_gain":0.0,"max_hp_loss":0.0,"gold_gain":0.0,"event_name":"Beggar","player_choice":"Gave Gold","floor":20.0,"gold_loss":75.0,"damage_taken":0.0},{"damage_healed":0.0,"max_hp_gain":0.0,"max_hp_loss":0.0,"gold_gain":0.0,"event_name":"MindBloom","player_choice":"Fight","floor":38.0,"gold_loss":0.0,"damage_taken":0.0},{"damage_healed":0.0,"max_hp_gain":0.0,"max_hp_loss":0.0,"gold_gain":0.0,"event_name":"Tomb of Lord Red Mask","player_choice":"Ignored","floor":39.0,"gold_loss":0.0,"damage_taken":0.0},{"damage_healed":0.0,"max_hp_gain":0.0,"max_hp_loss":0.0,"gold_gain":0.0,"event_name":"SensoryStone","player_choice":"Memory 1","floor":42.0,"gold_loss":0.0,"damage_taken":0.0},{"cards_removed":["Metallicize"],"damage_healed":0.0,"max_hp_gain":0.0,"max_hp_loss":0.0,"gold_gain":0.0,"event_name":"Falling","player_choice":"Removed Power","floor":44.0,"gold_loss":0.0,"damage_taken":0.0},{"damage_healed":0.0,"max_hp_gain":0.0,"max_hp_loss":0.0,"gold_gain":0.0,"event_name":"Winding Halls","player_choice":"Embrace Madness","floor":46.0,"gold_loss":0.0,"damage_taken":14.0,"cards_obtained":["Madness","Madness"]}],"is_beta":false,"boss_relics":[{"not_picked":["Coffee Dripper","Snecko Eye"],"picked":"Tiny House"},{"not_picked":["Calling Bell","Runic Cube"],"picked":"Runic Pyramid"}],"items_purged_floors":[21,37,47],"is_endless":false,"potions_floor_spawned":[3,10,12,18,25,28,31,33,35,38,48],"killed_by":"The Heart","ascension_level":1}}