{"host":"xc18ixkpjvqrt8st","time":1612741320,"event":{"mods":["Act Like it!","BaseMod","Better Match","Better Third Choice","Conspire","Downfall","Hallownest","Hermit","Hubris","Infinite Spire","Minty Spire (QoL Compilation)","Reliquary","Replay The Spire","Robot Space Explorer","Shop Mod","Spicy Shops","Spire Arcade","StSLib","The Animator","The Edgeheg","The Jungle","The Marked","The Sage"],"gold_per_floor":[128,151,20,20,38,38,76,76,125,143,172,43,43,119,119,214,214,227,237,237,247,265,307,307,307,307,317,317,317,343,343,343,456,456,467,467,486,486,1,1,15,15,38,38,38,38],"floor_reached":45,"language":"ENG","playtime":2362,"items_purged":[],"score":535,"play_id":"068a05f8-0baf-4af6-b6eb-6ecb6303bf91","local_time":"20210207174200","is_ascension_mode":true,"campfire_choices":[{"floor":6,"key":"RECALL"},{"floor":8,"key":"REST"},{"floor":15,"key":"REST"},{"floor":24,"key":"REST"},{"floor":29,"key":"REST"},{"data":"animator:Kira","floor":32,"key":"SMITH"},{"floor":40,"key":"REST"},{"data":"infinitespire:Starlight","floor":40,"key":"SMITH"}],"circlet_count":0,"master_deck":["animator:Defend_MadokaMagica","animator:Defend","animator:Defend","animator:Defend","animator:IrohaTamaki","animator:YuiTsuruno","animator:OrikoMikuni","animator:Souei","animator:MisaKurobane","animator:UneriGinkaku","animator:MadokaKaname","animator:MamiTomoe","animator:Benimaru","animator:Evileye","animator:Kira+1","animator:Cirno","animator:MisaKurobane","infinitespire:Starlight+1","animator:Elsword","animator:HigakiRinne","animator:YachiyoNanami","animator:Togame","animator:DwarfShaman+1","animator:HigakiRinne","animator:SayakaMiki","Bite","Bite","Bite","Bite","Bite","animator:Entoma","animator:Emonzaemon+1","animator:Shizu","animator:Ain","animator:Konayuki","animator:Kuroyukihime","animator:Azekura+1","infinitespire:Execution"],"relics":["animator:VividPicture","animator:TheMissingPiece","NeowsBlessing","hubris:ToyBattleship","hubris:64BitClover","Happy Flower","Omamori","ReplayTheSpireMod:ShopPack","Bag of Preparation","Replay:Bottled Flurry","Matryoshka","Calling Bell","Replay:Baseball","Mummified Hand","Pocketwatch","infinitespire:Magic Flask","SlaversCollar","hubris:Icosahedron","infinitespire:Bottled Soul","Ring of Fangs","ReplayTheSpireMod:Ring of Sloth","conspire:TopHat","reliquary:Boomerang"],"acts_visited":["Exordium","TheCity","TheBeyond"],"potions_floor_usage":[7,11,19,30,33,35,37,37,37,41,45,45],"damage_taken":[{"damage":0,"enemies":"2 Louse","floor":1,"turns":1},{"damage":0,"enemies":"Small Slimes","floor":2,"turns":1},{"damage":0,"enemies":"Cultist","floor":5,"turns":1},{"damage":8,"enemies":"3 Sentries","floor":7,"turns":6},{"damage":2,"enemies":"3 Louse","floor":10,"turns":3},{"damage":21,"enemies":"Lagavulin","floor":11,"turns":5},{"damage":27,"enemies":"3 Sentries","floor":14,"turns":6},{"damage":21,"enemies":"The Guardian","floor":16,"turns":7},{"damage":12,"enemies":"Chosen","floor":18,"turns":4},{"damage":19,"enemies":"2 Thieves","floor":19,"turns":5},{"damage":24,"enemies":"Chosen and Byrds","floor":21,"turns":5},{"damage":9,"enemies":"Snecko","floor":22,"turns":4},{"damage":21,"enemies":"Cultist and Chosen","floor":23,"turns":4},{"damage":29,"enemies":"Centurion and Healer","floor":27,"turns":6},{"damage":19,"enemies":"Gremlin Leader","floor":30,"turns":7},{"damage":21,"enemies":"Champ","floor":33,"turns":7},{"damage":58,"enemies":"3 Darklings","floor":35,"turns":6},{"damage":5,"enemies":"Orb Walker","floor":37,"turns":3},{"damage":14,"enemies":"4 Shapes","floor":41,"turns":4},{"damage":33,"enemies":"Jaw Worm Horde","floor":45,"turns":3}],"seed_played":"4621484529199687089","potions_obtained":[{"floor":1,"key":"Explosive Potion"},{"floor":2,"key":"DuplicationPotion"},{"floor":14,"key":"Guardian:BlockOnCardUsePotion"},{"floor":21,"key":"Reflective Coating"},{"floor":30,"key":"Dexterity Potion"},{"floor":33,"key":"Energy Potion"},{"floor":41,"key":"Block Potion"}],"is_trial":false,"path_per_floor":["M","M","$","?","M","R","E","R","T","M","E","$","?","?","R","B",null,"M","M","?","M","M","M","R","?","T","M","AVR","R","E","T","R","B",null,"M","?","M","?","$","R","M","?","T","AVR","M"],"character_chosen":"THE_ANIMATOR","items_purchased":["animator:MisaKurobane","animator:UneriGinkaku","ReplayTheSpireMod:ShopPack","infinitespire:Bottled Soul","animator:Kuroyukihime","Block Potion","DuplicationPotion"],"campfire_rested":5,"item_purchase_floors":[3,3,12,39,39,39,39],"current_hp_per_floor":[66,66,66,59,60,60,52,67,67,66,45,45,28,14,34,23,68,62,53,53,39,30,19,39,39,39,36,36,48,48,48,48,36,48,7,7,11,11,11,25,16,16,16,16,0,0],"gold":38,"neow_bonus":"THREE_ENEMY_KILL","is_daily":false,"chose_seed":false,"campfire_upgraded":2,"win_rate":0.0,"timestamp":1612741320,"path_taken":["M","M","$","?","M","R","E","R","T","M","E","$","?","?","R","BOSS","M","M","?","M","?","M","R","?","T","M","AVR","R","E","?","R","BOSS","M","?","M","?","?","R","M","?","T","AVR","M"],"items_purchased_type":["Card","Card","Relic","Relic","Card","Potion","Potion"],"build_version":"2020-12-22","purchased_purges":0,"victory":false,"max_hp_per_floor":[66,66,66,66,67,67,67,67,67,68,68,68,68,68,68,68,68,69,69,69,69,69,69,69,48,48,48,48,48,48,48,48,48,48,49,49,49,49,49,49,49,49,49,49,49,49],"card_choices":[{"not_picked":["animator:PandorasActor","animator:Kuribayashi"],"picked":"animator:OrikoMikuni","floor":1},{"not_picked":["animator:Ciel","animator:IrohaTamaki"],"picked":"animator:Souei","floor":2},{"not_picked":["animator:Shion","animator:GuildGirl"],"picked":"animator:MadokaKaname","floor":5},{"not_picked":["animator:SuzuneAmano","animator:OrikoMikuni"],"picked":"animator:MamiTomoe","floor":7},{"not_picked":["animator:Konayuki","animator:Azekura"],"picked":"animator:Benimaru","floor":10},{"not_picked":["animator:Ara","animator:OrikoMikuni"],"picked":"animator:Evileye","floor":11},{"not_picked":["animator:Lelouch","animator:HououinKyouma"],"picked":"animator:Kira","floor":12},{"not_picked":["animator:Shimakaze","animator:QuestionMark"],"picked":"animator:Cirno","floor":12},{"not_picked":["animator:LimeBell","animator:Shimakaze"],"picked":"animator:MisaKurobane","floor":12},{"not_picked":["infinitespire:Punishment","ReplayTheSpireMod:Book of Names"],"picked":"infinitespire:Starlight","floor":13},{"not_picked":["animator:YuiTsuruno","animator:Shichika"],"picked":"animator:Elsword","floor":14},{"not_picked":["animator:Biyorigo","animator:GoblinSlayer"],"picked":"animator:HigakiRinne","floor":16},{"not_picked":["animator:OrikoMikuni","animator:YuiTsuruno"],"picked":"animator:YachiyoNanami","floor":18},{"not_picked":["animator:CowGirl+1","animator:Spearman"],"picked":"animator:Togame","floor":19},{"not_picked":["animator:TukaLunaMarceau","animator:Ain"],"picked":"animator:DwarfShaman+1","floor":21},{"not_picked":["animator:Hakurou","animator:Elsword"],"picked":"animator:HigakiRinne","floor":22},{"not_picked":["animator:KyokoSakura","animator:MamiTomoe"],"picked":"animator:SayakaMiki","floor":23},{"not_picked":["animator:GazelDwargon","animator:ItamiYouji"],"picked":"animator:Entoma","floor":27},{"not_picked":["animator:NarberalGamma","animator:ItamiYouji"],"picked":"animator:Emonzaemon+1","floor":30},{"not_picked":["animator:MadokaKaname","animator:Elesis"],"picked":"animator:Shizu","floor":33},{"not_picked":["animator:RoryMercury","animator:Spearman"],"picked":"animator:Ain","floor":35},{"not_picked":["animator:Nanami","animator:Azekura"],"picked":"animator:Konayuki","floor":37},{"not_picked":["animator:GuildGirl+1","animator:OrikoMikuni"],"picked":"animator:Azekura+1","floor":41}],"player_experience":709471,"relics_obtained":[{"floor":7,"key":"hubris:64BitClover"},{"floor":9,"key":"Happy Flower"},{"floor":11,"key":"Omamori"},{"floor":23,"key":"Replay:Bottled Flurry"},{"floor":26,"key":"Matryoshka"},{"floor":28,"key":"Replay:Baseball"},{"floor":28,"key":"Mummified Hand"},{"floor":28,"key":"Pocketwatch"},{"floor":30,"key":"infinitespire:Magic Flask"},{"floor":42,"key":"Ring of Fangs"},{"floor":42,"key":"ReplayTheSpireMod:Ring of Sloth"},{"floor":43,"key":"conspire:TopHat"},{"floor":43,"key":"reliquary:Boomerang"}],"event_choices":[{"damage_healed":0,"gold_gain":0,"player_choice":"Relic ","damage_taken":7,"max_hp_gain":0,"max_hp_loss":0,"event_name":"betterThird:BetterScrap","floor":4,"gold_loss":0,"cards_obtained":["TalkToTheHand"]},{"damage_healed":0,"gold_gain":0,"player_choice":"Searched \u00273\u0027 times","damage_taken":0,"relics_obtained":["Bag of Preparation"],"max_hp_gain":0,"max_hp_loss":0,"event_name":"Dead Adventurer","floor":14,"gold_loss":0},{"damage_healed":0,"gold_gain":0,"player_choice":"Ignored","damage_taken":0,"max_hp_gain":0,"max_hp_loss":0,"event_name":"Purifier","floor":20,"gold_loss":0},{"damage_healed":0,"gold_gain":0,"player_choice":"Became a vampire","damage_taken":0,"max_hp_gain":0,"max_hp_loss":21,"event_name":"Vampires","floor":25,"gold_loss":0,"cards_obtained":["Bite","Bite","Bite","Bite","Bite"]},{"damage_healed":0,"gold_gain":0,"player_choice":"Ignored","damage_taken":0,"max_hp_gain":0,"max_hp_loss":0,"event_name":"Mysterious Sphere","floor":38,"gold_loss":0}],"is_beta":false,"boss_relics":[{"not_picked":["hubris:TerracottaHorce","ReplayTheSpireMod:SealedPack"],"picked":"animator:VividPicture"},{"not_picked":["hubris:HollowSoul","Sozu"],"picked":"SlaversCollar"}],"items_purged_floors":[],"is_endless":false,"potions_floor_spawned":[1,2,14,21,30,33,41],"killed_by":"Jaw Worm Horde","ascension_level":2}}