{"host":"m4gb89kpcfic7v2a","time":1612682142,"event":{"mods":["BaseMod","BetterRewards","Downfall","Minty Spire (QoL Compilation)","Reliquary","StSLib"],"gold_per_floor":[99,112,112,122,138,164,191,191,28,39,39,39,39,49,67,168,168,168,181,195,215,72,90,135,135,135,148,148,167,167,177,192,192,192,192],"floor_reached":33,"language":"ENG","playtime":3370,"items_purged":[],"score":278,"play_id":"a1463e17-ffd8-4bc4-a93e-dddc55e2a42c","local_time":"20210207001542","is_ascension_mode":false,"campfire_choices":[{"data":"bronze:Goto","floor":1,"key":"SMITH"},{"floor":8,"key":"REST"},{"data":"bronze:ForLoop","floor":11,"key":"SMITH"},{"floor":13,"key":"REST"},{"data":"bronze:Replicate","floor":18,"key":"SMITH"},{"floor":28,"key":"REST"},{"data":"bronze:Overheat","floor":30,"key":"SMITH"}],"circlet_count":0,"master_deck":["bronze:Strike","bronze:Strike","bronze:Strike","bronze:Strike","bronze:Defend","bronze:Defend","bronze:Defend","bronze:Defend","bronze:Replicate+1","bronze:Goto+1","bronze:Overheat+1","bronze:Flail","bronze:Philosophize","bronze:BronzeOrb","bronze:ForLoop+1","bronze:Optimize","bronze:Backtrace","bronze:Fortify","bronze:Frontload","bronze:RecursiveStrike","bronze:Shell","bronze:Branch","bronze:ItsAFeature","bronze:MaxOutput","bronze:Flail","bronze:Backtrace+1"],"relics":["bronze:BronzeCore","Smiling Mask","Toy Ornithopter","Busted Crown","Pen Nib"],"acts_visited":["Exordium","TheCity"],"potions_floor_usage":[15,22,22,33,33],"damage_taken":[{"damage":5,"enemies":"Small Slimes","floor":2,"turns":5},{"damage":6,"enemies":"Cultist","floor":4,"turns":3},{"damage":1,"enemies":"Jaw Worm","floor":5,"turns":3},{"damage":20,"enemies":"Gremlin Nob","floor":6,"turns":4},{"damage":9,"enemies":"downfall:FleeingMerchant","floor":9,"turns":4},{"damage":0,"enemies":"3 Louse","floor":10,"turns":2},{"damage":14,"enemies":"Exordium Thugs","floor":14,"turns":3},{"damage":0,"enemies":"2 Fungi Beasts","floor":15,"turns":2},{"damage":78,"enemies":"WA_ARCHETYPE_RETAIN","floor":16,"turns":12},{"damage":18,"enemies":"Shell Parasite","floor":19,"turns":4},{"damage":6,"enemies":"Spheric Guardian","floor":20,"turns":4},{"damage":0,"enemies":"Centurion and Healer","floor":21,"turns":5},{"damage":13,"enemies":"downfall:FleeingMerchant","floor":22,"turns":4},{"damage":22,"enemies":"Chosen and Byrds","floor":23,"turns":6},{"damage":26,"enemies":"Sentry and Sphere","floor":27,"turns":6},{"damage":1,"enemies":"Centurion and Healer","floor":29,"turns":6},{"damage":20,"enemies":"Cultist and Chosen","floor":31,"turns":6},{"damage":48,"enemies":"Snake Plant","floor":32,"turns":5},{"damage":15,"enemies":"SI_MIRROR_ARCHETYPE","floor":33,"turns":2}],"seed_played":"2522824551734277431","potions_obtained":[{"floor":5,"key":"FairyPotion"},{"floor":6,"key":"SpeedPotion"},{"floor":10,"key":"AttackPotion"},{"floor":14,"key":"Fruit Juice"},{"floor":19,"key":"Fruit Juice"},{"floor":21,"key":"Weak Potion"},{"floor":23,"key":"bronze:CleanCodePotion"},{"floor":32,"key":"DuplicationPotion"}],"is_trial":false,"path_per_floor":["R","M","?","M","M","E","T","R","$","M","R","?","R","M","M","B",null,"R","M","M","M","$","M","T","?","?","M","R","M","R","M","M","B"],"character_chosen":"THE_AUTOMATON","items_purchased":["bronze:ForLoop","bronze:Optimize","bronze:Branch","bronze:ItsAFeature"],"campfire_rested":3,"item_purchase_floors":[9,9,22,22],"current_hp_per_floor":[77,72,72,66,65,45,45,68,59,59,59,59,77,63,73,24,82,82,64,58,58,60,38,38,67,72,46,72,71,71,51,3,0,0,0],"gold":192,"neow_bonus":"TEN_PERCENT_HP_BONUS","is_daily":false,"chose_seed":false,"campfire_upgraded":4,"win_rate":0.0,"timestamp":1612682142,"path_taken":["R","M","?","M","M","E","T","R","$","M","R","?","R","M","M","BOSS","R","M","?","M","$","M","T","?","?","M","R","M","R","M","M","BOSS"],"items_purchased_type":["Card","Card","Card","Card"],"build_version":"2020-12-22","purchased_purges":0,"victory":false,"max_hp_per_floor":[77,77,77,77,77,77,77,77,77,77,77,77,77,77,82,82,82,82,82,82,82,87,87,87,87,87,87,87,87,87,87,87,87,87,87],"card_choices":[{"not_picked":["bronze:Overheat","bronze:Philosophize"],"picked":"bronze:BuggyMess","floor":2},{"not_picked":["bronze:FollowUp","bronze:Branch"],"picked":"bronze:Overheat","floor":4},{"not_picked":["bronze:Frontload","bronze:SpaghettiCode"],"picked":"bronze:Flail","floor":5},{"not_picked":["bronze:Allocate","bronze:CutThrough"],"picked":"bronze:Philosophize","floor":6},{"not_picked":["bronze:Fortify","bronze:Backtrace"],"picked":"bronze:BronzeOrb","floor":9},{"not_picked":["bronze:ItsAFeature","bronze:DigitalCarnage"],"picked":"bronze:Backtrace","floor":10},{"not_picked":["bronze:WildBeam","bronze:OilSpill"],"picked":"bronze:Fortify","floor":14},{"not_picked":["bronze:WildBeam","bronze:ChildClass"],"picked":"bronze:Frontload","floor":15},{"not_picked":["bronze:FindAndReplace","bronze:SpaghettiCode"],"picked":"bronze:RecursiveStrike","floor":16},{"not_picked":["bronze:FollowUp"],"picked":"SKIP","floor":19},{"not_picked":["bronze:BitShift"],"picked":"SKIP","floor":20},{"not_picked":[],"picked":"bronze:Shell","floor":21},{"not_picked":["bronze:Safeguard"],"picked":"SKIP","floor":22},{"not_picked":["bronze:BronzeArmor"],"picked":"SKIP","floor":23},{"not_picked":[],"picked":"bronze:MaxOutput","floor":27},{"not_picked":["bronze:Safeguard"],"picked":"SKIP","floor":29},{"not_picked":[],"picked":"bronze:Flail","floor":31},{"not_picked":[],"picked":"bronze:Backtrace+1","floor":32}],"player_experience":198734,"relics_obtained":[{"floor":6,"key":"Smiling Mask"},{"floor":7,"key":"Toy Ornithopter"},{"floor":24,"key":"Pen Nib"}],"event_choices":[{"damage_healed":0,"gold_gain":0,"player_choice":"Leave","damage_taken":0,"max_hp_gain":0,"max_hp_loss":0,"event_name":"FaceTrader","floor":12,"gold_loss":0},{"damage_healed":29,"gold_gain":0,"player_choice":"Heal","damage_taken":0,"max_hp_gain":0,"max_hp_loss":0,"event_name":"The Library","floor":25,"gold_loss":0},{"cards_removed":["bronze:BuggyMess"],"damage_healed":5,"gold_gain":0,"player_choice":"Offered Common","damage_taken":0,"max_hp_gain":0,"max_hp_loss":0,"event_name":"Bonfire Elementals","floor":26,"gold_loss":0},{"cards_removed":["bronze:BuggyMess"],"damage_healed":5,"gold_gain":0,"player_choice":"Offered Special","damage_taken":0,"max_hp_gain":0,"max_hp_loss":0,"event_name":"Bonfire Elementals","floor":26,"gold_loss":0}],"is_beta":false,"boss_relics":[{"not_picked":["Astrolabe","reliquary:KinkedSpring"],"picked":"Busted Crown"}],"items_purged_floors":[],"is_endless":false,"potions_floor_spawned":[5,6,10,14,19,21,23,32],"killed_by":"SI_MIRROR_ARCHETYPE","ascension_level":0}}