{"host":"6wux4armhsntp4yb","time":1612717747,"event":{"mods":["BaseMod","Colored Map","DeckTracker","Minty Spire (QoL Compilation)","Relic Stats"],"gold_per_floor":[117,87,104,29,45,45,78,94,119,119,119,119,129,145,145,224,224,243,260,260,260,332,362,277,277,277,296,296,328,15,33,33,106,106,116,116,134,71,71,103,116,143,143,68,96,110,110,126,126,126,126,126,126,24,49,49,49],"floor_reached":56,"language":"JPN","playtime":5254,"items_purged":["Strike_G","Strike_G","Strike_G","Writhe","Strike_G"],"score":2225,"play_id":"b93d9a7e-d0e0-41f3-b47d-afa2c2477f1b","local_time":"20210208020907","is_ascension_mode":true,"campfire_choices":[{"data":"Crippling Poison","floor":6.0,"key":"SMITH"},{"data":"Terror","floor":10.0,"key":"SMITH"},{"data":"Neutralize","floor":12.0,"key":"SMITH"},{"floor":15.0,"key":"REST"},{"data":"Prepared","floor":25.0,"key":"SMITH"},{"floor":28,"key":"REST"},{"data":"Footwork","floor":32,"key":"SMITH"},{"floor":49,"key":"RECALL"},{"data":"After Image","floor":53,"key":"SMITH"}],"circlet_count":0,"master_deck":["AscendersBane","Strike_G","Defend_G","Defend_G","Defend_G","Defend_G","Defend_G","Survivor","Neutralize+1","Infinite Blades","Crippling Poison+1","Blade Dance","Terror+1","Blur","Bullet Time","Cloak And Dagger+1","Predator","Prepared+1","Footwork+1","Adrenaline+1","PiercingWail","Deflect+1","After Image+1","PiercingWail","PiercingWail","Night Terror","Finisher+1","PiercingWail"],"relics":["WristBlade","Oddly Smooth Stone","Pen Nib","Runic Pyramid","Kunai","Akabeko","Nunchaku","Question Card","Juzu Bracelet","Membership Card","Centennial Puzzle","Cursed Key","Potion Belt","Bag of Marbles","Boot","Bird Faced Urn"],"acts_visited":["Exordium","TheCity","TheBeyond","TheEnding"],"potions_floor_usage":[40,42,42,42,51,56],"damage_taken":[{"damage":2.0,"enemies":"Small Slimes","floor":1.0,"turns":4.0},{"damage":3.0,"enemies":"Cultist","floor":3.0,"turns":4.0},{"damage":1.0,"enemies":"2 Louse","floor":5.0,"turns":2.0},{"damage":32.0,"enemies":"Gremlin Nob","floor":7.0,"turns":4.0},{"damage":7.0,"enemies":"Blue Slaver","floor":8.0,"turns":3.0},{"damage":2.0,"enemies":"Looter","floor":13.0,"turns":3.0},{"damage":0.0,"enemies":"Exordium Thugs","floor":14.0,"turns":5.0},{"damage":8.0,"enemies":"The Guardian","floor":16.0,"turns":10.0},{"damage":0.0,"enemies":"Chosen","floor":18.0,"turns":3.0},{"damage":0.0,"enemies":"Spheric Guardian","floor":19.0,"turns":3.0},{"damage":6.0,"enemies":"Book of Stabbing","floor":23.0,"turns":4.0},{"damage":18,"enemies":"Snake Plant","floor":27,"turns":4},{"damage":18,"enemies":"Gremlin Leader","floor":29,"turns":6},{"damage":0,"enemies":"Centurion and Healer","floor":31,"turns":5},{"damage":0,"enemies":"Automaton","floor":33,"turns":10},{"damage":3,"enemies":"3 Darklings","floor":35,"turns":5},{"damage":0,"enemies":"Orb Walker","floor":37,"turns":4},{"damage":0,"enemies":"Nemesis","floor":40,"turns":7},{"damage":15,"enemies":"Transient","floor":41,"turns":6},{"damage":0,"enemies":"Reptomancer","floor":42,"turns":8},{"damage":0,"enemies":"Giant Head","floor":45,"turns":7},{"damage":2,"enemies":"4 Shapes","floor":46,"turns":6},{"damage":0,"enemies":"Writhing Mass","floor":48,"turns":4},{"damage":13,"enemies":"Time Eater","floor":50,"turns":14},{"damage":14,"enemies":"Donu and Deca","floor":51,"turns":14},{"damage":11,"enemies":"Shield and Spear","floor":55,"turns":12},{"damage":66,"enemies":"The Heart","floor":56,"turns":5}],"seed_played":"-3275435524516595068","potions_obtained":[{"floor":2.0,"key":"Fire Potion"},{"floor":2.0,"key":"SpeedPotion"},{"floor":8.0,"key":"DuplicationPotion"},{"floor":13.0,"key":"Block Potion"},{"floor":16.0,"key":"Energy Potion"},{"floor":23.0,"key":"SteroidPotion"},{"floor":31,"key":"Weak Potion"},{"floor":35,"key":"BlessingOfTheForge"},{"floor":41,"key":"EntropicBrew"},{"floor":46,"key":"BlessingOfTheForge"}],"is_trial":false,"path_per_floor":["M","?","M","$","M","R","E","M","T","R","?","R","M","M","R","B",null,"M","M","?","?","T","E","?","R","T","M","R","E","$","M","R","B",null,"M","?","M","$","$","E","M","E","T","$","E","M","?","M","R","B","B",null,"R","$","E","B"],"character_chosen":"THE_SILENT","items_purchased":["Membership Card","Centennial Puzzle","PiercingWail","PiercingWail"],"campfire_rested":2,"item_purchase_floors":[30,30,30,54],"current_hp_per_floor":[57,57,54,54,53,53,21,14,14,14,14,14,12,12,31,23,55,55,55,55,55,55,49,49,49,49,31,50,32,32,32,32,32,58,55,55,55,55,55,55,40,40,40,40,40,38,38,38,38,25,11,52,52,52,41,0,0],"gold":49,"neow_bonus":"BOSS_RELIC","is_daily":false,"chose_seed":false,"campfire_upgraded":6,"win_rate":0.0,"timestamp":1612717747,"path_taken":["M","?","?","$","M","R","E","M","T","R","?","R","M","M","R","BOSS","M","M","?","?","?","E","?","R","T","M","R","E","$","M","R","BOSS","M","?","M","?","$","E","M","E","T","$","E","M","?","M","R","BOSS","BOSS","R","$","E","BOSS"],"items_purchased_type":["Relic","Relic","Card","Card"],"build_version":"2020-12-22","purchased_purges":5,"victory":false,"max_hp_per_floor":[66,66,66,66,66,66,66,66,66,66,66,66,66,66,66,66,66,66,66,66,66,66,66,66,66,66,66,66,66,66,66,66,66,66,66,66,66,66,66,66,66,66,66,66,66,66,66,66,66,66,66,66,66,66,66,66,66],"relic_stats":{"Nunchaku":[34],"Centennial Puzzle":[21],"counters":[27,162],"Bird Faced Urn":[4],"Pen Nib":[40],"Juzu Bracelet":0,"Kunai":[86],"Question Card":13,"Cursed Key":1,"Boot":[22],"obtain_stats":[{"Potion Belt":40,"Oddly Smooth Stone":7,"Pen Nib":9,"Juzu Bracelet":29,"Question Card":26,"Cursed Key":34,"Boot":45,"Akabeko":23,"Nunchaku":24,"Centennial Puzzle":30,"WristBlade":0,"Bird Faced Urn":55,"Bag of Marbles":42,"Kunai":22,"Membership Card":30,"Ring of the Snake":0,"Runic Pyramid":17},{"Potion Belt":18,"Oddly Smooth Stone":4,"Pen Nib":5,"Juzu Bracelet":13,"Question Card":11,"Cursed Key":15,"Boot":21,"Akabeko":11,"Nunchaku":11,"Centennial Puzzle":13,"WristBlade":0,"Bird Faced Urn":26,"Bag of Marbles":20,"Kunai":10,"Membership Card":13,"Ring of the Snake":0,"Runic Pyramid":8},{"Potion Belt":86,"Oddly Smooth Stone":14,"Pen Nib":17,"Juzu Bracelet":55,"Question Card":45,"Cursed Key":70,"Boot":107,"Akabeko":45,"Nunchaku":45,"Centennial Puzzle":55,"WristBlade":0,"Bird Faced Urn":157,"Bag of Marbles":100,"Kunai":41,"Membership Card":55,"Ring of the Snake":0,"Runic Pyramid":35}]},"card_choices":[{"not_picked":["Bane","Dagger Throw"],"picked":"Infinite Blades","floor":1.0},{"not_picked":["Reflex","Expertise"],"picked":"Crippling Poison","floor":3.0},{"not_picked":["Slice","PiercingWail"],"picked":"Blade Dance","floor":5.0},{"not_picked":["Riddle With Holes","Blur"],"picked":"Terror","floor":7.0},{"not_picked":["Blade Dance","Underhanded Strike","Prepared"],"picked":"SKIP","floor":8.0},{"not_picked":["Flying Knee","Flechettes"],"picked":"Blur","floor":13.0},{"not_picked":["Quick Slash","Flechettes","Outmaneuver"],"picked":"SKIP","floor":14.0},{"not_picked":["A Thousand Cuts","Tools of the Trade"],"picked":"Bullet Time","floor":16.0},{"not_picked":["Poisoned Stab","Deadly Poison"],"picked":"Cloak And Dagger+1","floor":18.0},{"not_picked":["All Out Attack+1","Underhanded Strike"],"picked":"Predator","floor":19.0},{"not_picked":["Backflip","Sucker Punch"],"picked":"Prepared","floor":23.0},{"not_picked":["Acrobatics","Choke","Heel Hook"],"picked":"Footwork","floor":27},{"not_picked":["Die Die Die","Tactician","Quick Slash"],"picked":"Adrenaline","floor":29},{"not_picked":["Deadly Poison","Sucker Punch","Well Laid Plans"],"picked":"Deflect+1","floor":31},{"not_picked":["Wraith Form v2","Grand Finale","Envenom"],"picked":"After Image","floor":33},{"not_picked":["Leg Sweep","Outmaneuver","Deadly Poison"],"picked":"PiercingWail","floor":35},{"not_picked":["Backflip","Glass Knife","Prepared"],"picked":"PiercingWail","floor":37},{"not_picked":["Backstab","Distraction+1","Flechettes","Poisoned Stab+1"],"picked":"SKIP","floor":40},{"not_picked":["Catalyst","Noxious Fumes","Backflip","Infinite Blades"],"picked":"SKIP","floor":41},{"not_picked":["Choke+1","Riddle With Holes","Slice+1","Cloak And Dagger"],"picked":"SKIP","floor":42},{"not_picked":["Slice","Bane","Sucker Punch+1"],"picked":"Night Terror","floor":45},{"not_picked":["Quick Slash+1","Dagger Throw","Prepared"],"picked":"Finisher+1","floor":46},{"not_picked":["Flechettes","All Out Attack","Deadly Poison+1","Predator"],"picked":"SKIP","floor":48},{"not_picked":["Reflex","Flying Knee+1","Noxious Fumes","Blade Dance"],"picked":"SKIP","floor":55}],"player_experience":5857896,"relics_obtained":[{"floor":7.0,"key":"Oddly Smooth Stone"},{"floor":9.0,"key":"Pen Nib"},{"floor":22.0,"key":"Kunai"},{"floor":23.0,"key":"Akabeko"},{"floor":26.0,"key":"Question Card"},{"floor":29,"key":"Juzu Bracelet"},{"floor":40,"key":"Potion Belt"},{"floor":42,"key":"Bag of Marbles"},{"floor":45,"key":"Boot"},{"floor":55,"key":"Bird Faced Urn"}],"event_choices":[{"damage_healed":0.0,"max_hp_gain":0.0,"max_hp_loss":0.0,"gold_gain":0.0,"event_name":"The Woman in Blue","player_choice":"Bought 2 Potions","floor":2.0,"gold_loss":0.0,"damage_taken":0.0},{"damage_healed":0.0,"max_hp_gain":0.0,"max_hp_loss":0.0,"gold_gain":0.0,"event_name":"Liars Game","player_choice":"Ignored","floor":11.0,"gold_loss":0.0,"damage_taken":0.0},{"damage_healed":0.0,"max_hp_gain":0.0,"max_hp_loss":0.0,"gold_gain":0.0,"event_name":"Cursed Tome","player_choice":"Ignored","floor":20.0,"gold_loss":0.0,"damage_taken":0.0},{"damage_healed":0.0,"max_hp_gain":0.0,"max_hp_loss":0.0,"gold_gain":0.0,"event_name":"Ghosts","player_choice":"Ignored","floor":21.0,"gold_loss":0.0,"damage_taken":0.0},{"damage_healed":0.0,"max_hp_gain":0.0,"max_hp_loss":0.0,"gold_gain":0.0,"event_name":"Addict","player_choice":"Obtained Relic","floor":24.0,"gold_loss":85.0,"damage_taken":0.0,"relics_obtained":["Nunchaku"]},{"damage_healed":0,"gold_gain":0,"player_choice":"Ignored","damage_taken":0,"max_hp_gain":0,"max_hp_loss":0,"event_name":"SecretPortal","floor":36,"gold_loss":0},{"damage_healed":0,"gold_gain":0,"player_choice":"Forge","damage_taken":0,"max_hp_gain":0,"max_hp_loss":0,"event_name":"Accursed Blacksmith","floor":47,"gold_loss":0,"cards_upgraded":["Adrenaline"]}],"is_beta":false,"boss_relics":[{"not_picked":["Philosopher\u0027s Stone","Runic Dome"],"picked":"Runic Pyramid"},{"not_picked":["Fusion Hammer","Sozu"],"picked":"Cursed Key"}],"items_purged_floors":[4,30,38,44,54],"is_endless":false,"potions_floor_spawned":[8,13,16,18,23,31,35,41,46],"killed_by":"The Heart","ascension_level":20}}