{"host":"tzwikg9s6mkzv6w0","time":1612705622,"event":{"mods":["BaseMod","Good Game Mod","Minty Spire (QoL Compilation)","Spicy Shops","StSLib"],"gold_per_floor":[15,15,26,40,40,67,67,101,125,155,155,174,99,111,111,211,211,224,224,241,166,441,476,476,507,507,538,556,588,607,641,641,742,792,806,817,868,470,488,488,488],"floor_reached":40,"language":"ZHS","playtime":1436,"items_purged":["Defend_R","Regret"],"score":691,"play_id":"9bae2a67-a1a8-42c1-8090-82c25bde505c","local_time":"20210207214702","is_ascension_mode":true,"campfire_choices":[{"data":"Perfected Strike","floor":7.0,"key":"SMITH"},{"data":"Armaments","floor":15.0,"key":"SMITH"},{"data":"True Grit","floor":24.0,"key":"SMITH"},{"data":"Dark Embrace","floor":32.0,"key":"SMITH"}],"circlet_count":0,"master_deck":["Strike_R","Strike_R","Strike_R","Strike_R","Strike_R","Defend_R","Bash","Blasphemy+1","Perfected Strike+1","Power Through","Fire Breathing","Berserk","Shrug It Off","Perfected Strike","True Grit+1","Armaments+1","Battle Trance","Offering+1","Pommel Strike","True Grit+1","Dark Embrace+1","Warcry+1","Double Tap","Disarm","Bloodletting+1","Second Wind","Entrench+1"],"relics":["Burning Blood","REME:ComplimentaryCards","Incense Burner","Ancient Tea Set","Orichalcum","MealTicket","Magic Flower","Runic Dome","Omamori","Bronze Scales","Lantern","Peace Pipe","Gremlin Horn","Darkstone Periapt","Tiny House","Girya","HornCleat"],"acts_visited":["Exordium","TheCity","TheBeyond"],"potions_floor_usage":[40],"damage_taken":[{"damage":0.0,"enemies":"2 Louse","floor":1.0,"turns":1.0},{"damage":7.0,"enemies":"Jaw Worm","floor":3.0,"turns":2.0},{"damage":1.0,"enemies":"Cultist","floor":4.0,"turns":4.0},{"damage":19.0,"enemies":"3 Sentries","floor":6.0,"turns":5.0},{"damage":20.0,"enemies":"Lagavulin","floor":8.0,"turns":5.0},{"damage":6.0,"enemies":"3 Sentries","floor":10.0,"turns":5.0},{"damage":0.0,"enemies":"3 Louse","floor":12.0,"turns":3.0},{"damage":6.0,"enemies":"Large Slime","floor":14.0,"turns":4.0},{"damage":7.0,"enemies":"Slime Boss","floor":16.0,"turns":6.0},{"damage":6.0,"enemies":"Shell Parasite","floor":18.0,"turns":2.0},{"damage":6.0,"enemies":"2 Thieves","floor":20.0,"turns":2.0},{"damage":16.0,"enemies":"Slavers","floor":23.0,"turns":4.0},{"damage":7.0,"enemies":"Book of Stabbing","floor":25.0,"turns":2.0},{"damage":10.0,"enemies":"Slavers","floor":27.0,"turns":3.0},{"damage":6.0,"enemies":"Centurion and Healer","floor":28.0,"turns":2.0},{"damage":0.0,"enemies":"Gremlin Leader","floor":29.0,"turns":1.0},{"damage":0.0,"enemies":"Snecko","floor":30.0,"turns":1.0},{"damage":21.0,"enemies":"Slavers","floor":31.0,"turns":4.0},{"damage":49.0,"enemies":"Automaton","floor":33.0,"turns":8.0},{"damage":33.0,"enemies":"3 Darklings","floor":35.0,"turns":4.0},{"damage":0.0,"enemies":"Orb Walker","floor":36.0,"turns":1.0},{"damage":47.0,"enemies":"2 Orb Walkers","floor":37.0,"turns":4.0},{"damage":15.0,"enemies":"Jaw Worm Horde","floor":39.0,"turns":4.0},{"damage":59,"enemies":"Giant Head","floor":40,"turns":6}],"seed_played":"-329915363734064842","potions_obtained":[{"floor":3.0,"key":"HeartOfIron"},{"floor":8.0,"key":"AttackPotion"},{"floor":10.0,"key":"Fire Potion"},{"floor":12.0,"key":"Strength Potion"},{"floor":18.0,"key":"SkillPotion"},{"floor":25.0,"key":"LiquidMemories"},{"floor":27.0,"key":"Fire Potion"},{"floor":29.0,"key":"EntropicBrew"},{"floor":34.0,"key":"GamblersBrew"},{"floor":36.0,"key":"Dexterity Potion"}],"is_trial":false,"path_per_floor":["M","?","M","M","$","E","R","E","T","E","?","M","$","M","R","B",null,"M","?","M","?","?","E","R","E","T","E","M","E","M","E","R","B",null,"M","M","?","$","M","E"],"character_chosen":"IRONCLAD","items_purchased":["Second Wind","HornCleat"],"campfire_rested":0,"item_purchase_floors":[38,38],"current_hp_per_floor":[80,80,79,80,80,67,67,53,53,53,53,62,77,80,80,80,80,80,80,80,80,80,73,73,75,75,74,77,80,80,68,68,28,85,61,70,32,47,41,0,0],"gold":488,"neow_bonus":"ONE_RARE_RELIC","is_daily":false,"chose_seed":false,"campfire_upgraded":4,"win_rate":0.0,"timestamp":1612705622,"path_taken":["M","?","M","M","$","E","R","E","T","E","?","M","$","M","R","BOSS","M","?","M","?","?","E","R","E","T","E","M","E","?","E","R","BOSS","M","M","?","$","M","E"],"items_purchased_type":["Card","Relic"],"build_version":"2020-12-22","purchased_purges":2,"victory":false,"max_hp_per_floor":[80,80,80,80,80,80,80,80,80,80,80,80,80,80,80,80,80,80,80,80,80,80,80,80,80,80,80,80,80,80,80,80,80,85,85,85,85,85,85,85,85],"card_choices":[{"not_picked":["Heavy Blade","Seeing Red"],"picked":"Perfected Strike","floor":1.0},{"not_picked":["Thunderclap","Combust"],"picked":"Power Through","floor":3.0},{"not_picked":["Fire Breathing","Rampage","Carnage"],"picked":"SKIP","floor":4.0},{"not_picked":["Rampage","Carnage"],"picked":"Fire Breathing","floor":4.0},{"not_picked":["Shockwave","Searing Blow"],"picked":"Berserk","floor":6.0},{"not_picked":["Heavy Blade","True Grit"],"picked":"Shrug It Off","floor":8.0},{"not_picked":["Combust","Dual Wield"],"picked":"Perfected Strike","floor":10.0},{"not_picked":["Fire Breathing","Cleave"],"picked":"Armaments","floor":12.0},{"not_picked":["Body Slam","Dropkick"],"picked":"Battle Trance","floor":14.0},{"not_picked":["Limit Break","Bludgeon"],"picked":"Offering","floor":16.0},{"not_picked":["Disarm","Anger"],"picked":"Pommel Strike","floor":18.0},{"not_picked":["Armaments","Heavy Blade","Body Slam"],"picked":"SKIP","floor":20.0},{"not_picked":["Ghostly Armor","Intimidate","Flex+1"],"picked":"SKIP","floor":23.0},{"not_picked":["Intimidate","Cleave+1","Armaments"],"picked":"SKIP","floor":25.0},{"not_picked":["Clothesline","Combust"],"picked":"True Grit+1","floor":27.0},{"not_picked":["Headbutt+1","Wild Strike","Anger+1"],"picked":"SKIP","floor":28.0},{"not_picked":["Berserk","Rupture","Wild Strike"],"picked":"SKIP","floor":29.0},{"not_picked":["Entrench","Wild Strike"],"picked":"Dark Embrace","floor":30.0},{"not_picked":["Dropkick","Dark Embrace"],"picked":"Warcry+1","floor":31.0},{"not_picked":["Fiend Fire","Berserk"],"picked":"Double Tap","floor":33.0},{"not_picked":["Rampage+1","Wild Strike"],"picked":"Disarm","floor":34.0},{"not_picked":["Flex+1","Whirlwind","Searing Blow"],"picked":"SKIP","floor":35.0},{"not_picked":["Dark Embrace","Spot Weakness","Cleave"],"picked":"SKIP","floor":36.0},{"not_picked":["Wild Strike+1","Shrug It Off+1"],"picked":"Bloodletting+1","floor":37.0},{"not_picked":["Rage+1","Limit Break"],"picked":"Entrench+1","floor":39.0}],"player_experience":90223,"relics_obtained":[{"floor":6.0,"key":"Ancient Tea Set"},{"floor":8.0,"key":"Orichalcum"},{"floor":9.0,"key":"MealTicket"},{"floor":10.0,"key":"Magic Flower"},{"floor":23.0,"key":"Omamori"},{"floor":25.0,"key":"Bronze Scales"},{"floor":26.0,"key":"Lantern"},{"floor":27.0,"key":"Peace Pipe"},{"floor":29.0,"key":"Gremlin Horn"},{"floor":31.0,"key":"Darkstone Periapt"},{"floor":37.0,"key":"Girya"}],"event_choices":[{"damage_healed":0.0,"max_hp_gain":0.0,"max_hp_loss":0.0,"gold_gain":0.0,"event_name":"Living Wall","player_choice":"Grow","floor":2.0,"gold_loss":0.0,"damage_taken":0.0,"cards_upgraded":["Blasphemy"]},{"damage_healed":0.0,"max_hp_gain":0.0,"max_hp_loss":0.0,"gold_gain":0.0,"cards_transformed":["Defend_R"],"event_name":"Transmorgrifier","player_choice":"Transformed","floor":11.0,"gold_loss":0.0,"damage_taken":0.0,"cards_obtained":["True Grit"]},{"damage_healed":0.0,"max_hp_gain":0.0,"max_hp_loss":0.0,"gold_gain":0.0,"event_name":"Vampires","player_choice":"Ignored","floor":19.0,"gold_loss":0.0,"damage_taken":0.0},{"cards_removed":["Defend_R"],"damage_healed":0.0,"max_hp_gain":0.0,"max_hp_loss":0.0,"gold_gain":0.0,"event_name":"Beggar","player_choice":"Gave Gold","floor":21.0,"gold_loss":75.0,"damage_taken":0.0},{"damage_healed":0.0,"max_hp_gain":0.0,"max_hp_loss":0.0,"gold_gain":275.0,"event_name":"Golden Shrine","player_choice":"Desecrate","floor":22.0,"gold_loss":0.0,"damage_taken":0.0,"cards_obtained":["Regret"]},{"damage_healed":0.0,"max_hp_gain":0.0,"max_hp_loss":0.0,"gold_gain":0.0,"event_name":"Mysterious Sphere","player_choice":"Fight","floor":37.0,"gold_loss":0.0,"damage_taken":0.0}],"is_beta":false,"boss_relics":[{"not_picked":["Empty Cage","Fusion Hammer"],"picked":"Runic Dome"},{"not_picked":["Velvet Choker","Astrolabe"],"picked":"Tiny House"}],"items_purged_floors":[13,38],"is_endless":false,"potions_floor_spawned":[3,8,10,12,18,25,27,29,31,36],"killed_by":"Giant Head","ascension_level":3}}