{"host":"2kfsro7skzomnm41","time":1612660743,"event":{"mods":["AchievementEnabler","BaseMod","Googly Eyes","Highlight Path","Minty Spire (QoL Compilation)","StSLib"],"gold_per_floor":[109,129,149,149,149,149,184,240,264,278,2,2,35,54,54,151,151,168,184,184,184,202,202,231,231,301,301,314,314,88,88,88,184,184,201,201,201,70,70,70,70,70,70],"floor_reached":42,"language":"ENG","playtime":2739,"items_purged":["Strike_G","Underhanded Strike"],"score":651,"play_id":"a1852ef9-12df-4fd6-bec0-2b1934c29bb3","local_time":"20210206201903","is_ascension_mode":true,"campfire_choices":[{"data":"Neutralize","floor":6,"key":"SMITH"},{"data":"Flechettes","floor":12,"key":"SMITH"},{"floor":15,"key":"REST"},{"data":"Creative AI","floor":23,"key":"SMITH"},{"data":"Poisoned Stab","floor":25,"key":"SMITH"},{"data":"Barricade","floor":27,"key":"SMITH"},{"data":"Dodge and Roll","floor":29,"key":"SMITH"},{"data":"Dagger Throw","floor":32,"key":"SMITH"},{"data":"Backflip","floor":40,"key":"SMITH"}],"circlet_count":0,"master_deck":["AscendersBane","Defend_G","Defend_G","Defend_G","Defend_G","Defend_G","Survivor","Neutralize+1","Dagger Throw+1","Footwork","Flechettes+1","Escape Plan","Leg Sweep","Poisoned Stab+1","Dodge and Roll+1","Barricade+1","Sanctity","Backstab+1","Distraction+1","Finesse","Leg Sweep","Slice","Underhanded Strike","Madness","Madness","Backflip+1","Noxious Fumes"],"relics":["SacredBark","Potion Belt","Gambling Chip","Ancient Tea Set","PrismaticShard","Centennial Puzzle","Astrolabe","Nilry\u0027s Codex","Blue Candle","Ornamental Fan","Runic Dome"],"acts_visited":["Exordium","TheCity","TheBeyond"],"potions_floor_usage":[8,13,16,16,22],"damage_taken":[{"damage":1,"enemies":"Small Slimes","floor":1,"turns":4},{"damage":0,"enemies":"2 Louse","floor":2,"turns":4},{"damage":3,"enemies":"Jaw Worm","floor":3,"turns":6},{"damage":26,"enemies":"Lagavulin","floor":7,"turns":11},{"damage":3,"enemies":"Lagavulin Event","floor":8,"turns":5},{"damage":6,"enemies":"Looter","floor":10,"turns":4},{"damage":15,"enemies":"Gremlin Nob","floor":13,"turns":5},{"damage":0,"enemies":"Large Slime","floor":14,"turns":4},{"damage":23,"enemies":"Slime Boss","floor":16,"turns":15},{"damage":4,"enemies":"Chosen","floor":18,"turns":5},{"damage":13,"enemies":"3 Byrds","floor":19,"turns":6},{"damage":9,"enemies":"Snake Plant","floor":22,"turns":8},{"damage":19,"enemies":"Book of Stabbing","floor":24,"turns":8},{"damage":5,"enemies":"Centurion and Healer","floor":28,"turns":11},{"damage":24,"enemies":"Champ","floor":33,"turns":15},{"damage":35,"enemies":"3 Shapes","floor":35,"turns":5},{"damage":0,"enemies":"Giant Head","floor":42,"turns":2}],"seed_played":"-1815082678868851950","potions_obtained":[{"floor":7,"key":"ColorlessPotion"},{"floor":8,"key":"SpeedPotion"},{"floor":13,"key":"AttackPotion"},{"floor":14,"key":"SpeedPotion"},{"floor":16,"key":"Regen Potion"},{"floor":33,"key":"Energy Potion"},{"floor":35,"key":"Dexterity Potion"}],"is_trial":false,"path_per_floor":["M","M","M","?","?","R","E","?","T","M","$","R","E","M","R","B",null,"M","M","?","?","M","R","E","R","T","R","M","R","$","?","R","B",null,"M","?","?","$","?","R","?","E"],"character_chosen":"THE_SILENT","items_purchased":["PrismaticShard","Dodge and Roll","Finesse","Leg Sweep","Backflip","Noxious Fumes"],"campfire_rested":1,"item_purchase_floors":[11,11,30,30,38,38],"current_hp_per_floor":[62,62,59,64,64,64,38,35,35,29,29,29,14,14,36,13,60,56,43,43,27,67,67,48,48,48,48,43,43,43,43,43,19,61,26,17,17,17,17,17,66,66,66],"gold":70,"neow_bonus":"BOSS_RELIC","is_daily":false,"chose_seed":false,"campfire_upgraded":8,"win_rate":0.0,"timestamp":1612660743,"path_taken":["M","M","M","?","?","R","E","?","T","M","$","R","E","M","R","BOSS","M","M","?","?","M","R","E","R","T","R","M","R","$","?","R","BOSS","M","?","?","$","?","R","?","E"],"items_purchased_type":["Relic","Card","Card","Card","Card","Card"],"build_version":"2020-12-22","purchased_purges":2,"victory":false,"max_hp_per_floor":[70,70,70,75,75,75,75,75,75,75,75,75,75,75,75,75,75,75,75,75,75,75,75,75,75,75,75,75,75,75,75,75,75,75,75,75,75,75,75,75,66,66,66],"card_choices":[{"not_picked":["Acrobatics","Catalyst"],"picked":"Dagger Throw","floor":1},{"not_picked":["Dodge and Roll","Heel Hook"],"picked":"Footwork","floor":2},{"not_picked":["Flying Knee","Calculated Gamble"],"picked":"Flechettes","floor":3},{"not_picked":["Well Laid Plans","Distraction"],"picked":"Leg Sweep","floor":7},{"not_picked":["Infinite Blades","Quick Slash"],"picked":"Poisoned Stab","floor":8},{"not_picked":["Acrobatics","Infinite Blades"],"picked":"Underhanded Strike","floor":10},{"not_picked":["Scrape","ReachHeaven"],"picked":"Barricade","floor":13},{"not_picked":["Sever Soul","Cloak And Dagger"],"picked":"Sanctity","floor":14},{"not_picked":["Secret Weapon","Fission"],"picked":"Creative AI","floor":16},{"not_picked":["Flying Knee","Pommel Strike","Swift Strike+1"],"picked":"SKIP","floor":18},{"not_picked":["Pommel Strike","Spot Weakness","Dagger Throw"],"picked":"SKIP","floor":19},{"not_picked":["Warcry","Heavy Blade","Bane"],"picked":"SKIP","floor":22},{"not_picked":["Pommel Strike","Envenom","EmptyBody+1"],"picked":"SKIP","floor":24},{"not_picked":["FollowUp","Go for the Eyes","Sweeping Beam"],"picked":"SKIP","floor":28},{"not_picked":["Heavy Blade","Armaments+1","Perfected Strike"],"picked":"SKIP","floor":35}],"player_experience":293943,"relics_obtained":[{"floor":7,"key":"Potion Belt"},{"floor":8,"key":"Gambling Chip"},{"floor":9,"key":"Ancient Tea Set"},{"floor":13,"key":"Centennial Puzzle"},{"floor":21,"key":"Nilry\u0027s Codex"},{"floor":24,"key":"Blue Candle"},{"floor":26,"key":"Ornamental Fan"}],"event_choices":[{"damage_healed":0,"gold_gain":0,"player_choice":"Donut","damage_taken":0,"max_hp_gain":5,"max_hp_loss":0,"event_name":"Big Fish","floor":4,"gold_loss":0},{"damage_healed":0,"gold_gain":0,"cards_transformed":["Strike_G"],"player_choice":"Change","damage_taken":0,"max_hp_gain":0,"max_hp_loss":0,"event_name":"Living Wall","floor":5,"gold_loss":0,"cards_obtained":["Escape Plan"]},{"damage_healed":0,"gold_gain":30,"player_choice":"Searched \u00272\u0027 times","damage_taken":0,"max_hp_gain":0,"max_hp_loss":0,"event_name":"Dead Adventurer","floor":8,"gold_loss":0},{"damage_healed":0,"gold_gain":0,"player_choice":"Ignored","damage_taken":0,"max_hp_gain":0,"max_hp_loss":0,"event_name":"Vampires","floor":20,"gold_loss":0},{"damage_healed":0,"gold_gain":0,"player_choice":"Obtained Book","damage_taken":16,"max_hp_gain":0,"max_hp_loss":0,"event_name":"Cursed Tome","floor":21,"gold_loss":0},{"damage_healed":0,"gold_gain":0,"cards_transformed":["Creative AI","Choke"],"player_choice":"Became Test Subject","damage_taken":0,"max_hp_gain":0,"max_hp_loss":0,"event_name":"Drug Dealer","floor":31,"gold_loss":0,"cards_obtained":["Slice","Underhanded Strike"]},{"damage_healed":0,"gold_gain":0,"player_choice":"Embrace Madness","damage_taken":9,"max_hp_gain":0,"max_hp_loss":0,"event_name":"Winding Halls","floor":36,"gold_loss":0,"cards_obtained":["Madness","Madness"]},{"damage_healed":0,"gold_gain":0,"player_choice":"Ignored","damage_taken":0,"max_hp_gain":0,"max_hp_loss":0,"event_name":"Tomb of Lord Red Mask","floor":37,"gold_loss":0},{"damage_healed":0,"gold_gain":0,"player_choice":"Ignored","damage_taken":0,"max_hp_gain":0,"max_hp_loss":0,"event_name":"Mysterious Sphere","floor":39,"gold_loss":0},{"damage_healed":66,"gold_gain":0,"player_choice":"Heal","damage_taken":0,"max_hp_gain":0,"max_hp_loss":9,"event_name":"The Moai Head","floor":41,"gold_loss":0}],"is_beta":false,"boss_relics":[{"not_picked":["Empty Cage","Fusion Hammer"],"picked":"Astrolabe"},{"not_picked":["Pandora\u0027s Box","SlaversCollar"],"picked":"Runic Dome"}],"items_purged_floors":[11,30],"is_endless":false,"potions_floor_spawned":[7,8,13,14,16,33,35],"killed_by":"Giant Head","ascension_level":11}}