{"host":"42xf941fomyavgzy","time":1612696773,"event":{"mods":["Act Like it!","Astrologer","BaseMod","Colored Map","Minty Spire (QoL Compilation)","Shop Mod","StSLib","SuperFastMode","The Cursed"],"gold_per_floor":[118,134,134,144,94,94,104,134,134,154,154,169,1,30,30,132,132,149,70,70,70,90,119,44,44,69,69,85,85,85,110,110,207,207,220,237,237,255,255,290,309,309,309,52,52,12,37,37,37,37,37,37,37,65,65],"floor_reached":56,"language":"JPN","playtime":5059,"items_purged":["Shame","Defend_B"],"score":1631,"play_id":"4fe999ee-eb7a-425d-b801-dbd93764c298","local_time":"20210207201933","is_ascension_mode":true,"campfire_choices":[{"data":"Defragment","floor":6,"key":"SMITH"},{"data":"Hyperbeam","floor":11,"key":"SMITH"},{"floor":15,"key":"REST"},{"floor":25,"key":"DIG"},{"data":"Seek","floor":27,"key":"SMITH"},{"floor":30,"key":"DIG"},{"floor":32,"key":"DIG"},{"floor":42,"key":"DIG"},{"floor":49,"key":"RECALL"},{"floor":52,"key":"DIG"}],"circlet_count":0,"master_deck":["Strike_B","Defend_B+1","Defend_B+1","Zap","Dualcast","Dramatic Entrance","Turbo","Defragment+1","Cold Snap","Seek+1","Hyperbeam+1","Hologram+1","Leap+1","Apotheosis+1","Sunder","Reboot+1","Coolheaded+1","Self Repair","Ghostly+1","Ghostly+1","Ghostly+1","Ghostly+1","Ghostly+1","Ball Lightning","Consume+1","Double Energy+1","Amplify+1","Rip and Tear","Biased Cognition","Auto Shields+1","White Noise+1","Undo+1","Trip+1","Static Discharge","Conserve Battery+1"],"relics":["Cracked Core","Bottled Tornado","Toxic Egg 2","Potion Belt","SlaversCollar","Shovel","Strawberry","Anchor","Akabeko","War Paint","Art of War","Juzu Bracelet","Inserter","Regal Pillow","Omamori","Bag of Preparation","Lantern","Toy Ornithopter","Pantograph","Blood Vial"],"acts_visited":["Exordium","TheCity","TheBeyond","TheEnding"],"potions_floor_usage":[8,31,31,50,55,55],"damage_taken":[{"damage":0,"enemies":"2 Louse","floor":1,"turns":1},{"damage":0,"enemies":"Small Slimes","floor":2,"turns":2},{"damage":0,"enemies":"Cultist","floor":4,"turns":3},{"damage":7,"enemies":"Looter","floor":7,"turns":3},{"damage":28,"enemies":"Gremlin Nob","floor":8,"turns":4},{"damage":0,"enemies":"Large Slime","floor":10,"turns":4},{"damage":6,"enemies":"Gremlin Gang","floor":12,"turns":2},{"damage":8,"enemies":"Lagavulin","floor":14,"turns":5},{"damage":10,"enemies":"Slime Boss","floor":16,"turns":7},{"damage":0,"enemies":"Spheric Guardian","floor":18,"turns":2},{"damage":8,"enemies":"Shell Parasite","floor":22,"turns":6},{"damage":4,"enemies":"Gremlin Leader","floor":23,"turns":10},{"damage":0,"enemies":"Centurion and Healer","floor":28,"turns":8},{"damage":5,"enemies":"Book of Stabbing","floor":31,"turns":6},{"damage":9,"enemies":"Champ","floor":33,"turns":13},{"damage":0,"enemies":"3 Shapes","floor":35,"turns":5},{"damage":10,"enemies":"Orb Walker","floor":36,"turns":4},{"damage":10,"enemies":"Sphere and 2 Shapes","floor":38,"turns":7},{"damage":23,"enemies":"Giant Head","floor":40,"turns":11},{"damage":22,"enemies":"Writhing Mass","floor":41,"turns":7},{"damage":0,"enemies":"Nemesis","floor":47,"turns":9},{"damage":5,"enemies":"Awakened One","floor":50,"turns":20},{"damage":13,"enemies":"Shield and Spear","floor":54,"turns":10},{"damage":49,"enemies":"The Heart","floor":55,"turns":11}],"seed_played":"896590241739311911","potions_obtained":[{"floor":1,"key":"LiquidMemories"},{"floor":2,"key":"Fire Potion"},{"floor":7,"key":"FocusPotion"},{"floor":8,"key":"Strength Potion"},{"floor":18,"key":"LiquidMemories"},{"floor":36,"key":"Regen Potion"},{"floor":40,"key":"SteroidPotion"},{"floor":47,"key":"PotionOfCapacity"}],"is_trial":false,"path_per_floor":["M","M","?","M","?","R","M","E","T","M","R","M","$","E","R","B",null,"M","$","?","?","M","E","$","R","T","R","M","?","R","E","R","B",null,"M","M","?","M","?","E","M","R","T","$","?","$","E","?","R","B",null,"R","$","E","B",null],"character_chosen":"DEFECT","items_purchased":["Apotheosis+1","Self Repair","Lantern","Static Discharge"],"campfire_rested":1,"item_purchase_floors":[13,19,44,46],"current_hp_per_floor":[68,68,68,68,68,68,61,33,33,33,33,27,27,19,41,31,64,64,64,37,37,37,44,44,44,44,44,44,44,44,44,44,44,44,44,44,44,44,44,41,39,39,39,39,39,39,44,44,44,44,44,44,44,44,22],"gold":65,"neow_bonus":"RANDOM_COLORLESS","is_daily":false,"chose_seed":false,"campfire_upgraded":3,"win_rate":0.0,"timestamp":1612696773,"path_taken":["M","M","?","M","?","R","M","E","T","M","R","M","$","E","R","BOSS","M","$","?","?","M","E","$","R","T","R","M","?","R","E","R","BOSS","M","M","?","M","?","E","M","R","T","$","?","$","E","?","R","BOSS","R","$","E","BOSS"],"items_purchased_type":["Card","Card","Relic","Card"],"build_version":"2020-12-22","purchased_purges":2,"victory":true,"max_hp_per_floor":[75,75,75,75,75,75,75,75,75,75,75,75,75,75,75,75,75,75,75,37,37,37,44,44,44,44,44,44,44,44,44,44,44,44,44,44,44,44,44,44,44,44,44,44,44,44,44,44,44,44,44,44,44,44,44],"card_choices":[{"not_picked":["Deep Breath","Forethought"],"picked":"Dramatic Entrance","floor":0},{"not_picked":["Recycle","Hologram"],"picked":"Turbo","floor":1},{"not_picked":["Chaos","Aggregate"],"picked":"Defragment","floor":2},{"not_picked":["Go for the Eyes","White Noise"],"picked":"Cold Snap","floor":4},{"not_picked":["Cold Snap","Conserve Battery"],"picked":"Seek","floor":7},{"not_picked":["Defragment","Hologram"],"picked":"Hyperbeam","floor":8},{"not_picked":["Coolheaded+1","Gash"],"picked":"Hologram+1","floor":10},{"not_picked":["Steam+1","Recycle+1"],"picked":"Leap+1","floor":12},{"not_picked":["Stack+1","Turbo+1"],"picked":"Sunder","floor":14},{"not_picked":["Meteor Strike","Creative AI"],"picked":"Reboot+1","floor":16},{"not_picked":["Hologram+1","Turbo+1"],"picked":"Coolheaded+1","floor":18},{"not_picked":["Streamline","Hello World"],"picked":"Ball Lightning","floor":22},{"not_picked":["Gash","Steam+1"],"picked":"Consume+1","floor":23},{"not_picked":["Compile Driver","Barrage+1"],"picked":"Double Energy+1","floor":28},{"not_picked":["Sweeping Beam","Sunder+1","Storm"],"picked":"SKIP","floor":31},{"not_picked":["Thunder Strike","Meteor Strike"],"picked":"Biased Cognition","floor":33},{"not_picked":["Streamline","Compile Driver+1","Force Field+1"],"picked":"SKIP","floor":35},{"not_picked":["Gash+1","Rebound"],"picked":"Auto Shields+1","floor":36},{"not_picked":["Go for the Eyes","Leap+1"],"picked":"White Noise+1","floor":38},{"not_picked":["Gash+1","Steam+1"],"picked":"Undo+1","floor":40},{"not_picked":["Go for the Eyes","Barrage+1","Streamline+1"],"picked":"SKIP","floor":41},{"not_picked":["Discovery+1","Mayhem"],"picked":"Trip+1","floor":45},{"not_picked":["Rebound","Reinforced Body+1"],"picked":"Conserve Battery+1","floor":47},{"not_picked":["Beam Cell","Gash","Static Discharge"],"picked":"SKIP","floor":54}],"player_experience":456586,"relics_obtained":[{"floor":8,"key":"Bottled Tornado"},{"floor":9,"key":"Toxic Egg 2"},{"floor":14,"key":"Potion Belt"},{"floor":23,"key":"Strawberry"},{"floor":25,"key":"Anchor"},{"floor":26,"key":"Akabeko"},{"floor":30,"key":"War Paint"},{"floor":31,"key":"Art of War"},{"floor":32,"key":"Juzu Bracelet"},{"floor":40,"key":"Omamori"},{"floor":42,"key":"Bag of Preparation"},{"floor":47,"key":"Toy Ornithopter"},{"floor":52,"key":"Pantograph"},{"floor":54,"key":"Blood Vial"}],"event_choices":[{"damage_healed":0,"gold_gain":0,"player_choice":"Ignored","damage_taken":0,"max_hp_gain":0,"max_hp_loss":0,"event_name":"Shining Light","floor":3,"gold_loss":0},{"cards_removed":["Strike_B"],"damage_healed":0,"gold_gain":0,"player_choice":"Card Removal","damage_taken":0,"max_hp_gain":0,"max_hp_loss":0,"event_name":"The Cleric","floor":5,"gold_loss":50},{"damage_healed":0,"gold_gain":0,"player_choice":"Became a Ghost","damage_taken":0,"max_hp_gain":0,"max_hp_loss":38,"event_name":"Ghosts","floor":20,"gold_loss":0,"cards_obtained":["Ghostly","Ghostly","Ghostly","Ghostly","Ghostly"]},{"damage_healed":0,"gold_gain":0,"player_choice":"Stole Relic","damage_taken":0,"relics_obtained":["Shovel"],"max_hp_gain":0,"max_hp_loss":0,"event_name":"Addict","floor":21,"gold_loss":0,"cards_obtained":["Shame"]},{"damage_healed":0,"gold_gain":0,"cards_transformed":["Strike_B","Defend_B"],"player_choice":"Became Test Subject","damage_taken":0,"max_hp_gain":0,"max_hp_loss":0,"event_name":"Drug Dealer","floor":29,"gold_loss":0,"cards_obtained":["Amplify","Rip and Tear"]},{"damage_healed":0,"gold_gain":0,"player_choice":"Gave Potion","damage_taken":0,"relics_obtained":["Regal Pillow"],"max_hp_gain":0,"max_hp_loss":0,"event_name":"WeMeetAgain","floor":37,"gold_loss":0},{"damage_healed":0,"gold_gain":0,"player_choice":"Ignored","damage_taken":0,"max_hp_gain":0,"max_hp_loss":0,"event_name":"Tomb of Lord Red Mask","floor":39,"gold_loss":0},{"damage_healed":0,"gold_gain":0,"player_choice":"Memory 1","damage_taken":0,"max_hp_gain":0,"max_hp_loss":0,"event_name":"SensoryStone","floor":45,"gold_loss":0},{"cards_removed":["Strike_B"],"damage_healed":0,"gold_gain":0,"player_choice":"Offered Basic","damage_taken":0,"max_hp_gain":0,"max_hp_loss":0,"event_name":"Bonfire Elementals","floor":48,"gold_loss":0}],"is_beta":false,"boss_relics":[{"not_picked":["Snecko Eye","Velvet Choker"],"picked":"SlaversCollar"},{"not_picked":["Nuclear Battery","Cursed Key"],"picked":"Inserter"}],"items_purged_floors":[24,44],"is_endless":false,"potions_floor_spawned":[1,2,7,8,18,36,40,47],"ascension_level":8}}