{"host":"8is2j71l4wmybkoi","time":1612702427,"event":{"mods":["AchievementEnabler","BaseMod","Colored Map","Minty Spire (QoL Compilation)","Rare Cards Sparkle","StSLib","SuperFastMode"],"gold_per_floor":[361,0,0,12,26,26,58,58,58,58,84,104,139,155,155,230,230,241,141,160,140,156,156,182,182,182,217,56,72,72,72,72,149,149,165,13,13,13,27,27,52,67,90,122,54,86,111,160,160,160,160,160,36,63,63,63],"floor_reached":55,"language":"KOR","playtime":5146,"items_purged":["Strike_G","Strike_G"],"score":1572,"play_id":"68eb4537-648e-4065-a275-6e802cef456b","local_time":"20210207215347","is_ascension_mode":true,"campfire_choices":[{"floor":6.0,"key":"REST"},{"data":"Dagger Spray","floor":10.0,"key":"SMITH"},{"data":"Well Laid Plans","floor":15.0,"key":"SMITH"},{"data":"Leg Sweep","floor":23.0,"key":"SMITH"},{"data":"Footwork","floor":25.0,"key":"SMITH"},{"floor":32.0,"key":"REST"},{"data":"Wraith Form v2","floor":40.0,"key":"SMITH"},{"floor":49.0,"key":"RECALL"},{"data":"Calculated Gamble","floor":52,"key":"SMITH"}],"circlet_count":0,"master_deck":["AscendersBane","Strike_G","Strike_G","Strike_G","Defend_G+1","Defend_G","Defend_G","Defend_G","Survivor+1","Neutralize+1","Dagger Spray+1","Backstab","Choke","Backflip+1","Leg Sweep+1","Riddle With Holes","Well Laid Plans+1","Flying Knee+1","Phantasmal Killer+1","Footwork+1","Backflip+1","Dash","Calculated Gamble+1","Leg Sweep","Wraith Form v2+1","Terror","Eviscerate","Concentrate","Tactician","Dash+1","Backflip","Bouncing Flask","Blur"],"relics":["Ring of the Snake","Torii","FossilizedHelix","The Specimen","Anchor","Tiny Chest","Snecko Eye","Nunchaku","Tingsha","White Beast Statue","Eternal Feather","TungstenRod","SacredBark","Vajra","Whetstone","Mummified Hand","Bottled Lightning","CaptainsWheel","War Paint","Pantograph"],"acts_visited":["Exordium","TheCity","TheBeyond","TheEnding"],"potions_floor_usage":[50,55,55],"damage_taken":[{"damage":11.0,"enemies":"Jaw Worm","floor":1.0,"turns":6.0},{"damage":0.0,"enemies":"Small Slimes","floor":4.0,"turns":3.0},{"damage":0.0,"enemies":"Cultist","floor":5.0,"turns":4.0},{"damage":2.0,"enemies":"3 Sentries","floor":7.0,"turns":8.0},{"damage":1.0,"enemies":"Gremlin Nob","floor":11.0,"turns":5.0},{"damage":0.0,"enemies":"Lots of Slimes","floor":12.0,"turns":1.0},{"damage":7.0,"enemies":"Lagavulin","floor":13.0,"turns":6.0},{"damage":0.0,"enemies":"Looter","floor":14.0,"turns":2.0},{"damage":3.0,"enemies":"The Guardian","floor":16.0,"turns":16.0},{"damage":6.0,"enemies":"Spheric Guardian","floor":18.0,"turns":5.0},{"damage":0.0,"enemies":"Shell Parasite","floor":20.0,"turns":4.0},{"damage":0.0,"enemies":"Snecko","floor":22.0,"turns":4.0},{"damage":15.0,"enemies":"Book of Stabbing","floor":24.0,"turns":9.0},{"damage":42.0,"enemies":"Slavers","floor":27.0,"turns":11.0},{"damage":0.0,"enemies":"Snake Plant","floor":29.0,"turns":6.0},{"damage":0.0,"enemies":"Champ","floor":33.0,"turns":10.0},{"damage":0.0,"enemies":"Orb Walker","floor":35.0,"turns":5.0},{"damage":0.0,"enemies":"3 Darklings","floor":39.0,"turns":5.0},{"damage":0.0,"enemies":"Nemesis","floor":41.0,"turns":3.0},{"damage":0.0,"enemies":"Jaw Worm Horde","floor":42.0,"turns":3.0},{"damage":18.0,"enemies":"Giant Head","floor":44.0,"turns":8.0},{"damage":19.0,"enemies":"Nemesis","floor":46.0,"turns":7.0},{"damage":0.0,"enemies":"Mind Bloom Boss Battle","floor":47.0,"turns":6.0},{"damage":0,"enemies":"Time Eater","floor":50,"turns":13},{"damage":12,"enemies":"Shield and Spear","floor":54,"turns":8},{"damage":65,"enemies":"The Heart","floor":55,"turns":14}],"seed_played":"-460152180933910337","potions_obtained":[{"floor":1.0,"key":"EssenceOfSteel"},{"floor":5.0,"key":"Block Potion"},{"floor":11.0,"key":"ColorlessPotion"},{"floor":13.0,"key":"Fire Potion"},{"floor":18.0,"key":"CultistPotion"},{"floor":21.0,"key":"CultistPotion"},{"floor":24.0,"key":"Regen Potion"},{"floor":29.0,"key":"DistilledChaos"},{"floor":33.0,"key":"Regen Potion"},{"floor":35.0,"key":"EssenceOfSteel"},{"floor":39.0,"key":"AttackPotion"},{"floor":41.0,"key":"Strength Potion"},{"floor":44.0,"key":"Energy Potion"},{"floor":46.0,"key":"FearPotion"},{"floor":47.0,"key":"PowerPotion"},{"floor":54,"key":"DistilledChaos"}],"is_trial":false,"path_per_floor":["M","$","?","M","M","R","E","?","T","R","E","M","E","M","R","B",null,"M","$","M","?","M","R","E","R","T","E","$","M","T","?","R","B",null,"M","$","?","T","M","R","E","M","T","E","$","E","?","T","R","B",null,"R","$","E","B"],"character_chosen":"THE_SILENT","items_purchased":["Torii","Dash","Calculated Gamble","Strength Potion","Terror","Eviscerate","Bouncing Flask","Ancient Potion","PowerPotion"],"campfire_rested":2,"item_purchase_floors":[2,28,28,28,36,36,45,53,53],"current_hp_per_floor":[33,33,13,13,13,32,30,30,30,30,29,29,22,22,22,19,54,48,48,48,48,48,48,33,33,33,6,6,6,6,6,37,37,59,59,59,59,59,59,63,63,63,63,45,45,55,55,55,63,63,63,63,63,51,0,0],"gold":63,"neow_bonus":"TWO_FIFTY_GOLD","is_daily":false,"chose_seed":false,"campfire_upgraded":6,"win_rate":0.0,"timestamp":1612702427,"path_taken":["M","$","?","M","M","R","E","?","T","R","E","?","E","M","R","BOSS","M","?","M","?","?","R","E","R","T","E","$","M","?","?","R","BOSS","M","?","?","?","M","R","E","?","T","E","?","E","?","?","R","BOSS","R","$","E","BOSS"],"items_purchased_type":["Relic","Card","Card","Potion","Card","Card","Card","Potion","Potion"],"build_version":"2020-12-22","purchased_purges":2,"victory":false,"max_hp_per_floor":[66,66,66,66,66,66,66,66,66,66,66,66,66,66,66,66,66,66,66,66,66,66,66,66,66,66,66,66,66,66,66,66,66,66,66,66,63,63,63,63,63,63,63,63,63,63,63,63,63,63,63,63,63,63,63,63],"card_choices":[{"not_picked":["Catalyst","Underhanded Strike"],"picked":"Dagger Spray","floor":1.0},{"not_picked":["Expertise","Skewer"],"picked":"Backstab","floor":4.0},{"not_picked":["Poisoned Stab","Crippling Poison"],"picked":"Choke","floor":5.0},{"not_picked":["Flying Knee","Bane"],"picked":"Backflip","floor":7.0},{"not_picked":["Outmaneuver","Backflip"],"picked":"Leg Sweep","floor":11.0},{"not_picked":["Prepared","Backflip"],"picked":"Riddle With Holes","floor":12.0},{"not_picked":["Backstab","Concentrate"],"picked":"Well Laid Plans","floor":13.0},{"not_picked":["Sucker Punch","Poisoned Stab"],"picked":"Flying Knee","floor":14.0},{"not_picked":["A Thousand Cuts","Unload"],"picked":"Phantasmal Killer","floor":16.0},{"not_picked":["Dagger Spray+1","Reflex","Distraction"],"picked":"SKIP","floor":18.0},{"not_picked":["Slice","Bane"],"picked":"Footwork","floor":20.0},{"not_picked":["Blur","Acrobatics","Calculated Gamble"],"picked":"SKIP","floor":22.0},{"not_picked":["Skewer","Underhanded Strike","Blade Dance"],"picked":"SKIP","floor":24.0},{"not_picked":["Slice","PiercingWail+1"],"picked":"Backflip+1","floor":27.0},{"not_picked":["Distraction","Flechettes"],"picked":"Leg Sweep","floor":29.0},{"not_picked":["Doppelganger","Tools of the Trade"],"picked":"Wraith Form v2","floor":33.0},{"not_picked":["All Out Attack","Backflip","Flying Knee"],"picked":"SKIP","floor":35.0},{"not_picked":["Escape Plan","Expertise"],"picked":"Concentrate","floor":39.0},{"not_picked":["Deadly Poison","Malaise"],"picked":"Tactician","floor":41.0},{"not_picked":["PiercingWail","Sucker Punch"],"picked":"Dash+1","floor":42.0},{"not_picked":["Heel Hook","Backstab+1"],"picked":"Backflip","floor":44.0},{"not_picked":["Heel Hook","Well Laid Plans","Underhanded Strike"],"picked":"SKIP","floor":46.0},{"not_picked":["Unload","Cloak And Dagger"],"picked":"Blur","floor":54}],"player_experience":1032751,"relics_obtained":[{"floor":7.0,"key":"FossilizedHelix"},{"floor":9.0,"key":"The Specimen"},{"floor":11.0,"key":"Anchor"},{"floor":13.0,"key":"Tiny Chest"},{"floor":24.0,"key":"Nunchaku"},{"floor":26.0,"key":"Tingsha"},{"floor":27.0,"key":"White Beast Statue"},{"floor":30.0,"key":"Eternal Feather"},{"floor":41.0,"key":"Vajra"},{"floor":43.0,"key":"Whetstone"},{"floor":44.0,"key":"Mummified Hand"},{"floor":46.0,"key":"Bottled Lightning"},{"floor":47.0,"key":"CaptainsWheel"},{"floor":48.0,"key":"War Paint"},{"floor":54,"key":"Pantograph"}],"event_choices":[{"damage_healed":0.0,"max_hp_gain":0.0,"max_hp_loss":0.0,"gold_gain":0.0,"event_name":"Shining Light","player_choice":"Entered Light","floor":3.0,"gold_loss":0.0,"damage_taken":20.0,"cards_upgraded":["Defend_G","Survivor"]},{"cards_removed":["Defend_G"],"damage_healed":0.0,"max_hp_gain":0.0,"max_hp_loss":0.0,"gold_gain":0.0,"event_name":"Wheel of Change","player_choice":"Card Removal","floor":8.0,"gold_loss":0.0,"damage_taken":0.0},{"damage_healed":0.0,"max_hp_gain":0.0,"max_hp_loss":0.0,"gold_gain":0.0,"event_name":"The Woman in Blue","player_choice":"Bought 1 Potion","floor":21.0,"gold_loss":0.0,"damage_taken":0.0},{"damage_healed":0.0,"max_hp_gain":0.0,"max_hp_loss":0.0,"gold_gain":0.0,"event_name":"WeMeetAgain","player_choice":"Gave Potion","floor":31.0,"gold_loss":0.0,"damage_taken":0.0,"relics_obtained":["TungstenRod"]},{"damage_healed":0.0,"max_hp_gain":0.0,"max_hp_loss":3.0,"gold_gain":0.0,"event_name":"Winding Halls","player_choice":"Max HP","floor":37.0,"gold_loss":0.0,"damage_taken":0.0},{"damage_healed":0.0,"max_hp_gain":0.0,"max_hp_loss":0.0,"gold_gain":0.0,"event_name":"MindBloom","player_choice":"Fight","floor":47.0,"gold_loss":0.0,"damage_taken":0.0}],"is_beta":false,"boss_relics":[{"not_picked":["Astrolabe","Philosopher\u0027s Stone"],"picked":"Snecko Eye"},{"not_picked":["Runic Pyramid","Pandora\u0027s Box"],"picked":"SacredBark"}],"items_purged_floors":[2,19],"is_endless":false,"potions_floor_spawned":[1,5,11,13,18,24,29,33,35,39,41,42,44,46,47,54],"killed_by":"The Heart","ascension_level":15}}