{"host":"tq99ucv8ezzqzioe","time":1612667622,"event":{"mods":["BaseMod","Colored Map","Downfall","Highlight Path","Minty Spire (QoL Compilation)","StSLib"],"gold_per_floor":[111,134,138,143,155,67,79,103,15,127,173,212,252,286,317,441,453,365,392,404,416,442,454,466,478,510,549,578,590,634,646,676,792,804,816,828,863,25,101,134,134,134,134,134],"floor_reached":42,"language":"ENG","playtime":3648,"items_purged":["hexamod:Firestarter"],"score":607,"play_id":"2b9b24ff-676a-4e09-915b-ef6e713e4d1b","local_time":"20210206221342","is_ascension_mode":true,"campfire_choices":[{"floor":1,"key":"RECALL"},{"data":"hexamod:Hexaguard","floor":6,"key":"SMITH"},{"data":"hexamod:Float","floor":9,"key":"SMITH"},{"data":"hexamod:EtherealExpedition","floor":18,"key":"SMITH"},{"data":"hexamod:VolcanoVisage","floor":23,"key":"SMITH"},{"floor":29,"key":"REST"},{"data":"hexamod:RetreatToShadows","floor":35,"key":"SMITH"}],"circlet_count":0,"master_deck":["hexamod:Float+1","hexamod:ThirdSeal","hexamod:SecondSeal","hexamod:FirstSeal","hexamod:Hexaguard+1","hexamod:SpectersWail","hexamod:RadiantFlame","hexamod:Hexaguard","hexamod:HauntingEcho","hexamod:BurningTouch","hexamod:FourthSeal","hexamod:EtherealExpedition+1","hexamod:ExtraCrispy+1","hexamod:FlamesFromBeyond","hexamod:VolcanoVisage+1","hexamod:SpectersWail+1","hexamod:RecurringNightmare","hexamod:StepThrough","hexamod:ParanormalForm","hexamod:WildfireWeapon","hexamod:NightmareGuise","hexamod:ApocalypticArmor","hexamod:RetreatToShadows+1","hexamod:ShieldOfDarkness","hexamod:ShieldOfDarkness","hexamod:EtherealExpedition+1","hexamod:Hexaguard","hexamod:HeatMetal+1","hexamod:SpectersWail+1","hexamod:RainOfEmbers+1","hexamod:Hexaguard","hexamod:ExtraCrispy","hexamod:SixthSeal","hexamod:SearingWound","hexamod:FifthSeal","CurseOfTheBell","hexamod:GhostLash+1","hexamod:TimeOfNeed","expansioncontent:DashGenerateEvil+1","expansioncontent:InvincibleStrength+1","hexamod:RainOfEmbers+1","hexamod:NightmareGuise+1","hexamod:StepThrough+1","hexamod:HauntingEcho+1","hexamod:FastForward","hexamod:StepThrough+1","hexamod:GhostShield","hexamod:GhostShield+1","hexamod:ShieldOfDarkness+1","hexamod:FastForward"],"relics":["hexamod:SpiritBrand","MawBank","downfall:HeartBlessingRed","downfall:HeartBlessingBlue","Kunai","Pandora\u0027s Box","downfall:HeartBlessingGreen","Molten Egg 2","Ginger","Shuriken","Calling Bell","Blood Vial","Letter Opener","Torii","CeramicFish","Matryoshka","Orrery","Gambling Chip","Anchor","hexamod:InflammatoryLetter"],"acts_visited":["Exordium","TheCity","TheBeyond"],"potions_floor_usage":[13,16,19,27,27,30,38,39,42,42],"damage_taken":[{"damage":1,"enemies":"Jaw Worm","floor":2,"turns":3},{"damage":10,"enemies":"downfall:FleeingMerchant","floor":4,"turns":4},{"damage":2,"enemies":"Small Slimes","floor":8,"turns":3},{"damage":11,"enemies":"Gremlin Nob","floor":11,"turns":4},{"damage":0,"enemies":"Cultist","floor":12,"turns":3},{"damage":2,"enemies":"Blue Slaver","floor":13,"turns":4},{"damage":11,"enemies":"Red Slaver","floor":14,"turns":3},{"damage":13,"enemies":"Large Slime","floor":15,"turns":8},{"damage":6,"enemies":"SI_SHIV_ARCHETYPE","floor":16,"turns":7},{"damage":10,"enemies":"3 Byrds","floor":19,"turns":3},{"damage":9,"enemies":"Spheric Guardian","floor":22,"turns":4},{"damage":16,"enemies":"Snake Plant","floor":26,"turns":3},{"damage":14,"enemies":"Gremlin Leader","floor":27,"turns":7},{"damage":6,"enemies":"Sentry and Sphere","floor":28,"turns":4},{"damage":28,"enemies":"Book of Stabbing","floor":30,"turns":5},{"damage":22,"enemies":"Chosen and Byrds","floor":32,"turns":6},{"damage":29,"enemies":"WA_ARCHETYPE_CALM","floor":33,"turns":16},{"damage":1,"enemies":"downfall:FleeingMerchant","floor":38,"turns":4},{"damage":57,"enemies":"downfall:FleeingMerchant","floor":39,"turns":7},{"damage":2,"enemies":"3 Shapes","floor":40,"turns":5},{"damage":58,"enemies":"Reptomancer","floor":42,"turns":2}],"seed_played":"-1625034106719422051","potions_obtained":[{"floor":8,"key":"SteroidPotion"},{"floor":12,"key":"Fruit Juice"},{"floor":13,"key":"CultistPotion"},{"floor":14,"key":"PowerPotion"},{"floor":14,"key":"PowerPotion"},{"floor":16,"key":"champ:CounterPotion"},{"floor":16,"key":"AttackPotion"},{"floor":19,"key":"FairyPotion"},{"floor":22,"key":"hexamod:InfernoChargePotion"},{"floor":27,"key":"AttackPotion"},{"floor":28,"key":"Guardian:BlockOnCardUsePotion"},{"floor":30,"key":"bronze:BurnAndBuffPotion"},{"floor":40,"key":"Ancient Potion"},{"floor":40,"key":"Energy Potion"}],"is_trial":false,"path_per_floor":["R","M","?","$","?","R","T","M","R","?","E","M","M","M","M","B",null,"R","M","?","?","M","R","T","?","M","E","M","R","E","?","M","B",null,"R","?","?","$","?","M","T","E"],"character_chosen":"THE_SPIRIT","items_purchased":["Matryoshka","expansioncontent:DashGenerateEvil","expansioncontent:InvincibleStrength","hexamod:RainOfEmbers+1","Orrery","Regen Potion"],"campfire_rested":1,"item_purchase_floors":[38,38,38,38,38,38],"current_hp_per_floor":[70,69,62,59,59,59,59,64,74,74,63,70,73,62,49,50,85,85,75,75,75,66,66,66,66,50,43,37,62,41,41,26,25,85,85,85,85,85,49,56,56,0,0,0],"gold":134,"neow_bonus":"RANDOM_COMMON_RELIC","is_daily":false,"chose_seed":false,"campfire_upgraded":5,"win_rate":0.0,"timestamp":1612667622,"path_taken":["R","M","?","$","?","R","T","?","R","?","E","M","?","M","M","BOSS","R","M","?","?","?","R","T","?","M","E","M","R","E","?","M","BOSS","R","?","?","$","?","M","T","E"],"items_purchased_type":["Relic","Card","Card","Card","Relic","Potion"],"build_version":"2020-12-22","purchased_purges":1,"victory":false,"max_hp_per_floor":[70,70,70,70,70,70,70,70,80,80,80,80,85,85,85,85,85,85,85,85,85,85,85,85,85,85,85,85,85,85,85,85,85,85,85,85,85,85,85,85,85,85,85,85],"card_choices":[{"not_picked":["hexamod:BacktrackSmack","hexamod:SwordOfDarkness"],"picked":"hexamod:NightmareGuise","floor":2},{"not_picked":["hexamod:BacktrackSmack","hexamod:SpectersWail"],"picked":"hexamod:Hexaguard","floor":4},{"not_picked":["hexamod:SuperheatedStrike","hexamod:GhostLash"],"picked":"hexamod:SpectersWail","floor":4},{"not_picked":["hexamod:HauntingEcho","hexamod:HeatShield"],"picked":"hexamod:Hexaguard","floor":8},{"not_picked":["hexamod:ThirdSeal","hexamod:SpectralAdrenaline"],"picked":"hexamod:HauntingEcho","floor":8},{"not_picked":["hexamod:BacktrackSmack","hexamod:SecondSeal"],"picked":"hexamod:BurningTouch","floor":11},{"not_picked":["hexamod:SpectralSpark","hexamod:CatchUp"],"picked":"hexamod:FourthSeal","floor":11},{"not_picked":["hexamod:ExtraCrispy","hexamod:NightmareGuise"],"picked":"hexamod:EtherealExpedition","floor":12},{"not_picked":["hexamod:BurningTouch","hexamod:AdvancingGuard"],"picked":"hexamod:ExtraCrispy","floor":13},{"not_picked":["hexamod:AdvancingGuard","hexamod:SpectersWail"],"picked":"hexamod:Firestarter","floor":14},{"not_picked":["hexamod:ThermalTransfer","hexamod:Firestarter"],"picked":"hexamod:FlamesFromBeyond","floor":15},{"not_picked":["hexamod:UnlimitedPower","hexamod:GhostflameInferno"],"picked":"hexamod:VolcanoVisage","floor":16},{"not_picked":["hexamod:AdvancingGuard","hexamod:ThirdSeal"],"picked":"hexamod:ShieldOfDarkness","floor":19},{"not_picked":["hexamod:HeatMetal","hexamod:GhostOfSpirePast"],"picked":"hexamod:ShieldOfDarkness","floor":22},{"not_picked":["hexamod:NightmareStrike","hexamod:FlamesFromBeyond"],"picked":"hexamod:EtherealExpedition+1","floor":22},{"not_picked":["hexamod:NightmareStrike+1","hexamod:InspiringFlames"],"picked":"hexamod:Hexaguard","floor":26},{"not_picked":["hexamod:NightmareGuise","hexamod:ThirdSeal"],"picked":"hexamod:HeatMetal+1","floor":27},{"not_picked":["hexamod:HeatShield","hexamod:InspiringFlames"],"picked":"hexamod:SpectersWail+1","floor":28},{"not_picked":["hexamod:GhostLash+1","hexamod:RetreatToShadows"],"picked":"hexamod:RainOfEmbers+1","floor":28},{"not_picked":["hexamod:SpectralAdrenaline+1","hexamod:ChargedBarrage"],"picked":"hexamod:Hexaguard","floor":30},{"not_picked":["hexamod:InspiringFlames","hexamod:FlamesFromBeyond+1"],"picked":"hexamod:ExtraCrispy","floor":32},{"not_picked":["hexamod:InspiringFlames","hexamod:NightmareStrike+1"],"picked":"hexamod:SixthSeal","floor":32},{"not_picked":["hexamod:HexaLevel","hexamod:FlameSwitch"],"picked":"hexamod:SearingWound","floor":33},{"not_picked":["hexamod:GiftsFromTheDead","hexamod:VolcanoVisage"],"picked":"hexamod:FifthSeal","floor":33},{"not_picked":["hexamod:GiftsFromTheDead","hexamod:Hexaguard"],"picked":"hexamod:GhostLash+1","floor":38},{"not_picked":["hexamod:TimeWarp+1","hexamod:RetreatToShadows"],"picked":"hexamod:TimeOfNeed","floor":38},{"not_picked":["hexamod:SpectralSpark+1","hexamod:BurningTouch"],"picked":"hexamod:NightmareGuise+1","floor":38},{"not_picked":["hexamod:SwordOfDarkness+1","hexamod:RainOfEmbers+1"],"picked":"hexamod:StepThrough+1","floor":38},{"not_picked":["hexamod:Haunt+1","hexamod:HeatShield+1"],"picked":"hexamod:HauntingEcho+1","floor":38},{"not_picked":["hexamod:HeatMetal+1","hexamod:ThermalTransfer+1"],"picked":"hexamod:FastForward","floor":38},{"not_picked":["hexamod:FlamesFromBeyond+1","hexamod:SpectersWail+1"],"picked":"hexamod:StepThrough+1","floor":38},{"not_picked":["hexamod:HeatMetal+1","hexamod:ChargedBarrage"],"picked":"hexamod:GhostShield","floor":39},{"not_picked":["hexamod:ShieldOfDarkness","hexamod:FlameSwitch"],"picked":"hexamod:GhostShield+1","floor":39},{"not_picked":["hexamod:FlamesFromBeyond","hexamod:GhostShield"],"picked":"hexamod:ShieldOfDarkness+1","floor":40},{"not_picked":["hexamod:SpectralAdrenaline","hexamod:HeatMetal+1"],"picked":"hexamod:FastForward","floor":40}],"player_experience":877894,"relics_obtained":[{"floor":11,"key":"Kunai"},{"floor":24,"key":"Molten Egg 2"},{"floor":27,"key":"Ginger"},{"floor":30,"key":"Shuriken"},{"floor":34,"key":"Blood Vial"},{"floor":34,"key":"Letter Opener"},{"floor":34,"key":"Torii"},{"floor":37,"key":"CeramicFish"},{"floor":39,"key":"Gambling Chip"},{"floor":41,"key":"Anchor"},{"floor":41,"key":"hexamod:InflammatoryLetter"}],"event_choices":[],"is_beta":false,"boss_relics":[{"not_picked":["Velvet Choker","hexamod:UnbrokenSoul"],"picked":"Pandora\u0027s Box"},{"not_picked":["Snecko Eye","hexamod:IceCube"],"picked":"Calling Bell"}],"items_purged_floors":[38],"is_endless":false,"potions_floor_spawned":[8,14,16,19,26,27,30,40],"killed_by":"Reptomancer","ascension_level":1}}