{"host":"nskcj6qu6rcsb0l3","time":1612670867,"event":{"mods":["BaseMod","Better Match","Better Note","Minty Spire (QoL Compilation)","StSLib"],"gold_per_floor":[119,119,42,53,53,79,11,23,96,113,113,288,288,305,305,403,403,419,419,419,419,431,431,446,446,446,161,161,177,177,94,94,198,198,212,225,225,225,236,236,267,282,337,337,297,597,597,617,617,617],"floor_reached":51,"language":"ENG","playtime":1814,"items_purged":[],"score":798,"play_id":"09ceb22f-81eb-43ac-9ba7-49777b563b9e","local_time":"20210207050747","is_ascension_mode":false,"campfire_choices":[{"data":"Cold Snap","floor":11,"key":"SMITH"},{"floor":15,"key":"REST"},{"floor":23,"key":"REST"},{"floor":28,"key":"REST"},{"data":"Defragment","floor":30,"key":"SMITH"},{"data":"Chill","floor":32,"key":"SMITH"},{"data":"Dramatic Entrance","floor":40,"key":"SMITH"},{"data":"Defragment","floor":47,"key":"SMITH"},{"data":"Amplify","floor":49,"key":"SMITH"}],"circlet_count":0,"master_deck":["Strike_B","Defend_B","Defend_B","Defend_B","Defend_B","Zap","Dualcast","FTL","Cold Snap+1","Self Repair","Genetic Algorithm","Capacitor","Doubt","Defragment+1","Cold Snap","Consume+1","Melter+1","Chill+1","Cold Snap","Amplify+1","FTL+1","Tempest+1","Fission+1","BootSequence","Conserve Battery","Dramatic Entrance+1","Fusion+1","Coolheaded","Defragment+1","Chill+1"],"relics":["Cracked Core","Bag of Preparation","Pear","Cables","Inserter","Matryoshka","Calipers","Astrolabe","White Beast Statue","Mercury Hourglass","Omamori"],"acts_visited":["Exordium","TheCity","TheBeyond"],"potions_floor_usage":[14,18,29,29,33,33,50,50],"damage_taken":[{"damage":1,"enemies":"2 Louse","floor":1,"turns":3},{"damage":9,"enemies":"Jaw Worm","floor":4,"turns":4},{"damage":29,"enemies":"3 Sentries","floor":6,"turns":11},{"damage":0,"enemies":"Small Slimes","floor":8,"turns":2},{"damage":5,"enemies":"2 Fungi Beasts","floor":10,"turns":4},{"damage":4,"enemies":"Large Slime","floor":14,"turns":5},{"damage":65,"enemies":"Hexaghost","floor":16,"turns":12},{"damage":34,"enemies":"Spheric Guardian","floor":18,"turns":6},{"damage":22,"enemies":"Shell Parasite","floor":22,"turns":7},{"damage":17,"enemies":"Snecko","floor":24,"turns":6},{"damage":2,"enemies":"Centurion and Healer","floor":29,"turns":10},{"damage":27,"enemies":"Collector","floor":33,"turns":14},{"damage":3,"enemies":"Orb Walker","floor":35,"turns":4},{"damage":0,"enemies":"3 Shapes","floor":36,"turns":7},{"damage":13,"enemies":"Writhing Mass","floor":39,"turns":6},{"damage":23,"enemies":"Giant Head","floor":41,"turns":14},{"damage":0,"enemies":"4 Shapes","floor":42,"turns":6},{"damage":0,"enemies":"Sphere and 2 Shapes","floor":48,"turns":6},{"damage":0,"enemies":"Donu and Deca","floor":50,"turns":14}],"seed_played":"3603879777944234560","potions_obtained":[{"floor":6,"key":"Regen Potion"},{"floor":10,"key":"PowerPotion"},{"floor":18,"key":"EssenceOfSteel"},{"floor":19,"key":"AttackPotion"},{"floor":19,"key":"Explosive Potion"},{"floor":29,"key":"PowerPotion"},{"floor":36,"key":"PotionOfCapacity"},{"floor":41,"key":"EssenceOfDarkness"},{"floor":42,"key":"Energy Potion"},{"floor":48,"key":"Block Potion"}],"is_trial":false,"path_per_floor":["M","?","$","M","?","E","$","M","T","M","R","?","?","M","R","B",null,"M","?","$","?","M","R","M","?","T","$","R","M","R","$","R","B",null,"M","M","?","$","M","R","E","M","T","?","$","?","R","M","R","B",null],"character_chosen":"DEFECT","items_purchased":["Self Repair","Capacitor","Calipers","Chill","Cold Snap","Defragment"],"campfire_rested":3,"item_purchase_floors":[3,7,27,31,31,45],"current_hp_per_floor":[74,74,74,72,77,55,55,62,72,74,74,74,71,74,90,32,90,72,72,72,63,41,68,58,55,55,55,82,87,87,87,87,60,90,87,90,90,90,84,84,68,68,68,90,90,90,90,90,90,90],"gold":617,"neow_bonus":"TRANSFORM_CARD","is_daily":false,"chose_seed":false,"campfire_upgraded":6,"win_rate":0.0,"timestamp":1612670867,"path_taken":["M","?","$","M","?","E","$","M","T","M","R","?","?","M","R","BOSS","M","?","$","?","M","R","M","?","T","?","R","M","R","$","R","BOSS","M","M","?","$","M","R","E","M","T","?","?","?","R","?","R","BOSS"],"items_purchased_type":["Card","Card","Relic","Card","Card","Card"],"build_version":"2020-12-22","purchased_purges":0,"victory":true,"max_hp_per_floor":[75,75,75,75,80,80,80,80,90,90,90,90,90,90,90,90,90,90,90,90,90,90,90,90,90,90,90,90,90,90,90,90,90,90,90,90,90,90,90,90,90,90,90,90,90,90,90,90,90,90],"card_choices":[{"not_picked":["Beam Cell","Compile Driver"],"picked":"Cold Snap","floor":1},{"not_picked":["Reinforced Body","BootSequence"],"picked":"Genetic Algorithm","floor":4},{"not_picked":["Compile Driver","Creative AI"],"picked":"Doom and Gloom","floor":6},{"not_picked":["Hologram","Genetic Algorithm","Undo"],"picked":"SKIP","floor":8},{"not_picked":["Consume","Hologram","Sunder"],"picked":"SKIP","floor":10},{"not_picked":["Streamline","Auto Shields","Steam"],"picked":"SKIP","floor":14},{"not_picked":["Recycle+1","Genetic Algorithm"],"picked":"Defragment","floor":18},{"not_picked":["Turbo","Barrage","Cold Snap"],"picked":"SKIP","floor":22},{"not_picked":["Turbo","Barrage"],"picked":"Cold Snap","floor":22},{"not_picked":["Leap","Compile Driver+1"],"picked":"Consume+1","floor":24},{"not_picked":["Stack","Sunder"],"picked":"Melter+1","floor":29},{"not_picked":["Multi-Cast","Machine Learning"],"picked":"Amplify","floor":33},{"not_picked":["Stack","Hologram"],"picked":"BootSequence","floor":35},{"not_picked":["Rip and Tear+1","Rebound"],"picked":"Conserve Battery","floor":36},{"not_picked":["Bandage Up","Swift Strike"],"picked":"Dramatic Entrance","floor":37},{"not_picked":["Stack+1","Go for the Eyes+1"],"picked":"Fusion+1","floor":39},{"not_picked":["Conserve Battery","Hologram+1","Redo"],"picked":"SKIP","floor":41},{"not_picked":["Gash+1","Force Field"],"picked":"Coolheaded","floor":42},{"not_picked":["Chaos+1","Gash"],"picked":"Chill+1","floor":48}],"player_experience":1000190,"relics_obtained":[{"floor":6,"key":"Bag of Preparation"},{"floor":9,"key":"Pear"},{"floor":26,"key":"Matryoshka"},{"floor":41,"key":"White Beast Statue"},{"floor":43,"key":"Mercury Hourglass"},{"floor":43,"key":"Omamori"}],"event_choices":[{"damage_healed":0,"gold_gain":0,"player_choice":"Ignored","damage_taken":0,"max_hp_gain":0,"max_hp_loss":0,"event_name":"Golden Wing","floor":2,"gold_loss":0},{"damage_healed":0,"gold_gain":0,"player_choice":"Donut","damage_taken":0,"max_hp_gain":5,"max_hp_loss":0,"event_name":"Big Fish","floor":5,"gold_loss":0},{"damage_healed":0,"gold_gain":175,"player_choice":"AGREE","damage_taken":0,"max_hp_gain":0,"max_hp_loss":0,"event_name":"Liars Game","floor":12,"gold_loss":0,"cards_obtained":["Doubt"]},{"damage_healed":0,"gold_gain":0,"player_choice":"Success","damage_taken":3,"relics_obtained":["Cables"],"max_hp_gain":0,"max_hp_loss":0,"event_name":"Scrap Ooze","floor":13,"gold_loss":0},{"damage_healed":0,"gold_gain":0,"player_choice":"Got Potions","damage_taken":0,"max_hp_gain":0,"max_hp_loss":0,"event_name":"Lab","floor":19,"gold_loss":0},{"damage_healed":0,"gold_gain":0,"player_choice":"Damaged","damage_taken":9,"max_hp_gain":0,"max_hp_loss":0,"event_name":"Wheel of Change","floor":21,"gold_loss":0},{"damage_healed":0,"gold_gain":0,"player_choice":"Punched","damage_taken":3,"max_hp_gain":0,"max_hp_loss":0,"event_name":"Designer","floor":25,"gold_loss":0},{"damage_healed":0,"gold_gain":0,"player_choice":"Memory 1","damage_taken":0,"max_hp_gain":0,"max_hp_loss":0,"event_name":"SensoryStone","floor":37,"gold_loss":0},{"damage_healed":23,"gold_gain":0,"player_choice":"Writhe","damage_taken":0,"max_hp_gain":0,"max_hp_loss":0,"event_name":"Winding Halls","floor":44,"gold_loss":0,"cards_obtained":["Writhe"]},{"damage_healed":0,"gold_gain":300,"player_choice":"Gold","damage_taken":0,"max_hp_gain":0,"max_hp_loss":0,"event_name":"Wheel of Change","floor":46,"gold_loss":0}],"is_beta":false,"boss_relics":[{"not_picked":["Pandora\u0027s Box","Philosopher\u0027s Stone"],"picked":"Inserter"},{"not_picked":["Calling Bell","Empty Cage"],"picked":"Astrolabe"}],"items_purged_floors":[],"is_endless":false,"potions_floor_spawned":[6,10,18,22,24,29,36,41,42,48],"ascension_level":0}}