{"host":"i70yit5z0kpl303k","time":1612668928,"event":{"mods":["2.2 Compatiblity","Act Like it!","BaseMod","BetterRewards","Infinite Spire","Ironclad Rager","Koishi","Marked Mod","Minty Spire (QoL Compilation)","Relic Stats","Replay The Spire","StSLib","The Marked"],"gold_per_floor":[10,35,50,62,62,62,62,95,119,135,151,179,279,292,292,292,292],"floor_reached":16,"language":"ENG","playtime":508,"items_purged":[],"score":112,"play_id":"fbe90aff-96c2-4306-b40c-96bb4dea7994","local_time":"20210206193528","is_ascension_mode":false,"campfire_choices":[{"data":"Zap","floor":6,"key":"SMITH"},{"floor":15,"key":"REST"}],"circlet_count":0,"master_deck":["Zap+1","Dualcast","Regret","Ball Lightning","Cold Snap","Ball Lightning","Cold Snap","Leap","Leap","Leap","Leap","Sweeping Beam","ReplayGash","Heatsinks","Barrage","Beam Cell","Redo","BasicCrystalCard","Hello World"],"relics":["Cracked Core","WingedGreaves","Bag of Preparation","Regal Pillow"],"acts_visited":["Exordium"],"potions_floor_usage":[16],"damage_taken":[{"damage":0,"enemies":"Cultist","floor":1,"turns":2},{"damage":8,"enemies":"2 Louse","floor":3,"turns":2},{"damage":0,"enemies":"Small Slimes","floor":4,"turns":2},{"damage":7,"enemies":"Gremlin Nob","floor":8,"turns":3},{"damage":3,"enemies":"3 Louse","floor":10,"turns":2},{"damage":1,"enemies":"Blue Slaver","floor":11,"turns":2},{"damage":9,"enemies":"3 Sentries","floor":12,"turns":5},{"damage":0,"enemies":"2 Fungi Beasts","floor":14,"turns":2},{"damage":71,"enemies":"Fading Forest","floor":16,"turns":9}],"seed_played":"7683327071723543932","potions_obtained":[{"floor":3,"key":"Strength Potion"},{"floor":10,"key":"Block Potion"}],"is_trial":false,"path_per_floor":["M","T","M","M","$","R","$","E","T","M","M","E","?","M","R","B"],"character_chosen":"DEFECT","items_purchased":[],"campfire_rested":1,"item_purchase_floors":[],"current_hp_per_floor":[50,50,42,42,42,42,42,35,35,32,31,22,22,22,57,0,0],"gold":292,"neow_bonus":"DEFECT_STORMLORD","is_daily":false,"chose_seed":false,"campfire_upgraded":1,"win_rate":0.0,"timestamp":1612668928,"path_taken":["M","?","M","?","$","R","?","E","T","M","M","E","?","?","R","BOSS"],"items_purchased_type":[],"build_version":"2020-12-22","purchased_purges":0,"victory":false,"max_hp_per_floor":[68,68,68,68,68,68,68,68,68,68,68,68,68,68,68,68,68],"relic_stats":{"Regal Pillow":15,"counters":[9,29],"Bag of Preparation":[10],"obtain_stats":[{"Regal Pillow":12,"WingedGreaves":8,"Bag of Preparation":9,"Cracked Core":0},{"Regal Pillow":7,"WingedGreaves":4,"Bag of Preparation":4,"Cracked Core":0},{"Regal Pillow":18,"WingedGreaves":9,"Bag of Preparation":9,"Cracked Core":0}]},"card_choices":[{"not_picked":["Stack","Steam"],"picked":"Sweeping Beam","floor":1},{"not_picked":["Cold Snap","Chaos"],"picked":"ReplayGash","floor":3},{"not_picked":["Glacier","Auto Shields"],"picked":"Heatsinks","floor":4},{"not_picked":["Panic Button","Undo"],"picked":"Barrage","floor":8},{"not_picked":["Steam","Rebound"],"picked":"Beam Cell","floor":10},{"not_picked":["Doom and Gloom","Mirror Shield"],"picked":"Redo","floor":11},{"not_picked":["Panic Button","Hologram"],"picked":"BasicCrystalCard","floor":12},{"not_picked":["ReplaySolidLightProjector","Barrage"],"picked":"Hello World","floor":14}],"player_experience":238988,"relics_obtained":[{"floor":8,"key":"WingedGreaves"},{"floor":9,"key":"Bag of Preparation"},{"floor":12,"key":"Regal Pillow"}],"event_choices":[{"damage_healed":0,"gold_gain":100,"player_choice":"Pray","damage_taken":0,"max_hp_gain":0,"max_hp_loss":0,"event_name":"Golden Shrine","floor":13,"gold_loss":0}],"is_beta":false,"boss_relics":[],"items_purged_floors":[],"is_endless":false,"potions_floor_spawned":[3,10],"killed_by":"Fading Forest","ascension_level":0}}