{"host":"dn2xyj3kd3d9cfyb","time":1612700846,"event":{"mods":["BaseMod","Conspire","Hero for Fun","Hubris","Marisa£®ÏF”Í°°ƒß¿Ì…≥£©","Minty Spire (QoL Compilation)","Remilia£®¿Ÿ√◊¿Ú—«£©","Replay The Spire","Shop Mod","StSLib","The Animator","The Construct","The Cursed","The Mystic","Youmu£®ªÍ∆«—˝√Œ£©","Yuri Mod","Yuyuko"],"gold_per_floor":[118,3,3,122,141,170,188,188,212,191,4,19,19,19,19,19,19],"floor_reached":16,"language":"ZHS","playtime":703,"items_purged":["TricksterDevil"],"score":110,"play_id":"74438440-b820-4dd4-9fcf-09f618b39b18","local_time":"20210207202726","is_ascension_mode":false,"campfire_choices":[{"data":"HunterOfTheNight","floor":8,"key":"SMITH"},{"data":"ScarletImprint","floor":13,"key":"SMITH"},{"floor":15,"key":"RECALL"}],"circlet_count":0,"master_deck":["Strike_RM","Strike_RM","Strike_RM","Strike_RM","Defend_RM","Defend_RM","Defend_RM","Defend_RM","RedMoon","ScarletShoot","HunterOfTheNight+1","TricksterDevil","Maim","MastersStateliness","UltimateOffering","UnderTheZenith","BlasphemousPunishment","BloodyCatastrophe+1","ScarletImprint+1"],"relics":["ScarletHat","NeowsBlessing","hubris:Icosahedron","Question Card","Garlic","White Beast Statue"],"acts_visited":["Exordium"],"potions_floor_usage":[16],"damage_taken":[{"damage":0,"enemies":"Cultist","floor":1,"turns":1},{"damage":0,"enemies":"2 Louse","floor":4,"turns":1},{"damage":0,"enemies":"Small Slimes","floor":5,"turns":1},{"damage":21,"enemies":"Lagavulin","floor":6,"turns":9},{"damage":3,"enemies":"Looter","floor":7,"turns":3},{"damage":25,"enemies":"Replay:BlueRogue","floor":10,"turns":7},{"damage":14,"enemies":"Exordium Wildlife","floor":12,"turns":4},{"damage":44,"enemies":"Slime Boss","floor":16,"turns":3}],"seed_played":"4674851681210371796","potions_obtained":[{"floor":1,"key":"SneckoOil"},{"floor":5,"key":"Cursed Concoction"},{"floor":6,"key":"BlessingOfTheForge"}],"is_trial":false,"path_per_floor":["M","$","?","M","M","E","M","R","T","E","$","M","R","T","R","B"],"character_chosen":"REMILIA","items_purchased":["TricksterDevil","BloodyCatastrophe+1"],"campfire_rested":0,"item_purchase_floors":[2,11],"current_hp_per_floor":[75,75,75,75,75,57,57,57,57,34,34,22,22,22,22,0,0],"gold":19,"neow_bonus":"THREE_ENEMY_KILL","is_daily":false,"chose_seed":false,"campfire_upgraded":2,"win_rate":0.0,"timestamp":1612700846,"path_taken":["M","$","?","M","M","E","M","R","T","E","$","M","R","?","R","BOSS"],"items_purchased_type":["Card","Card"],"build_version":"2020-12-22","purchased_purges":1,"victory":false,"max_hp_per_floor":[75,75,75,75,75,75,75,75,75,75,75,75,75,75,75,75,75],"card_choices":[{"not_picked":["NightDance","Stigmanizer"],"picked":"HunterOfTheNight","floor":1},{"not_picked":["AfternoonTea","Ultimatum"],"picked":"Maim","floor":4},{"not_picked":["UnstableMagic","HunterOfTheNight"],"picked":"MastersStateliness","floor":5},{"not_picked":["SuperhumanBloodyKnife","BadLadyScramble"],"picked":"UltimateOffering","floor":6},{"not_picked":["StarOfDavid","BloodHunter","NightDance"],"picked":"UnderTheZenith","floor":7},{"not_picked":["StarOfDavid","ForbiddenFruit","TwelveNightmare"],"picked":"BlasphemousPunishment","floor":10},{"not_picked":["VampireSweep","DiffusionOfMisfortune","UltimateOffering"],"picked":"ScarletImprint","floor":12}],"player_experience":628721,"relics_obtained":[{"floor":6,"key":"Question Card"},{"floor":10,"key":"Garlic"},{"floor":14,"key":"White Beast Statue"}],"event_choices":[],"is_beta":false,"boss_relics":[],"items_purged_floors":[11],"is_endless":false,"potions_floor_spawned":[1,5,6,12],"killed_by":"Slime Boss","ascension_level":0}}