{"host":"vx9g5eyuglzorf3u","time":1612671370,"event":{"mods":["2.2 Compatiblity","BaseMod","DeckTracker","Keyboard Shortcuts","Minty Spire (QoL Compilation)","Relic Stats","StSLib","SuperFastMode","everything is the same but u backflip on backflip"],"gold_per_floor":[113,123,123,139,139,139,139],"floor_reached":6,"language":"KOR","playtime":160,"items_purged":[],"score":72,"play_id":"bdf1f11d-ffa4-46a5-bb01-65b2384e1421","local_time":"20210207131610","is_ascension_mode":true,"campfire_choices":[],"circlet_count":0,"master_deck":["AscendersBane","Strike_G","Strike_G","Strike_G","Strike_G","Strike_G","Defend_G","Defend_G","Defend_G","Defend_G","Survivor","Neutralize","Dagger Spray+1","Bouncing Flask+1","Crippling Poison+1"],"relics":["Ring of the Snake","The Courier","Mummified Hand","Black Star","Frozen Egg 2","Toxic Egg 2","Molten Egg 2","Snake Skull","Ornamental Fan"],"acts_visited":["Exordium"],"potions_floor_usage":[],"damage_taken":[{"damage":1,"enemies":"Cultist","floor":1,"turns":5},{"damage":4,"enemies":"Small Slimes","floor":2,"turns":3},{"damage":9,"enemies":"2 Louse","floor":4,"turns":2},{"damage":35,"enemies":"Gremlin Nob","floor":6,"turns":3}],"seed_played":"-7706927417167627887","potions_obtained":[],"is_trial":false,"path_per_floor":["M","M","?","M","?","E"],"character_chosen":"THE_SILENT","items_purchased":[],"campfire_rested":0,"item_purchase_floors":[],"current_hp_per_floor":[58,54,59,50,24,0,0],"gold":139,"neow_bonus":"REMOVE_CARD","is_daily":false,"chose_seed":false,"campfire_upgraded":0,"win_rate":0.0,"timestamp":1612671370,"path_taken":["M","M","?","M","?","E"],"items_purchased_type":[],"build_version":"2020-12-22","purchased_purges":0,"victory":false,"max_hp_per_floor":[66,66,71,71,71,71,71],"relic_stats":{"counters":[4,13],"Mummified Hand":[0],"Ornamental Fan":[4],"Snake Skull":[9],"Black Star":0,"obtain_stats":[{"Mummified Hand":0,"Ornamental Fan":5,"Molten Egg 2":0,"The Courier":0,"Snake Skull":0,"Black Star":0,"Frozen Egg 2":0,"Toxic Egg 2":0,"Ring of the Snake":0},{"Mummified Hand":0,"Ornamental Fan":3,"Molten Egg 2":0,"The Courier":0,"Snake Skull":0,"Black Star":0,"Frozen Egg 2":0,"Toxic Egg 2":0,"Ring of the Snake":0},{"Mummified Hand":0,"Ornamental Fan":10,"Molten Egg 2":0,"The Courier":0,"Snake Skull":0,"Black Star":0,"Frozen Egg 2":0,"Toxic Egg 2":0,"Ring of the Snake":0}],"Ring of the Snake":[8]},"card_choices":[{"not_picked":["Bane+1","Prepared+1"],"picked":"Dagger Spray+1","floor":1},{"not_picked":["Quick Slash+1","Outmaneuver+1"],"picked":"Bouncing Flask+1","floor":2},{"not_picked":["Poisoned Stab+1","Outmaneuver+1"],"picked":"Crippling Poison+1","floor":4}],"player_experience":1518074,"relics_obtained":[],"event_choices":[{"damage_healed":0,"gold_gain":0,"player_choice":"Donut","damage_taken":0,"max_hp_gain":5,"max_hp_loss":0,"event_name":"Big Fish","floor":3,"gold_loss":0},{"damage_healed":0,"gold_gain":0,"player_choice":"Success","damage_taken":26,"relics_obtained":["Ornamental Fan"],"max_hp_gain":0,"max_hp_loss":0,"event_name":"Scrap Ooze","floor":5,"gold_loss":0}],"is_beta":false,"boss_relics":[],"items_purged_floors":[],"is_endless":false,"potions_floor_spawned":[],"killed_by":"Gremlin Nob","ascension_level":20}}