{"host":"h76yu0vut4agyz9i","time":1612694274,"event":{"mods":["Act Like it!","Aspiration","BaseMod","Better Note","Colored Powertips","Conspire","DeckTracker","Downfall","GifTheSpireLib","Hubris","Infinite Spire","Minty Spire (QoL Compilation)","Replay The Spire","Shade Mod","Spire Arcade","StSLib","The Marked"],"gold_per_floor":[99,114,129,144,144,144,219,219,234,264,264,279,294,294,318,318,318,318],"floor_reached":16,"language":"ENG","playtime":1020,"items_purged":[],"score":104,"play_id":"26b24aad-83d8-4165-b9cb-dada9a7b0469","local_time":"20210207113754","daily_mods":["downfall:Improvised","ControlledChaos","Night Terrors"],"is_ascension_mode":false,"campfire_choices":[{"data":"sneckomod:UnknownUncommonPower","floor":1,"key":"SMITH"},{"data":"sneckomod:UnknownUncommonSkill","floor":6,"key":"SMITH"},{"data":"sneckomod:UnknownCommonSkill","floor":8,"key":"SMITH"},{"data":"sneckomod:UnknownCommonAttack","floor":11,"key":"SMITH"}],"circlet_count":0,"master_deck":["hexamod:Strike","hexamod:Strike","hexamod:Strike","hexamod:Strike","hexamod:Defend","hexamod:Defend","hexamod:Defend","hexamod:Defend","hexamod:Sear","hexamod:Float","sneckomod:UnknownCommonAttack+1","sneckomod:UnknownCommonAttack","sneckomod:UnknownCommonAttack","sneckomod:UnknownCommonSkill+1","sneckomod:UnknownCommonSkill","sneckomod:UnknownCommonSkill","sneckomod:UnknownUncommonAttack","sneckomod:UnknownUncommonSkill+1","sneckomod:UnknownUncommonPower+1","sneckomod:Unknown+1","hexamod:SoulSteal","hexamod:HeatMetal","hexamod:FlamesFromBeyond","hexamod:ExtraCrispy","hexamod:HeatMetal","hexamod:SpectersWail","hexamod:HeatMetal","hexamod:Hexaguard"],"relics":["hexamod:SpiritBrand","Frozen Eye","aspiration:SeaSaltIceCream","aspiration:Nostalgia","m_BurningSludge","infinitespire:Satchel","CeramicFish"],"acts_visited":["Exordium"],"potions_floor_usage":[3,9,9],"damage_taken":[{"damage":0,"enemies":"2 Louse","floor":2,"turns":2},{"damage":6,"enemies":"Jaw Worm","floor":3,"turns":3},{"damage":0,"enemies":"Cultist","floor":4,"turns":3},{"damage":2,"enemies":"Looter","floor":9,"turns":4},{"damage":17,"enemies":"Gremlin Nob","floor":10,"turns":4},{"damage":14,"enemies":"Gremlin Gang","floor":12,"turns":3},{"damage":8,"enemies":"Red Slaver","floor":13,"turns":2},{"damage":9,"enemies":"Blue Slaver","floor":15,"turns":3},{"damage":16,"enemies":"The Guardian","floor":16,"turns":2}],"seed_played":"8884597751285247366","potions_obtained":[{"floor":3,"key":"EntropicBrew"},{"floor":4,"key":"Adrenaline Potion"},{"floor":13,"key":"SneckoOil"}],"is_trial":false,"path_per_floor":["R","M","M","M","?","R","T","R","M","E","R","M","M","?","M","B"],"character_chosen":"THE_SPIRIT","items_purchased":[],"campfire_rested":0,"item_purchase_floors":[],"current_hp_per_floor":[70,70,64,64,64,64,64,64,62,47,47,33,25,13,4,0,0,0],"gold":318,"neow_bonus":"","is_daily":true,"chose_seed":false,"campfire_upgraded":4,"win_rate":0.0,"timestamp":1612694274,"path_taken":["R","M","M","M","?","R","T","R","M","E","R","M","M","?","M","BOSS"],"items_purchased_type":[],"build_version":"2020-12-22","purchased_purges":0,"victory":false,"max_hp_per_floor":[70,70,70,70,70,70,70,70,70,70,70,70,70,70,70,70,70,70],"card_choices":[{"not_picked":["hexamod:SuperheatedStrike","hexamod:Incineration"],"picked":"hexamod:SoulSteal","floor":2},{"not_picked":["hexamod:SpectralAdrenaline","hexamod:SpectralSpark"],"picked":"hexamod:HeatMetal","floor":3},{"not_picked":["hexamod:GhostShield","hexamod:FastForward"],"picked":"hexamod:FlamesFromBeyond","floor":4},{"not_picked":["hexamod:SearingWound","hexamod:HeatCrush"],"picked":"hexamod:ExtraCrispy","floor":9},{"not_picked":["hexamod:GhostLash","hexamod:Again"],"picked":"hexamod:HeatMetal","floor":10},{"not_picked":["hexamod:PhantomCloak","Rupture"],"picked":"hexamod:SpectersWail","floor":12},{"not_picked":["hexamod:SpectersWail","Slimebound:FinishingTackle"],"picked":"hexamod:HeatMetal","floor":13},{"not_picked":["hexamod:FastForward","Pummel"],"picked":"hexamod:Hexaguard","floor":15}],"player_experience":187418,"relics_obtained":[{"floor":7,"key":"aspiration:SeaSaltIceCream"},{"floor":10,"key":"infinitespire:Satchel"}],"event_choices":[{"damage_healed":0,"gold_gain":0,"player_choice":"Success","damage_taken":12,"relics_obtained":["CeramicFish"],"max_hp_gain":0,"max_hp_loss":0,"event_name":"Scrap Ooze","floor":14,"gold_loss":0}],"is_beta":false,"boss_relics":[],"items_purged_floors":[],"is_endless":false,"potions_floor_spawned":[3,4,13],"killed_by":"The Guardian","ascension_level":0}}