{"host":"hka8b3f4pkvnp4ei","time":1612698009,"event":{"mods":["BaseMod","Minty Spire (QoL Compilation)","Quick Restart","Replay The Spire","StSLib"],"gold_per_floor":[113,113,113,123,123,154,154,187,187,213,213,227,4,29,29,128,128,146,146,159,88,103,135,135,168,191,216,230,130,163,176,176,176,176],"floor_reached":33,"language":"ZHS","playtime":1946,"items_purged":["Strike_G","Strike_G"],"score":481,"play_id":"7ea959ea-ea4d-405a-9864-80ec491908e3","local_time":"20210207194009","is_ascension_mode":true,"campfire_choices":[{"data":"Predator","floor":7.0,"key":"SMITH"},{"data":"Calculated Gamble","floor":11.0,"key":"SMITH"},{"data":"Neutralize","floor":15.0,"key":"SMITH"},{"data":"Concentrate","floor":24.0,"key":"SMITH"},{"data":"Strike_G","floor":32.0,"key":"PURGE"}],"circlet_count":0,"master_deck":["Strike_G","Strike_G","Defend_G","Defend_G","Defend_G","Defend_G","Defend_G","Survivor","Neutralize+1","Tools of the Trade","Predator+1","Calculated Gamble+1","Underhanded Strike+1","Venomology","Acrobatics+1","Concentrate+1","Well Laid Plans","Prepared+1"],"relics":["Ring of the Snake","NeowsBlessing","Eternal Feather","StoneCalendar","Molten Egg 2","Incense Burner","OrangePellets","Byrd Skull","Runic Dome","Unceasing Top","Mirror","Peace Pipe","Omamori"],"acts_visited":["Exordium","TheCity"],"potions_floor_usage":[33,33,33],"damage_taken":[{"damage":0.0,"enemies":"2 Louse","floor":1.0,"turns":1.0},{"damage":0.0,"enemies":"Cultist","floor":4.0,"turns":1.0},{"damage":0.0,"enemies":"Replay:BlueRogue","floor":6.0,"turns":1.0},{"damage":8.0,"enemies":"Gremlin Nob","floor":8.0,"turns":3.0},{"damage":19.0,"enemies":"3 Sentries","floor":10.0,"turns":7.0},{"damage":0.0,"enemies":"Jaw Worm","floor":12.0,"turns":3.0},{"damage":0.0,"enemies":"Replay:BlueRogue","floor":14.0,"turns":3.0},{"damage":43.0,"enemies":"The Guardian","floor":16.0,"turns":11.0},{"damage":0.0,"enemies":"Spheric Guardian","floor":18.0,"turns":2.0},{"damage":7.0,"enemies":"Chosen","floor":20.0,"turns":3.0},{"damage":18.0,"enemies":"Centurion and Healer","floor":22.0,"turns":6.0},{"damage":3.0,"enemies":"Slavers","floor":23.0,"turns":7.0},{"damage":6.0,"enemies":"Replay:Snechameleon","floor":25.0,"turns":7.0},{"damage":3.0,"enemies":"Slavers","floor":27.0,"turns":7.0},{"damage":8.0,"enemies":"Snecko","floor":28.0,"turns":4.0},{"damage":14.0,"enemies":"Book of Stabbing","floor":30.0,"turns":5.0},{"damage":13.0,"enemies":"Snake Plant","floor":31.0,"turns":4.0},{"damage":51,"enemies":"Collector","floor":33,"turns":5}],"seed_played":"-939618432527555964","potions_obtained":[{"floor":1.0,"key":"SteroidPotion"},{"floor":5.0,"key":"FearPotion"},{"floor":5.0,"key":"Swift Potion"},{"floor":10.0,"key":"SneckoOil"},{"floor":18.0,"key":"Toxic Potion"},{"floor":25.0,"key":"Elixir"},{"floor":27.0,"key":"Regen Potion"}],"is_trial":false,"path_per_floor":["M","?","$","M","?","E","R","E","T","E","R","M","$","E","R","B",null,"M","?","M","$","M","E","R","E","T","E","M","$","E","M","R","B"],"character_chosen":"THE_SILENT","items_purchased":["OrangePellets","Concentrate"],"campfire_rested":0,"item_purchase_floors":[13,21],"current_hp_per_floor":[70,70,70,70,70,70,70,62,62,43,52,52,52,52,61,18,70,70,70,63,63,45,42,51,45,45,42,34,34,34,21,30,0,0],"gold":176,"neow_bonus":"THREE_ENEMY_KILL","is_daily":false,"chose_seed":false,"campfire_upgraded":4,"win_rate":0.0,"timestamp":1612698009,"path_taken":["M","?","?","M","?","E","R","E","T","E","R","?","$","E","R","BOSS","M","?","M","$","M","E","R","E","T","E","M","$","E","M","R","BOSS"],"items_purchased_type":["Relic","Card"],"build_version":"2020-12-22","purchased_purges":2,"victory":false,"max_hp_per_floor":[70,70,70,70,70,70,70,70,70,70,70,70,70,70,70,70,70,70,70,70,70,70,70,70,70,70,70,70,70,70,70,70,70,70],"card_choices":[{"not_picked":["Backstab","Backflip","Deadly Poison"],"picked":"SKIP","floor":1.0},{"not_picked":["Cloak And Dagger","Poisoned Stab"],"picked":"Predator","floor":4.0},{"not_picked":["Backflip","Outmaneuver","Leg Sweep"],"picked":"SKIP","floor":6.0},{"not_picked":["ReplayTheSpireMod:Scrap Shanks","Sucker Punch"],"picked":"Calculated Gamble","floor":8.0},{"not_picked":["Blur","Expertise","Predator+1"],"picked":"SKIP","floor":10.0},{"not_picked":["Dagger Throw+1","Acrobatics"],"picked":"Underhanded Strike+1","floor":12.0},{"not_picked":["Infinite Blades","PiercingWail","Poison Darts"],"picked":"SKIP","floor":14.0},{"not_picked":["Bullet Time","Malaise"],"picked":"Venomology","floor":16.0},{"not_picked":["Cloak And Dagger","Dodge and Roll"],"picked":"Acrobatics+1","floor":18.0},{"not_picked":["Deflect+1","Bane+1","Outmaneuver"],"picked":"SKIP","floor":20.0},{"not_picked":["Deflect+1","Deadly Poison"],"picked":"Well Laid Plans","floor":22.0},{"not_picked":["Skewer+1","Cloak And Dagger","Quick Slash+1"],"picked":"SKIP","floor":23.0},{"not_picked":["ReplayTheSpireMod:Scrap Shanks","Skewer+1","Flying Knee+1"],"picked":"SKIP","floor":25.0},{"not_picked":["Backflip","ReplayTheSpireMod:Exploit Weakness+1"],"picked":"Prepared+1","floor":27.0},{"not_picked":["Eviscerate+1","Underhanded Strike+1","Accuracy"],"picked":"SKIP","floor":28.0},{"not_picked":["Cloak And Dagger","Distraction","Venomology"],"picked":"SKIP","floor":30.0},{"not_picked":["Bane+1","Skewer+1","Cloak And Dagger+1"],"picked":"SKIP","floor":31.0}],"player_experience":451173,"relics_obtained":[{"floor":6.0,"key":"Eternal Feather"},{"floor":8.0,"key":"StoneCalendar"},{"floor":9.0,"key":"Molten Egg 2"},{"floor":10.0,"key":"Incense Burner"},{"floor":14.0,"key":"Byrd Skull"},{"floor":23.0,"key":"Unceasing Top"},{"floor":25.0,"key":"Mirror"},{"floor":27.0,"key":"Peace Pipe"},{"floor":30.0,"key":"Omamori"}],"event_choices":[{"damage_healed":0.0,"max_hp_gain":0.0,"max_hp_loss":0.0,"gold_gain":0.0,"event_name":"Match and Keep!","player_choice":"1 cards matched","floor":2.0,"gold_loss":0.0,"damage_taken":0.0,"cards_obtained":["Tools of the Trade"]},{"damage_healed":0.0,"max_hp_gain":0.0,"max_hp_loss":0.0,"gold_gain":0.0,"event_name":"Lab","player_choice":"Got Potions","floor":5.0,"gold_loss":0.0,"damage_taken":0.0}],"is_beta":false,"boss_relics":[{"not_picked":["Ring of Chaos","Abe\u0027s Treasure"],"picked":"Runic Dome"}],"items_purged_floors":[13,29],"is_endless":false,"potions_floor_spawned":[1,10,14,18,22,25,27],"killed_by":"Collector","ascension_level":4}}