{"host":"la6t950uoatqs0xt","time":1612683625,"event":{"mods":["AchievementEnabler","BaseMod","Colored Powertips","Minty Spire (QoL Compilation)","Quick Restart","Rare Cards Sparkle"],"gold_per_floor":[110,128,142,160,175,175,189,215,215,215,231,248,266,279,279,375,375,389,389,404,423,423,423,438,438,438,58,157,190,200,100,100,204,204,216,268,318,328,342,342,360,373,373,373,373,373],"floor_reached":45,"language":"ENG","playtime":2046,"items_purged":["Shame","WindmillStrike"],"score":510,"play_id":"379e649e-7b40-41ca-bf34-fb584ec95b6e","local_time":"20210207024025","is_ascension_mode":false,"campfire_choices":[{"floor":6,"key":"REST"},{"data":"PathToVictory","floor":10,"key":"SMITH"},{"floor":15,"key":"REST"},{"floor":23,"key":"REST"},{"floor":25,"key":"REST"},{"floor":32,"key":"REST"},{"floor":40,"key":"REST"}],"circlet_count":0,"master_deck":["Eruption","Vigilance","Swivel","Perseverance","PathToVictory+1","Judgement","SandsOfTime","Prostrate","Worship","PathToVictory","FlurryOfBlows","Prostrate","Halt","Devotion","Prostrate","Brilliance","Prostrate","Adaptation+1","PathToVictory","DeusExMachina","WindmillStrike","Collect","Pray","TalkToTheHand","Crescendo","ThirdEye","Worship","PathToVictory","PathToVictory","PathToVictory+1","Prostrate","Crescendo+1","ClearTheMind+1","ReachHeaven"],"relics":["PureWater","Prayer Wheel","Odd Mushroom","Bronze Scales","Runic Pyramid","MutagenicStrength","Girya","Strawberry","Lee\u0027s Waffle","Toy Ornithopter","Pandora\u0027s Box","Mango","CaptainsWheel","White Beast Statue"],"acts_visited":["Exordium","TheCity","TheBeyond"],"potions_floor_usage":[8,16,16,16,29,36,42],"damage_taken":[{"damage":15,"enemies":"Cultist","floor":1,"turns":5},{"damage":0,"enemies":"2 Louse","floor":2,"turns":3},{"damage":0,"enemies":"Small Slimes","floor":3,"turns":2},{"damage":8,"enemies":"Exordium Wildlife","floor":4,"turns":5},{"damage":4,"enemies":"Blue Slaver","floor":5,"turns":5},{"damage":0,"enemies":"2 Fungi Beasts","floor":7,"turns":2},{"damage":7,"enemies":"The Mushroom Lair","floor":8,"turns":4},{"damage":12,"enemies":"3 Louse","floor":11,"turns":4},{"damage":11,"enemies":"Lots of Slimes","floor":12,"turns":4},{"damage":0,"enemies":"Blue Slaver","floor":13,"turns":2},{"damage":5,"enemies":"Looter","floor":14,"turns":4},{"damage":19,"enemies":"The Guardian","floor":16,"turns":7},{"damage":0,"enemies":"Spheric Guardian","floor":18,"turns":2},{"damage":15,"enemies":"Shell Parasite","floor":20,"turns":5},{"damage":30,"enemies":"Centurion and Healer","floor":21,"turns":5},{"damage":0,"enemies":"Chosen and Byrds","floor":24,"turns":3},{"damage":28,"enemies":"Slavers","floor":29,"turns":5},{"damage":4,"enemies":"Cultist and Chosen","floor":30,"turns":5},{"damage":72,"enemies":"Collector","floor":33,"turns":7},{"damage":6,"enemies":"Orb Walker","floor":35,"turns":3},{"damage":35,"enemies":"2 Orb Walkers","floor":36,"turns":4},{"damage":24,"enemies":"Mind Bloom Boss Battle","floor":37,"turns":6},{"damage":24,"enemies":"3 Darklings","floor":38,"turns":4},{"damage":11,"enemies":"Spire Growth","floor":39,"turns":4},{"damage":29,"enemies":"Maw","floor":41,"turns":8},{"damage":27,"enemies":"4 Shapes","floor":42,"turns":5},{"damage":25,"enemies":"3 Darklings","floor":45,"turns":2}],"seed_played":"2524166383331319970","potions_obtained":[{"floor":1,"key":"CultistPotion"},{"floor":2,"key":"BlessingOfTheForge"},{"floor":5,"key":"Ancient Potion"},{"floor":7,"key":"Regen Potion"},{"floor":11,"key":"Strength Potion"},{"floor":20,"key":"SkillPotion"},{"floor":21,"key":"FairyPotion"},{"floor":35,"key":"Fire Potion"},{"floor":39,"key":"DistilledChaos"},{"floor":41,"key":"Fire Potion"}],"is_trial":false,"path_per_floor":["M","M","M","M","M","R","M","?","T","R","M","M","M","M","R","B",null,"M","?","M","M","?","R","M","R","T","$","?","E","M","$","R","B",null,"M","?","?","M","M","R","M","M","T","?","M"],"character_chosen":"WATCHER","items_purchased":["Strawberry","Lee\u0027s Waffle"],"campfire_rested":6,"item_purchase_floors":[27,27],"current_hp_per_floor":[57,57,57,49,45,66,66,68,68,68,56,45,45,40,61,42,72,72,72,57,27,27,48,48,69,69,86,86,58,54,54,79,7,86,80,64,40,16,5,35,6,19,19,19,0,0],"gold":373,"neow_bonus":"ONE_RARE_RELIC","is_daily":false,"chose_seed":false,"campfire_upgraded":1,"win_rate":0.0,"timestamp":1612683625,"path_taken":["M","M","?","M","M","R","M","?","T","R","M","M","M","M","R","BOSS","M","?","M","M","?","R","M","R","T","$","?","E","M","$","R","BOSS","M","?","?","M","M","R","M","M","T","?","M"],"items_purchased_type":["Relic","Relic"],"build_version":"2020-12-22","purchased_purges":2,"victory":false,"max_hp_per_floor":[72,72,72,72,72,72,72,72,72,72,72,72,72,72,72,72,72,72,72,72,72,72,72,72,72,72,86,86,86,86,86,86,86,86,86,100,100,100,100,100,100,100,100,100,100,100],"card_choices":[{"not_picked":["ClearTheMind","InnerPeace"],"picked":"Swivel","floor":1},{"not_picked":["InnerPeace","Consecrate"],"picked":"Perseverance","floor":1},{"not_picked":["ThirdEye","InnerPeace"],"picked":"PathToVictory","floor":2},{"not_picked":["CutThroughFate","Sanctity"],"picked":"Judgement","floor":2},{"not_picked":["ClearTheMind","FlyingSleeves"],"picked":"SandsOfTime","floor":3},{"not_picked":["FlyingSleeves","Swivel","CarveReality"],"picked":"SKIP","floor":3},{"not_picked":["FlyingSleeves","LikeWater"],"picked":"Prostrate","floor":4},{"not_picked":["BowlingBash","CrushJoints"],"picked":"Worship","floor":4},{"not_picked":["ThirdEye","WaveOfTheHand"],"picked":"PathToVictory","floor":5},{"not_picked":["EmptyBody","FearNoEvil","WaveOfTheHand"],"picked":"SKIP","floor":5},{"not_picked":["JustLucky","FlyingSleeves"],"picked":"FlurryOfBlows","floor":7},{"not_picked":["EmptyFist","WreathOfFlame","Crescendo"],"picked":"SKIP","floor":7},{"not_picked":["SandsOfTime","ThirdEye"],"picked":"Prostrate","floor":8},{"not_picked":["MentalFortress","Consecrate","Tantrum"],"picked":"SKIP","floor":11},{"not_picked":["EmptyFist","CarveReality","Crescendo"],"picked":"SKIP","floor":11},{"not_picked":["CrushJoints","ForeignInfluence"],"picked":"Halt","floor":12},{"not_picked":["CutThroughFate","Protect"],"picked":"Devotion","floor":12},{"not_picked":["ClearTheMind","EmptyFist"],"picked":"Prostrate","floor":13},{"not_picked":["Evaluate","LikeWater","SashWhip"],"picked":"SKIP","floor":13},{"not_picked":["CrushJoints","SashWhip","Fasting2"],"picked":"SKIP","floor":14},{"not_picked":["FollowUp","EmptyFist","SandsOfTime"],"picked":"SKIP","floor":14},{"not_picked":["DeusExMachina","ConjureBlade"],"picked":"Brilliance","floor":16},{"not_picked":["ThirdEye+1","Fasting2","ClearTheMind"],"picked":"SKIP","floor":18},{"not_picked":["CutThroughFate","Evaluate+1","EmptyFist"],"picked":"SKIP","floor":18},{"not_picked":["DeceiveReality","Omniscience"],"picked":"Prostrate","floor":20},{"not_picked":["FlyingSleeves","BowlingBash","Collect"],"picked":"SKIP","floor":20},{"not_picked":["Swivel","Halt"],"picked":"WindmillStrike","floor":21},{"not_picked":["Consecrate+1","Evaluate"],"picked":"Adaptation+1","floor":21},{"not_picked":["Conclude","Swivel"],"picked":"PathToVictory","floor":24},{"not_picked":["CutThroughFate","ClearTheMind+1","FollowUp"],"picked":"SKIP","floor":24},{"not_picked":["ThirdEye","InnerPeace+1","Blasphemy"],"picked":"SKIP","floor":29},{"not_picked":["EmptyMind","Collect","Protect"],"picked":"SKIP","floor":30},{"not_picked":["EmptyBody","SashWhip","ThirdEye"],"picked":"SKIP","floor":30},{"not_picked":["EmptyMind","Conclude+1"],"picked":"PathToVictory","floor":35},{"not_picked":["EmptyFist","Crescendo"],"picked":"PathToVictory","floor":35},{"not_picked":["Halt","EmptyMind","CrushJoints+1"],"picked":"SKIP","floor":38},{"not_picked":["Brilliance","EmptyFist","SandsOfTime"],"picked":"SKIP","floor":38},{"not_picked":["Perseverance","BowlingBash+1"],"picked":"PathToVictory+1","floor":39},{"not_picked":["CrushJoints","Consecrate+1"],"picked":"Prostrate","floor":39},{"not_picked":["BowlingBash","Halt"],"picked":"Crescendo+1","floor":41},{"not_picked":["Judgement","ReachHeaven","FollowUp+1"],"picked":"SKIP","floor":41},{"not_picked":["EmptyMind","FollowUp"],"picked":"ClearTheMind+1","floor":42},{"not_picked":["ClearTheMind","FollowUp+1","EmptyFist"],"picked":"SKIP","floor":42}],"player_experience":292387,"relics_obtained":[{"floor":8,"key":"Odd Mushroom"},{"floor":9,"key":"Bronze Scales"},{"floor":26,"key":"Girya"},{"floor":29,"key":"Toy Ornithopter"},{"floor":36,"key":"Mango"},{"floor":37,"key":"CaptainsWheel"},{"floor":43,"key":"White Beast Statue"}],"event_choices":[{"damage_healed":0,"gold_gain":0,"player_choice":"Fought Mushrooms","damage_taken":0,"max_hp_gain":0,"max_hp_loss":0,"event_name":"Mushrooms","floor":8,"gold_loss":0},{"damage_healed":0,"gold_gain":0,"player_choice":"Ignored","damage_taken":0,"max_hp_gain":0,"max_hp_loss":0,"event_name":"Ghosts","floor":19,"gold_loss":0},{"damage_healed":0,"gold_gain":0,"player_choice":"Inject Mutagens","damage_taken":0,"relics_obtained":["MutagenicStrength"],"max_hp_gain":0,"max_hp_loss":0,"event_name":"Drug Dealer","floor":22,"gold_loss":0},{"damage_healed":0,"gold_gain":99,"player_choice":"Stole From Cult","damage_taken":0,"max_hp_gain":0,"max_hp_loss":0,"event_name":"Nest","floor":28,"gold_loss":0},{"damage_healed":0,"gold_gain":0,"player_choice":"Fight","damage_taken":0,"max_hp_gain":0,"max_hp_loss":0,"event_name":"Mysterious Sphere","floor":36,"gold_loss":0},{"damage_healed":0,"gold_gain":0,"player_choice":"Fight","damage_taken":0,"max_hp_gain":0,"max_hp_loss":0,"event_name":"MindBloom","floor":37,"gold_loss":0},{"damage_healed":0,"gold_gain":0,"player_choice":"1 cards matched","damage_taken":0,"max_hp_gain":0,"max_hp_loss":0,"event_name":"Match and Keep!","floor":44,"gold_loss":0,"cards_obtained":["ReachHeaven"]}],"is_beta":false,"boss_relics":[{"not_picked":["Cursed Key","Tiny House"],"picked":"Runic Pyramid"},{"not_picked":["Fusion Hammer","SlaversCollar"],"picked":"Pandora\u0027s Box"}],"items_purged_floors":[27,31],"is_endless":false,"potions_floor_spawned":[1,2,5,7,11,20,21,35,39,41],"killed_by":"3 Darklings","ascension_level":0}}