{"host":"xltl1aroowo69o4n","time":1612679092,"event":{"mods":["BaseMod","Colored Map","Colored Powertips","Downfall","Marisa????????","Minty Spire (QoL Compilation)","StSLib","The Cursed","The Hierophant","The Mystic","The Necromancer"],"gold_per_floor":[0,10,160,173,173,184,184,184,204,204,222,253,268,298,309,410,410,110,120,131,231,247,23,23,23,8,25,10,22,22,22],"floor_reached":30,"language":"ENG","playtime":2499,"items_purged":[],"score":294,"play_id":"b4785345-27c1-4f03-9bc0-c25d1ef3f883","local_time":"20210207012452","is_ascension_mode":false,"campfire_choices":[{"floor":1,"key":"RECALL"},{"data":"Toxic_Smoke_Screen","floor":18,"key":"SMITH"}],"circlet_count":0,"master_deck":["Strike_W","Strike_W","Strike_W","Strike_W","Defend_W","Defend_W","Defend_W","Defend_W","Negative_Energy_Arrows","Bone_Wall+1","Siphon_Strength+1","Finger_Of_Death","Negative_Energy_Shield","Blood_Whip","CurseOfTheBell","CurseOfTheBell","Injury","Blood_Magic+1","Detonate_Bones","Scare","Toxic_Smoke_Screen+1","Deaths_Shadow","Blood_Curse","Hellfire","Life_Tap","Summon_Lich+1","Summon_Lich+1","Skeleton_Dragon+1","Mayhem+1","Epidemic","downfall:Aged","Bone_Armor","Negative_Energy_Arrows","Chill_Blood","Bones_to_Steel","Spectral_Walk","Consume_Illness"],"relics":["Vampire_Amulet","downfall:ExtraCursedBell","Happy Flower","Frozen Egg 2","Ice Cream","Bottled Lightning","War Paint","Cursed Key","downfall:HeartBlessingRed","downfall:HeartBlessingGreen","downfall:HeartBlessingBlue","White Beast Statue"],"acts_visited":["Exordium","TheCity"],"potions_floor_usage":[12,16,29],"damage_taken":[{"damage":3,"enemies":"Jaw Worm","floor":2,"turns":6},{"damage":1,"enemies":"Small Slimes","floor":4,"turns":4},{"damage":4,"enemies":"2 Louse","floor":6,"turns":3},{"damage":5,"enemies":"Exordium Thugs","floor":9,"turns":6},{"damage":16,"enemies":"Gremlin Gang","floor":11,"turns":4},{"damage":24,"enemies":"Gremlin Nob","floor":12,"turns":4},{"damage":6,"enemies":"3 Louse","floor":13,"turns":3},{"damage":13,"enemies":"Lagavulin","floor":14,"turns":10},{"damage":3,"enemies":"Exordium Wildlife","floor":15,"turns":3},{"damage":40,"enemies":"SI_SHIV_ARCHETYPE","floor":16,"turns":17},{"damage":14,"enemies":"Spheric Guardian","floor":19,"turns":4},{"damage":5,"enemies":"Snake Plant","floor":20,"turns":3},{"damage":18,"enemies":"Chosen and Byrds","floor":22,"turns":5},{"damage":2,"enemies":"downfall:FleeingMerchant","floor":23,"turns":4},{"damage":2,"enemies":"downfall:FleeingMerchant","floor":26,"turns":4},{"damage":12,"enemies":"Centurion and Healer","floor":27,"turns":5},{"damage":4,"enemies":"downfall:FleeingMerchant","floor":28,"turns":4},{"damage":25,"enemies":"Shelled Parasite and Fungi","floor":29,"turns":4},{"damage":35,"enemies":"Sentry and Sphere","floor":30,"turns":3}],"seed_played":"-7652303503033474219","potions_obtained":[{"floor":2,"key":"Ancient Potion"},{"floor":9,"key":"SneckoOil"},{"floor":11,"key":"CultistPotion"},{"floor":15,"key":"SkillPotion"},{"floor":16,"key":"sneckomod:MuddlingPotion"},{"floor":27,"key":"Fire Potion"},{"floor":29,"key":"SpeedPotion"}],"is_trial":false,"path_per_floor":["R","M","?","M","?","M","T","?","M","?","M","E","M","E","M","B",null,"R","M","M","?","M","$","T","?","$","M","$","M","M"],"character_chosen":"NECROMANCER","items_purchased":["Mayhem+1","Epidemic"],"campfire_rested":0,"item_purchase_floors":[23,23],"current_hp_per_floor":[89,88,88,89,89,87,87,87,86,86,78,56,56,45,46,8,89,99,87,84,84,70,68,68,68,66,58,54,33,0,0],"gold":22,"neow_bonus":"TWENTY_PERCENT_HP_BONUS","is_daily":false,"chose_seed":false,"campfire_upgraded":1,"win_rate":0.0,"timestamp":1612679092,"path_taken":["R","M","?","M","?","M","T","?","?","?","M","E","M","E","M","BOSS","R","M","M","?","M","?","T","?","$","M","$","M","M"],"items_purchased_type":["Card","Card"],"build_version":"2020-12-13","purchased_purges":0,"victory":false,"max_hp_per_floor":[89,89,89,89,89,89,89,89,89,89,89,89,89,89,89,89,89,99,99,99,99,99,99,99,99,99,99,99,99,99,99],"card_choices":[{"not_picked":["Plague_Bolt","Chill_Blood"],"picked":"Siphon_Strength","floor":2},{"not_picked":["Blood_Shield","Negative_Energy_Javelin"],"picked":"Finger_Of_Death","floor":4},{"not_picked":["Death_Coil","Negative_Energy_Bomb"],"picked":"Negative_Energy_Shield","floor":6},{"not_picked":["Negative_Energy_Sphere","Chill_Blood"],"picked":"Blood_Whip","floor":9},{"not_picked":["Vampiric_Strike","Negative_Energy_Sphere"],"picked":"Detonate_Bones","floor":11},{"not_picked":["Bone_Spikes","Toxic_Smoke_Screen"],"picked":"Scare","floor":12},{"not_picked":["Scare","Consume_Illness"],"picked":"Toxic_Smoke_Screen","floor":13},{"not_picked":["Consume_Illness","Reap_The_Weak"],"picked":"Deaths_Shadow","floor":14},{"not_picked":["Consume_Illness","Blood_for_Blood+1"],"picked":"Blood_Curse","floor":15},{"not_picked":["Detonate_Bones","Reap_The_Weak"],"picked":"Hellfire","floor":16},{"not_picked":["Bones_to_Steel","Shade_Step"],"picked":"Life_Tap","floor":19},{"not_picked":["Negative_Energy_Javelin","Spectral_Armor"],"picked":"Summon_Lich+1","floor":20},{"not_picked":["Exploit","Uncharnel"],"picked":"Summon_Lich+1","floor":22},{"not_picked":["Chill_Blood","Whirlwind_of_Bones"],"picked":"Skeleton_Dragon+1","floor":23},{"not_picked":["Toxic_Smoke_Screen","Shade_Step"],"picked":"Chill_Blood","floor":26},{"not_picked":["Exploit","Bone_Armor"],"picked":"Bones_to_Steel","floor":27},{"not_picked":["Finger_Of_Death","Uncharnel"],"picked":"Spectral_Walk","floor":28},{"not_picked":["Blood_Whip+1","Plague_Bolt+1"],"picked":"Consume_Illness","floor":29}],"player_experience":133910,"relics_obtained":[{"floor":10,"key":"Happy Flower"},{"floor":10,"key":"Frozen Egg 2"},{"floor":10,"key":"Ice Cream"},{"floor":12,"key":"Bottled Lightning"},{"floor":14,"key":"War Paint"},{"floor":24,"key":"White Beast Statue"}],"event_choices":[{"cards_removed":["downfall:Icky"],"damage_healed":0,"gold_gain":0,"player_choice":"Card Removal","damage_taken":0,"max_hp_gain":0,"max_hp_loss":0,"event_name":"The Cleric","floor":8,"gold_loss":0}],"is_beta":false,"boss_relics":[{"not_picked":["Empty Cage","Runic Pyramid"],"picked":"Cursed Key"}],"items_purged_floors":[],"is_endless":false,"potions_floor_spawned":[2,9,11,15,16,20,26,27,28,29],"killed_by":"Sentry and Sphere","ascension_level":0}}