{"host":"ihfq3u2xhoe3wi9r","time":1612678714,"event":{"mods":["BaseMod","BetterRewards","Colored Powertips","Hubris","Marisa????????","Minty Spire (QoL Compilation)","READ ME - Guardian Mod","StSLib","The Animator","The Mystic","The Necromancer"],"gold_per_floor":[130,130,141,91,104,104,132,132,206,217,217,242,277,308,308,412,412,443,462,126,126,126],"floor_reached":21,"language":"ENG","playtime":3160,"items_purged":["animator:Strike"],"score":407,"play_id":"fb27e5ce-e7ae-4e7e-b5d0-31e095db34e0","local_time":"20210207011834","is_ascension_mode":true,"campfire_choices":[{"floor":6,"key":"REST"},{"floor":8,"key":"REST"},{"floor":11,"key":"REST"},{"floor":15,"key":"REST"}],"circlet_count":1,"master_deck":["animator:Strike_TenSura","animator:Defend_TenSura","animator:Strike+1","animator:Defend","animator:Defend","animator:Benimaru","animator:Shuna","animator:Lelouch","animator:IzunaHatsuse","animator:GazelDwargon","animator:Bozes","animator:IchigoKurosaki","animator:PandorasActor","animator:Kaijin","animator:Jibril","animator:Millim","animator:Tatsumaki","animator:Arpeggio","animator:Geryuganshoop","animator:EmiyaShirou","animator:Demiurge","animator:Ainz","animator:ElricEdward+1","animator:NononJakuzure"],"relics":["animator:LivingPicture","Circlet","animator:TheMissingPiece","hubris:Metronome","Darkstone Periapt","hubris:BundleOfHerbs","hubris:Backtick","Vampire_Amulet","Bottled Flame"],"acts_visited":["TheCity"],"potions_floor_usage":[7,13,14,14,16,16,16,16,19],"damage_taken":[{"damage":0,"enemies":"Jaw Worm","floor":1,"turns":5},{"damage":1,"enemies":"Small Slimes","floor":3,"turns":5},{"damage":8,"enemies":"2 Louse","floor":5,"turns":4},{"damage":34,"enemies":"3 Sentries","floor":7,"turns":7},{"damage":10,"enemies":"Blue Slaver","floor":10,"turns":5},{"damage":0,"enemies":"Looter","floor":12,"turns":3},{"damage":13,"enemies":"Lagavulin","floor":13,"turns":6},{"damage":15,"enemies":"3 Louse","floor":14,"turns":3},{"damage":30,"enemies":"The Guardian","floor":16,"turns":9},{"damage":0,"enemies":"Chosen","floor":18,"turns":4},{"damage":28,"enemies":"Spheric Guardian","floor":19,"turns":4},{"damage":41,"enemies":"3 Cultists","floor":21,"turns":3}],"seed_played":"2799669662764973024","potions_obtained":[{"floor":1,"key":"Strength Potion"},{"floor":5,"key":"EntropicBrew"},{"floor":12,"key":"DistilledChaos"},{"floor":16,"key":"ColorlessPotion"},{"floor":18,"key":"animator:GrowthPotion"},{"floor":19,"key":"Block Potion"}],"is_trial":false,"path_per_floor":["M","?","M","?","M","R","E","R","T","M","R","M","E","M","R","B",null,"M","M","$","M"],"character_chosen":"THE_ANIMATOR","items_purchased":["animator:Lelouch","animator:IzunaHatsuse","animator:GazelDwargon","animator:Bozes","animator:IchigoKurosaki","animator:PandorasActor","animator:NononJakuzure","Bottled Flame"],"campfire_rested":4,"item_purchase_floors":[0,0,0,0,0,0,20,20],"current_hp_per_floor":[57,50,49,49,42,63,29,50,50,40,61,61,48,33,54,25,61,63,37,37,0,0],"gold":126,"neow_bonus":"","is_daily":false,"chose_seed":false,"campfire_upgraded":0,"win_rate":0.0,"timestamp":1612678714,"path_taken":["M","?","M","?","M","R","E","R","T","M","R","M","E","M","R","BOSS","M","M","$","M"],"items_purchased_type":["Card","Card","Card","Card","Card","Card","Card","Relic"],"build_version":"2020-12-22","purchased_purges":1,"victory":false,"max_hp_per_floor":[71,71,71,71,72,72,72,72,72,72,72,72,72,72,72,73,73,73,73,73,73,73],"card_choices":[{"not_picked":["animator:Shuna","animator:EmiyaShirou"],"picked":"animator:Kaijin","floor":1},{"not_picked":["animator:Benimaru","animator:SilverFang"],"picked":"animator:Jibril","floor":3},{"not_picked":["animator:Shion","animator:Hakurou"],"picked":"animator:Millim","floor":5},{"not_picked":["animator:YaoHaDucy","animator:Cocytus"],"picked":"animator:Tatsumaki","floor":7},{"not_picked":["animator:ShinjiMatou","animator:MaesHughes"],"picked":"animator:Arpeggio","floor":10},{"not_picked":["animator:Tyuule","animator:MaesHughes"],"picked":"animator:Geryuganshoop","floor":12},{"not_picked":["animator:Berserker","animator:Illya"],"picked":"animator:EmiyaShirou","floor":13},{"not_picked":["animator:Berserker","animator:Millim"],"picked":"animator:Demiurge","floor":14},{"not_picked":["animator:Shizu","animator:ItamiYouji"],"picked":"animator:Ainz","floor":16},{"not_picked":["animator:Souei+1","animator:PandorasActor"],"picked":"animator:ElricEdward+1","floor":18},{"not_picked":["animator:GazelDwargon","animator:Benimaru+1","animator:Entoma+1"],"picked":"SKIP","floor":19}],"player_experience":837781,"relics_obtained":[{"floor":7,"key":"hubris:Metronome"},{"floor":9,"key":"Darkstone Periapt"},{"floor":13,"key":"hubris:BundleOfHerbs"}],"event_choices":[{"cards_removed":["animator:Strike"],"damage_healed":0,"gold_gain":0,"player_choice":"Card Removal","damage_taken":7,"max_hp_gain":0,"max_hp_loss":0,"event_name":"Golden Wing","floor":2,"gold_loss":0},{"cards_removed":["animator:Defend"],"damage_healed":0,"gold_gain":0,"player_choice":"Card Removal","damage_taken":0,"max_hp_gain":0,"max_hp_loss":0,"event_name":"The Cleric","floor":4,"gold_loss":50}],"is_beta":false,"boss_relics":[{"not_picked":["Astrolabe","Runic Dome"],"picked":"hubris:Backtick"}],"items_purged_floors":[0],"is_endless":false,"potions_floor_spawned":[1,5,12,16,18,19],"killed_by":"3 Cultists","ascension_level":8}}