{"host":"2pluridizrp50jef","time":1612682316,"event":{"mods":["ATMod(°¢èªMod)","AchievementEnabler","Act Like it!","BaseMod","Bestiary","Better Altar","Better Match","Better Note","Better Sensory Stone","Better Skull","Better Third Choice","BetterRewards","Colored Powertips","Conspire","Curses Come First","Custom Start","Downfall","Energized Spire","Gensokyo","Hallownest","Hubris","Infinite Spire","Lobotomy","LobotomyExtend","Minty Spire (QoL Compilation)","Rare Cards Sparkle","Relic Stats","Replay The Spire","StSLib","noobMod","¡¾ÒÅÎï¿¨ÅÆ¡¿REMEMod"],"gold_per_floor":[176,176,176,176,176,31,106,106,106,124,124,124,157,157,157],"floor_reached":13,"language":"ZHS","playtime":425,"items_purged":[],"score":81,"play_id":"8741ae06-7369-4c64-9e7c-a8412bca5373","local_time":"20210206231836","is_ascension_mode":true,"campfire_choices":[{"data":"AT_FamilyPortrait","floor":9,"key":"SMITH"}],"circlet_count":0,"master_deck":["bronze:Strike","bronze:Strike","bronze:Strike","bronze:Defend","bronze:Defend","bronze:Defend","bronze:Replicate","bronze:Goto","AT_FamilyPortrait+1","Replay:Cycle","bronze:Allocate","bronze:Return+1","bronze:Iterate","bronze:Spike","bronze:DazingPulse","bronze:Explode","bronze:ChosenStrike","bronze:FineTuning","infinitespire:TheBestDefense","Flash of Steel","bronze:Backtrace"],"relics":["bronze:BronzeCore","AT_ATBox","REME_ComplimentaryCards","ice","downfall:HeartsMalice","LetterFromLob","REME_CardOfGreed","infinitespire:ShieldingShard"],"acts_visited":["Exordium"],"potions_floor_usage":[],"damage_taken":[{"damage":0,"enemies":"Cultist","floor":2,"turns":1},{"damage":0,"enemies":"downfall:FleeingMerchant","floor":6,"turns":1},{"damage":0,"enemies":"downfall:FleeingMerchant","floor":8,"turns":1},{"damage":0,"enemies":"Small Slimes","floor":10,"turns":2},{"damage":11,"enemies":"3 Sentries","floor":13,"turns":6}],"seed_played":"-5866065772420826811","potions_obtained":[{"floor":10,"key":"SkillPotion"}],"is_trial":false,"path_per_floor":["R","M","?","?","?","$","T","?","R","M","?","?","E"],"character_chosen":"THE_AUTOMATON","items_purchased":["REME_CardOfGreed"],"campfire_rested":0,"item_purchase_floors":[6],"current_hp_per_floor":[70,70,70,70,70,70,70,70,70,70,54,54,43,43,43],"gold":157,"neow_bonus":"THREE_ENEMY_KILL","is_daily":false,"chose_seed":false,"campfire_upgraded":1,"win_rate":0.0,"timestamp":1612682316,"path_taken":["R","M","?","?","?","$","T","?","R","?","?","?","E"],"items_purchased_type":["Relic"],"build_version":"2020-12-22","purchased_purges":0,"victory":false,"max_hp_per_floor":[70,70,70,70,70,70,70,70,70,70,70,70,70,70,70],"relic_stats":{"counters":[5,8],"obtain_stats":[{"bronze:BronzeCore":0,"AT_ATBox":0,"infinitespire:ShieldingShard":13,"downfall:HeartsMalice":0,"ice":0,"LetterFromLob":2,"REME_CardOfGreed":6,"REME_ComplimentaryCards":0},{"bronze:BronzeCore":0,"AT_ATBox":0,"infinitespire:ShieldingShard":5,"downfall:HeartsMalice":0,"ice":0,"LetterFromLob":1,"REME_CardOfGreed":2,"REME_ComplimentaryCards":0},{"bronze:BronzeCore":0,"AT_ATBox":0,"infinitespire:ShieldingShard":8,"downfall:HeartsMalice":0,"ice":0,"LetterFromLob":0,"REME_CardOfGreed":0,"REME_ComplimentaryCards":0}]},"card_choices":[{"not_picked":["bronze:Fortify","bronze:BugBarrage"],"picked":"bronze:Allocate","floor":2},{"not_picked":["bronze:Optimize","bronze:FollowUp"],"picked":"bronze:Iterate","floor":6},{"not_picked":[],"picked":"bronze:Spike","floor":8},{"not_picked":[],"picked":"bronze:DazingPulse","floor":8},{"not_picked":[],"picked":"bronze:Explode","floor":8},{"not_picked":["bronze:Iterate","bronze:Shield"],"picked":"bronze:ChosenStrike","floor":8},{"not_picked":["bronze:Separator","bronze:Optimize"],"picked":"bronze:FineTuning","floor":10},{"not_picked":["ReplayTheSpireMod:Haul","infinitespire:Menacing"],"picked":"infinitespire:TheBestDefense","floor":11},{"not_picked":["AT_CelerityRune","REME_MawOfCthun"],"picked":"Flash of Steel","floor":12},{"not_picked":["bronze:BuggyMess","bronze:Constructor"],"picked":"bronze:Backtrace","floor":13}],"player_experience":140442,"relics_obtained":[{"floor":2,"key":"LetterFromLob"},{"floor":13,"key":"infinitespire:ShieldingShard"}],"event_choices":[{"damage_healed":0,"gold_gain":1,"player_choice":"1","damage_taken":0,"max_hp_gain":0,"max_hp_loss":0,"event_name":"betterStone:BetterStone","floor":12,"gold_loss":0}],"is_beta":false,"boss_relics":[],"items_purged_floors":[],"is_endless":false,"potions_floor_spawned":[10,13],"killed_by":"3 Sentries","ascension_level":1}}