{"host":"i70yit5z0kpl303k","time":1612739407,"event":{"mods":["2.2 Compatiblity","Act Like it!","BaseMod","BetterRewards","Evolution","Infinite Spire","Ironclad Rager","Koishi","Marked Mod","Minty Spire (QoL Compilation)","Relic Stats","Reliquary","Replay The Spire","StSLib","The Blue Laboratory","The Marked"],"gold_per_floor":[119,119,135,148,148,191,191,212,237,237,257,257,270,270,270,389,389,410,410,435,435,455,455,495,495,495,536,557,577,577,577,592,605,605,605,605],"floor_reached":35,"language":"ENG","playtime":1176,"items_purged":[],"score":351,"play_id":"58b36772-49be-40b2-8da9-85857bc3d200","local_time":"20210207151007","daily_mods":["Specialized"],"is_ascension_mode":false,"campfire_choices":[{"floor":7,"key":"REST"},{"data":"ICR:VitalStrike","floor":10,"key":"SMITH"},{"data":"Abandon","floor":12,"key":"SMITH"},{"data":"Abandon","floor":15,"key":"SMITH"},{"floor":23,"key":"REST"},{"data":"Feed","floor":25,"key":"SMITH"},{"floor":34,"key":"REST"}],"circlet_count":0,"master_deck":["ReplayTheSpireMod:Strike From Hell","ReplayTheSpireMod:Strike From Hell","ReplayTheSpireMod:Strike From Hell","Strike_R","Strike_R","Defend_R","Defend_R+1","Defend_R","Defend_R+1","Bash","Abandon+1","Abandon+1","Iron Wave","ReplayTheSpireMod:Strike From Hell","Wild Strike","Disarm","ICR:VitalStrike+1","Dual Wield","Perfected Strike","Feed+1","Cleave+1","Reaper+1","Evolve+1","Thunderclap","Cleave","Headbutt","Perfected Strike","Juggernaut","Clash+1","Thunderclap+1","Wild Strike+1","Sword Boomerang","Demonic Infusion"],"relics":["Burning Blood","EVO:Axolotl","replay:Trail_Library","Golden Idol","reliquary:PartyBalloon","Lantern","Astrolabe","War Paint","King of Hearts","Mirror","Torii"],"acts_visited":["Exordium","TheCity"],"potions_floor_usage":[16,18,29,33,35,35],"damage_taken":[{"damage":14,"enemies":"Jaw Worm","floor":1,"turns":4},{"damage":0,"enemies":"2 Louse","floor":3,"turns":3},{"damage":0,"enemies":"Cultist","floor":4,"turns":2},{"damage":31,"enemies":"Lagavulin","floor":6,"turns":5},{"damage":18,"enemies":"3 Louse","floor":8,"turns":4},{"damage":4,"enemies":"Gremlin Gang","floor":11,"turns":3},{"damage":0,"enemies":"Looter","floor":13,"turns":1},{"damage":31,"enemies":"Fading Forest","floor":16,"turns":11},{"damage":35,"enemies":"Shell Parasite","floor":18,"turns":7},{"damage":5,"enemies":"Spheric Guardian","floor":20,"turns":3},{"damage":25,"enemies":"Snecko","floor":22,"turns":5},{"damage":0,"enemies":"Book of Stabbing","floor":24,"turns":1},{"damage":54,"enemies":"Slavers","floor":27,"turns":5},{"damage":30,"enemies":"Centurion and Healer","floor":28,"turns":5},{"damage":0,"enemies":"Snake Plant","floor":29,"turns":2},{"damage":8,"enemies":"Snecko","floor":32,"turns":3},{"damage":20,"enemies":"Shelled Parasite and Fungi","floor":33,"turns":5},{"damage":39,"enemies":"Collector","floor":35,"turns":3}],"seed_played":"-7553447938095585224","potions_obtained":[{"floor":1,"key":"HeartOfIron"},{"floor":4,"key":"BlessingOfTheForge"},{"floor":6,"key":"SteroidPotion"},{"floor":24,"key":"AttackPotion"},{"floor":27,"key":"blueLaboratory:SmithPotion"},{"floor":33,"key":"Elixir"}],"is_trial":true,"path_per_floor":["M","?","M","M","?","E","R","M","T","R","M","R","M","$","R","B",null,"M","?","M","AVR","M","R","E","R","T","E","M","M","PTL","PTL","M","M","R","B"],"character_chosen":"IRONCLAD","items_purchased":[],"campfire_rested":3,"item_purchase_floors":[],"current_hp_per_floor":[72,52,58,64,56,31,55,43,43,43,45,45,51,51,51,36,80,55,55,56,56,42,67,73,73,73,40,20,26,26,26,24,10,37,0,0],"gold":605,"neow_bonus":"","is_daily":false,"chose_seed":false,"campfire_upgraded":4,"win_rate":0.0,"timestamp":1612739407,"path_taken":["M","?","M","M","?","E","R","M","T","R","M","R","?","$","R","BOSS","M","?","M","AVR","M","R","E","R","T","E","M","M","PTL","PTL","?","M","R","BOSS"],"items_purchased_type":[],"build_version":"2020-12-22","purchased_purges":0,"victory":false,"max_hp_per_floor":[80,80,80,80,80,80,80,80,80,80,80,80,80,80,80,80,80,84,84,84,84,84,84,84,84,84,88,92,92,92,92,92,92,92,92,92],"relic_stats":{"Torii":9,"counters":[18,72],"Golden Idol":93,"Astrolabe":["Cleave","Reaper","Evolve"],"War Paint":["Defend_R","Defend_R"],"obtain_stats":[{"Lantern":9,"Torii":27,"Golden Idol":2,"reliquary:PartyBalloon":6,"Astrolabe":17,"King of Hearts":24,"EVO:Axolotl":0,"War Paint":21,"Mirror":26,"Burning Blood":0,"replay:Trail_Library":0},{"Lantern":5,"Torii":13,"Golden Idol":1,"reliquary:PartyBalloon":4,"Astrolabe":8,"King of Hearts":12,"EVO:Axolotl":0,"War Paint":10,"Mirror":12,"Burning Blood":0,"replay:Trail_Library":0},{"Lantern":18,"Torii":54,"Golden Idol":4,"reliquary:PartyBalloon":14,"Astrolabe":33,"King of Hearts":49,"EVO:Axolotl":0,"War Paint":43,"Mirror":49,"Burning Blood":0,"replay:Trail_Library":0}],"Burning Blood":102},"card_choices":[{"not_picked":["Shockwave","Shrug It Off"],"picked":"Iron Wave","floor":1},{"not_picked":["Entrench","Run Through"],"picked":"Body Slam","floor":3},{"not_picked":["Dual Wield","Pommel Strike"],"picked":"ReplayTheSpireMod:Strike From Hell","floor":4},{"not_picked":["Warcry","True Grit"],"picked":"Wild Strike","floor":6},{"not_picked":["Clothesline","Wild Strike"],"picked":"Disarm","floor":8},{"not_picked":["Armaments","ICR:Frenzy"],"picked":"Dual Wield","floor":11},{"not_picked":["Infernal Blade","Wild Strike"],"picked":"Perfected Strike","floor":13},{"not_picked":["Hemogenesis","Reaper"],"picked":"Feed","floor":16},{"not_picked":["Life Link","Sword Boomerang"],"picked":"Thunderclap","floor":18},{"not_picked":["True Grit","Body Slam"],"picked":"Headbutt","floor":20},{"not_picked":["Replay:Undeath\u0027s Touch","Armaments"],"picked":"Perfected Strike","floor":22},{"not_picked":["Battle Trance+1","Run Through"],"picked":"Juggernaut","floor":24},{"not_picked":["Clothesline","Blood for Blood"],"picked":"Clash+1","floor":27},{"not_picked":["Defy Death","Run Through"],"picked":"Thunderclap+1","floor":28},{"not_picked":["Anger","Body Slam"],"picked":"Wild Strike+1","floor":29},{"not_picked":["Run Through","True Grit"],"picked":"Sword Boomerang","floor":32},{"not_picked":["Flex+1","Combust"],"picked":"Demonic Infusion","floor":33}],"player_experience":260563,"relics_obtained":[{"floor":6,"key":"reliquary:PartyBalloon"},{"floor":9,"key":"Lantern"},{"floor":24,"key":"King of Hearts"},{"floor":26,"key":"Mirror"},{"floor":27,"key":"Torii"}],"event_choices":[{"damage_healed":0,"gold_gain":0,"player_choice":"Take Damage","damage_taken":20,"relics_obtained":["Golden Idol"],"max_hp_gain":0,"max_hp_loss":0,"event_name":"Golden Idol","floor":2,"gold_loss":0},{"damage_healed":0,"gold_gain":0,"player_choice":"Damaged","damage_taken":8,"max_hp_gain":0,"max_hp_loss":0,"event_name":"Wheel of Change","floor":5,"gold_loss":0},{"damage_healed":0,"gold_gain":0,"cards_transformed":["Body Slam"],"player_choice":"Transformed","damage_taken":0,"max_hp_gain":0,"max_hp_loss":0,"event_name":"Transmorgrifier","floor":19,"gold_loss":0,"cards_obtained":["Cleave"]}],"is_beta":false,"boss_relics":[{"not_picked":["Kintsugi","infinitespire:Burning Sword"],"picked":"Astrolabe"}],"items_purged_floors":[],"is_endless":false,"potions_floor_spawned":[1,4,6,24,27,28,33],"killed_by":"Collector","ascension_level":0}}