{"host":"krw8kyiy0um8ye49","time":1612695808,"event":{"mods":["BaseMod","Minty Spire (QoL Compilation)","StSLib","The Runesmith"],"gold_per_floor":[109,109,184,196,196,237,237,412,412,412,431,431,472,497,497,497,497],"floor_reached":16,"language":"ENG","playtime":637,"items_purged":[],"score":111,"play_id":"27270ae7-525a-4b8b-9904-ebb29ca3e6b2","local_time":"20210207120328","is_ascension_mode":true,"campfire_choices":[{"data":"Feed","floor":10,"key":"SMITH"},{"floor":12,"key":"REST"},{"data":"Armaments","floor":15,"key":"SMITH"}],"circlet_count":0,"master_deck":["Strike_R","Strike_R","Strike_R","Strike_R","Strike_R","Defend_R","Defend_R","Defend_R","Defend_R","Bash","Inflame","Twin Strike","Feed+1","Doubt","Armaments+1","Shockwave"],"relics":["Burning Blood","Calipers","Golden Idol","Tiny Chest","Self Forming Clay","Ornamental Fan","Nunchaku"],"acts_visited":["Exordium"],"potions_floor_usage":[13,16],"damage_taken":[{"damage":5,"enemies":"Jaw Worm","floor":1,"turns":4},{"damage":0,"enemies":"2 Louse","floor":4,"turns":3},{"damage":41,"enemies":"Lagavulin","floor":6,"turns":6},{"damage":10,"enemies":"Small Slimes","floor":11,"turns":3},{"damage":14,"enemies":"Gremlin Nob","floor":13,"turns":4},{"damage":34,"enemies":"The Guardian","floor":16,"turns":11}],"seed_played":"7206841533328296289","potions_obtained":[{"floor":4,"key":"EssenceOfSteel"},{"floor":11,"key":"ColorlessPotion"}],"is_trial":false,"path_per_floor":["M","?","?","M","?","E","$","?","T","R","M","R","E","T","R","B"],"character_chosen":"IRONCLAD","items_purchased":[],"campfire_rested":1,"item_purchase_floors":[],"current_hp_per_floor":[57,57,46,52,52,17,17,17,17,17,17,40,32,32,32,0,0],"gold":497,"neow_bonus":"ONE_RARE_RELIC","is_daily":false,"chose_seed":false,"campfire_upgraded":2,"win_rate":0.0,"timestamp":1612695808,"path_taken":["M","?","?","M","?","E","?","?","T","R","?","R","E","?","R","BOSS"],"items_purchased_type":[],"build_version":"2020-12-22","purchased_purges":0,"victory":false,"max_hp_per_floor":[80,80,80,80,74,74,74,74,74,74,78,78,78,78,78,78,78],"card_choices":[{"not_picked":["Sword Boomerang","Warcry"],"picked":"Inflame","floor":1},{"not_picked":["Warcry","Thunderclap"],"picked":"Twin Strike","floor":4},{"not_picked":["Whirlwind","Armaments"],"picked":"Feed","floor":6},{"not_picked":["Thunderclap","Clash"],"picked":"Armaments","floor":11},{"not_picked":["Disarm","Rampage"],"picked":"Shockwave","floor":13}],"player_experience":160667,"relics_obtained":[{"floor":6,"key":"Tiny Chest"},{"floor":9,"key":"Self Forming Clay"},{"floor":13,"key":"Ornamental Fan"},{"floor":14,"key":"Nunchaku"}],"event_choices":[{"damage_healed":0,"gold_gain":0,"player_choice":"Leave","damage_taken":0,"max_hp_gain":0,"max_hp_loss":0,"event_name":"The Cleric","floor":2,"gold_loss":0},{"damage_healed":0,"gold_gain":75,"player_choice":"Gather Gold","damage_taken":11,"max_hp_gain":0,"max_hp_loss":0,"event_name":"World of Goop","floor":3,"gold_loss":0},{"damage_healed":0,"gold_gain":0,"player_choice":"Lose Max HP","damage_taken":0,"relics_obtained":["Golden Idol"],"max_hp_gain":0,"max_hp_loss":6,"event_name":"Golden Idol","floor":5,"gold_loss":0},{"damage_healed":0,"gold_gain":175,"player_choice":"AGREE","damage_taken":0,"max_hp_gain":0,"max_hp_loss":0,"event_name":"Liars Game","floor":8,"gold_loss":0,"cards_obtained":["Doubt"]}],"is_beta":false,"boss_relics":[],"items_purged_floors":[],"is_endless":false,"potions_floor_spawned":[4,11],"killed_by":"The Guardian","ascension_level":1}}