{"host":"tm3ghj8mno6gwywm","time":1612711295,"event":{"mods":["2.2 Compatiblity","AchievementEnabler","Bard","BaseMod","Beaked The Cultist","Better Third Choice","Colored Map","Colored Powertips","Conspire","Downfall","Glutton Mod","GungeonMod","Halation","Hermit","Hubris","Infinite Spire","Jorbs\u0027s Wanderer Trilogy","Mad Scientist","Marisa????????","Marked Mod","Mimic Mod","Minty Spire (QoL Compilation)","Potionbrewer","Quick Restart","Replay The Spire","Shade Mod","Shop Mod","Somnambulant","Spicy Shops","StSLib","SuperFastMode","The Bug Knight","The Construct","The Cursed","The Disciple","The Hierophant","The IronCluck","The Judge","The Jungle","The Necromancer","The Runesmith","The Servant 0.9.4","egg"],"gold_per_floor":[499,518,533,228,228,239,239,239,239,264,274,290,90,124,144,4,15,118,118,18,34,54,69,10,37,62,73,73,51,51,64,64,77,89,186,186,186,201,215,225,121,121,147,159,159,25,54,54,68,93,110,110,110,145,22,22,22,29],"floor_reached":59,"language":"ENG","playtime":2645,"items_purged":[],"score":1485,"play_id":"e51d3db8-3fb6-430e-86ed-ed13cef725a2","local_time":"20210207102135","is_ascension_mode":false,"campfire_choices":[{"floor":1,"key":"RECALL"},{"floor":13,"key":"REST"},{"data":"Guardian:TwinSlam","floor":20,"key":"SMITH"},{"floor":30,"key":"REST"},{"floor":32,"key":"REST"},{"data":"Guardian:CurlUp","floor":37,"key":"SMITH"},{"data":"Guardian:Defend_Guardian","floor":42,"key":"SMITH"},{"floor":56,"key":"REST"}],"circlet_count":0,"master_deck":["Guardian:Strike_Guardian+1","Guardian:Strike_Guardian+1","Guardian:Strike_Guardian+1","Guardian:Strike_Guardian+1","Guardian:Defend_Guardian","Guardian:Defend_Guardian","Guardian:Defend_Guardian","Guardian:Defend_Guardian+1","Guardian:CurlUp+1","Guardian:TwinSlam+1","Guardian:BronzeArmor+1","Guardian:SpikerProtocol+1","Guardian:VentSteam+1","Guardian:DecasProtection+1","Guardian:DonusPower+1","Guardian:PrimingBeam+1","Guardian:PolyBeam+1","Guardian:Repulse+1","Guardian:EvasiveProtocol+1","Guardian:RollAttack+1","Guardian:PrismaticBeam+1","Guardian:VentSteam+1","Guardian:PrimingBeam+1","Guardian:BronzeOrb+1","expansioncontent:DashGenerateEvil+1","Guardian:WalkerClaw+1","Guardian:BaubleBeam+1","Guardian:Planning+1","Guardian:CrystalBeam+1","Guardian:Gem_Orange","Parasite","Guardian:WalkerClaw+1","Guardian:AncientConstruct+1","Guardian:Planning+1","Guardian:PrimingBeam+1"],"relics":["Guardian:ModeShifter","Membership Card","Quantum Egg","Frozen Egg 2","Toxic Egg 2","Molten Egg 2","Black Star","Mummified Hand","Lizard Tail","WingedGreaves","Old Coin","hubris:CuriousFeather","Replay:Baseball","DemoMod:WhiteGuonStone","StrikeDummy","downfall:HeartBlessingRed","downfall:HeartBlessingBlue","potionbrewer:RamsHorn","downfall:HeartBlessingGreen","Replay:Lucky Slots","sneckomod:BlankCard","infinitespire:CursedDice","Centennial Puzzle","DemoMod:ClearGuonStone","infinitespire:ShieldingShard","infinitespire:Beetle Shell","construct:ClawGrip","Guardian:BottledStasis","Guardian:PickAxe","Shuriken","Guardian:PocketSentry","champ:DuelingGlove","infinitespire:Lucky Rock","potionbrewer:AlchemistFlask","Replay:Bottled Eggs","conspire:Dentures"],"acts_visited":["Exordium","TheCity","TheBeyond","TheEnding"],"potions_floor_usage":[10,18,24,57,58,58],"damage_taken":[{"damage":1,"enemies":"Cultist","floor":2,"turns":5},{"damage":2,"enemies":"2 Louse","floor":3,"turns":4},{"damage":0,"enemies":"downfall:FleeingMerchant","floor":4,"turns":4},{"damage":7,"enemies":"infinitespire:Voidling","floor":6,"turns":4},{"damage":6,"enemies":"3 Sentries","floor":10,"turns":10},{"damage":6,"enemies":"Exordium Thugs","floor":11,"turns":5},{"damage":11,"enemies":"Red Slaver","floor":12,"turns":3},{"damage":0,"enemies":"Gremlin Nob","floor":14,"turns":4},{"damage":9,"enemies":"Blue Slaver","floor":15,"turns":3},{"damage":0,"enemies":"downfall:FleeingMerchant","floor":16,"turns":4},{"damage":0,"enemies":"Red Slaver","floor":17,"turns":3},{"damage":12,"enemies":"DF_ARCHETYPE_STREAMLINE","floor":18,"turns":7},{"damage":2,"enemies":"Shell Parasite","floor":21,"turns":4},{"damage":10,"enemies":"Centurion and Healer","floor":22,"turns":6},{"damage":1,"enemies":"Snake Plant","floor":23,"turns":3},{"damage":8,"enemies":"downfall:FleeingMerchant","floor":24,"turns":5},{"damage":19,"enemies":"Book of Stabbing","floor":25,"turns":6},{"damage":18,"enemies":"Sentry and Sphere","floor":27,"turns":5},{"damage":17,"enemies":"downfall:FleeingMerchant","floor":29,"turns":3},{"damage":0,"enemies":"Shelled Parasite and Fungi","floor":31,"turns":2},{"damage":0,"enemies":"conspire:HollyBat","floor":33,"turns":6},{"damage":0,"enemies":"Centurion and Healer","floor":34,"turns":3},{"damage":14,"enemies":"SI_MIRROR_ARCHETYPE","floor":35,"turns":6},{"damage":0,"enemies":"3 Darklings","floor":38,"turns":5},{"damage":0,"enemies":"Orb Walker","floor":39,"turns":3},{"damage":0,"enemies":"Sphere and 2 Shapes","floor":40,"turns":4},{"damage":0,"enemies":"Transient","floor":44,"turns":5},{"damage":0,"enemies":"beaked:SuperParasite","floor":47,"turns":5},{"damage":0,"enemies":"Writhing Mass","floor":49,"turns":3},{"damage":0,"enemies":"Nemesis","floor":50,"turns":3},{"damage":0,"enemies":"Sphere and 2 Shapes","floor":51,"turns":3},{"damage":0,"enemies":"WA_ARCHETYPE_DIVINITY","floor":52,"turns":6},{"damage":44,"enemies":"downfall:CharBossMerchant","floor":54,"turns":8},{"damage":28,"enemies":"downfall:NeowBoss","floor":57,"turns":12},{"damage":10,"enemies":"downfall:NeowBossFinal","floor":58,"turns":9}],"seed_played":"6006650811716023845","potions_obtained":[{"floor":5,"key":"potionbrewer:QuicksilverPotion"},{"floor":5,"key":"Explosive Potion"},{"floor":5,"key":"LiquidMemories"},{"floor":27,"key":"ColorlessPotion"},{"floor":31,"key":"potionbrewer:CleansingPotion"}],"is_trial":false,"path_per_floor":["R_BF","M","M","$","?","M","PTL","PTL","T","E","M","M","R","E","M","$","M","B",null,"R","M","M","M","$","E","T","M","?","$","R","M","R","M","M","B",null,"R","M","M","M","$","R","T","M","R","$","E","R","M","E","M","B",null,"E","$","R","B","B",null],"character_chosen":"GUARDIAN","items_purchased":["hubris:CuriousFeather","Guardian:SpikerProtocol+1","Guardian:VentSteam+1","Replay:Baseball","Guardian:Gem_Lightblue","Guardian:EvasiveProtocol+1","Guardian:Gem_Crimson","Guardian:RollAttack+1","Replay:Lucky Slots","DemoMod:ClearGuonStone","infinitespire:ShieldingShard","infinitespire:Beetle Shell","expansioncontent:DashGenerateEvil","Guardian:Gem_White","Guardian:BottledStasis","Shuriken","Guardian:Gem_Cyan","conspire:Dentures"],"campfire_rested":4,"item_purchase_floors":[4,4,4,4,16,16,16,16,24,29,29,29,29,41,41,46,46,55],"current_hp_per_floor":[80,79,77,77,77,77,77,77,77,71,65,54,90,90,81,81,81,69,90,90,88,78,77,69,50,50,32,32,15,42,42,69,69,69,55,90,90,90,90,90,90,90,90,90,90,90,90,90,90,90,90,90,90,46,46,73,45,35],"gold":29,"neow_bonus":"HUNDRED_GOLD","is_daily":false,"chose_seed":false,"campfire_upgraded":3,"win_rate":0.0,"timestamp":1612711295,"path_taken":["R_BF","M","?","$","?","M","PTL","PTL","T","E","M","M","R","E","M","$","M","BOSS","R","M","M","M","$","E","T","M","?","$","R","?","R","M","M","BOSS","R","M","M","M","$","R","T","M","R","$","E","R","M","E","M","BOSS","E","$","R","BOSS","BOSS"],"items_purchased_type":["Relic","Card","Card","Relic","Card","Card","Card","Card","Relic","Relic","Relic","Relic","Card","Card","Relic","Relic","Card","Relic"],"build_version":"2020-12-22","purchased_purges":0,"victory":true,"max_hp_per_floor":[80,80,80,80,80,80,80,80,80,80,80,80,90,90,90,90,90,90,90,90,90,90,90,90,90,90,90,90,90,90,90,90,90,90,90,90,90,90,90,90,90,90,90,90,90,90,90,90,90,90,90,90,90,90,90,90,90,90],"card_choices":[{"not_picked":["Guardian:CrystalBeam+1","Guardian:PrismaticBeam+1"],"picked":"Guardian:Gem_Purple","floor":2},{"not_picked":["Guardian:DonusPower+1","Guardian:Clone+1"],"picked":"Guardian:BronzeArmor+1","floor":3},{"not_picked":["Guardian:Recover+1","Guardian:TimeCapacitor+1"],"picked":"Guardian:Gem_Cyan","floor":4},{"not_picked":["Guardian:Incinerate+1","Guardian:TimeBomb+1"],"picked":"Guardian:DecasProtection+1","floor":6},{"not_picked":["Guardian:StasisField+1","Guardian:BronzeArmor+1"],"picked":"Guardian:DonusPower+1","floor":10},{"not_picked":["Guardian:Repulse+1","Guardian:GuardianWhirl+1"],"picked":"Guardian:PrimingBeam+1","floor":11},{"not_picked":["Guardian:ShieldCharger+1","Guardian:TemporalStrike+1"],"picked":"Guardian:Gem_Purple","floor":12},{"not_picked":["Guardian:TemporalShield+1","Guardian:Repulse+1"],"picked":"Guardian:Gem_Crimson","floor":14},{"not_picked":["Guardian:DecasProtection+1","Guardian:VentSteam+1"],"picked":"Guardian:PolyBeam+1","floor":15},{"not_picked":["Guardian:FuturePlans+1","Guardian:Preprogram+1"],"picked":"Guardian:Repulse+1","floor":16},{"not_picked":["Guardian:TemporalStrike+1","Guardian:ShieldCharger+1"],"picked":"Guardian:Gem_Fragmented","floor":17},{"not_picked":["Guardian:Gem_Synthetic","Guardian:AncientConstruct+1"],"picked":"Guardian:Gem_Orange","floor":18},{"not_picked":["Guardian:Gem_Lightblue","Guardian:ChargeCore+1"],"picked":"Guardian:Gem_Green","floor":21},{"not_picked":["Guardian:RollAttack+1","Guardian:FloatingOrbs+1"],"picked":"Guardian:PrismaticBeam+1","floor":22},{"not_picked":["Guardian:ShieldSpikes+1","Guardian:ArmoredProtocol+1"],"picked":"Guardian:Gem_Orange","floor":23},{"not_picked":["Guardian:ShieldCharger+1","Guardian:ConstructionForm+1"],"picked":"Guardian:VentSteam+1","floor":24},{"not_picked":["Guardian:ChargeCore+1","Guardian:TimeCapacitor+1"],"picked":"Guardian:PrimingBeam+1","floor":25},{"not_picked":["Guardian:Reroute+1","Guardian:PrimingBeam+1"],"picked":"Guardian:BronzeOrb+1","floor":27},{"not_picked":["Guardian:ShieldCharger+1","Guardian:Gem_Yellow"],"picked":"Guardian:Gem_Crimson","floor":29},{"not_picked":["Guardian:Incinerate+1","Guardian:CrystalBeam+1"],"picked":"Guardian:WalkerClaw+1","floor":31},{"not_picked":["Guardian:Gem_Lightblue","Guardian:SentryBeam+1"],"picked":"Guardian:Gem_Cyan","floor":33},{"not_picked":["Guardian:SpikerProtocol+1","Guardian:ShieldCharger+1"],"picked":"Guardian:Gem_Lightblue","floor":34},{"not_picked":["Guardian:AncientConstruct+1","Guardian:CompilePackage+1"],"picked":"Guardian:BaubleBeam+1","floor":35},{"not_picked":["Guardian:ArmoredProtocol+1","Guardian:PiercingHide+1"],"picked":"Guardian:Gem_Lightblue","floor":38},{"not_picked":["Guardian:RollAttack+1","Guardian:ChargeCore+1"],"picked":"Guardian:Planning+1","floor":39},{"not_picked":["Guardian:BronzeArmor+1","Guardian:Recover+1"],"picked":"Guardian:CrystalBeam+1","floor":40},{"not_picked":["Guardian:Orbwalk+1","Guardian:Gem_Cyan"],"picked":"Guardian:Gem_Green","floor":44},{"not_picked":["Guardian:DecasProtection+1","Guardian:ChargeUp+1"],"picked":"Guardian:Gem_Yellow","floor":47},{"not_picked":["Guardian:Gem_Lightblue","Guardian:GuardianWhirl+1"],"picked":"Guardian:WalkerClaw+1","floor":49},{"not_picked":["Guardian:Gem_Purple","Guardian:Incinerate+1"],"picked":"Guardian:AncientConstruct+1","floor":50},{"not_picked":["Guardian:Incinerate+1","Guardian:WalkerClaw+1"],"picked":"Guardian:Planning+1","floor":51},{"not_picked":["Guardian:Gem_Cyan","Guardian:CrystalBeam+1"],"picked":"Guardian:PrimingBeam+1","floor":54}],"player_experience":864840,"relics_obtained":[{"floor":10,"key":"DemoMod:WhiteGuonStone"},{"floor":10,"key":"StrikeDummy"},{"floor":14,"key":"potionbrewer:RamsHorn"},{"floor":25,"key":"sneckomod:BlankCard"},{"floor":25,"key":"infinitespire:CursedDice"},{"floor":26,"key":"Centennial Puzzle"},{"floor":43,"key":"Guardian:PickAxe"},{"floor":47,"key":"Guardian:PocketSentry"},{"floor":50,"key":"champ:DuelingGlove"},{"floor":50,"key":"infinitespire:Lucky Rock"},{"floor":54,"key":"potionbrewer:AlchemistFlask"},{"floor":54,"key":"Replay:Bottled Eggs"}],"event_choices":[{"damage_healed":0,"gold_gain":0,"player_choice":"Got Potions","damage_taken":0,"max_hp_gain":0,"max_hp_loss":0,"event_name":"Lab","floor":5,"gold_loss":0}],"is_beta":false,"boss_relics":[{"not_picked":["halation:ForbiddenBikini","Replay:Ancient Bell","ReplayTheSpireMod:SealedPack"]},{"not_picked":["hubris:TerracottaHorce","hubris:RunicObelisk"],"picked":"construct:ClawGrip"}],"items_purged_floors":[],"is_endless":false,"potions_floor_spawned":[10,11,14,15,21,27,31,33,47,49,51],"ascension_level":0}}