{"host":"0ueeacaatm8t6jyh","time":1612702602,"event":{"mods":["AchievementEnabler","BaseMod","Colored Powertips","Minty Spire (QoL Compilation)","Quick Restart","Rare Cards Sparkle","Shop Mod","StSLib"],"gold_per_floor":[216,56,131,131,146,176,192,202,229,229,229,275,286,78,308,320,320,320,320,320],"floor_reached":19,"language":"ZHS","playtime":561,"items_purged":["Defend_P"],"score":241,"play_id":"334eb547-a369-4de2-9676-d6741c773a18","local_time":"20210207205642","is_ascension_mode":true,"campfire_choices":[{"floor":11.0,"key":"REST"},{"floor":17.0,"key":"REST"},{"data":"LessonLearned","floor":18.0,"key":"SMITH"}],"circlet_count":0,"master_deck":["AscendersBane","Strike_P","Strike_P+1","Strike_P+1","Strike_P","Defend_P","Defend_P+1","Defend_P+1","Eruption+1","Vigilance","InnerPeace+1","LessonLearned+1","Fasting2+1","BowlingBash+1"],"relics":["PureWater","Frozen Egg 2","Damaru","Gremlin Horn","Vajra","Old Coin"],"acts_visited":[],"potions_floor_usage":[19],"damage_taken":[{"damage":0.0,"enemies":"Jaw Worm","floor":1.0,"turns":3.0},{"damage":0.0,"enemies":"Small Slimes","floor":5.0,"turns":2.0},{"damage":27.0,"enemies":"Lagavulin","floor":6.0,"turns":6.0},{"damage":7.0,"enemies":"Cultist","floor":7.0,"turns":3.0},{"damage":1.0,"enemies":"Exordium Thugs","floor":8.0,"turns":2.0},{"damage":6.0,"enemies":"Gremlin Nob","floor":9.0,"turns":3.0},{"damage":7.0,"enemies":"Looter","floor":13.0,"turns":4.0},{"damage":18.0,"enemies":"Red Slaver","floor":16.0,"turns":4.0},{"damage":27,"enemies":"Hexaghost","floor":19,"turns":4}],"seed_played":"-29614389868365741","potions_obtained":[{"floor":1.0,"key":"SteroidPotion"},{"floor":5.0,"key":"Energy Potion"},{"floor":6.0,"key":"SteroidPotion"}],"is_trial":false,"path_per_floor":["M","$","?","?","M","E","M","M","E","T","R","T","M","$","?","M","R","R","B"],"character_chosen":"WATCHER","items_purchased":["LessonLearned","BowlingBash","LiquidBronze"],"campfire_rested":2,"item_purchase_floors":[2,14,14],"current_hp_per_floor":[61,61,50,50,50,23,16,15,9,9,29,29,22,22,22,4,24,24,0,0],"gold":320,"neow_bonus":"HUNDRED_GOLD","is_daily":false,"chose_seed":false,"campfire_upgraded":1,"win_rate":0.0,"timestamp":1612702602,"path_taken":["M","$","?","?","M","E","?","M","E","T","R","?","M","$","?","M","R","R","BOSS"],"items_purchased_type":["Card","Card","Potion"],"build_version":"2020-12-22","purchased_purges":1,"victory":false,"max_hp_per_floor":[68,68,68,68,68,68,68,68,68,68,68,68,68,68,68,68,68,68,68,68],"card_choices":[{"not_picked":["Pray","JustLucky"],"picked":"InnerPeace","floor":1.0},{"not_picked":["ThirdEye","SashWhip","Worship"],"picked":"SKIP","floor":5.0},{"not_picked":["Weave","ClearTheMind","Evaluate"],"picked":"SKIP","floor":6.0},{"not_picked":["Crescendo","SashWhip","Pray"],"picked":"SKIP","floor":7.0},{"not_picked":["InnerPeace","Prostrate","FlurryOfBlows"],"picked":"SKIP","floor":8.0},{"not_picked":["Prostrate","TalkToTheHand"],"picked":"Fasting2+1","floor":9.0},{"not_picked":["SashWhip","WindmillStrike","Halt"],"picked":"SKIP","floor":13.0},{"not_picked":["Crescendo","ReachHeaven","Weave"],"picked":"SKIP","floor":16.0}],"player_experience":507008,"relics_obtained":[{"floor":6.0,"key":"Frozen Egg 2"},{"floor":9.0,"key":"Damaru"},{"floor":10.0,"key":"Gremlin Horn"},{"floor":12.0,"key":"Vajra"}],"event_choices":[{"damage_healed":0.0,"max_hp_gain":0.0,"max_hp_loss":0.0,"gold_gain":75.0,"event_name":"World of Goop","player_choice":"Gather Gold","floor":3.0,"gold_loss":0.0,"damage_taken":11.0},{"damage_healed":0.0,"max_hp_gain":0.0,"max_hp_loss":0.0,"gold_gain":0.0,"event_name":"Upgrade Shrine","player_choice":"Upgraded","floor":4.0,"gold_loss":0.0,"damage_taken":0.0,"cards_upgraded":["Eruption"]},{"damage_healed":0.0,"max_hp_gain":0.0,"max_hp_loss":0.0,"gold_gain":0.0,"event_name":"WeMeetAgain","player_choice":"Paid Gold","floor":15.0,"gold_loss":70.0,"damage_taken":0.0,"relics_obtained":["Old Coin"]}],"is_beta":false,"boss_relics":[],"items_purged_floors":[14],"is_endless":false,"potions_floor_spawned":[1,5,6],"killed_by":"Hexaghost","ascension_level":18}}