{"host":"sgwqwgbtco1nn2mb","time":1612704451,"event":{"mods":["ATMod(°¢èªMod)","Act Like it!","BaseMod","Downfall","Gensokyo","Hermit","Minty Spire (QoL Compilation)","MostiFishMod","Quick Restart","Replay The Spire","RumiaBox-Â¶Ã×æ«µÄÉñÃØºÐ×Ó","StSLib","The Cursed","Waifu the Spire","¡¾¹¦ÄÜMod¡¿»ìãçÖ®»·ÐÞ¸´²¹¶¡","¡¾ÒÅÎï¿¨ÅÆ¡¿REMEMod"],"gold_per_floor":[119,139,64,64,82,109,122,122,122,140,90,108,141,155,155,258,258,295,123,123,156,156,156,218,73,73,88,88,155,155,189,189,292,292,318,344,362,52,79,112,318,373,373,373,385,419,47,64,64,71],"floor_reached":51,"language":"ZHS","playtime":2309,"items_purged":["hermit:Defend_Hermit","hermit:Defend_Hermit+1","ReplayTheSpireMod:Splinters"],"score":941,"play_id":"d14801c7-7b59-4b14-bd6b-c7e62c626f47","local_time":"20210207212731","is_ascension_mode":true,"campfire_choices":[{"data":"hermit:CursedWeapon","floor":8,"key":"SMITH"},{"floor":15,"key":"REST"},{"data":"hermit:Combo","floor":23,"key":"SMITH"},{"floor":32,"key":"RECALL"},{"data":"hermit:Glare","floor":44,"key":"SMITH"},{"floor":49,"key":"REST"}],"circlet_count":0,"master_deck":["hermit:Strike_Hermit+1","hermit:Strike_Hermit+1","hermit:Defend_Hermit+1","hermit:Defend_Hermit+1","hermit:Snapshot+1","hermit:Covet+1","TheCursedMod:Neurasthenia+1","hermit:Dive+1","hermit:GoldenBullet+1","hermit:BlackWind+1","hermit:CursedWeapon+1","hermit:Quickdraw+1","hermit:Glare+1","hermit:Combo+1","hermit:Scavenge+1","hermit:DeadOrAlive+1","hermit:BigShot+1","hermit:RoundhouseKick+1","hermit:FullyLoaded+1","hermit:Adapt+1","hermit:RoundhouseKick+1","CurseOfTheBell","hermit:EyeOfTheStorm+1","hermit:Maintenance+1","hermit:EyeOfTheStorm+1","hermit:Cheat+1","hermit:Glare+1","hermit:Magnum+1","hermit:ShadowCloak+1"],"relics":["hermit:Momento","DaveBox","AT_ATBox","REME_ComplimentaryCards","DSteel32","SynthV:TestCard","AT_GoldPhoenixTree","Snack Pack","GodSword1","hermit:BartenderGlass","Bottled Lightning","SynthV","Meat on the Bone","Enchiridion","ImprovedEquipment","Replay:Wax Seal","MoreBug","Calling Bell","Replay:Rubber Ducky","LastBattle","ArrowTower","Replay:Baseball","Sling","Prayer Wheel","TungstenRod","Molten Egg 2","Dream Catcher","REME_LimitBreaker"],"acts_visited":["Exordium","TheCity","TheBeyond"],"potions_floor_usage":[13,13,18,18,24,24,24,29,29,31,31,33,33,33,36,36,40,40,40,50,50,50,50,50],"damage_taken":[{"damage":6,"enemies":"2 Louse","floor":1,"turns":3},{"damage":0,"enemies":"Cultist","floor":2,"turns":3},{"damage":0,"enemies":"Jaw Worm","floor":5,"turns":3},{"damage":53,"enemies":"Gremlin Nob","floor":6,"turns":6},{"damage":3,"enemies":"2 Fungi Beasts","floor":7,"turns":4},{"damage":0,"enemies":"Looter","floor":10,"turns":1},{"damage":4,"enemies":"Exordium Thugs","floor":12,"turns":3},{"damage":4,"enemies":"Lagavulin","floor":13,"turns":2},{"damage":10,"enemies":"3 Louse","floor":14,"turns":2},{"damage":9,"enemies":"The Guardian","floor":16,"turns":8},{"damage":4,"enemies":"3 Byrds","floor":18,"turns":8},{"damage":13,"enemies":"2 Thieves","floor":21,"turns":3},{"damage":4,"enemies":"Gremlin Leader","floor":24,"turns":3},{"damage":5,"enemies":"Chosen and Byrds","floor":27,"turns":3},{"damage":8,"enemies":"Slavers","floor":29,"turns":3},{"damage":4,"enemies":"Gremlin Leader","floor":31,"turns":1},{"damage":4,"enemies":"Pondfish","floor":33,"turns":4},{"damage":25,"enemies":"3 Shapes","floor":35,"turns":3},{"damage":0,"enemies":"Orb Walker","floor":36,"turns":1},{"damage":0,"enemies":"Sphere and 2 Shapes","floor":37,"turns":2},{"damage":4,"enemies":"Spire Growth","floor":39,"turns":3},{"damage":4,"enemies":"Giant Head","floor":40,"turns":5},{"damage":4,"enemies":"2 Orb Walkers","floor":42,"turns":3},{"damage":5,"enemies":"Transient","floor":45,"turns":5},{"damage":0,"enemies":"R_Hoarder","floor":46,"turns":3},{"damage":5,"enemies":"Writhing Mass","floor":48,"turns":2},{"damage":3,"enemies":"Replay:Hell Engine","floor":50,"turns":5}],"seed_played":"-7269132758733534405","potions_obtained":[{"floor":1,"key":"Swift Potion"},{"floor":5,"key":"BlessingOfTheForge"},{"floor":7,"key":"Milkshake"},{"floor":16,"key":"GamblersBrew"},{"floor":18,"key":"Reflective Coating"},{"floor":27,"key":"Regen Potion"},{"floor":31,"key":"Block Potion"},{"floor":35,"key":"Reflective Coating"},{"floor":45,"key":"hermit:Tonic"},{"floor":48,"key":"Adrenaline Potion"}],"is_trial":false,"path_per_floor":["M","M","$","?","M","E","M","R","T","M","?","M","E","M","R","B",null,"M","$","?","M","?","R","E","$","T","M","?","E","T","E","R","B",null,"M","M","M","$","M","E","?","?","T","R","M","E","$","M","R","B",null],"character_chosen":"HERMIT","items_purchased":["hermit:BigShot","SynthV","Replay:Baseball","Sling","REME_LimitBreaker"],"campfire_rested":2,"item_purchase_floors":[19,25,38,38,47],"current_hp_per_floor":[69,69,69,69,69,16,13,13,13,13,13,11,9,1,23,24,75,75,75,75,64,48,48,46,46,46,43,19,34,34,44,44,53,80,60,62,64,64,62,62,62,60,60,60,70,76,76,75,80,80],"gold":71,"neow_bonus":"REMOVE_CARD","is_daily":false,"chose_seed":false,"campfire_upgraded":3,"win_rate":0.0,"timestamp":1612704451,"path_taken":["M","M","$","?","?","E","M","R","T","?","?","M","E","M","R","BOSS","M","$","?","M","?","R","E","$","T","M","?","E","?","E","R","BOSS","M","M","M","$","M","E","?","?","T","R","M","E","$","M","R","BOSS"],"items_purchased_type":["Card","Relic","Relic","Relic","Relic"],"build_version":"2020-12-22","purchased_purges":3,"victory":true,"max_hp_per_floor":[75,75,75,75,75,75,75,75,75,75,75,75,75,75,75,75,75,75,75,75,75,80,80,80,80,80,80,80,80,80,80,80,80,80,80,80,80,80,80,80,80,80,80,80,80,80,80,80,80,80],"card_choices":[{"not_picked":["hermit:BodyArmor","hermit:TakeAim"],"picked":"hermit:Dive","floor":1},{"not_picked":["hermit:ItchyTrigger","hermit:Quickdraw","hermit:Desperado","hermit:Feint","hermit:BodyArmor"],"picked":"SKIP","floor":2},{"not_picked":["hermit:Glare","hermit:Feint","hermit:Roughhouse","hermit:BodyArmor"],"picked":"hermit:GoldenBullet","floor":5},{"not_picked":["hermit:BodyArmor","hermit:DeadMansHand","hermit:HighCaliber","hermit:LoneWolf"],"picked":"hermit:BlackWind","floor":6},{"not_picked":["hermit:Enervate","hermit:Dive","hermit:LoneWolf","hermit:Misfire"],"picked":"hermit:CursedWeapon","floor":7},{"not_picked":["hermit:Vantage","hermit:LuckOfTheDraw","hermit:Malice","hermit:Midnight"],"picked":"hermit:Quickdraw","floor":10},{"not_picked":["hermit:Snipe","hermit:Ricochet","hermit:Misfire","hermit:Desperado"],"picked":"hermit:Glare","floor":12},{"not_picked":["hermit:Purgatory","hermit:ItchyTrigger","hermit:Roulette","hermit:TrackingShot"],"picked":"hermit:Combo","floor":13},{"not_picked":["hermit:CalledShot","hermit:WideOpen","hermit:Combo","hermit:SprayPray"],"picked":"hermit:Scavenge","floor":14},{"not_picked":["hermit:OverwhelmingPower","hermit:FatalDesire","hermit:BlackWind","hermit:FromBeyond"],"picked":"hermit:DeadOrAlive","floor":16},{"not_picked":["hermit:Dive","hermit:Quickdraw","hermit:TrackingShot+1","hermit:Coalescence+1","hermit:Malice"],"picked":"SKIP","floor":18},{"not_picked":["hermit:CursedWeapon","hermit:PistolWhip","hermit:Desperado","hermit:Virtue","hermit:OverwhelmingPower"],"picked":"SKIP","floor":21},{"not_picked":["hermit:CursedWeapon","hermit:HoleUp","hermit:Headshot","hermit:TakeCover"],"picked":"hermit:RoundhouseKick","floor":24},{"not_picked":["hermit:PistolWhip","hermit:Snipe","hermit:Virtue","hermit:Ricochet+1","hermit:Brawl"],"picked":"SKIP","floor":27},{"not_picked":["hermit:Desperado","hermit:NoHoldsBarred","hermit:Snipe+1","hermit:BodyArmor"],"picked":"hermit:FullyLoaded+1","floor":29},{"not_picked":["hermit:Misfire+1","hermit:EyeOfTheStorm","hermit:Virtue","hermit:Snipe"],"picked":"hermit:Adapt","floor":31},{"not_picked":["hermit:Magnum","hermit:Dissolve","hermit:BlackWind","hermit:Roughhouse"],"picked":"hermit:RoundhouseKick","floor":33},{"not_picked":["hermit:Quickdraw","hermit:Coalescence","hermit:Headshot","hermit:TrackingShot+1"],"picked":"hermit:EyeOfTheStorm","floor":35},{"not_picked":["hermit:LowProfile+1","hermit:TrackingShot+1","hermit:SprayPray+1","hermit:GoldenBullet+1"],"picked":"hermit:Maintenance+1","floor":36},{"not_picked":["hermit:Roulette","hermit:BodyArmor+1","hermit:Combo+1","hermit:FinalCanter","hermit:EyeOfTheStorm"],"picked":"SKIP","floor":37},{"not_picked":["hermit:Misfire+1","hermit:HighCaliber+1","hermit:Dive","hermit:LowProfile","hermit:PistolWhip+1"],"picked":"SKIP","floor":39},{"not_picked":["hermit:Desperado+1","hermit:Headshot+1","hermit:Ricochet","hermit:BlackWind"],"picked":"hermit:EyeOfTheStorm+1","floor":40},{"not_picked":["hermit:NoHoldsBarred","hermit:SprayPray","hermit:Vantage+1","hermit:Showdown+1"],"picked":"hermit:Cheat+1","floor":41},{"not_picked":["hermit:Roulette+1","hermit:WideOpen","hermit:Scavenge+1","hermit:CalledShot"],"picked":"hermit:Glare","floor":42},{"not_picked":["hermit:Vantage","hermit:CalledShot+1","hermit:Manifest+1","hermit:Deadeye+1"],"picked":"hermit:Magnum+1","floor":45},{"not_picked":["hermit:ItchyTrigger+1","hermit:NoHoldsBarred+1","hermit:Dive+1","hermit:Roulette+1","hermit:HighCaliber+1"],"picked":"SKIP","floor":45},{"not_picked":["hermit:Dive+1","hermit:Gestalt+1","hermit:Malice+1","hermit:Vantage+1","hermit:HighCaliber+1"],"picked":"SKIP","floor":46},{"not_picked":["hermit:CalledShot+1","hermit:WideOpen+1","hermit:DeadMansHand","hermit:Virtue","hermit:Desperado+1"],"picked":"SKIP","floor":48},{"not_picked":["hermit:WideOpen+1","hermit:SprayPray+1","hermit:Shortfuse+1","hermit:ShadowCloak+1","hermit:GoldenBullet+1"],"picked":"SKIP","floor":48},{"not_picked":["hermit:LoneWolf","hermit:CursedWeapon+1","hermit:TrackingShot+1","hermit:Glare"],"picked":"hermit:ShadowCloak","floor":49}],"player_experience":513470,"relics_obtained":[{"floor":1,"key":"SynthV:TestCard"},{"floor":6,"key":"AT_GoldPhoenixTree"},{"floor":9,"key":"Snack Pack"},{"floor":13,"key":"GodSword1"},{"floor":24,"key":"Bottled Lightning"},{"floor":26,"key":"Meat on the Bone"},{"floor":28,"key":"Enchiridion"},{"floor":29,"key":"ImprovedEquipment"},{"floor":30,"key":"Replay:Wax Seal"},{"floor":31,"key":"MoreBug"},{"floor":34,"key":"Replay:Rubber Ducky"},{"floor":34,"key":"LastBattle"},{"floor":34,"key":"ArrowTower"},{"floor":40,"key":"Prayer Wheel"},{"floor":42,"key":"TungstenRod"},{"floor":43,"key":"Molten Egg 2"},{"floor":46,"key":"Dream Catcher"}],"event_choices":[{"damage_healed":0,"gold_gain":0,"player_choice":"Upgraded","damage_taken":0,"max_hp_gain":0,"max_hp_loss":0,"event_name":"Upgrade Shrine","floor":4,"gold_loss":0,"cards_upgraded":["hermit:Snapshot"]},{"cards_removed":["hermit:Strike_Hermit"],"damage_healed":0,"gold_gain":0,"player_choice":"Card Removal","damage_taken":0,"max_hp_gain":0,"max_hp_loss":0,"event_name":"The Cleric","floor":11,"gold_loss":50},{"damage_healed":0,"gold_gain":0,"player_choice":"Ignored","damage_taken":0,"max_hp_gain":0,"max_hp_loss":0,"event_name":"Vampires","floor":20,"gold_loss":0},{"damage_healed":0,"gold_gain":0,"player_choice":"Shed Blood","damage_taken":19,"max_hp_gain":5,"max_hp_loss":0,"event_name":"Forgotten Altar","floor":22,"gold_loss":0},{"damage_healed":0,"gold_gain":0,"player_choice":"Obtained Book","damage_taken":16,"max_hp_gain":0,"max_hp_loss":0,"event_name":"Cursed Tome","floor":28,"gold_loss":0},{"damage_healed":0,"gold_gain":0,"player_choice":"Fight","damage_taken":0,"max_hp_gain":0,"max_hp_loss":0,"event_name":"Mysterious Sphere","floor":42,"gold_loss":0}],"is_beta":false,"boss_relics":[{"not_picked":["Velvet Choker","SacredBark"],"picked":"hermit:BartenderGlass"},{"not_picked":["EE1DDrone","hermit:ClaspedLocket"],"picked":"Calling Bell"}],"items_purged_floors":[3,19,47],"is_endless":false,"potions_floor_spawned":[1,5,7,12,16,18,27,31,35,37,45,48],"ascension_level":1}}