{"host":"8d3fefv2347kqkpz","time":1612735885,"event":{"mods":["AchievementEnabler","Act Like it!","Aspiration","BaseMod","Better Vampires","Colored Map","Colored Powertips","Conspire","Downfall","GifTheSpireLib","Highlight Path","Hubris","Mimic Mod","Minty Spire (QoL Compilation)","Quick Restart","Rare Cards Sparkle","Relic Stats","Replay The Spire","Spicy Shops","StSLib","The Jungle","Waifu the Spire"],"gold_per_floor":[99,118,138,138,138,138,206,206,16,48,63,75,107,126,142,142,142,142],"floor_reached":16,"language":"ZHS","playtime":720,"items_purged":["Guardian:Strike_Guardian","Guardian:Defend_Guardian"],"score":112,"play_id":"723fcc2f-5c96-422b-be2f-edee23afc5f8","local_time":"20210208061125","is_ascension_mode":false,"campfire_choices":[{"data":"Guardian:CurlUp","floor":1.0,"key":"SMITH"},{"data":"Guardian:CrystalBeam","floor":6,"key":"SMITH"},{"data":"Guardian:TwinSlam","floor":8,"key":"SMITH"}],"circlet_count":0,"master_deck":["Guardian:Strike_Guardian","Guardian:Strike_Guardian","Guardian:Strike_Guardian","Guardian:Defend_Guardian","Guardian:Defend_Guardian","Guardian:Defend_Guardian","Guardian:CurlUp+1","Guardian:TwinSlam+1","Guardian:CrystalBeam+1","Injury","Guardian:Gem_Red","Guardian:SpikerProtocol","Guardian:GemFinder","Guardian:EvasiveProtocol","Guardian:Gem_Green","Guardian:ExploitGems+1","Guardian:Gem_Cyan","Guardian:DecasProtection+1","Guardian:Gem_Cyan"],"relics":["Guardian:ModeShifter","Toxic Egg 2","hubris:Icosahedron","Kunai","Nunchaku","Happy Flower"],"acts_visited":["Exordium"],"potions_floor_usage":[],"damage_taken":[{"damage":5.0,"enemies":"Small Slimes","floor":2.0,"turns":3.0},{"damage":0.0,"enemies":"2 Louse","floor":3.0,"turns":3.0},{"damage":5,"enemies":"downfall:FleeingMerchant","floor":9,"turns":4},{"damage":34,"enemies":"3 Sentries","floor":10,"turns":10},{"damage":1,"enemies":"Cultist","floor":11,"turns":4},{"damage":0,"enemies":"Large Slime","floor":12,"turns":5},{"damage":24,"enemies":"Lagavulin","floor":13,"turns":8},{"damage":8,"enemies":"Blue Slaver","floor":14,"turns":5},{"damage":9,"enemies":"2 Fungi Beasts","floor":15,"turns":5},{"damage":32,"enemies":"WA_ARCHETYPE_RETAIN","floor":16,"turns":9}],"seed_played":"-3384842461373790653","potions_obtained":[{"floor":2.0,"key":"FearPotion"},{"floor":10,"key":"PowerPotion"},{"floor":15,"key":"FairyPotion"}],"is_trial":false,"path_per_floor":["R","M","M","?","?","R","T","R","$","E","M","M","E","M","M","B"],"character_chosen":"GUARDIAN","items_purchased":[],"campfire_rested":0,"item_purchase_floors":[],"current_hp_per_floor":[88,83,83,83,83,83,83,83,78,44,43,43,19,11,2,0,0,0],"gold":142,"neow_bonus":"TEN_PERCENT_HP_BONUS","is_daily":false,"chose_seed":false,"campfire_upgraded":3,"win_rate":0.0,"timestamp":1612735885,"path_taken":["R","M","M","?","?","R","T","R","$","E","M","M","E","M","M","BOSS"],"items_purchased_type":[],"build_version":"2020-12-22","purchased_purges":2,"victory":false,"max_hp_per_floor":[88,88,88,88,88,88,88,88,88,88,88,88,88,88,88,88,88,88],"relic_stats":{"Nunchaku":[4],"Happy Flower":[6],"counters":[10,56],"Kunai":[2],"obtain_stats":[{"Nunchaku":10,"hubris:Icosahedron":5,"Happy Flower":13,"Guardian:ModeShifter":0,"Kunai":7,"Toxic Egg 2":4},{"Nunchaku":4,"hubris:Icosahedron":2,"Happy Flower":7,"Guardian:ModeShifter":0,"Kunai":2,"Toxic Egg 2":2},{"Nunchaku":20,"hubris:Icosahedron":6,"Happy Flower":37,"Guardian:ModeShifter":0,"Kunai":6,"Toxic Egg 2":6}]},"card_choices":[{"not_picked":["Guardian:BronzeArmor","Guardian:PiercingHide"],"picked":"Guardian:CrystalBeam","floor":2.0},{"not_picked":["Guardian:Planning","Guardian:Reroute"],"picked":"Guardian:Gem_White","floor":3.0},{"not_picked":["Guardian:Reroute","Guardian:RefractedBeam"],"picked":"Guardian:Gem_Red","floor":9},{"not_picked":["Guardian:VentSteam+1","Guardian:CrystalBeam"],"picked":"Guardian:SpikerProtocol","floor":10},{"not_picked":["Guardian:Gem_White","Guardian:Gem_Red"],"picked":"Guardian:GemFinder","floor":11},{"not_picked":["Guardian:Incinerate","Guardian:CrystalBeam"],"picked":"Guardian:EvasiveProtocol","floor":12},{"not_picked":["Guardian:Gem_Lightblue","Guardian:Gem_Cyan"],"picked":"Guardian:Gem_Green","floor":13},{"not_picked":["Guardian:Gem_Purple","Guardian:PrismaticBeam"],"picked":"Guardian:ExploitGems+1","floor":13},{"not_picked":["Guardian:Gem_Green","Guardian:Gem_Red"],"picked":"Guardian:Gem_Cyan","floor":14},{"not_picked":["Guardian:ChargeCore","Guardian:Repulse"],"picked":"Guardian:DecasProtection+1","floor":14},{"not_picked":["Guardian:Gem_Red","Guardian:Gem_Green"],"picked":"Guardian:Gem_Cyan","floor":15},{"not_picked":["Guardian:WalkerClaw","Guardian:Recover+1","Guardian:TimeCapacitor"],"picked":"SKIP","floor":15}],"player_experience":295131,"relics_obtained":[{"floor":7,"key":"Kunai"},{"floor":10,"key":"Nunchaku"},{"floor":13,"key":"Happy Flower"}],"event_choices":[],"is_beta":false,"boss_relics":[],"items_purged_floors":[9,9],"is_endless":false,"potions_floor_spawned":[2,10,15],"killed_by":"WA_ARCHETYPE_RETAIN","ascension_level":0}}