{"host":"z5bn7jsck728mmiq","time":1612670436,"event":{"mods":["BaseMod","Bestiary","DeckTracker","Minty Spire (QoL Compilation)","Permanent Neow","StSLib","Trackpad","Wide Potions"],"gold_per_floor":[114,39,39,58,11,30,49,49,124,162,181,356,375,394,394,394,394],"floor_reached":16,"language":"ENG","playtime":473,"items_purged":["Defend_G"],"score":104,"play_id":"7e11f23a-ef99-4950-b3e7-6f9771c2db12","local_time":"20210206200036","daily_mods":["Heirloom","ControlledChaos","Lethality"],"is_ascension_mode":false,"campfire_choices":[{"data":"PiercingWail","floor":8,"key":"SMITH"},{"floor":15,"key":"REST"}],"circlet_count":0,"master_deck":["Strike_G","Strike_G","Strike_G","Strike_G","Strike_G","Defend_G","Defend_G","Defend_G","Defend_G","Survivor","Neutralize","Prepared","PiercingWail+1","Outmaneuver","Acrobatics","Blur","Deadly Poison","Cloak And Dagger","Doubt","Quick Slash","Adrenaline"],"relics":["Ring of the Snake","Frozen Eye","trackpad:ZombieHeart","Golden Idol","trackpad:DisasterInABottle","Ginger"],"acts_visited":["Exordium"],"potions_floor_usage":[11,16],"damage_taken":[{"damage":2,"enemies":"2 Louse","floor":1,"turns":3},{"damage":3,"enemies":"Jaw Worm","floor":4,"turns":3},{"damage":1,"enemies":"Cultist","floor":6,"turns":2},{"damage":4,"enemies":"Looter","floor":7,"turns":3},{"damage":38,"enemies":"Lagavulin","floor":10,"turns":7},{"damage":12,"enemies":"Gremlin Gang","floor":11,"turns":3},{"damage":1,"enemies":"Red Slaver","floor":13,"turns":3},{"damage":1,"enemies":"Blue Slaver","floor":14,"turns":3},{"damage":46,"enemies":"The Guardian","floor":16,"turns":6}],"seed_played":"8884597751285247366","potions_obtained":[{"floor":6,"key":"LiquidBronze"},{"floor":10,"key":"CultistPotion"},{"floor":11,"key":"Ancient Potion"}],"is_trial":false,"path_per_floor":["M","$","?","M","$","M","M","R","T","E","M","?","M","M","R","B"],"character_chosen":"THE_SILENT","items_purchased":["Outmaneuver"],"campfire_rested":1,"item_purchase_floors":[5],"current_hp_per_floor":[70,70,67,65,65,65,62,62,62,25,17,17,17,17,40,0,0],"gold":394,"neow_bonus":"","is_daily":true,"chose_seed":false,"campfire_upgraded":1,"win_rate":0.0,"timestamp":1612670436,"path_taken":["M","$","?","M","$","M","M","R","T","E","M","?","M","?","R","BOSS"],"items_purchased_type":["Card"],"build_version":"2020-12-22","purchased_purges":1,"victory":false,"max_hp_per_floor":[72,72,67,68,68,69,70,70,70,71,75,75,76,77,77,77,77],"card_choices":[{"not_picked":["Dodge and Roll","Deflect"],"picked":"Prepared","floor":1},{"not_picked":["Dodge and Roll","Flying Knee"],"picked":"PiercingWail","floor":4},{"not_picked":["Quick Slash","Prepared"],"picked":"Acrobatics","floor":6},{"not_picked":["Deflect","Quick Slash"],"picked":"Blur","floor":7},{"not_picked":["Reflex","Underhanded Strike"],"picked":"Deadly Poison","floor":10},{"not_picked":["Predator","Sucker Punch"],"picked":"Cloak And Dagger","floor":11},{"not_picked":["Acrobatics","Prepared"],"picked":"Quick Slash","floor":13},{"not_picked":["Sucker Punch","Slice"],"picked":"Adrenaline","floor":14}],"player_experience":108946,"relics_obtained":[{"floor":9,"key":"trackpad:DisasterInABottle"},{"floor":10,"key":"Ginger"}],"event_choices":[{"damage_healed":0,"gold_gain":0,"player_choice":"Lose Max HP","damage_taken":0,"relics_obtained":["Golden Idol"],"max_hp_gain":0,"max_hp_loss":5,"event_name":"Golden Idol","floor":3,"gold_loss":0},{"damage_healed":0,"gold_gain":175,"player_choice":"AGREE","damage_taken":0,"max_hp_gain":0,"max_hp_loss":0,"event_name":"Liars Game","floor":12,"gold_loss":0,"cards_obtained":["Doubt"]}],"is_beta":false,"boss_relics":[],"items_purged_floors":[2],"is_endless":false,"potions_floor_spawned":[6,10,11],"killed_by":"The Guardian","ascension_level":0}}