{"host":"k85tjwrh7mjrrc9a","time":1612733828,"event":{"mods":["AchievementEnabler","BaseMod","Colored Powertips","Highlight Path","Minty Spire (QoL Compilation)","Rare Cards Sparkle","StSLib"],"gold_per_floor":[119,133,90,90,110,110,145,145,145,164,183,213,213,232,232,232,232],"floor_reached":16,"language":"ENG","playtime":813,"items_purged":[],"score":213,"play_id":"a9bce76e-9b1b-456e-939e-d0588f9524f8","local_time":"20210207163708","is_ascension_mode":true,"campfire_choices":[{"data":"Armaments","floor":6,"key":"SMITH"},{"data":"Evolve","floor":8,"key":"SMITH"},{"floor":13,"key":"REST"},{"data":"Disarm","floor":15,"key":"SMITH"}],"circlet_count":0,"master_deck":["AscendersBane","Strike_R","Strike_R","Strike_R","Strike_R","Strike_R","Defend_R","Defend_R","Defend_R","Defend_R","Bash","Armaments+1","Headbutt","Evolve+1","Cleave","Iron Wave","Pommel Strike","Pommel Strike","Disarm+1"],"relics":["Burning Blood","NeowsBlessing","Blue Candle","Lantern","Singing Bowl"],"acts_visited":["Exordium"],"potions_floor_usage":[4,10,12,12],"damage_taken":[{"damage":0,"enemies":"Cultist","floor":1,"turns":1},{"damage":0,"enemies":"Jaw Worm","floor":2,"turns":1},{"damage":0,"enemies":"Small Slimes","floor":5,"turns":1},{"damage":39,"enemies":"3 Sentries","floor":7,"turns":8},{"damage":9,"enemies":"3 Louse","floor":10,"turns":4},{"damage":12,"enemies":"Looter","floor":11,"turns":3},{"damage":41,"enemies":"Lagavulin","floor":12,"turns":8},{"damage":8,"enemies":"2 Fungi Beasts","floor":14,"turns":3},{"damage":50,"enemies":"Slime Boss","floor":16,"turns":9}],"seed_played":"2504423663370913296","potions_obtained":[{"floor":2,"key":"LiquidBronze"},{"floor":4,"key":"Fruit Juice"},{"floor":4,"key":"DuplicationPotion"},{"floor":10,"key":"BloodPotion"}],"is_trial":false,"path_per_floor":["M","M","$","?","M","R","E","R","T","M","M","E","R","M","R","B"],"character_chosen":"IRONCLAD","items_purchased":["Evolve"],"campfire_rested":1,"item_purchase_floors":[3],"current_hp_per_floor":[74,75,75,80,80,80,47,47,47,44,38,19,43,41,41,0,0],"gold":232,"neow_bonus":"THREE_ENEMY_KILL","is_daily":false,"chose_seed":false,"campfire_upgraded":3,"win_rate":0.0,"timestamp":1612733828,"path_taken":["M","?","$","?","?","R","E","R","T","M","M","E","R","M","R","BOSS"],"items_purchased_type":["Card"],"build_version":"2020-12-22","purchased_purges":0,"victory":false,"max_hp_per_floor":[75,75,75,80,80,80,80,80,80,80,80,80,80,80,80,80,80],"card_choices":[{"not_picked":["Flex","Thunderclap"],"picked":"Armaments","floor":1},{"not_picked":["Headbutt","Carnage","Warcry"],"picked":"SKIP","floor":2},{"not_picked":["Carnage","Warcry"],"picked":"Headbutt","floor":2},{"not_picked":["Searing Blow","Perfected Strike","Sentinel"],"picked":"SKIP","floor":5},{"not_picked":["Thunderclap","Perfected Strike"],"picked":"Cleave","floor":7},{"not_picked":["Warcry","Power Through"],"picked":"Iron Wave","floor":10},{"not_picked":["Berserk","Iron Wave"],"picked":"Pommel Strike","floor":11},{"not_picked":["Sword Boomerang","Warcry"],"picked":"Pommel Strike","floor":12},{"not_picked":["Reckless Charge","Warcry"],"picked":"Disarm","floor":14}],"player_experience":253907,"relics_obtained":[{"floor":7,"key":"Blue Candle"},{"floor":9,"key":"Lantern"},{"floor":12,"key":"Singing Bowl"}],"event_choices":[{"damage_healed":0,"gold_gain":0,"player_choice":"Got Potions","damage_taken":0,"max_hp_gain":0,"max_hp_loss":0,"event_name":"Lab","floor":4,"gold_loss":0}],"is_beta":false,"boss_relics":[],"items_purged_floors":[],"is_endless":false,"potions_floor_spawned":[2,10,11],"killed_by":"Slime Boss","ascension_level":18}}