{"host":"61ejhfsushs0xmcl","time":1612689232,"event":{"mods":["ATMod(阿瑾Mod)","Act Like it!","BaseMod","Colored Map","Gensokyo","Gold Saver","Minty Spire (QoL Compilation)","MostiFishMod","SIMod","Spicy Shops","StSLib","TestMod","The Servant 0.9.4","[IsaacMod]以撒尖塔","【遗物卡牌】REMEMod","篝火指南"],"gold_per_floor":[2897,2897,2897,2394,2468,2493,2493,2521,2521,2521,2555,2571,2602,2622,1498,1657,1657,1699,1916,2166,2246,1076,1183,1227,940,940,940,616,616,658,1012,930,1357,1357,1446,1485,859,1259,1106,1209,1036,1378,1378,1418,1084,1126,1182,1182,1182,1207,1207,1006,550,628,710],"floor_reached":56,"language":"ZHS","playtime":2350,"items_purged":["MostiFishMod:Neptune","Strike_S","Rewind","Rearm","Exchange","Deadline","PendulumOfEternity","KidneyShot","MostiFishMod:TheEndOfMoonlight","Sunlight+1","RealityMarble+1","SoulSculpture+1"],"score":2603,"play_id":"6c22abd6-a539-45da-bfc9-614c6f36f2ee","local_time":"20210207171352","is_ascension_mode":true,"campfire_choices":[{"data":"MostiFishMod:SparklingWater","floor":7.0,"key":"SMITH"},{"data":"SilverBlades","floor":10.0,"key":"SMITH"},{"floor":49.0,"key":"RECALL"}],"circlet_count":0,"master_deck":["MostiFishMod:SparklingWater+1","MostiFishMod:FantasySummer+1","MostiFishMod:NightSea+1","SilverBlades+1","Rearm+1","FlawlessForm+1","SurpressingFire+1","TheWorld+1","Luminosity+1","Dilation+1","Rearm+1","Dilation+1","SilverBlades+1","KillingDoll+1","LightFlow+1","SilverBlades+1","Hightail+1","FloweringNight+1","KillingDoll+1","MostiFishMod:Galeforce+1","BottledTime+1","Luminosity+1","DualDimension+1"],"relics":["Uniform","AT_ATBox","REME_ComplimentaryCards","testmod-TestBox","HushsDoor","testmod-RainbowHikingShoes","Brimstone","SynthV:TestCard","Gensokyo:YoukaiFlower","MoonlightInvasionPlan","Blood Vial","Strawberry","Tiny Chest","AT_ChloranthyRing","The Courier","Matryoshka","testmod-Antiphasic","Lantern","Smiling Mask","Shuriken","Sundial","Lizard Tail","AT_MibuBalloonWealth","SatanicBible","Pandora\u0027s Box","BloodBag","AT_SilvercatRing","Question Card","ImprovedEquipment","Blue Candle","AT_ArcaneBoots","testmod-Justice","testmod-Hope","TheBean","BrkXgEgg","AT_BellDemon","REME_LimitBreaker","AT_SunfireAegis","Civilization","testmod-IndustrialRevolution","GnawedLeaf","BelialBook","AT_ArchangelStaff","Bottled Lightning","REME_DuelDisc","GuppysTail","Darkstone Periapt","testmod-InjuryResistance","Calipers","Medical Kit","Prayer Wheel","BookOfRevelations","Vajra","testmod-ArcanaOfDestiny","CaptainsWheel","Molten Egg 2","Chemical X","Happy Flower","Gremlin Horn","testmod-LifeArmor","Omamori","BookofShadows","SharpPlug","Bag of Marbles","testmod-Brilliant","testmod-IntensifyImprint","SteamSale","Dodecahedron","SalivaCoin","OrangePellets","testmod-AssaultLearning","Pen Nib","Eternal Feather","SynthV:C4"],"acts_visited":["Exordium","Gensokyo:Gensokyo","Gensokyo:Gensokyoer","TheEnding"],"potions_floor_usage":[55,55,55],"damage_taken":[{"damage":11.0,"enemies":"Gensokyo:Python","floor":1.0,"turns":3.0},{"damage":0.0,"enemies":"Gensokyo:Aya","floor":6.0,"turns":2.0},{"damage":0.0,"enemies":"Gensokyo:Mamizou","floor":8.0,"turns":3.0},{"damage":0.0,"enemies":"Gensokyo:Aya","floor":11.0,"turns":1.0},{"damage":0.0,"enemies":"Gensokyo:2_Kodama","floor":12.0,"turns":1.0},{"damage":0.0,"enemies":"Gensokyo:Mamizou","floor":13.0,"turns":4.0},{"damage":0.0,"enemies":"Gensokyo:3_Fairies","floor":14.0,"turns":2.0},{"damage":0.0,"enemies":"Gensokyo:Yukari","floor":16.0,"turns":2.0},{"damage":0.0,"enemies":"Gensokyo:CosmicMonolith","floor":18.0,"turns":1.0},{"damage":0.0,"enemies":"Gensokyo:2_Gloops","floor":19.0,"turns":2.0},{"damage":0.0,"enemies":"Gensokyo:Reisen","floor":23.0,"turns":2.0},{"damage":0.0,"enemies":"Gensokyo:Wraith","floor":24.0,"turns":1.0},{"damage":0.0,"enemies":"Gensokyo:Swordslinger","floor":30.0,"turns":3.0},{"damage":0.0,"enemies":"Gensokyo:Koishi","floor":31.0,"turns":3.0},{"damage":0.0,"enemies":"Gensokyo:Kaguya","floor":33.0,"turns":4.0},{"damage":0.0,"enemies":"Gensokyo:3_Boulders","floor":35.0,"turns":1.0},{"damage":0.0,"enemies":"Gensokyo:AncientGuardian","floor":36.0,"turns":1.0},{"damage":0.0,"enemies":"Gensokyo:Kasen","floor":40.0,"turns":2.0},{"damage":0.0,"enemies":"Gensokyo:AtlasGolem","floor":42.0,"turns":1.0},{"damage":0.0,"enemies":"Gensokyo:SeedOfUnknown","floor":44.0,"turns":1.0},{"damage":0.0,"enemies":"Gensokyo:Rafflesia","floor":46.0,"turns":1.0},{"damage":0.0,"enemies":"Gensokyo:Marisa","floor":47.0,"turns":1.0},{"damage":0,"enemies":"Gensokyo:Scarlet_Devils","floor":50,"turns":3},{"damage":0,"enemies":"Shield and Spear","floor":54,"turns":1},{"damage":0,"enemies":"Delirium","floor":55,"turns":2}],"seed_played":"1537486126260817601","potions_obtained":[{"floor":1.0,"key":"Fire Potion"},{"floor":8.0,"key":"testmod-TimePotion"},{"floor":11.0,"key":"REME_GoldPotion"},{"floor":23.0,"key":"SkillPotion"},{"floor":30.0,"key":"Dexterity Potion"},{"floor":33.0,"key":"GamblersBrew"},{"floor":36.0,"key":"Swift Potion"},{"floor":40.0,"key":"BlessingOfTheForge"},{"floor":54,"key":"Strength Potion"}],"is_trial":false,"path_per_floor":["M","?","?","$","?","E","R","E","T","R","E","M","E","M","R","B",null,"M","M","?","?","$","E","M","R","T","T","COS","?","M","E","R","B",null,"M","M","$","?","COS","E","R","M","T","M","R","M","E","T","R","B",null,"R","$","E","B",null],"character_chosen":"THE_SERVANT","items_purchased":["Blood Vial","Strawberry","SilverBlades","Lantern","Smiling Mask","Shuriken","Sundial","FlawlessForm","SurpressingFire","Lizard Tail","AT_MibuBalloonWealth","SatanicBible","AT_SilvercatRing","Question Card","ImprovedEquipment","Blue Candle","AT_SpeedBoots","testmod-Justice","TheBean","BrkXgEgg","testmod-SpacePotion","SilverBlades","GuppysTail","testmod-SpacePotion","LightFlow","Medical Kit","Prayer Wheel","BookOfRevelations","Vajra","testmod-ArcanaOfDestiny","Chemical X","Omamori","MostiFishMod:Galeforce+1","SteamSale","Luminosity","Dodecahedron","SalivaCoin","OrangePellets","testmod-AssaultLearning","Pen Nib"],"campfire_rested":0,"item_purchase_floors":[4,4,4,15,15,15,15,15,15,15,15,15,22,22,22,22,22,22,25,25,25,32,34,34,34,37,37,37,37,37,41,45,45,52,52,53,53,53,53,53],"current_hp_per_floor":[54,54,54,61,46,48,48,50,50,50,52,54,56,58,20,22,60,62,40,40,25,25,27,29,29,29,29,29,29,32,36,36,41,54,61,68,68,68,68,73,73,78,78,83,83,88,93,93,93,98,98,98,98,103,108],"gold":710,"neow_bonus":"TEN_PERCENT_HP_BONUS","is_daily":false,"chose_seed":false,"campfire_upgraded":2,"win_rate":0.0,"timestamp":1612689232,"path_taken":["M","?","?","$","?","E","R","E","T","R","E","M","E","M","R","BOSS","M","M","?","?","?","E","M","R","T","?","COS","?","M","E","R","BOSS","M","M","$","?","COS","E","R","?","T","M","R","M","E","?","R","BOSS","R","$","E","BOSS"],"items_purchased_type":["Relic","Relic","Card","Relic","Relic","Relic","Relic","Card","Card","Relic","Relic","Relic","Relic","Relic","Relic","Relic","Relic","Relic","Relic","Relic","Potion","Card","Relic","Potion","Card","Relic","Relic","Relic","Relic","Relic","Relic","Relic","Card","Relic","Card","Relic","Relic","Relic","Relic","Relic"],"build_version":"2020-12-22","purchased_purges":12,"victory":true,"max_hp_per_floor":[71,71,71,78,78,78,78,78,78,78,78,78,78,78,78,78,73,73,80,76,76,76,76,76,76,76,76,76,76,77,79,79,82,58,63,68,68,68,68,73,73,78,78,83,83,88,93,93,93,98,98,98,98,103,108],"card_choices":[{"not_picked":[],"picked":"Bomb","floor":0.0},{"not_picked":["Spin","Revamp","ShatteredReality"],"picked":"SKIP","floor":1.0},{"not_picked":["Starlight","Moondial","DoubleEdge","Luminosity"],"picked":"Rearm","floor":6.0},{"not_picked":["Replace","Revamp","Rewind","Alleviate"],"picked":"Sunlight","floor":8.0},{"not_picked":["Alleviate","Sunlight","Spin","Moonlight","Moondial"],"picked":"SKIP","floor":11.0},{"not_picked":["Rewind","Revamp","Defy","Starlight","Ricochet"],"picked":"SKIP","floor":12.0},{"not_picked":["Starlight","BestPractice","Collapse","Contraction","Sabotage"],"picked":"SKIP","floor":13.0},{"not_picked":["WasteNot","Replace","Starlight","GearUp","Gouge"],"picked":"SKIP","floor":14.0},{"not_picked":["SoulSculpture","Duplication","PendulumOfEternity","FlawlessForm"],"picked":"TheWorld","floor":16.0},{"not_picked":["BestPractice","Replace+1","SurpressingFire","Alleviate+1"],"picked":"Rearm+1","floor":18.0},{"not_picked":["Shuttle","Collapse+1","InstantArmor","Moonlight+1","Replace"],"picked":"SKIP","floor":19.0},{"not_picked":["Manipulate","WasteNot+1","DoubleEdge+1","Spin","Orbit+1","TheWorld"],"picked":"SKIP","floor":23.0},{"not_picked":["Revamp","Shuttle","Spin","Rearm","InstantArmor","Replace"],"picked":"SKIP","floor":24.0},{"not_picked":["ShatteredReality+1","Rearm","Potential","Gouge+1","Alleviate+1","Deadline"],"picked":"SKIP","floor":30.0},{"not_picked":["ShatteredReality","Rearm+1","RealityMarble","ForgedInTime+1","Sunlight+1"],"picked":"SoulSculpture+1","floor":31.0},{"not_picked":["Sunlight+1","ForgedInTime+1","LightFlow+1","TrueSight+1","SoulSculpture+1"],"picked":"KillingDoll+1","floor":33.0},{"not_picked":["Starlight+1","Rewind+1","Rearm","ReturningBlade+1","SurpressingFire+1","Unruled"],"picked":"SKIP","floor":35.0},{"not_picked":["MoonPhase+1","SurpressingFire+1","Manipulate+1","Revamp+1","Spin"],"picked":"SilverBlades+1","floor":36.0},{"not_picked":["Rewind+1","Unruled+1","Revamp+1","Shuttle+1","TimeTheft+1"],"picked":"Hightail+1","floor":40.0},{"not_picked":["Moonlight+1","Duplication+1","Replace","StarChef","FastForward+1","Deadline+1"],"picked":"SKIP","floor":40.0},{"not_picked":["Deadline+1","Spin+1","DoubleEdge+1","TimeWarp+1","Defy+1"],"picked":"FloweringNight+1","floor":42.0},{"not_picked":["Contraction+1","Rearm","Collapse+1","Unruled+1","Starlight+1","RealityMarble"],"picked":"SKIP","floor":42.0},{"not_picked":["Dilation","SoulSculpture","SilverMatrix","TheWorld","LightFlow"],"picked":"KillingDoll","floor":44.0},{"not_picked":["Spin+1","WasteNot","DancingSilver+1","Unruled+1","DoubleEdge+1","Snipe+1"],"picked":"SKIP","floor":44.0},{"not_picked":["Alleviate","TimeWarp+1","Sabotage+1","SilverBlades","Ricochet+1","BestPractice+1"],"picked":"SKIP","floor":44.0},{"not_picked":["StarChef","Starlight+1","Misdirection","Spin+1","Rearm+1"],"picked":"BottledTime+1","floor":46.0},{"not_picked":["FloweringNight+1","Defy+1","DoubleEdge+1","Collapse+1","Spin+1","Unruled+1"],"picked":"SKIP","floor":46.0},{"not_picked":["Hightail","Starlight+1","Defy","Rewind+1","Deny+1","RealityMarble"],"picked":"SKIP","floor":47.0},{"not_picked":["Solidify+1","GearUp+1","Shuttle","SurpressingFire","FastForward"],"picked":"DualDimension+1","floor":54}],"player_experience":880711,"relics_obtained":[{"floor":1.0,"key":"SynthV:TestCard"},{"floor":6.0,"key":"Tiny Chest"},{"floor":8.0,"key":"AT_ChloranthyRing"},{"floor":9.0,"key":"The Courier"},{"floor":11.0,"key":"Matryoshka"},{"floor":13.0,"key":"testmod-Antiphasic"},{"floor":23.0,"key":"testmod-Hope"},{"floor":26.0,"key":"AT_BellDemon"},{"floor":26.0,"key":"REME_LimitBreaker"},{"floor":27.0,"key":"AT_SunfireAegis"},{"floor":30.0,"key":"testmod-IndustrialRevolution"},{"floor":31.0,"key":"GnawedLeaf"},{"floor":31.0,"key":"BelialBook"},{"floor":33.0,"key":"Bottled Lightning"},{"floor":35.0,"key":"Darkstone Periapt"},{"floor":36.0,"key":"Calipers"},{"floor":40.0,"key":"CaptainsWheel"},{"floor":40.0,"key":"Molten Egg 2"},{"floor":42.0,"key":"Happy Flower"},{"floor":43.0,"key":"Gremlin Horn"},{"floor":44.0,"key":"testmod-LifeArmor"},{"floor":46.0,"key":"BookofShadows"},{"floor":47.0,"key":"SharpPlug"},{"floor":47.0,"key":"Bag of Marbles"},{"floor":48.0,"key":"testmod-Brilliant"},{"floor":54,"key":"Eternal Feather"},{"floor":54,"key":"SynthV:C4"}],"event_choices":[{"damage_healed":0.0,"max_hp_gain":0.0,"max_hp_loss":0.0,"gold_gain":0.0,"event_name":"给自己的盒子","player_choice":"Swap Relic","floor":3.0,"relics_lost":["DaveBox"],"gold_loss":0.0,"damage_taken":0.0,"relics_obtained":["DaveBox"]},{"damage_healed":0.0,"max_hp_gain":0.0,"max_hp_loss":0.0,"gold_gain":400.0,"event_name":"恩洛斯的盘子","player_choice":"Sell","floor":38.0,"relics_lost":["DaveBox"],"gold_loss":0.0,"damage_taken":0.0}],"is_beta":false,"boss_relics":[{"not_picked":["HereWithMe","xbg"],"picked":"Pandora\u0027s Box"},{"not_picked":[]},{"not_picked":["Astrolabe","testmod-EnergyCheck"],"picked":"REME_DuelDisc"},{"not_picked":[]}],"items_purged_floors":[4,15,17,22,25,32,34,37,41,52,53,53],"is_endless":false,"potions_floor_spawned":[1,8,11,14,23,30,33,36,40,46,47,54],"ascension_level":6}}