{"host":"tgnam0g96qraiyqx","time":1612682230,"event":{"mods":["Always Whale","Arknights","Aspiration","Bartender","BaseMod","BetterRewards","CapriCore","CatGirl Mod","Chen","Colored Map","Colored Powertips","Decade(???)","Dio Mod","Downfall","Ekko","Energized Spire","Fireblade Mod","Glutton Mod","Hermit","HexUI Lib","Highlight Path","HornydragonMod","Hubris","Jorbs\u0027s Wanderer Trilogy","Kalas","KinomotoSakuraMod(????)","Koishi","Kratos Character Expansion","Luminous","Minty Spire (QoL Compilation)","Permanent Neow","Pikachu Mod","Potionbrewer","Prisma Mod","QueenMod","Railgun Mod","Random Character Button","Reimu??????","Replay The Spire","SCP261 Mod","Shade Mod","Shedinja","Shop Mod","Somnambulant","StSLib","The Alterego","The Bladedancer","The Cursed","The Death Knight","The Druid","The Hayseed","The Immortal","The Judge","The Juggle","The Jungle","The Kombatant","The Marked","The Showman","The Warrior","The Wild Card","TheFirefly","TheVacant","Warlord Emblem","[IsaacMod]????"],"gold_per_floor":[99,119,130,230,230,291,371,389,389,421,421,446,446,467,485,596,596,596,616,635,659,687,687,687,706,706,747,747,375,375,375,392,497,497,497,525,548,548,541,601,625,625,659,659,213,235,258,266,266],"floor_reached":48,"language":"FRA","playtime":31513,"items_purged":["PrismaMod:MiyuCommonDefend","PrismaMod:MiyuCommonAttack"],"score":557,"play_id":"12883e3f-fbfe-439e-8ea2-bb69674e35c4","local_time":"20210207081710","is_ascension_mode":false,"campfire_choices":[{"floor":1,"key":"DIG"},{"data":"PrismaMod:MiyuCheapChannelDefend","floor":9,"key":"SMITH"},{"data":"PrismaMod:MiyuUncommonStrBuff","floor":13,"key":"SMITH"},{"data":"PrismaMod:MiyuCommonDefend","floor":18,"key":"PURGE"},{"data":"EpicFetus","floor":23,"key":"SMITH"},{"floor":28,"key":"REST"},{"data":"PrismaMod:MiyuCommonDefend","floor":35,"key":"PURGE"},{"data":"PrismaMod:MiyuUncommonDexBuff","floor":42,"key":"SMITH"},{"floor":44,"key":"REST"}],"circlet_count":0,"master_deck":["PrismaMod:MiyuCommonDefend","PrismaMod:MiyuCommonDefend","PrismaMod:MiyuCommonAttack","PrismaMod:MiyuCommonAttack","PrismaMod:MiyuCommonAttack","PrismaMod:MiyuCommonAttack","PrismaMod:MiyuCheapChannelAttack","PrismaMod:MiyuCheapChannelDefend+1","EpicFetus+1","PrismaMod:MiyuCheapPlate","PrismaMod:MiyuCheapChannelWeak","PrismaMod:MiyuUberAttack","PrismaMod:MiyuUberDefend+1","PrismaMod:MiyuEvokeCheapAttack","PrismaMod:MiyuUncommonStrBuff+1","PrismaMod:MiyuUncommonDexBuff+1","PrismaMod:MiyuEvokeAllDefend","PrismaMod:MiyuUncommonDexBuff","PrismaMod:MiyuUncommonDexBuff","PrismaMod:MiyuUberAttack+1","PrismaMod:MiyuCarnivalDefend","Writhe","PrismaMod:MiyuCarnivalDefend","hubris:Despair","expansioncontent:StudyTheSpire"],"relics":["PrismaMod:PrismaSapphire","HushsDoor","SteamSale","hubris:BottledRain","Blue Candle","ReplayTheSpireMod:TigerMarble","Letter Opener","Tea:ReiMu","Replay:Bandana","Black Star","hubris:Towel","aspiration:Lifesprig","Bottled Tornado","potionbrewer:DrinkingBird","Shovel","Replay:Grab Bag","Cursed Key","Replay:Cursed D8","SlaversCollar","hubris:GlazedTorus","Pen Nib","KratosMod:minohorn","Regal Pillow","Happy Flower"],"acts_visited":["Exordium","theJungle:Jungle","TheBeyond"],"potions_floor_usage":[6,10,16,16,22,33,33,40,43,45,47,48],"damage_taken":[{"damage":5,"enemies":"Jaw Worm","floor":2,"turns":4},{"damage":0,"enemies":"Cultist","floor":3,"turns":3},{"damage":7,"enemies":"Gremlin Nob","floor":6,"turns":4},{"damage":1,"enemies":"2 Louse","floor":8,"turns":3},{"damage":3,"enemies":"Gremlin Nob","floor":10,"turns":5},{"damage":15,"enemies":"Exordium Thugs","floor":12,"turns":5},{"damage":0,"enemies":"3 Louse","floor":14,"turns":4},{"damage":0,"enemies":"Blue Slaver","floor":15,"turns":4},{"damage":0,"enemies":"SI_SHIV_ARCHETYPE","floor":16,"turns":6},{"damage":0,"enemies":"theJungle:GiantWrat","floor":19,"turns":7},{"damage":1,"enemies":"theJungle:Flameango_and_Byrd","floor":20,"turns":6},{"damage":0,"enemies":"theJungle:Lyon","floor":21,"turns":5},{"damage":28,"enemies":"theJungle:2_Flameangoes","floor":22,"turns":4},{"damage":13,"enemies":"theJungle:JungleHuntersEncounter","floor":25,"turns":8},{"damage":15,"enemies":"theJungle:MamaSnecko","floor":27,"turns":8},{"damage":0,"enemies":"downfall:FleeingMerchant","floor":29,"turns":4},{"damage":30,"enemies":"theJungle:SlimyTreeVines","floor":32,"turns":5},{"damage":37,"enemies":"DF_ARCHETYPE_CLAW","floor":33,"turns":8},{"damage":30,"enemies":"3 Shapes","floor":36,"turns":4},{"damage":16,"enemies":"Orb Walker","floor":37,"turns":7},{"damage":5,"enemies":"downfall:FleeingMerchant","floor":39,"turns":4},{"damage":5,"enemies":"downfall:FleeingMerchant","floor":40,"turns":6},{"damage":27,"enemies":"Reptomancer","floor":43,"turns":7},{"damage":6,"enemies":"downfall:FleeingMerchant","floor":45,"turns":4},{"damage":29,"enemies":"Transient","floor":46,"turns":5},{"damage":31,"enemies":"Sphere and 2 Shapes","floor":47,"turns":4},{"damage":32,"enemies":"Spire Growth","floor":48,"turns":2}],"seed_played":"-8866553752744321417","potions_obtained":[{"floor":0,"key":"Ancient Potion"},{"floor":0,"key":"DeathKnight:RimePotion"},{"floor":0,"key":"SCP261:ThunderBarPotion"},{"floor":3,"key":"DuplicationPotion"},{"floor":6,"key":"Dexterity Potion"},{"floor":12,"key":"Energy Potion"},{"floor":14,"key":"Regen Potion"},{"floor":20,"key":"potionbrewer:MidasPotion"},{"floor":25,"key":"Cursed Concoction"},{"floor":27,"key":"potionbrewer:NoxiousPotion"},{"floor":36,"key":"Regen Potion"}],"is_trial":false,"path_per_floor":["R_BF","M","M","?","?","?","T","M","R","E","T","M","R","M","M","B",null,"R_BF","M","M","M","M","R","T","M","?","E","R","$","?","$","M","B",null,"R_BF","M","M","?","$","?","T","R","E","R","$","M","M","M"],"character_chosen":"MIYU","items_purchased":["potionbrewer:DrinkingBird","expansioncontent:StudyTheSpire","Happy Flower"],"campfire_rested":2,"item_purchase_floors":[29,45,45],"current_hp_per_floor":[75,70,70,70,65,62,62,61,61,58,58,47,47,51,51,66,75,75,75,75,75,47,47,47,42,42,35,57,65,65,65,45,16,75,75,45,41,41,44,62,62,62,43,75,74,50,27,0,0],"gold":266,"neow_bonus":"THREE_SMALL_POTIONS","is_daily":false,"chose_seed":false,"campfire_upgraded":4,"win_rate":0.0,"timestamp":1612682230,"path_taken":["R_BF","M","M","?","?","?","T","M","R","E","?","?","R","M","M","BOSS","R_BF","M","M","M","M","R","T","M","?","E","R","$","?","?","M","BOSS","R_BF","M","M","?","?","?","T","R","E","R","$","M","?","M"],"items_purchased_type":["Relic","Card","Relic"],"build_version":"2020-12-22","purchased_purges":2,"victory":false,"max_hp_per_floor":[75,75,75,75,75,75,75,75,75,75,75,75,75,75,75,75,75,75,75,75,75,75,75,75,75,75,75,75,75,75,75,75,75,75,75,75,75,75,75,75,75,75,75,75,75,75,75,75,75],"card_choices":[{"not_picked":[],"picked":"EpicFetus","floor":0},{"not_picked":["PrismaMod:MiyuCheapDefend1","PrismaMod:MiyuDefenseRemoval"],"picked":"PrismaMod:MiyuCheapPlate","floor":0},{"not_picked":["PrismaMod:MiyuCheapChannelDefend","PrismaMod:MiyuCarnivalAttack"],"picked":"PrismaMod:MiyuCheapChannelWeak","floor":2},{"not_picked":["PrismaMod:MiyuEvokeBuffDex","PrismaMod:MiyuCheapAttack2","PrismaMod:MiyuCheapEvoke"],"picked":"SKIP","floor":3},{"not_picked":["PrismaMod:MiyuEvokeCheapAttack","PrismaMod:MiyuEvokeBuffStr"],"picked":"PrismaMod:MiyuUberAttack","floor":4},{"not_picked":["PrismaMod:MiyuEvokeBuffStr","PrismaMod:MiyuCheapChannelRandom"],"picked":"PrismaMod:MiyuUberDefend","floor":6},{"not_picked":["PrismaMod:MiyuEvokeBuffStr","PrismaMod:MiyuEvokeBuffDex","PrismaMod:MiyuCheapChannelHeal"],"picked":"SKIP","floor":8},{"not_picked":["PrismaMod:MiyuUncommonAttack","PrismaMod:MiyuCarnivalAttack"],"picked":"PrismaMod:MiyuEvokeCheapAttack","floor":10},{"not_picked":["Bomb","PrismaMod:MiyuUncommonAOEAttack"],"picked":"PrismaMod:MiyuUncommonStrBuff","floor":12},{"not_picked":["PrismaMod:MiyuUncommonPlate","PrismaMod:MiyuAttackChannelVul","PrismaMod:MiyuCheapChannelAttack"],"picked":"SKIP","floor":14},{"not_picked":["PrismaMod:MiyuMaid","PrismaMod:MiyuUberAOEAttack"],"picked":"PrismaMod:MiyuUncommonDexBuff","floor":15},{"not_picked":["PrismaMod:MiyuDefenseAbsorbMinor","PrismaMod:MiyuEvokeAllAttack"],"picked":"PrismaMod:MiyuEvokeAllDefend","floor":16},{"not_picked":["PrismaMod:MiyuCheapAttack2","PrismaMod:MiyuAttackChannelWeak","PrismaMod:MiyuMaid"],"picked":"SKIP","floor":19},{"not_picked":["PrismaMod:MiyuCheapDefend1+1","PrismaMod:MiyuUberAttack"],"picked":"PrismaMod:MiyuUncommonDexBuff","floor":20},{"not_picked":["PrismaMod:MiyuUncommonAttack","PrismaMod:MiyuCheapPlate"],"picked":"PrismaMod:MiyuUncommonDexBuff","floor":21},{"not_picked":["PrismaMod:MiyuChannelAttackEvoke","PrismaMod:MiyuUncommonPlate","PrismaMod:MiyuCheapChannelHeal"],"picked":"SKIP","floor":22},{"not_picked":["PrismaMod:MiyuCheapEvoke","PrismaMod:MiyuDefenseExplosion"],"picked":"PrismaMod:MiyuUberAttack+1","floor":25},{"not_picked":["PrismaMod:MiyuUncommonDexBuff","PrismaMod:MiyuCheapAttack1"],"picked":"PrismaMod:MiyuCarnivalDefend","floor":27},{"not_picked":["PrismaMod:MiyuMaid","PrismaMod:MiyuEvokeBuffStr+1","PrismaMod:MiyuChannelAttackEvoke"],"picked":"SKIP","floor":29},{"not_picked":["PrismaMod:MiyuUncommonDexBuff","PrismaMod:MiyuCheapChannelRandom","PrismaMod:MiyuCheapAttack1"],"picked":"SKIP","floor":32},{"not_picked":["PrismaMod:MiyuBride","PrismaMod:MiyuCheapDefend2"],"picked":"PrismaMod:MiyuCarnivalDefend","floor":33},{"not_picked":["PrismaMod:MiyuEvokeBuffStr","PrismaMod:MiyuCheapChannelVul+1","PrismaMod:MiyuCheapDefend1+1"],"picked":"SKIP","floor":36},{"not_picked":["PrismaMod:MiyuUberAttack","PrismaMod:MiyuCheapChannelRandom","PrismaMod:MiyuUncommonStrBuff"],"picked":"SKIP","floor":37},{"not_picked":["PrismaMod:MiyuCheapChannelAttack+1","PrismaMod:MiyuUncommonDexBuff+1","PrismaMod:MiyuEvokeAll+1"],"picked":"SKIP","floor":39},{"not_picked":["PrismaMod:MiyuCheapDefend1+1","PrismaMod:MiyuCheapDexBuff+1","PrismaMod:MiyuDefenseAbsorbMinor"],"picked":"SKIP","floor":43},{"not_picked":["PrismaMod:MiyuUncommonAOEAttack","PrismaMod:MiyuCheapDefend1+1","PrismaMod:MiyuCheapEvoke+1"],"picked":"SKIP","floor":45},{"not_picked":["PrismaMod:MiyuEvokeCheapDefend","PrismaMod:MiyuCheapChannelRandom+1","PrismaMod:MiyuEvokeBuffDex"],"picked":"SKIP","floor":46},{"not_picked":["PrismaMod:MiyuCheapAttack1+1","PrismaMod:MiyuDevil","PrismaMod:MiyuUberAOEAttack"],"picked":"SKIP","floor":47}],"player_experience":2833308,"relics_obtained":[{"floor":1,"key":"hubris:BottledRain"},{"floor":6,"key":"ReplayTheSpireMod:TigerMarble"},{"floor":7,"key":"Letter Opener"},{"floor":10,"key":"Tea:ReiMu"},{"floor":11,"key":"Replay:Bandana"},{"floor":27,"key":"aspiration:Lifesprig"},{"floor":27,"key":"Bottled Tornado"},{"floor":40,"key":"hubris:GlazedTorus"},{"floor":41,"key":"Pen Nib"},{"floor":43,"key":"KratosMod:minohorn"},{"floor":43,"key":"Regal Pillow"}],"event_choices":[],"is_beta":false,"boss_relics":[{"not_picked":["Snecko Eye","Pandora\u0027s Box"],"picked":"Black Star"},{"not_picked":[]},{"not_picked":["Honey Jar","energizedSpire:EnergizedDie"],"picked":"Replay:Grab Bag"},{"not_picked":["hubris:TerracottaHorce","hubris:RunicObelisk"],"picked":"Cursed Key"},{"not_picked":["Runic Dome","hubris:CrackedHourglass"],"picked":"Replay:Cursed D8"},{"not_picked":["hubris:ScarierMask","aspiration:IroncladSkillbook"],"picked":"SlaversCollar"},{"not_picked":[]}],"items_purged_floors":[29,45],"is_endless":false,"potions_floor_spawned":[2,3,6,12,14,15,20,25,27,32,36,43,47],"killed_by":"Spire Growth","ascension_level":0}}