{"host":"dhlnk6yox2l1s6up","time":1612729134,"event":{"mods":["BaseMod","Minty Spire (QoL Compilation)","Relic Stats","StSLib","ojb\u0027s Info Mod"],"gold_per_floor":[115,130,130,147,112,140,140,167,191,191,211,211,241,241,241,371,371,394,20,35,50,50,85,105,125,125,125,125],"floor_reached":27,"language":"ENG","playtime":1433,"items_purged":[],"score":417,"play_id":"6379fea8-eceb-4957-bd65-a1fdba5c7d4c","local_time":"20210207141854","is_ascension_mode":true,"campfire_choices":[{"data":"Conserve Battery","floor":7,"key":"SMITH"},{"data":"Zap","floor":10,"key":"SMITH"},{"data":"Loop","floor":15,"key":"SMITH"}],"circlet_count":0,"master_deck":["AscendersBane","Strike_B","Strike_B","Strike_B","Defend_B","Defend_B","Defend_B","Defend_B","Zap+1","Dualcast","Cold Snap","Ball Lightning","Chaos","Conserve Battery+1","Loop+1","Lockon","Doom and Gloom","Leap","Seek","Conserve Battery","Beam Cell","Turbo+1","Coolheaded","Finesse","Glacier+1","Recycle"],"relics":["Cracked Core","Pen Nib","Toy Ornithopter","DataDisk","Potion Belt","Vajra","Happy Flower","Golden Idol","Snecko Eye","Anchor","Bag of Marbles","Mummified Hand","Singing Bowl"],"acts_visited":["Exordium","TheCity"],"potions_floor_usage":[6,13,23],"damage_taken":[{"damage":7,"enemies":"Jaw Worm","floor":1,"turns":3},{"damage":0,"enemies":"2 Louse","floor":2,"turns":2},{"damage":10,"enemies":"Small Slimes","floor":4,"turns":3},{"damage":33,"enemies":"Gremlin Nob","floor":6,"turns":5},{"damage":16,"enemies":"Lagavulin","floor":8,"turns":5},{"damage":0,"enemies":"Looter","floor":11,"turns":2},{"damage":0,"enemies":"Gremlin Nob","floor":13,"turns":2},{"damage":4,"enemies":"Hexaghost","floor":16,"turns":8},{"damage":0,"enemies":"Chosen","floor":18,"turns":3},{"damage":0,"enemies":"Spheric Guardian","floor":20,"turns":3},{"damage":8,"enemies":"Centurion and Healer","floor":21,"turns":7},{"damage":33,"enemies":"Book of Stabbing","floor":23,"turns":6},{"damage":4,"enemies":"Snake Plant","floor":24,"turns":4},{"damage":2,"enemies":"Cultist and Chosen","floor":25,"turns":6},{"damage":14,"enemies":"Gremlin Leader","floor":27,"turns":5}],"seed_played":"7709607704093537738","potions_obtained":[{"floor":2,"key":"Block Potion"},{"floor":6,"key":"SteroidPotion"},{"floor":8,"key":"SkillPotion"},{"floor":18,"key":"DuplicationPotion"},{"floor":23,"key":"Dexterity Potion"}],"is_trial":false,"path_per_floor":["M","M","?","M","?","E","R","E","T","R","M","?","E","?","R","B",null,"M","$","M","M","?","E","M","M","T","E"],"character_chosen":"DEFECT","items_purchased":["Anchor","Bag of Marbles","Swift Potion","Beam Cell"],"campfire_rested":0,"item_purchase_floors":[19,19,19,19],"current_hp_per_floor":[61,61,61,51,69,36,36,20,20,20,20,8,13,13,13,9,54,54,54,54,46,46,18,14,12,12,0,0],"gold":125,"neow_bonus":"RANDOM_COMMON_RELIC","is_daily":false,"chose_seed":false,"campfire_upgraded":3,"win_rate":0.0,"timestamp":1612729134,"path_taken":["M","M","?","M","?","E","R","E","T","R","M","?","E","?","R","BOSS","M","$","M","M","?","E","M","M","T","E"],"items_purchased_type":["Relic","Relic","Potion","Card"],"build_version":"2020-12-22","purchased_purges":0,"victory":false,"max_hp_per_floor":[75,75,75,75,75,75,75,75,75,75,75,75,75,69,69,69,69,69,69,69,69,69,69,69,69,69,69,69],"relic_stats":{"Happy Flower":[14],"Singing Bowl":0,"counters":[15,63],"Golden Idol":52,"Mummified Hand":[7],"Snecko Eye":[60,65,54,56],"Pen Nib":[8],"obtain_stats":[{"Potion Belt":9,"Happy Flower":13,"Singing Bowl":26,"Golden Idol":14,"Vajra":12,"Pen Nib":0,"DataDisk":8,"Anchor":19,"Mummified Hand":23,"Snecko Eye":17,"Bag of Marbles":19,"Cracked Core":0,"Toy Ornithopter":6},{"Potion Belt":5,"Happy Flower":7,"Singing Bowl":14,"Golden Idol":7,"Vajra":6,"Pen Nib":0,"DataDisk":5,"Anchor":9,"Mummified Hand":12,"Snecko Eye":8,"Bag of Marbles":9,"Cracked Core":0,"Toy Ornithopter":4},{"Potion Belt":18,"Happy Flower":22,"Singing Bowl":58,"Golden Idol":22,"Vajra":20,"Pen Nib":0,"DataDisk":18,"Anchor":32,"Mummified Hand":48,"Snecko Eye":29,"Bag of Marbles":32,"Cracked Core":0,"Toy Ornithopter":13}],"Toy Ornithopter":10},"card_choices":[{"not_picked":["Barrage","Blizzard"],"picked":"Cold Snap","floor":1},{"not_picked":["Streamline","Cold Snap"],"picked":"Ball Lightning","floor":2},{"not_picked":["Ball Lightning","Rebound"],"picked":"Conserve Battery","floor":4},{"not_picked":["Coolheaded","Steam Power"],"picked":"Loop","floor":6},{"not_picked":["Hyperbeam","BootSequence"],"picked":"Lockon","floor":8},{"not_picked":["Stack","Hologram"],"picked":"Doom and Gloom","floor":11},{"not_picked":["Redo","Stack"],"picked":"Leap","floor":13},{"not_picked":["Core Surge","Rainbow"],"picked":"Seek","floor":16},{"not_picked":["Coolheaded","Turbo"],"picked":"Conserve Battery","floor":18},{"not_picked":["Coolheaded","Hologram+1"],"picked":"Turbo+1","floor":20},{"not_picked":["Hello World","Beam Cell"],"picked":"Coolheaded","floor":21},{"not_picked":["Steam","Go for the Eyes"],"picked":"Glacier+1","floor":23},{"not_picked":["Blizzard","Sweeping Beam","Cold Snap"],"picked":"SKIP","floor":24},{"not_picked":["Meteor Strike","Beam Cell"],"picked":"Recycle","floor":25}],"player_experience":6136283,"relics_obtained":[{"floor":6,"key":"Toy Ornithopter"},{"floor":8,"key":"DataDisk"},{"floor":9,"key":"Potion Belt"},{"floor":13,"key":"Happy Flower"},{"floor":23,"key":"Mummified Hand"},{"floor":26,"key":"Singing Bowl"}],"event_choices":[{"damage_healed":0,"gold_gain":0,"cards_transformed":["Strike_B"],"player_choice":"Change","damage_taken":0,"max_hp_gain":0,"max_hp_loss":0,"event_name":"Living Wall","floor":3,"gold_loss":0,"cards_obtained":["Chaos"]},{"damage_healed":18,"gold_gain":0,"player_choice":"Healed","damage_taken":0,"max_hp_gain":0,"max_hp_loss":0,"event_name":"The Cleric","floor":5,"gold_loss":35},{"damage_healed":0,"gold_gain":0,"player_choice":"Success","damage_taken":12,"relics_obtained":["Vajra"],"max_hp_gain":0,"max_hp_loss":0,"event_name":"Scrap Ooze","floor":12,"gold_loss":0},{"damage_healed":0,"gold_gain":0,"player_choice":"Lose Max HP","damage_taken":0,"relics_obtained":["Golden Idol"],"max_hp_gain":0,"max_hp_loss":6,"event_name":"Golden Idol","floor":14,"gold_loss":0},{"damage_healed":0,"gold_gain":0,"player_choice":"1 cards matched","damage_taken":0,"max_hp_gain":0,"max_hp_loss":0,"event_name":"Match and Keep!","floor":22,"gold_loss":0,"cards_obtained":["Finesse"]}],"is_beta":false,"boss_relics":[{"not_picked":["Busted Crown","Astrolabe"],"picked":"Snecko Eye"}],"items_purged_floors":[],"is_endless":false,"potions_floor_spawned":[2,6,8,18,23],"killed_by":"Gremlin Leader","ascension_level":10}}