{"host":"lmshf3swj20gmdor","time":1612683420,"event":{"mods":["2.2 Compatiblity","BaseMod","Conspire","Downfall","Googly Eyes","Hubris","Minty Spire (QoL Compilation)","Replay The Spire","Spikes Relics","StSLib","Synergy Search","The Servant 0.9.4"],"gold_per_floor":[119,119,130,130,148,182,182,200,226,252,252,252,252,252,252,362,362,388,388,239,239,321,321,360,360,360,360,360,374,374],"floor_reached":29,"language":"ENG","playtime":721,"items_purged":[],"score":368,"play_id":"86e3dd34-3b2b-4812-9b92-cbd07b20816e","local_time":"20210207073700","is_ascension_mode":true,"campfire_choices":[{"data":"Rip and Tear","floor":7,"key":"SMITH"},{"data":"Rainbow","floor":15,"key":"SMITH"},{"data":"Defragment","floor":23,"key":"SMITH"},{"data":"Thunder Strike","floor":27,"key":"SMITH"}],"circlet_count":0,"master_deck":["AscendersBane","Strike_B","Strike_B","Strike_B","Defend_B","Defend_B","Defend_B","Defend_B","Zap+1","Dualcast","Rip and Tear+1","hubris:PowerSurge","Rainbow+1","Self Repair+1","Auto Shields","Thunder Strike+1","Compile Driver+1","Echo Form","Defragment+1","White Noise+1"],"relics":["Cracked Core","NeowsBlessing","Centennial Puzzle","Juzu Bracelet","Ginger","HornCleat","Replay:Bandana","Sozu","Enchiridion","Toxic Egg 2","conspire:Flyswatter","MutagenicStrength","Gremlin Horn"],"acts_visited":["Exordium","TheCity"],"potions_floor_usage":[5],"damage_taken":[{"damage":0,"enemies":"2 Louse","floor":1,"turns":1},{"damage":0,"enemies":"Cultist","floor":3,"turns":1},{"damage":0,"enemies":"Jaw Worm","floor":5,"turns":1},{"damage":35,"enemies":"Lagavulin","floor":6,"turns":5},{"damage":2,"enemies":"2 Fungi Beasts","floor":8,"turns":2},{"damage":34,"enemies":"3 Sentries","floor":10,"turns":6},{"damage":24,"enemies":"The Guardian","floor":16,"turns":8},{"damage":5,"enemies":"2 Thieves","floor":18,"turns":4},{"damage":25,"enemies":"Book of Stabbing","floor":24,"turns":5},{"damage":33,"enemies":"Gremlin Leader","floor":29,"turns":4}],"seed_played":"1862408344550625696","potions_obtained":[{"floor":1,"key":"Ancient Potion"},{"floor":3,"key":"Dexterity Potion"},{"floor":5,"key":"Fruit Juice"},{"floor":6,"key":"Block Potion"}],"is_trial":false,"path_per_floor":["M","?","M","?","M","E","R","M","T","E","?","T","?","?","R","B",null,"M","?","$","?","T","R","E","?","T","R","$","E"],"character_chosen":"DEFECT","items_purchased":["Echo Form"],"campfire_rested":0,"item_purchase_floors":[20],"current_hp_per_floor":[68,68,68,68,73,38,38,36,36,9,35,35,32,32,32,18,65,70,54,54,54,54,54,29,29,29,29,29,0,0],"gold":374,"neow_bonus":"THREE_ENEMY_KILL","is_daily":false,"chose_seed":false,"campfire_upgraded":4,"win_rate":0.0,"timestamp":1612683420,"path_taken":["M","?","?","?","M","E","R","M","T","E","?","?","?","?","R","BOSS","M","?","$","?","?","R","E","?","T","R","$","E"],"items_purchased_type":["Card"],"build_version":"2020-12-22","purchased_purges":0,"victory":false,"max_hp_per_floor":[75,75,75,75,80,80,80,80,80,80,80,80,80,80,80,80,80,80,80,80,80,80,80,80,80,80,80,80,80,80],"card_choices":[{"not_picked":["BasicCrystalCard","Lockon"],"picked":"Rip and Tear","floor":1},{"not_picked":["Fusion","Rebound"],"picked":"hubris:PowerSurge","floor":3},{"not_picked":["DiskWipe","BasicCrystalCard","conspire:SharedLibrary"],"picked":"SKIP","floor":5},{"not_picked":["FIFO Queue","Reboot"],"picked":"Rainbow","floor":6},{"not_picked":["Crystallizer","Conserve Battery"],"picked":"Self Repair","floor":8},{"not_picked":["Conserve Battery","ReplayTheSpireMod:Calculation Training"],"picked":"Auto Shields","floor":10},{"not_picked":["Seek","Hyperbeam"],"picked":"Thunder Strike","floor":16},{"not_picked":["Sweeping Beam","Melter","Compile Driver+1"],"picked":"SKIP","floor":18},{"not_picked":["Sweeping Beam","Melter"],"picked":"Compile Driver+1","floor":18},{"not_picked":["Conserve Battery+1","Compile Driver+1"],"picked":"White Noise+1","floor":24}],"player_experience":795428,"relics_obtained":[{"floor":6,"key":"Centennial Puzzle"},{"floor":9,"key":"Juzu Bracelet"},{"floor":10,"key":"Ginger"},{"floor":12,"key":"HornCleat"},{"floor":19,"key":"Enchiridion"},{"floor":22,"key":"Toxic Egg 2"},{"floor":24,"key":"conspire:Flyswatter"},{"floor":26,"key":"Gremlin Horn"}],"event_choices":[{"cards_removed":["Strike_B"],"damage_healed":0,"gold_gain":0,"player_choice":"Purged","damage_taken":0,"max_hp_gain":0,"max_hp_loss":0,"event_name":"Purifier","floor":2,"gold_loss":0},{"damage_healed":26,"gold_gain":0,"player_choice":"Banana","damage_taken":0,"max_hp_gain":0,"max_hp_loss":0,"event_name":"Big Fish","floor":11,"gold_loss":0},{"damage_healed":0,"gold_gain":0,"player_choice":"Success","damage_taken":3,"relics_obtained":["Replay:Bandana"],"max_hp_gain":0,"max_hp_loss":0,"event_name":"Scrap Ooze","floor":13,"gold_loss":0},{"damage_healed":0,"gold_gain":0,"player_choice":"Grow","damage_taken":0,"max_hp_gain":0,"max_hp_loss":0,"event_name":"Living Wall","floor":14,"gold_loss":0,"cards_upgraded":["Self Repair"]},{"damage_healed":0,"gold_gain":0,"player_choice":"Obtained Book","damage_taken":16,"max_hp_gain":0,"max_hp_loss":0,"event_name":"Cursed Tome","floor":19,"gold_loss":0},{"damage_healed":0,"gold_gain":0,"player_choice":"Read","damage_taken":0,"max_hp_gain":0,"max_hp_loss":0,"event_name":"The Library","floor":21,"gold_loss":0,"cards_obtained":["Defragment"]},{"damage_healed":0,"gold_gain":0,"player_choice":"Inject Mutagens","damage_taken":0,"relics_obtained":["MutagenicStrength"],"max_hp_gain":0,"max_hp_loss":0,"event_name":"Drug Dealer","floor":25,"gold_loss":0}],"is_beta":false,"boss_relics":[{"not_picked":["conspire:RoyalGoblet","Pandora\u0027s Box"],"picked":"Sozu"}],"items_purged_floors":[],"is_endless":false,"potions_floor_spawned":[1,3,5,6,24],"killed_by":"Gremlin Leader","ascension_level":10}}