{"host":"344lv32hnei0mdhu","time":1612671552,"event":{"mods":["Act Like it!","BaseMod","Better Match","Better Sensory Stone","Better Skull","Better Third Choice","Better Vampires","Colored Powertips","Highlight Path","Minty Spire (QoL Compilation)","Quick Restart","Random Character Button","Rare Cards Sparkle","StSLib"],"gold_per_floor":[118,118,118,118,132,167,181,191,218,236,236,247,262,296,296,397,397,417,31,47,47,146,146,181,181,181,181,181,197,211,229,229,334,334,351,351,365,438,264,264,264],"floor_reached":40,"language":"ENG","playtime":1740,"items_purged":["Strike_P","Defend_P"],"score":687,"play_id":"601aa302-3311-41b9-8366-10ce70bf817f","local_time":"20210206221911","is_ascension_mode":true,"campfire_choices":[{"floor":15.0,"key":"REST"},{"floor":23.0,"key":"REST"},{"floor":27.0,"key":"REST"},{"floor":32.0,"key":"REST"}],"circlet_count":0,"master_deck":["AscendersBane","Strike_P+1","Strike_P+1","Defend_P","Defend_P","Defend_P","Eruption","Vigilance","Dramatic Entrance+1","ClearTheMind","BowlingBash+1","FearNoEvil+1","Evaluate","BowlingBash+1","Weave+1","Consecrate+1","WheelKick+1","Evaluate","Wish","CurseOfTheBell","Protect","LessonLearned+1","Halt+1","Ragnarok+1","FollowUp+1","Omniscience","WindmillStrike+1","Ragnarok+1"],"relics":["PureWater","NeowsBlessing","Pantograph","Molten Egg 2","Lantern","Calling Bell","Happy Flower","HornCleat","Incense Burner","HandDrill","Enchiridion","Orichalcum","Centennial Puzzle","Sozu","Meat on the Bone"],"acts_visited":["Exordium","TheCity","TheBeyond"],"potions_floor_usage":[],"damage_taken":[{"damage":0.0,"enemies":"Small Slimes","floor":1.0,"turns":1.0},{"damage":0.0,"enemies":"Jaw Worm","floor":5.0,"turns":1.0},{"damage":0.0,"enemies":"3 Sentries","floor":6.0,"turns":1.0},{"damage":0.0,"enemies":"2 Louse","floor":7.0,"turns":2.0},{"damage":6.0,"enemies":"Looter","floor":8.0,"turns":2.0},{"damage":7.0,"enemies":"Large Slime","floor":10.0,"turns":4.0},{"damage":0.0,"enemies":"3 Louse","floor":12.0,"turns":1.0},{"damage":6.0,"enemies":"Exordium Thugs","floor":13.0,"turns":2.0},{"damage":8.0,"enemies":"Gremlin Nob","floor":14.0,"turns":3.0},{"damage":12.0,"enemies":"Slime Boss","floor":16.0,"turns":6.0},{"damage":0.0,"enemies":"Chosen","floor":18.0,"turns":4.0},{"damage":12.0,"enemies":"2 Thieves","floor":20.0,"turns":4.0},{"damage":30.0,"enemies":"Gremlin Leader","floor":24.0,"turns":9.0},{"damage":0.0,"enemies":"Shelled Parasite and Fungi","floor":29.0,"turns":3.0},{"damage":4.0,"enemies":"3 Cultists","floor":30.0,"turns":4.0},{"damage":14.0,"enemies":"Snake Plant","floor":31.0,"turns":3.0},{"damage":60.0,"enemies":"Automaton","floor":33.0,"turns":10.0},{"damage":0.0,"enemies":"3 Shapes","floor":35.0,"turns":3.0},{"damage":5.0,"enemies":"3 Darklings","floor":37.0,"turns":3.0},{"damage":86,"enemies":"Giant Head","floor":40,"turns":7}],"seed_played":"147505729706995818","potions_obtained":[{"floor":5.0,"key":"Ambrosia"},{"floor":7.0,"key":"Ancient Potion"},{"floor":14.0,"key":"Dexterity Potion"},{"floor":24.0,"key":"Weak Potion"},{"floor":33.0,"key":"Regen Potion"}],"is_trial":false,"path_per_floor":["M","?","?","T","M","E","M","M","T","M","?","M","M","E","R","B",null,"M","$","M","?","?","R","E","$","T","R","?","M","M","M","R","B",null,"M","?","M","T","$","E"],"character_chosen":"WATCHER","items_purchased":["HandDrill","LessonLearned+1","Ragnarok+1"],"campfire_rested":4,"item_purchase_floors":[19,19,39],"current_hp_per_floor":[65,65,70,70,70,70,70,64,64,57,57,57,51,43,66,65,74,74,74,62,46,46,69,39,39,39,62,48,48,44,30,54,19,66,66,58,62,62,62,0,0],"gold":264,"neow_bonus":"THREE_ENEMY_KILL","is_daily":false,"chose_seed":false,"campfire_upgraded":0,"win_rate":0.0,"timestamp":1612671551,"path_taken":["M","?","?","?","M","E","M","M","T","M","?","M","M","E","R","BOSS","M","$","M","?","?","R","E","$","T","R","?","M","?","M","R","BOSS","M","?","?","?","$","E"],"items_purchased_type":["Relic","Card","Card"],"build_version":"2020-12-22","purchased_purges":2,"victory":false,"max_hp_per_floor":[72,72,77,77,77,77,77,77,77,77,77,77,77,77,77,77,77,77,77,77,77,77,77,77,77,77,77,82,82,82,82,82,82,82,82,82,82,82,82,82,82],"card_choices":[{"not_picked":["CrushJoints","SashWhip","CutThroughFate"],"picked":"SKIP","floor":1.0},{"not_picked":["Violence","Thinking Ahead"],"picked":"Dramatic Entrance","floor":2.0},{"not_picked":["FearNoEvil","Halt"],"picked":"ClearTheMind","floor":5.0},{"not_picked":["PathToVictory","FollowUp+1"],"picked":"BowlingBash+1","floor":6.0},{"not_picked":["WindmillStrike+1","Nirvana"],"picked":"FearNoEvil+1","floor":7.0},{"not_picked":["InnerPeace","CutThroughFate+1"],"picked":"Evaluate","floor":8.0},{"not_picked":["JustLucky+1","Sanctity"],"picked":"BowlingBash+1","floor":10.0},{"not_picked":["CutThroughFate+1","PathToVictory"],"picked":"Consecrate+1","floor":12.0},{"not_picked":["DeusExMachina","PathToVictory"],"picked":"WheelKick+1","floor":13.0},{"not_picked":["Collect","PathToVictory"],"picked":"Evaluate","floor":14.0},{"not_picked":["SpiritShield","DevaForm"],"picked":"Wish","floor":16.0},{"not_picked":["Crescendo","ThirdEye"],"picked":"Protect","floor":18.0},{"not_picked":["Protect","CutThroughFate+1"],"picked":"Halt+1","floor":20.0},{"not_picked":["Wireheading","MentalFortress"],"picked":"Ragnarok+1","floor":24.0},{"not_picked":["Halt","JustLucky+1"],"picked":"FollowUp+1","floor":29.0},{"not_picked":["EmptyFist+1","Halt+1","BowlingBash+1"],"picked":"SKIP","floor":30.0},{"not_picked":["Protect","Fasting2","EmptyBody+1"],"picked":"SKIP","floor":31.0},{"not_picked":["Brilliance+1","SpiritShield"],"picked":"Omniscience","floor":33.0},{"not_picked":["Halt","Consecrate+1"],"picked":"WindmillStrike+1","floor":35.0},{"not_picked":["ClearTheMind","EmptyBody+1","PathToVictory+1"],"picked":"SKIP","floor":37.0}],"player_experience":411501,"relics_obtained":[{"floor":4.0,"key":"Pantograph"},{"floor":6.0,"key":"Molten Egg 2"},{"floor":14.0,"key":"Lantern"},{"floor":17.0,"key":"Happy Flower"},{"floor":17.0,"key":"HornCleat"},{"floor":17.0,"key":"Incense Burner"},{"floor":21.0,"key":"Enchiridion"},{"floor":24.0,"key":"Orichalcum"},{"floor":26.0,"key":"Centennial Puzzle"},{"floor":38.0,"key":"Meat on the Bone"}],"event_choices":[{"damage_healed":0.0,"max_hp_gain":0.0,"max_hp_loss":0.0,"gold_gain":1.0,"event_name":"betterStone:BetterStone","player_choice":"1","floor":2.0,"gold_loss":0.0,"damage_taken":0.0},{"damage_healed":0.0,"max_hp_gain":5.0,"max_hp_loss":0.0,"gold_gain":0.0,"event_name":"Big Fish","player_choice":"Donut","floor":3.0,"gold_loss":0.0,"damage_taken":0.0},{"damage_healed":0.0,"max_hp_gain":0.0,"max_hp_loss":0.0,"gold_gain":0.0,"cards_transformed":["Strike_P"],"event_name":"Living Wall","player_choice":"Change","floor":11.0,"gold_loss":0.0,"damage_taken":0.0,"cards_obtained":["Weave"]},{"damage_healed":0.0,"max_hp_gain":0.0,"max_hp_loss":0.0,"gold_gain":0.0,"event_name":"Cursed Tome","player_choice":"Obtained Book","floor":21.0,"gold_loss":0.0,"damage_taken":16.0},{"damage_healed":0.0,"max_hp_gain":0.0,"max_hp_loss":0.0,"gold_gain":99.0,"event_name":"betterThird:BetterNest","player_choice":"Steal","floor":22.0,"gold_loss":0.0,"damage_taken":0.0},{"damage_healed":0.0,"max_hp_gain":5.0,"max_hp_loss":0.0,"gold_gain":0.0,"event_name":"Forgotten Altar","player_choice":"Shed Blood","floor":28.0,"gold_loss":0.0,"damage_taken":19.0},{"damage_healed":0.0,"max_hp_gain":0.0,"max_hp_loss":0.0,"gold_gain":0.0,"event_name":"Wheel of Change","player_choice":"Damaged","floor":36.0,"gold_loss":0.0,"damage_taken":8.0}],"is_beta":false,"boss_relics":[{"not_picked":["Black Star","Busted Crown"],"picked":"Calling Bell"},{"not_picked":["Philosopher\u0027s Stone","Coffee Dripper"],"picked":"Sozu"}],"items_purged_floors":[19,39],"is_endless":false,"potions_floor_spawned":[5,7,8,14,18,24,33,35,37],"killed_by":"Giant Head","ascension_level":11}}