{"host":"zxkjcgzis4pm3za5","time":1612709396,"event":{"mods":["AchievementEnabler","BaseMod","Colored Map","Colored Powertips","Minty Spire (QoL Compilation)","Quick Restart","RNG Fix","Random Character Button","Relic Sorter","Relic Stats","StSLib"],"gold_per_floor":[118,135,135,185,19,46,46,46,46,158,189,231,243,272,284,375,387,409,289,289,305,230,230,230],"floor_reached":23,"language":"ENG","playtime":1026,"items_purged":["Strike_G"],"score":384,"play_id":"c18b3c5c-873b-46fa-9f46-96e8bfae6fc9","local_time":"20210207201956","is_ascension_mode":true,"campfire_choices":[{"data":"Dramatic Entrance","floor":7,"key":"SMITH"},{"floor":13,"key":"REST"},{"data":"Crippling Poison","floor":15,"key":"SMITH"}],"circlet_count":0,"master_deck":["AscendersBane","Strike_G","Strike_G","Strike_G","Defend_G","Defend_G","Defend_G","Defend_G","Defend_G","Survivor","Neutralize","Dramatic Entrance+1","Poisoned Stab","Bane","Terror","Sucker Punch","Crippling Poison+1","Dagger Spray","Adrenaline","Cloak And Dagger","Poisoned Stab","Noxious Fumes","Dash+1"],"relics":["Ring of the Snake","Pantograph","Snake Skull","Nunchaku","MawBank","Bottled Flame","SlaversCollar"],"acts_visited":["Exordium","TheCity"],"potions_floor_usage":[6,12,16,23],"damage_taken":[{"damage":0,"enemies":"Small Slimes","floor":1,"turns":3},{"damage":0,"enemies":"Cultist","floor":2,"turns":3},{"damage":29,"enemies":"Gremlin Nob","floor":6,"turns":4},{"damage":1,"enemies":"2 Louse","floor":11,"turns":2},{"damage":19,"enemies":"Lagavulin","floor":12,"turns":7},{"damage":11,"enemies":"Looter","floor":14,"turns":3},{"damage":23,"enemies":"Hexaghost","floor":16,"turns":9},{"damage":19,"enemies":"Spheric Guardian","floor":18,"turns":4},{"damage":29,"enemies":"Chosen","floor":21,"turns":5},{"damage":5,"enemies":"Slavers","floor":23,"turns":1}],"seed_played":"433703253393104552","potions_obtained":[{"floor":1,"key":"Ancient Potion"},{"floor":6,"key":"BlessingOfTheForge"},{"floor":11,"key":"SteroidPotion"},{"floor":14,"key":"SteroidPotion"},{"floor":21,"key":"Swift Potion"}],"is_trial":false,"path_per_floor":["M","M","?","?","$","E","R","?","T","?","M","E","R","M","R","B",null,"M","$","?","M","?","E"],"character_chosen":"THE_SILENT","items_purchased":["Snake Skull","Poisoned Stab"],"campfire_rested":1,"item_purchase_floors":[5,19],"current_hp_per_floor":[59,59,59,53,53,24,24,24,24,24,23,4,23,12,12,14,53,34,34,34,5,5,0,0],"gold":230,"neow_bonus":"RANDOM_COLORLESS","is_daily":false,"chose_seed":false,"campfire_upgraded":2,"win_rate":0.0,"timestamp":1612709396,"path_taken":["M","M","?","?","$","E","R","?","T","?","M","E","R","M","R","BOSS","M","$","?","M","?","E"],"items_purchased_type":["Relic","Card"],"build_version":"2020-12-22","purchased_purges":1,"victory":false,"max_hp_per_floor":[66,66,66,66,66,66,66,66,66,66,66,66,66,66,66,66,66,66,66,66,66,66,66,66],"relic_stats":{"Nunchaku":[6],"counters":[10,41],"Pantograph":25,"Snake Skull":[18],"MawBank":120,"obtain_stats":[{"SlaversCollar":17,"Nunchaku":6,"Bottled Flame":12,"Pantograph":3,"Snake Skull":5,"MawBank":9,"Ring of the Snake":0},{"SlaversCollar":7,"Nunchaku":3,"Bottled Flame":5,"Pantograph":2,"Snake Skull":2,"MawBank":3,"Ring of the Snake":0},{"SlaversCollar":31,"Nunchaku":10,"Bottled Flame":19,"Pantograph":6,"Snake Skull":6,"MawBank":10,"Ring of the Snake":0}],"Ring of the Snake":[20]},"card_choices":[{"not_picked":["Discovery","Deep Breath"],"picked":"Dramatic Entrance","floor":0},{"not_picked":["Underhanded Strike","Deadly Poison"],"picked":"Poisoned Stab","floor":1},{"not_picked":["Acrobatics","Calculated Gamble"],"picked":"Bane","floor":2},{"not_picked":["Concentrate","Acrobatics"],"picked":"Terror","floor":6},{"not_picked":["Acrobatics","Deflect"],"picked":"Sucker Punch","floor":11},{"not_picked":["Concentrate","Glass Knife"],"picked":"Crippling Poison","floor":12},{"not_picked":["Escape Plan","Sucker Punch"],"picked":"Dagger Spray","floor":14},{"not_picked":["Phantasmal Killer","Storm of Steel"],"picked":"Adrenaline","floor":16},{"not_picked":["Finisher","Sucker Punch"],"picked":"Cloak And Dagger","floor":18},{"not_picked":["Dagger Throw","Flying Knee"],"picked":"Dash+1","floor":21}],"player_experience":331581,"relics_obtained":[{"floor":6,"key":"Nunchaku"},{"floor":9,"key":"MawBank"},{"floor":12,"key":"Bottled Flame"}],"event_choices":[{"damage_healed":0,"gold_gain":0,"player_choice":"Box","damage_taken":0,"relics_obtained":["Pantograph"],"max_hp_gain":0,"max_hp_loss":0,"event_name":"Big Fish","floor":3,"gold_loss":0,"cards_obtained":["Regret"]},{"damage_healed":0,"gold_gain":50,"player_choice":"Touch","damage_taken":6,"max_hp_gain":0,"max_hp_loss":0,"event_name":"FaceTrader","floor":4,"gold_loss":0},{"cards_removed":["Regret"],"damage_healed":0,"gold_gain":0,"player_choice":"Forget","damage_taken":0,"max_hp_gain":0,"max_hp_loss":0,"event_name":"Living Wall","floor":8,"gold_loss":0},{"damage_healed":0,"gold_gain":100,"player_choice":"Gold","damage_taken":0,"max_hp_gain":0,"max_hp_loss":0,"event_name":"Wheel of Change","floor":10,"gold_loss":0},{"damage_healed":0,"gold_gain":0,"player_choice":"Read","damage_taken":0,"max_hp_gain":0,"max_hp_loss":0,"event_name":"The Library","floor":20,"gold_loss":0,"cards_obtained":["Noxious Fumes"]},{"cards_removed":["Strike_G"],"damage_healed":0,"gold_gain":0,"player_choice":"Gave Gold","damage_taken":0,"max_hp_gain":0,"max_hp_loss":0,"event_name":"Beggar","floor":22,"gold_loss":75}],"is_beta":false,"boss_relics":[{"not_picked":["Calling Bell","Snecko Eye"],"picked":"SlaversCollar"}],"items_purged_floors":[19],"is_endless":false,"potions_floor_spawned":[1,6,11,14,21],"killed_by":"Slavers","ascension_level":19}}