{"host":"l5zfpd2l2htson6l","time":1612687572,"event":{"mods":["AchievementEnabler","BaseMod","Colored Map","Colored Powertips","Minty Spire (QoL Compilation)","Permanent Neow","Quick Restart","Rare Cards Sparkle","Relic Stats","SuperFastMode"],"gold_per_floor":[113,113,113,134,148,148,183,183,234,269,269,292,305,305,305,305,305],"floor_reached":16,"language":"ENG","playtime":423,"items_purged":[],"score":220,"play_id":"5d97ad56-617c-4afe-aad4-ee1352151926","local_time":"20210207004612","is_ascension_mode":true,"campfire_choices":[{"data":"Bash","floor":6,"key":"SMITH"},{"data":"Wild Strike","floor":8,"key":"SMITH"},{"floor":11,"key":"REST"},{"floor":15,"key":"REST"}],"circlet_count":0,"master_deck":["AscendersBane","Strike_R","Strike_R","Strike_R","Strike_R","Defend_R","Defend_R","Defend_R","Defend_R","Bash+1","Wild Strike+1","Dropkick","Demon Form","Seeing Red","Carnage"],"relics":["Velvet Choker","Golden Idol","Juzu Bracelet","Happy Flower","Champion Belt","FaceOfCleric"],"acts_visited":["Exordium"],"potions_floor_usage":[7,10],"damage_taken":[{"damage":3,"enemies":"2 Louse","floor":1,"turns":2},{"damage":3,"enemies":"Small Slimes","floor":4,"turns":4},{"damage":1,"enemies":"Cultist","floor":5,"turns":3},{"damage":8,"enemies":"Gremlin Nob","floor":7,"turns":3},{"damage":45,"enemies":"3 Sentries","floor":10,"turns":9},{"damage":1,"enemies":"Exordium Wildlife","floor":12,"turns":3},{"damage":11,"enemies":"Exordium Thugs","floor":13,"turns":3},{"damage":37,"enemies":"The Guardian","floor":16,"turns":5}],"seed_played":"4128842499117100676","potions_obtained":[{"floor":4,"key":"DistilledChaos"},{"floor":7,"key":"Fruit Juice"},{"floor":10,"key":"ElixirPotion"},{"floor":12,"key":"PowerPotion"}],"is_trial":false,"path_per_floor":["M","?","?","M","M","R","E","R","T","E","R","M","M","?","R","B"],"character_chosen":"IRONCLAD","items_purchased":[],"campfire_rested":2,"item_purchase_floors":[],"current_hp_per_floor":[65,65,58,55,54,54,46,46,46,6,27,26,15,15,36,0,0],"gold":305,"neow_bonus":"BOSS_RELIC","is_daily":false,"chose_seed":false,"campfire_upgraded":2,"win_rate":0.0,"timestamp":1612687572,"path_taken":["M","?","?","M","M","R","E","R","T","E","R","M","M","?","R","BOSS"],"items_purchased_type":[],"build_version":"2020-12-22","purchased_purges":0,"victory":false,"max_hp_per_floor":[75,68,68,68,68,68,68,68,68,73,73,73,73,73,73,73,73],"relic_stats":{"Happy Flower":[6],"FaceOfCleric":0,"counters":[8,32],"Golden Idol":29,"Juzu Bracelet":0,"Champion Belt":[3],"obtain_stats":[{"Happy Flower":9,"FaceOfCleric":14,"Golden Idol":2,"Velvet Choker":0,"Juzu Bracelet":7,"Champion Belt":10,"Burning Blood":0},{"Happy Flower":4,"FaceOfCleric":7,"Golden Idol":1,"Velvet Choker":0,"Juzu Bracelet":4,"Champion Belt":5,"Burning Blood":0},{"Happy Flower":12,"FaceOfCleric":27,"Golden Idol":2,"Velvet Choker":0,"Juzu Bracelet":12,"Champion Belt":21,"Burning Blood":0}]},"card_choices":[{"not_picked":["Flex","Havoc"],"picked":"Wild Strike","floor":1},{"not_picked":["Body Slam","Pommel Strike"],"picked":"Dropkick","floor":4},{"not_picked":["Heavy Blade","Pummel","Warcry"],"picked":"SKIP","floor":5},{"not_picked":["Whirlwind","Armaments"],"picked":"Demon Form","floor":7},{"not_picked":["Demon Form","Sword Boomerang"],"picked":"Seeing Red","floor":10},{"not_picked":["Wild Strike","True Grit"],"picked":"Carnage","floor":12},{"not_picked":["Second Wind","Pommel Strike","Iron Wave"],"picked":"SKIP","floor":13}],"player_experience":936624,"relics_obtained":[{"floor":7,"key":"Juzu Bracelet"},{"floor":9,"key":"Happy Flower"},{"floor":10,"key":"Champion Belt"}],"event_choices":[{"damage_healed":0,"gold_gain":0,"player_choice":"Lose Max HP","damage_taken":0,"relics_obtained":["Golden Idol"],"max_hp_gain":0,"max_hp_loss":7,"event_name":"Golden Idol","floor":2,"gold_loss":0},{"cards_removed":["Strike_R"],"damage_healed":0,"gold_gain":0,"player_choice":"Card Removal","damage_taken":7,"max_hp_gain":0,"max_hp_loss":0,"event_name":"Golden Wing","floor":3,"gold_loss":0},{"damage_healed":0,"gold_gain":0,"player_choice":"Trade","damage_taken":0,"relics_obtained":["FaceOfCleric"],"max_hp_gain":0,"max_hp_loss":0,"event_name":"FaceTrader","floor":14,"gold_loss":0}],"is_beta":false,"boss_relics":[],"items_purged_floors":[],"is_endless":false,"potions_floor_spawned":[4,7,10,12],"killed_by":"The Guardian","ascension_level":20}}