{"host":"n43wxkei7kulhi8o","time":1612671336,"event":{"mods":["BaseMod","Bestiary","Block Reminder","Colored Map","Colored Powertips","Curses Come First","Custom Start","Dark Map","Highlight Path","Minty Spire (QoL Compilation)","Relic Stats","StSLib"],"gold_per_floor":[117,133,84,102,122,122,136,136,189,217,233,233,233,253,253,352,352,322,342,355,368,121,121,121,121,121,121,152,102,118,130,130,227,227,246,246,260,276,276,276,305,305,305],"floor_reached":42,"language":"ENG","playtime":2228,"items_purged":[],"score":422,"play_id":"fb479db8-96a8-4d34-881c-226160ba41bb","local_time":"20210206231536","is_ascension_mode":false,"campfire_choices":[{"data":"Coolheaded","floor":6.0,"key":"SMITH"},{"data":"Zap","floor":8.0,"key":"SMITH"},{"data":"Dualcast","floor":13.0,"key":"SMITH"},{"data":"Auto Shields","floor":15.0,"key":"SMITH"},{"data":"Conserve Battery","floor":23.0,"key":"SMITH"},{"floor":25.0,"key":"REST"},{"data":"Seek","floor":27.0,"key":"SMITH"},{"floor":32.0,"key":"REST"},{"data":"Machine Learning","floor":40,"key":"SMITH"}],"circlet_count":0,"master_deck":["Strike_B","Strike_B","Strike_B","Defend_B","Defend_B","Defend_B","Defend_B","Zap+1","Dualcast+1","Auto Shields+1","Conserve Battery+1","Coolheaded+1","Seek+1","Cold Snap+1","Ball Lightning","Melter","Machine Learning+1","Thunder Strike","Ball Lightning+1","Doom and Gloom"],"relics":["FrozenCore","DataDisk","Blood Vial","Odd Mushroom","InkBottle","Inserter","Mummified Hand","Centennial Puzzle","Red Mask","White Beast Statue"],"acts_visited":["Exordium","TheCity","TheBeyond"],"potions_floor_usage":[],"damage_taken":[{"damage":5.0,"enemies":"Small Slimes","floor":1.0,"turns":3.0},{"damage":0.0,"enemies":"Jaw Worm","floor":2.0,"turns":3.0},{"damage":0.0,"enemies":"Cultist","floor":4.0,"turns":3.0},{"damage":13.0,"enemies":"Lots of Slimes","floor":5.0,"turns":5.0},{"damage":0.0,"enemies":"Blue Slaver","floor":7.0,"turns":4.0},{"damage":0.0,"enemies":"The Mushroom Lair","floor":10.0,"turns":5.0},{"damage":0.0,"enemies":"3 Louse","floor":11.0,"turns":2.0},{"damage":3.0,"enemies":"Lots of Slimes","floor":14.0,"turns":3.0},{"damage":14.0,"enemies":"The Guardian","floor":16.0,"turns":12.0},{"damage":12.0,"enemies":"2 Thieves","floor":18.0,"turns":5.0},{"damage":8.0,"enemies":"Shell Parasite","floor":19.0,"turns":7.0},{"damage":14.0,"enemies":"Snake Plant","floor":20.0,"turns":4.0},{"damage":10.0,"enemies":"Shelled Parasite and Fungi","floor":21.0,"turns":7.0},{"damage":19.0,"enemies":"Masked Bandits","floor":28.0,"turns":4.0},{"damage":6.0,"enemies":"Cultist and Chosen","floor":30.0,"turns":6.0},{"damage":6.0,"enemies":"Snecko","floor":31.0,"turns":7.0},{"damage":61.0,"enemies":"Collector","floor":33.0,"turns":16.0},{"damage":5,"enemies":"Orb Walker","floor":35,"turns":5},{"damage":27,"enemies":"3 Darklings","floor":37,"turns":7},{"damage":0,"enemies":"Sphere and 2 Shapes","floor":38,"turns":5},{"damage":72,"enemies":"Reptomancer","floor":41,"turns":8},{"damage":9,"enemies":"Maw","floor":42,"turns":6}],"seed_played":"3140401095534106783","potions_obtained":[{"floor":1.0,"key":"Regen Potion"},{"floor":7.0,"key":"SmokeBomb"},{"floor":21.0,"key":"GamblersBrew"},{"floor":28.0,"key":"SpeedPotion"},{"floor":37,"key":"FairyPotion"},{"floor":41,"key":"Weak Potion"}],"is_trial":false,"path_per_floor":["M","M","$","M","M","R","M","R","T","?","M","T","R","M","R","B",null,"M","M","M","M","$","R","$","R","T","R","?","?","M","M","R","B",null,"M","?","M","M","?","R","E","M"],"character_chosen":"DEFECT","items_purchased":["Block Potion","Mummified Hand"],"campfire_rested":2,"item_purchase_floors":[3,22],"current_hp_per_floor":[70,70,70,70,57,57,57,57,57,59,61,61,61,60,60,48,75,63,57,45,37,37,37,37,59,59,59,42,42,38,34,56,12,75,70,70,45,47,47,47,6,0,0],"gold":305,"neow_bonus":"RANDOM_COMMON_RELIC","is_daily":false,"chose_seed":false,"campfire_upgraded":7,"win_rate":0.0,"timestamp":1612671336,"path_taken":["M","M","$","M","M","R","M","R","T","?","M","?","R","M","R","BOSS","M","M","?","M","?","R","$","R","T","R","?","?","M","?","R","BOSS","M","?","M","M","?","R","E","M"],"items_purchased_type":["Potion","Relic"],"build_version":"2020-12-22","purchased_purges":0,"victory":false,"max_hp_per_floor":[75,75,75,75,75,75,75,75,75,75,75,75,75,75,75,75,75,75,75,75,75,75,75,75,75,75,75,75,75,75,75,75,75,75,75,75,75,75,75,75,75,75,75],"relic_stats":{"Blood Vial":30,"Centennial Puzzle":[21],"Inserter":[42],"counters":[22,127],"Mummified Hand":[9],"obtain_stats":[{"Blood Vial":9,"DataDisk":0,"Centennial Puzzle":26,"Inserter":17,"Mummified Hand":22,"Red Mask":28,"Odd Mushroom":10,"Cracked Core":0,"InkBottle":12,"White Beast Statue":41,"FrozenCore":34},{"Blood Vial":5,"DataDisk":0,"Centennial Puzzle":13,"Inserter":9,"Mummified Hand":13,"Red Mask":14,"Odd Mushroom":6,"Cracked Core":0,"InkBottle":7,"White Beast Statue":21,"FrozenCore":17},{"Blood Vial":18,"DataDisk":0,"Centennial Puzzle":63,"Inserter":40,"Mummified Hand":63,"Red Mask":67,"Odd Mushroom":23,"Cracked Core":0,"InkBottle":25,"White Beast Statue":121,"FrozenCore":96}],"InkBottle":[38],"FrozenCore":[15]},"card_choices":[{"not_picked":["Aggregate","Chaos"],"picked":"Auto Shields","floor":1.0},{"not_picked":["Hello World","Rebound"],"picked":"Conserve Battery","floor":2.0},{"not_picked":["Hello World","Beam Cell","Double Energy"],"picked":"SKIP","floor":4.0},{"not_picked":["Streamline","Compile Driver"],"picked":"Coolheaded","floor":5.0},{"not_picked":["FTL","Redo","Skim"],"picked":"SKIP","floor":7.0},{"not_picked":["Rip and Tear","Barrage","Sunder"],"picked":"SKIP","floor":11.0},{"not_picked":["Gash","Redo","Leap"],"picked":"SKIP","floor":14.0},{"not_picked":["Buffer","Meteor Strike"],"picked":"Seek","floor":16.0},{"not_picked":["Leap+1","Force Field"],"picked":"Cold Snap+1","floor":18.0},{"not_picked":["White Noise","Compile Driver"],"picked":"Ball Lightning","floor":19.0},{"not_picked":["Scrape","Fusion","Go for the Eyes"],"picked":"SKIP","floor":20.0},{"not_picked":["Go for the Eyes+1","Barrage"],"picked":"Melter","floor":21.0},{"not_picked":["BootSequence","Hologram"],"picked":"Machine Learning","floor":30.0},{"not_picked":["Hello World","FTL","Beam Cell"],"picked":"SKIP","floor":31.0},{"not_picked":["Buffer","Rainbow"],"picked":"Thunder Strike","floor":33.0},{"not_picked":["Conserve Battery+1","Cold Snap"],"picked":"Ball Lightning+1","floor":35},{"not_picked":["Storm","Scrape+1"],"picked":"Doom and Gloom","floor":37},{"not_picked":["Conserve Battery","Reinforced Body+1","Beam Cell+1"],"picked":"SKIP","floor":38},{"not_picked":["Fission","Conserve Battery","Meteor Strike"],"picked":"SKIP","floor":41}],"player_experience":681577,"relics_obtained":[{"floor":9.0,"key":"Blood Vial"},{"floor":10.0,"key":"Odd Mushroom"},{"floor":12.0,"key":"InkBottle"},{"floor":26.0,"key":"Centennial Puzzle"},{"floor":28.0,"key":"Red Mask"},{"floor":41,"key":"White Beast Statue"}],"event_choices":[{"damage_healed":0.0,"max_hp_gain":0.0,"max_hp_loss":0.0,"gold_gain":0.0,"event_name":"Mushrooms","player_choice":"Fought Mushrooms","floor":10.0,"gold_loss":0.0,"damage_taken":0.0},{"damage_healed":0.0,"max_hp_gain":0.0,"max_hp_loss":0.0,"gold_gain":0.0,"event_name":"Masked Bandits","player_choice":"Fought Bandits","floor":28.0,"gold_loss":0.0,"damage_taken":0.0},{"damage_healed":0.0,"max_hp_gain":0.0,"max_hp_loss":0.0,"gold_gain":0.0,"event_name":"The Joust","player_choice":"Bet on Murderer","floor":29.0,"gold_loss":50.0,"damage_taken":0.0},{"cards_removed":["Strike_B"],"damage_healed":0,"gold_gain":0,"player_choice":"Removed Attack","damage_taken":0,"max_hp_gain":0,"max_hp_loss":0,"event_name":"Falling","floor":36,"gold_loss":0},{"damage_healed":0,"gold_gain":0,"player_choice":"Ignored","damage_taken":0,"max_hp_gain":0,"max_hp_loss":0,"event_name":"Mysterious Sphere","floor":39,"gold_loss":0}],"is_beta":false,"boss_relics":[{"not_picked":["SlaversCollar","Runic Dome"],"picked":"Inserter"},{"not_picked":["Tiny House","Runic Pyramid"],"picked":"FrozenCore"}],"items_purged_floors":[],"is_endless":false,"potions_floor_spawned":[1,7,16,19,21,28,37,41],"killed_by":"Maw","ascension_level":0}}