{"host":"k7udt7atmcuzf6l0","time":1612695714,"event":{"mods":["AchievementEnabler","BaseMod","BetterRewards","Colored Map","Colored Powertips","Highlight Path","Minty Spire (QoL Compilation)","Quick Restart","Rare Cards Sparkle","Relic Stats","StSLib","UnlockEverythingMod"],"gold_per_floor":[110,110,185,201,214,241,241,258,258,258,277,308,308,325,325,325,325],"floor_reached":16,"language":"ZHS","playtime":453,"items_purged":[],"score":137,"play_id":"958e0a14-5939-4a36-adc5-c4d19b58feb9","local_time":"20210207190154","is_ascension_mode":false,"campfire_choices":[{"data":"Corpse Explosion","floor":7,"key":"SMITH"},{"data":"Accuracy","floor":10,"key":"SMITH"},{"data":"Storm of Steel","floor":13,"key":"SMITH"},{"data":"Infinite Blades","floor":15,"key":"SMITH"}],"circlet_count":0,"master_deck":["Strike_G","Strike_G","Strike_G","Strike_G","Strike_G","Defend_G","Defend_G","Defend_G","Defend_G","Defend_G","Survivor","Neutralize","Corpse Explosion+1","Bouncing Flask","Blade Dance","Backflip","Bane","Accuracy+1","Accuracy","Storm of Steel+1","Infinite Blades+1"],"relics":["Ring of the Snake","Potion Belt","Lantern","Mercury Hourglass"],"acts_visited":["Exordium"],"potions_floor_usage":[6,12,12,16],"damage_taken":[{"damage":0,"enemies":"2 Louse","floor":1,"turns":2},{"damage":0,"enemies":"Jaw Worm","floor":4,"turns":3},{"damage":0,"enemies":"Small Slimes","floor":5,"turns":3},{"damage":26,"enemies":"3 Sentries","floor":6,"turns":5},{"damage":0,"enemies":"3 Louse","floor":8,"turns":1},{"damage":2,"enemies":"Large Slime","floor":11,"turns":5},{"damage":0,"enemies":"Gremlin Nob","floor":12,"turns":2},{"damage":5,"enemies":"Exordium Thugs","floor":14,"turns":2},{"damage":28,"enemies":"The Guardian","floor":16,"turns":7}],"seed_played":"-2793100001247063778","potions_obtained":[{"floor":4,"key":"SteroidPotion"},{"floor":6,"key":"LiquidMemories"},{"floor":8,"key":"FearPotion"},{"floor":11,"key":"PowerPotion"}],"is_trial":false,"path_per_floor":["M","?","?","M","M","E","R","M","T","R","M","E","R","M","R","B"],"character_chosen":"THE_SILENT","items_purchased":[],"campfire_rested":0,"item_purchase_floors":[],"current_hp_per_floor":[70,70,59,59,59,33,33,33,33,33,31,31,31,26,26,0,0],"gold":325,"neow_bonus":"ONE_RANDOM_RARE_CARD","is_daily":false,"chose_seed":false,"campfire_upgraded":4,"win_rate":0.0,"timestamp":1612695714,"path_taken":["M","?","?","M","M","E","R","M","T","R","M","E","R","M","R","BOSS"],"items_purchased_type":[],"build_version":"2020-12-22","purchased_purges":0,"victory":false,"max_hp_per_floor":[70,70,70,70,70,70,70,70,70,70,70,70,70,70,70,70,70],"relic_stats":{"counters":[9,30],"obtain_stats":[{"Potion Belt":6,"Lantern":9,"Ring of the Snake":0,"Mercury Hourglass":12},{"Potion Belt":4,"Lantern":5,"Ring of the Snake":0,"Mercury Hourglass":7},{"Potion Belt":13,"Lantern":14,"Ring of the Snake":0,"Mercury Hourglass":21}],"Ring of the Snake":[18],"Mercury Hourglass":[24]},"card_choices":[{"not_picked":["Slice","Terror"],"picked":"Bouncing Flask","floor":1},{"not_picked":["Dodge and Roll","Infinite Blades"],"picked":"Blade Dance","floor":4},{"not_picked":["Deflect","Terror"],"picked":"Backflip","floor":5},{"not_picked":["Unload","Blade Dance"],"picked":"Bane","floor":6},{"not_picked":["Poisoned Stab","Eviscerate"],"picked":"Accuracy","floor":8},{"not_picked":["Poisoned Stab","Escape Plan"],"picked":"Accuracy","floor":11},{"not_picked":["Slice","Endless Agony"],"picked":"Storm of Steel","floor":12},{"not_picked":["Underhanded Strike","Finisher"],"picked":"Infinite Blades","floor":14}],"player_experience":61870,"relics_obtained":[{"floor":6,"key":"Potion Belt"},{"floor":9,"key":"Lantern"},{"floor":12,"key":"Mercury Hourglass"}],"event_choices":[{"damage_healed":0,"gold_gain":0,"player_choice":"Ignored","damage_taken":0,"max_hp_gain":0,"max_hp_loss":0,"event_name":"Golden Wing","floor":2,"gold_loss":0},{"damage_healed":0,"gold_gain":75,"player_choice":"Gather Gold","damage_taken":11,"max_hp_gain":0,"max_hp_loss":0,"event_name":"World of Goop","floor":3,"gold_loss":0}],"is_beta":false,"boss_relics":[],"items_purged_floors":[],"is_endless":false,"potions_floor_spawned":[4,6,8,11],"killed_by":"The Guardian","ascension_level":0}}