{"host":"hf83sijwe64ts2lm","time":1612658395,"event":{"mods":["2.2 Compatiblity","BaseMod","Better Altar","Better Match","Better Note","Better Sensory Stone","Better Skull","Better Third Choice","Colored Map","Colored Powertips","Highlight Path","Hubris","Infinite Spire","Minty Spire (QoL Compilation)","Quick Restart","Rare Cards Sparkle","Relic Stats","Reliquary","Replay The Spire","Shop Mod","Spicy Shops","Spire Arcade","StSLib","Thieving Mod"],"gold_per_floor":[115,129,39,39,39,39,65,65,65,143,17,42,54,29,29,125,125,139,156,156,156,175,175,191,208,232,232,232,232,232],"floor_reached":29,"language":"ENG","playtime":582,"items_purged":["Parasite","Parasite"],"score":221,"play_id":"3b957da2-934e-42a8-a545-e1ae557a7072","local_time":"20210206193955","is_ascension_mode":false,"campfire_choices":[{"data":"hubris:PowerSurge","floor":6,"key":"SMITH"},{"floor":8,"key":"RECALL"},{"floor":15,"key":"REST"},{"floor":23,"key":"REST"}],"circlet_count":0,"master_deck":["Strike_B","Strike_B","Strike_B","Strike_B","Defend_B","Defend_B","Defend_B","Defend_B","Zap","Dualcast","Streamline","Barrage","Beam Cell","hubris:PowerSurge+1","Sunder","Writhe","Mayhem","Discovery","Secret Technique","Ball Lightning","Self Repair","Beam Cell","Echo Form","Double Energy","Rebound","Gash","infinitespire:Gouge","Ball Lightning","Tempest","hubris:PowerSurge"],"relics":["Cracked Core","ReplayTheSpireMod:CursedCoin","Mummified Hand","Orichalcum","ReplayTheSpireMod:ShopPack","Odd Mushroom","Runic Pyramid","Replay:Bandana","Nilry\u0027s Codex"],"acts_visited":["Exordium","TheCity"],"potions_floor_usage":[7,16,16,24],"damage_taken":[{"damage":0,"enemies":"2 Louse","floor":1,"turns":2},{"damage":2,"enemies":"Small Slimes","floor":2,"turns":3},{"damage":14,"enemies":"Gremlin Nob","floor":7,"turns":3},{"damage":16,"enemies":"The Mushroom Lair","floor":12,"turns":4},{"damage":6,"enemies":"Jaw Worm","floor":13,"turns":2},{"damage":6,"enemies":"Fading Forest","floor":16,"turns":11},{"damage":20,"enemies":"3 Byrds","floor":18,"turns":4},{"damage":28,"enemies":"2 Thieves","floor":19,"turns":4},{"damage":14,"enemies":"Snecko","floor":22,"turns":5},{"damage":4,"enemies":"Chosen and Byrds","floor":24,"turns":3},{"damage":12,"enemies":"Centurion and Healer","floor":25,"turns":4}],"seed_played":"6998235783528080290","potions_obtained":[{"floor":1,"key":"DuplicationPotion"},{"floor":12,"key":"PowerPotion"},{"floor":13,"key":"BlessingOfTheForge"},{"floor":22,"key":"LiquidBronze"},{"floor":24,"key":"Energy Potion"}],"is_trial":false,"path_per_floor":["M","M","$","?","?","R","E","R","T","?","$","?","M","$","R","B",null,"M","M","?","AVR","M","R","M","M","T","?","?","?"],"character_chosen":"DEFECT","items_purchased":["ReplayTheSpireMod:CursedCoin","Mummified Hand","ReplayTheSpireMod:ShopPack","Beam Cell"],"campfire_rested":2,"item_purchase_floors":[3,3,11,14],"current_hp_per_floor":[75,73,73,73,73,73,59,59,59,59,59,43,37,37,58,69,72,52,31,31,31,24,44,40,35,35,35,19,0,0],"gold":232,"neow_bonus":"THREE_CARDS","is_daily":false,"chose_seed":false,"campfire_upgraded":1,"win_rate":0.0,"timestamp":1612658395,"path_taken":["M","M","$","?","?","R","E","R","T","?","?","?","M","?","R","BOSS","M","M","?","AVR","M","R","M","M","T","?","?","?"],"items_purchased_type":["Relic","Relic","Relic","Card"],"build_version":"2020-12-22","purchased_purges":2,"victory":false,"max_hp_per_floor":[75,75,75,75,75,75,75,75,75,75,72,72,72,72,72,72,72,72,72,72,69,69,69,69,69,69,69,69,69,69],"relic_stats":{"counters":[11,45],"Mummified Hand":[21],"Orichalcum":[120],"obtain_stats":[{"Replay:Bandana":26,"ReplayTheSpireMod:CursedCoin":3,"Mummified Hand":3,"Nilry\u0027s Codex":28,"Orichalcum":7,"Odd Mushroom":12,"Cracked Core":0,"ReplayTheSpireMod:ShopPack":11,"Runic Pyramid":17},{"Replay:Bandana":11,"ReplayTheSpireMod:CursedCoin":2,"Mummified Hand":2,"Nilry\u0027s Codex":11,"Orichalcum":3,"Odd Mushroom":4,"Cracked Core":0,"ReplayTheSpireMod:ShopPack":3,"Runic Pyramid":6},{"Replay:Bandana":45,"ReplayTheSpireMod:CursedCoin":5,"Mummified Hand":5,"Nilry\u0027s Codex":45,"Orichalcum":8,"Odd Mushroom":12,"Cracked Core":0,"ReplayTheSpireMod:ShopPack":8,"Runic Pyramid":25}]},"card_choices":[{"not_picked":["Hologram","Panic Button"],"picked":"Streamline","floor":0},{"not_picked":["Redo","Hello World"],"picked":"Barrage","floor":1},{"not_picked":["Go for the Eyes","Leap"],"picked":"Beam Cell","floor":2},{"not_picked":["Redo","ReplaySort"],"picked":"Sunder","floor":7},{"not_picked":["Sadistic Nature","Secret Weapon"],"picked":"Mayhem","floor":11},{"not_picked":["Replay:Sssssssssshield","Replay:Sssssssssstrike"],"picked":"Discovery","floor":11},{"not_picked":["Replay:BasicMightCard","Replay:Sssssssssshield"],"picked":"Secret Technique","floor":11},{"not_picked":["Stack","Cold Snap"],"picked":"Ball Lightning","floor":12},{"not_picked":["Chill","Rebound"],"picked":"Self Repair","floor":13},{"not_picked":["ReplayTheSpireMod:Fabricate Wheel","Creative AI"],"picked":"Echo Form","floor":16},{"not_picked":["Heatsinks","Scrape"],"picked":"Double Energy","floor":18},{"not_picked":["Glacier","ReplayTheSpireMod:Repulse"],"picked":"Rebound","floor":19},{"not_picked":["Cold Snap+1","Go for the Eyes+1"],"picked":"Ball Lightning","floor":22},{"not_picked":["Go for the Eyes","ReplayGash"],"picked":"Tempest","floor":24},{"not_picked":["Ball Lightning+1","FIFO Queue+1"],"picked":"hubris:PowerSurge","floor":25}],"player_experience":150698,"relics_obtained":[{"floor":7,"key":"Orichalcum"},{"floor":12,"key":"Odd Mushroom"},{"floor":26,"key":"Replay:Bandana"},{"floor":28,"key":"Nilry\u0027s Codex"}],"event_choices":[{"damage_healed":0,"gold_gain":0,"player_choice":"Leave","damage_taken":0,"max_hp_gain":0,"max_hp_loss":0,"event_name":"The Cleric","floor":5,"gold_loss":0},{"damage_healed":0,"gold_gain":78,"player_choice":"Gained Gold","damage_taken":0,"max_hp_gain":0,"max_hp_loss":0,"event_name":"Golden Wing","floor":10,"gold_loss":0},{"damage_healed":0,"gold_gain":0,"player_choice":"Fought Mushrooms","damage_taken":0,"max_hp_gain":0,"max_hp_loss":0,"event_name":"Mushrooms","floor":12,"gold_loss":0},{"cards_removed":["hubris:PowerSurge"],"damage_healed":0,"gold_gain":0,"player_choice":"Take \u0026 Give","damage_taken":0,"max_hp_gain":0,"max_hp_loss":0,"event_name":"betterNote:BetterNote","floor":20,"gold_loss":0,"cards_obtained":["Gash"]},{"damage_healed":0,"gold_gain":0,"player_choice":"Ignored","damage_taken":0,"max_hp_gain":0,"max_hp_loss":0,"event_name":"Vampires","floor":27,"gold_loss":0},{"damage_healed":0,"gold_gain":0,"player_choice":"Obtained Book","damage_taken":16,"max_hp_gain":0,"max_hp_loss":0,"event_name":"Cursed Tome","floor":28,"gold_loss":0}],"is_beta":false,"boss_relics":[{"not_picked":["Sozu","Snecko Eye"],"picked":"Runic Pyramid"}],"items_purged_floors":[11,21],"is_endless":false,"potions_floor_spawned":[1,12,13,22,24],"ascension_level":0}}