{"host":"oehe2dxjvdgux73m","time":1612706132,"event":{"mods":["AchievementEnabler","BaseMod","Colored Map","Colored Powertips","DeckTracker","Keyboard Shortcuts","Minty Spire (QoL Compilation)","Permanent Neow","Quick Restart","StSLib","SuperFastMode"],"gold_per_floor":[114,114,129,129,145,178,178,193,216,13,0,0,0,0,0],"floor_reached":14,"language":"KOR","playtime":254,"items_purged":[],"score":176,"play_id":"523e4f5f-c425-468f-a5d9-b7ba62df0e42","local_time":"20210207225532","is_ascension_mode":true,"campfire_choices":[{"data":"Terror","floor":7.0,"key":"SMITH"},{"floor":13,"key":"REST"}],"circlet_count":0,"master_deck":["AscendersBane","Strike_G","Strike_G","Strike_G","Strike_G","Defend_G","Defend_G","Defend_G","Defend_G","Defend_G","Survivor","Neutralize","Terror+1","Deadly Poison","Masterful Stab","Grand Finale","Acrobatics"],"relics":["Ring of the Snake","NeowsBlessing","Centennial Puzzle","Anchor"],"acts_visited":["Exordium"],"potions_floor_usage":[],"damage_taken":[{"damage":0.0,"enemies":"Jaw Worm","floor":1.0,"turns":1.0},{"damage":0.0,"enemies":"Small Slimes","floor":3.0,"turns":1.0},{"damage":0.0,"enemies":"Cultist","floor":5.0,"turns":1.0},{"damage":33.0,"enemies":"Lagavulin","floor":6.0,"turns":6.0},{"damage":7.0,"enemies":"Exordium Wildlife","floor":8.0,"turns":3.0},{"damage":47,"enemies":"3 Sentries","floor":14,"turns":11}],"seed_played":"-4482609808884776961","potions_obtained":[{"floor":1.0,"key":"Explosive Potion"},{"floor":4.0,"key":"CultistPotion"},{"floor":4.0,"key":"AttackPotion"}],"is_trial":false,"path_per_floor":["M","?","M","?","M","E","R","M","T","$","?","?","R","E"],"character_chosen":"THE_SILENT","items_purchased":["Grand Finale","Acrobatics"],"campfire_rested":1,"item_purchase_floors":[10,10],"current_hp_per_floor":[59,64,64,64,64,31,31,24,24,24,24,17,38,0,0],"gold":0,"neow_bonus":"THREE_ENEMY_KILL","is_daily":false,"chose_seed":false,"campfire_upgraded":1,"win_rate":0.0,"timestamp":1612706132,"path_taken":["M","?","M","?","?","E","R","M","T","$","?","?","R","E"],"items_purchased_type":["Card","Card"],"build_version":"2020-12-22","purchased_purges":0,"victory":false,"max_hp_per_floor":[66,71,71,71,71,71,71,71,71,71,71,71,71,71,71],"card_choices":[{"not_picked":["Backflip","Deflect"],"picked":"Terror","floor":1.0},{"not_picked":["Flying Knee","Acrobatics"],"picked":"Deadly Poison","floor":3.0},{"not_picked":["Outmaneuver","Tactician","Terror"],"picked":"SKIP","floor":5.0},{"not_picked":["Blur","Deadly Poison"],"picked":"Masterful Stab","floor":6.0},{"not_picked":["Predator","Bane","Dagger Throw"],"picked":"SKIP","floor":8.0}],"player_experience":412510,"relics_obtained":[{"floor":6.0,"key":"Centennial Puzzle"},{"floor":9.0,"key":"Anchor"}],"event_choices":[{"damage_healed":0.0,"max_hp_gain":5.0,"max_hp_loss":0.0,"gold_gain":0.0,"event_name":"Big Fish","player_choice":"Donut","floor":2.0,"gold_loss":0.0,"damage_taken":0.0},{"damage_healed":0.0,"max_hp_gain":0.0,"max_hp_loss":0.0,"gold_gain":0.0,"event_name":"Lab","player_choice":"Got Potions","floor":4.0,"gold_loss":0.0,"damage_taken":0.0},{"damage_healed":0,"gold_gain":0,"player_choice":"Left Gold","damage_taken":0,"max_hp_gain":0,"max_hp_loss":0,"event_name":"World of Goop","floor":11,"gold_loss":13},{"cards_removed":["Strike_G"],"damage_healed":0,"gold_gain":0,"player_choice":"Card Removal","damage_taken":7,"max_hp_gain":0,"max_hp_loss":0,"event_name":"Golden Wing","floor":12,"gold_loss":0}],"is_beta":false,"boss_relics":[],"items_purged_floors":[],"is_endless":false,"potions_floor_spawned":[1,5],"killed_by":"3 Sentries","ascension_level":20}}