{"host":"j4nfyhit1dl35m08","time":1612657616,"event":{"mods":["BaseMod","Downfall","Highlight Path","Minty Spire (QoL Compilation)","StSLib"],"gold_per_floor":[99,109,121,121,131,131,154,164,0,0,0,35,35,55,72,72,72,72],"floor_reached":16,"language":"ENG","playtime":1866,"items_purged":["bronze:Strike"],"score":153,"play_id":"1f536d1f-9b3c-4414-b629-57f5e2b60e76","local_time":"20210206182656","is_ascension_mode":true,"campfire_choices":[{"data":"bronze:Goto","floor":1,"key":"SMITH"},{"data":"bronze:ClassDefault","floor":6,"key":"SMITH"},{"data":"bronze:TinkerersToolbox","floor":13,"key":"SMITH"}],"circlet_count":0,"master_deck":["AscendersBane","bronze:Strike","bronze:Defend","bronze:Defend","bronze:Defend","bronze:Defend","bronze:Replicate","bronze:Goto+1","bronze:ClassDefault+1","bronze:Deprecate","bronze:Fortify","bronze:Separator","bronze:BitShift","bronze:TinkerersToolbox+1","bronze:Frontload","bronze:Iterate","bronze:Terminator","bronze:Repair","bronze:FineTuning"],"relics":["bronze:ElectromagneticCoil","Akabeko"],"acts_visited":["Exordium"],"potions_floor_usage":[8,16,16],"damage_taken":[{"damage":2,"enemies":"2 Louse","floor":2,"turns":3},{"damage":3,"enemies":"Jaw Worm","floor":3,"turns":5},{"damage":11,"enemies":"Cultist","floor":5,"turns":5},{"damage":14,"enemies":"Exordium Thugs","floor":8,"turns":4},{"damage":3,"enemies":"downfall:FleeingMerchant","floor":9,"turns":4},{"damage":5,"enemies":"downfall:FleeingMerchant","floor":11,"turns":4},{"damage":4,"enemies":"Lagavulin","floor":12,"turns":7},{"damage":1,"enemies":"Red Slaver","floor":14,"turns":3},{"damage":0,"enemies":"2 Fungi Beasts","floor":15,"turns":6},{"damage":111,"enemies":"DF_ARCHETYPE_STREAMLINE","floor":16,"turns":14}],"seed_played":"-3968765175660941663","potions_obtained":[{"floor":2,"key":"PowerPotion"},{"floor":5,"key":"FearPotion"},{"floor":12,"key":"bronze:FreeFunctionsPotion"}],"is_trial":false,"path_per_floor":["R","M","M","?","M","R","T","M","$","?","$","E","R","M","M","B"],"character_chosen":"THE_AUTOMATON","items_purchased":["bronze:Frontload","bronze:Iterate"],"campfire_rested":0,"item_purchase_floors":[9,9],"current_hp_per_floor":[63,61,58,58,47,47,47,33,30,30,25,21,21,27,51,0,0,0],"gold":72,"neow_bonus":"BOSS_RELIC","is_daily":false,"chose_seed":false,"campfire_upgraded":3,"win_rate":0.0,"timestamp":1612657616,"path_taken":["R","M","M","?","M","R","T","M","$","?","?","E","R","?","M","BOSS"],"items_purchased_type":["Card","Card"],"build_version":"2020-12-22","purchased_purges":1,"victory":false,"max_hp_per_floor":[70,70,70,70,70,70,70,70,70,70,70,70,70,70,70,70,70,70],"card_choices":[{"not_picked":["bronze:NullPointer","bronze:MaxOutput"],"picked":"bronze:ClassDefault","floor":2},{"not_picked":["bronze:BronzeOrb","bronze:Frontload"],"picked":"bronze:Deprecate","floor":3},{"not_picked":["bronze:DarkDash","bronze:DelayedSlice"],"picked":"bronze:Separator","floor":5},{"not_picked":["bronze:BugBarrage","bronze:BronzeOrb"],"picked":"bronze:BitShift","floor":8},{"not_picked":["bronze:BronzeOrb","bronze:BugBarrage"],"picked":"bronze:TinkerersToolbox","floor":9},{"not_picked":["bronze:Branch","bronze:Philosophize"],"picked":"bronze:Terminator","floor":11},{"not_picked":["bronze:OilSpill","bronze:BitShift"],"picked":"bronze:Repair","floor":12},{"not_picked":["bronze:DigitalCarnage","bronze:WildBeam"],"picked":"bronze:FineTuning","floor":14},{"not_picked":["bronze:Allocate","bronze:BugBarrage","bronze:Deprecate"],"picked":"SKIP","floor":15}],"player_experience":453214,"relics_obtained":[{"floor":12,"key":"Akabeko"}],"event_choices":[],"is_beta":false,"boss_relics":[],"items_purged_floors":[9],"is_endless":false,"potions_floor_spawned":[2,5,12],"killed_by":"DF_ARCHETYPE_STREAMLINE","ascension_level":10}}