{"host":"s2jwg59yskzk2eda","time":1612714318,"event":{"mods":["BaseMod","Better Note","Block Reminder","Colored Map","Colored Powertips","Dark Map","Downfall","Fox Events","Minty Spire (QoL Compilation)","Relic Sorter","Reliquary","Spire Arcade","StSLib"],"gold_per_floor":[99,99,99,99,99,99,99,99,130,130,30,39,65,65,76,76,76,76],"floor_reached":16,"language":"ENG","playtime":633,"items_purged":[],"score":146,"play_id":"8f906b50-25a9-46bb-9fc3-212b7c576708","local_time":"20210207171158","is_ascension_mode":true,"campfire_choices":[{"data":"Guardian:TwinSlam","floor":1,"key":"SMITH"},{"floor":8,"key":"RECALL"},{"data":"Guardian:CurlUp","floor":11,"key":"SMITH"}],"circlet_count":0,"master_deck":["Guardian:Strike_Guardian","Guardian:Defend_Guardian","Guardian:Defend_Guardian","Guardian:Defend_Guardian","Guardian:Defend_Guardian","Guardian:CurlUp+1","Guardian:TwinSlam+1","Guardian:Gem_Cyan","Guardian:Gem_Green","Guardian:RefractedBeam","Guardian:Orbwalk"],"relics":["Guardian:ModeShifter","downfall:HeartsMalice","Centennial Puzzle","Ornamental Fan","downfall:HeartBlessingRed","Art of War"],"acts_visited":["Exordium"],"potions_floor_usage":[],"damage_taken":[{"damage":0,"enemies":"Small Slimes","floor":2,"turns":1},{"damage":0,"enemies":"2 Louse","floor":6,"turns":1},{"damage":0,"enemies":"Gremlin Nob","floor":9,"turns":1},{"damage":0,"enemies":"downfall:FleeingMerchant","floor":12,"turns":4},{"damage":45,"enemies":"Lagavulin","floor":13,"turns":12},{"damage":6,"enemies":"Jaw Worm","floor":15,"turns":3},{"damage":31,"enemies":"SI_SHIV_ARCHETYPE","floor":16,"turns":16}],"seed_played":"5629084917406800473","potions_obtained":[{"floor":13,"key":"GamblersBrew"},{"floor":15,"key":"Dexterity Potion"}],"is_trial":false,"path_per_floor":["R","M","?","?","?","M","T","R","E","?","R","$","E","?","M","B"],"character_chosen":"GUARDIAN","items_purchased":["Guardian:RefractedBeam"],"campfire_rested":0,"item_purchase_floors":[12],"current_hp_per_floor":[80,80,80,80,80,80,80,80,80,80,80,80,35,35,29,0,0,0],"gold":76,"neow_bonus":"THREE_ENEMY_KILL","is_daily":false,"chose_seed":false,"campfire_upgraded":2,"win_rate":0.0,"timestamp":1612714318,"path_taken":["R","M","?","?","?","M","T","R","E","?","R","?","E","?","M","BOSS"],"items_purchased_type":["Card"],"build_version":"2020-12-22","purchased_purges":0,"victory":false,"max_hp_per_floor":[80,80,80,80,80,80,80,80,80,80,80,80,80,80,80,80,80,80],"card_choices":[{"not_picked":["Guardian:Gem_Cyan","Guardian:CrystalBeam"],"picked":"Guardian:Gem_White","floor":2},{"not_picked":["Guardian:Gem_Fragmented","Guardian:Gem_Red"],"picked":"Guardian:Gem_Cyan","floor":6},{"not_picked":["Guardian:ShieldCharger","Guardian:EvasiveProtocol"],"picked":"Guardian:Gem_Green","floor":9},{"not_picked":["Guardian:Emergency","Guardian:TemporalShield","Guardian:RollAttack"],"picked":"SKIP","floor":12},{"not_picked":["Guardian:SpikerProtocol","Guardian:Gem_Synthetic","Guardian:WalkerClaw"],"picked":"SKIP","floor":13},{"not_picked":["Guardian:PrimingBeam","Guardian:Preprogram"],"picked":"Guardian:Orbwalk","floor":15}],"player_experience":802080,"relics_obtained":[{"floor":7,"key":"Centennial Puzzle"},{"floor":9,"key":"Ornamental Fan"},{"floor":13,"key":"Art of War"}],"event_choices":[{"cards_removed":["Guardian:Strike_Guardian"],"damage_healed":0,"gold_gain":0,"player_choice":"Card Removal","damage_taken":0,"max_hp_gain":0,"max_hp_loss":0,"event_name":"The Cleric","floor":5,"gold_loss":0}],"is_beta":false,"boss_relics":[],"items_purged_floors":[],"is_endless":false,"potions_floor_spawned":[13,15],"killed_by":"SI_SHIV_ARCHETYPE","ascension_level":3}}