{"host":"0068lo8nqxkxlxxx","time":1612738690,"event":{"mods":["2.2 Compatiblity","AchievementEnabler","Act Like it!","Aspiration","BaseMod","Bestiary","Better Altar","Better Match","Better Note","Better Sensory Stone","Better Skull","Better Third Choice","BetterRewards","Colored Map","Elementarium","Energized Spire","Fox Events","Friendly Minions","GifTheSpireLib","Halation","Hubris","Infinite Spire","Jedi Mod","Minty Spire (QoL Compilation)","Pale of the Ancients","Potionbrewer","Rare Cards Sparkle","Reliquary","Replay The Spire","Shop Mod","Somnambulant","Spicy Shops","Spikes Relics","Spire Arcade","StSLib","Stuff the Spire","The Disciple","The Gatherer","The Jungle","The Marked","The Sage","Trackpad"],"gold_per_floor":[117,292,306,316,336,336,351,94,119,133,149,149,149,119,119,221,221,202,202,212,212,212,212,212,212,212,212],"floor_reached":26,"language":"ENG","playtime":1445,"items_purged":["Doubt","Defend_G"],"score":198,"play_id":"abb0c534-eff0-4c76-b3da-177149e74f20","local_time":"20210207175810","is_ascension_mode":false,"campfire_choices":[{"data":"Outmaneuver","floor":6,"key":"SMITH"},{"floor":12,"key":"REST"},{"data":"Neutralize","floor":15,"key":"SMITH"},{"floor":23,"key":"REST"}],"circlet_count":0,"master_deck":["Strike_G","Strike_G","Strike_G","Strike_G","Strike_G","Defend_G","Defend_G","Defend_G","Defend_G","Survivor","Neutralize+1","Underhanded Strike","Leg Sweep","Backflip","Outmaneuver+1","Quick Slash","Backflip","Skewer","Dagger Spray","Grand Finale","All Out Attack","Burst","hubris:SlightOfHand","Dagger Throw"],"relics":["potionbrewer:PotionKit","Smiling Mask","infinitespire:Cubic Diamond","Replay:Fungal Core","jedi:HeartOfTheCards","MutagenicStrength"],"acts_visited":["Exordium","TheCity"],"potions_floor_usage":[11,14,18,18,26],"damage_taken":[{"damage":2,"enemies":"Small Slimes","floor":1,"turns":5},{"damage":4,"enemies":"Jaw Worm","floor":3,"turns":6},{"damage":1,"enemies":"Cultist","floor":4,"turns":6},{"damage":2,"enemies":"Blue Slaver","floor":5,"turns":5},{"damage":3,"enemies":"2 Fungi Beasts","floor":7,"turns":4},{"damage":5,"enemies":"Red Slaver","floor":10,"turns":4},{"damage":16,"enemies":"Large Slime","floor":11,"turns":4},{"damage":0,"enemies":"Looter","floor":14,"turns":4},{"damage":46,"enemies":"Fading Forest","floor":16,"turns":11},{"damage":8,"enemies":"2 Thieves","floor":18,"turns":4},{"damage":37,"enemies":"Spheric Guardian","floor":20,"turns":6},{"damage":58,"enemies":"Cultist and Chosen","floor":26,"turns":8}],"seed_played":"6561490839559484589","potions_obtained":[{"floor":7,"key":"SpeedPotion"},{"floor":10,"key":"Adrenaline Potion"},{"floor":16,"key":"ColorlessPotion"},{"floor":18,"key":"Toxic Potion"}],"is_trial":false,"path_per_floor":["M","?","M","M","M","R","M","$","T","M","M","R","?","M","R","B",null,"M","?","M","AVR","?","R","PTL","PTL","M"],"character_chosen":"THE_SILENT","items_purchased":["Backflip","Skewer","Dagger Spray"],"campfire_rested":2,"item_purchase_floors":[8,8,8],"current_hp_per_floor":[75,75,71,70,68,68,65,65,65,60,44,67,67,67,67,31,77,69,69,32,32,32,55,55,55,0,0],"gold":212,"neow_bonus":"TEN_PERCENT_HP_BONUS","is_daily":false,"chose_seed":false,"campfire_upgraded":2,"win_rate":0.0,"timestamp":1612738690,"path_taken":["M","?","M","M","M","R","M","$","T","M","M","R","?","M","R","BOSS","M","?","?","AVR","?","R","PTL","PTL","M"],"items_purchased_type":["Card","Card","Card"],"build_version":"2020-12-22","purchased_purges":2,"victory":false,"max_hp_per_floor":[77,77,77,77,77,77,77,77,77,77,77,77,77,77,77,77,77,77,77,77,77,77,77,77,77,77,77],"card_choices":[{"not_picked":["Quick Slash","Outmaneuver"],"picked":"Underhanded Strike","floor":1},{"not_picked":["StuffTheSpire:Shiver","Deflect"],"picked":"Leg Sweep","floor":3},{"not_picked":["Escape Plan","StuffTheSpire:BumpUp"],"picked":"Backflip","floor":4},{"not_picked":["ReplayTheSpireMod:Tripwire","Terror"],"picked":"Outmaneuver","floor":5},{"not_picked":["Backflip","StuffTheSpire:Injection"],"picked":"Quick Slash","floor":7},{"not_picked":["hubris:TrickCloak","Acrobatics"],"picked":"Grand Finale","floor":10},{"not_picked":["Outmaneuver","Cloak And Dagger","Prepared"],"picked":"SKIP","floor":11},{"not_picked":["Well Laid Plans","Infinite Blades"],"picked":"All Out Attack","floor":14},{"not_picked":["aspiration:Lunge","jedi:rejectivetoxin"],"picked":"Burst","floor":16},{"not_picked":["Underhanded Strike+1","StuffTheSpire:Injection+1"],"picked":"hubris:SlightOfHand","floor":18},{"not_picked":["Replay:Poison Smokescreen","Distraction"],"picked":"Dagger Throw","floor":20}],"player_experience":104731,"relics_obtained":[{"floor":9,"key":"Smiling Mask"}],"event_choices":[{"damage_healed":0,"gold_gain":175,"player_choice":"AGREE","damage_taken":117,"max_hp_gain":0,"max_hp_loss":0,"event_name":"betterThird:BetterSerpent","floor":2,"gold_loss":0},{"cards_removed":["Defend_G"],"damage_healed":0,"gold_gain":0,"player_choice":"Give","damage_taken":0,"max_hp_gain":0,"max_hp_loss":0,"event_name":"betterNote:BetterNote","floor":19,"gold_loss":0,"cards_obtained":["None"]},{"damage_healed":0,"gold_gain":0,"player_choice":"Inject Mutagens","damage_taken":0,"relics_obtained":["MutagenicStrength"],"max_hp_gain":0,"max_hp_loss":0,"event_name":"Drug Dealer","floor":22,"gold_loss":0}],"is_beta":false,"boss_relics":[{"not_picked":["potionbrewer:BhaskarasWheel","ChewingGum"],"picked":"Replay:Fungal Core"}],"items_purged_floors":[8,21],"is_endless":false,"potions_floor_spawned":[7,10,16,18],"killed_by":"Cultist and Chosen","ascension_level":0}}