{"host":"gk5m6v7zec9neb0j","time":1612682888,"event":{"mods":["AchievementEnabler","AlwaysNeverKeys","BaseMod","BetterRewards","Block Reminder","Minty Spire (QoL Compilation)","Rare Cards Sparkle","Relic Stats","StSLib"],"gold_per_floor":[110,126,139,214,229,255,265,278,303,303,329,329,348,365,365,465,465,482,501,29,44,44,71,71,71,98,98,98,113,113,19,19,123,123,134,144,144,144,164,164,192,203,203,203,203,222,235,245,245,245,245],"floor_reached":50,"language":"ENG","playtime":2295,"items_purged":["Strike_G","Strike_G"],"score":708,"play_id":"c06db1c2-7bbe-4798-b8a4-5d93cc573ae0","local_time":"20210207022808","is_ascension_mode":false,"campfire_choices":[{"data":"Neutralize","floor":10.0,"key":"SMITH"},{"data":"Footwork","floor":12.0,"key":"SMITH"},{"floor":15.0,"key":"REST"},{"floor":25.0,"key":"REST"},{"floor":28.0,"key":"REST"},{"data":"Beam Cell","floor":30.0,"key":"SMITH"},{"data":"Accuracy","floor":32.0,"key":"SMITH"},{"floor":45,"key":"REST"},{"floor":49,"key":"REST"}],"circlet_count":0,"master_deck":["Strike_G","Strike_G","Strike_G","Defend_G","Defend_G","Defend_G","Defend_G","Defend_G","Survivor","Neutralize+1","Footwork+1","Backstab","Blur","Unload","Infinite Blades","Die Die Die","CurseOfTheBell","Dodge and Roll+1","Terror","Blade Dance","Beam Cell+1","Accuracy+1","Blade Dance","Cloak And Dagger","FollowUp","DeusExMachina"],"relics":["Ring of the Snake","Oddly Smooth Stone","ClockworkSouvenir","Singing Bowl","Bottled Tornado","Juzu Bracelet","Blue Candle","Calling Bell","Bronze Scales","Ornamental Fan","PrismaticShard","Lantern","Tiny Chest","Omamori","Black Star","Question Card","Smiling Mask","Darkstone Periapt","StrikeDummy"],"acts_visited":["Exordium","TheCity","TheBeyond"],"potions_floor_usage":[42,42,50],"damage_taken":[{"damage":0.0,"enemies":"Cultist","floor":1.0,"turns":5.0},{"damage":0.0,"enemies":"2 Louse","floor":2.0,"turns":3.0},{"damage":0.0,"enemies":"Jaw Worm","floor":3.0,"turns":4.0},{"damage":0.0,"enemies":"Looter","floor":5.0,"turns":5.0},{"damage":1.0,"enemies":"Lagavulin","floor":6.0,"turns":12.0},{"damage":0.0,"enemies":"Exordium Wildlife","floor":7.0,"turns":4.0},{"damage":2.0,"enemies":"Blue Slaver","floor":8.0,"turns":3.0},{"damage":11.0,"enemies":"Gremlin Nob","floor":11.0,"turns":5.0},{"damage":2.0,"enemies":"Exordium Thugs","floor":13.0,"turns":6.0},{"damage":7.0,"enemies":"Exordium Wildlife","floor":14.0,"turns":7.0},{"damage":3.0,"enemies":"Slime Boss","floor":16.0,"turns":17.0},{"damage":22.0,"enemies":"Chosen","floor":18.0,"turns":7.0},{"damage":10.0,"enemies":"2 Thieves","floor":19.0,"turns":5.0},{"damage":1.0,"enemies":"Snecko","floor":21.0,"turns":5.0},{"damage":44.0,"enemies":"Gremlin Leader","floor":23.0,"turns":7.0},{"damage":2.0,"enemies":"Sentry and Sphere","floor":29.0,"turns":8.0},{"damage":29.0,"enemies":"Automaton","floor":33.0,"turns":12.0},{"damage":9.0,"enemies":"3 Darklings","floor":35.0,"turns":7.0},{"damage":0.0,"enemies":"Orb Walker","floor":36.0,"turns":4.0},{"damage":9.0,"enemies":"Writhing Mass","floor":39.0,"turns":11.0},{"damage":56.0,"enemies":"Reptomancer","floor":41.0,"turns":4.0},{"damage":16,"enemies":"Jaw Worm Horde","floor":42,"turns":5},{"damage":33,"enemies":"Maw","floor":46,"turns":7},{"damage":28,"enemies":"Writhing Mass","floor":47,"turns":6},{"damage":3,"enemies":"Spire Growth","floor":48,"turns":6},{"damage":59,"enemies":"Donu and Deca","floor":50,"turns":9}],"seed_played":"-1879767430365424285","potions_obtained":[{"floor":1.0,"key":"EssenceOfSteel"},{"floor":6.0,"key":"SteroidPotion"},{"floor":11.0,"key":"EssenceOfSteel"},{"floor":16.0,"key":"EntropicBrew"},{"floor":29.0,"key":"CultistPotion"},{"floor":39.0,"key":"Strength Potion"},{"floor":41.0,"key":"Poison Potion"},{"floor":47,"key":"AttackPotion"}],"is_trial":false,"path_per_floor":["M","M","M","?","M","E","M","M","T","R","E","R","M","M","R","B",null,"M","M","$","M","$","E","?","R","T","?","R","M","R","$","R","B",null,"M","M","?","T","M","$","E","M","T","?","R","M","M","M","R","B"],"character_chosen":"THE_SILENT","items_purchased":["Oddly Smooth Stone","ClockworkSouvenir","Footwork","Singing Bowl","FairyPotion","PrismaticShard","Terror","Lantern","Accuracy","Blade Dance"],"campfire_rested":5,"item_purchase_floors":[0,0,0,0,0,20,20,20,31,31],"current_hp_per_floor":[43,43,43,36,36,37,39,39,39,39,28,28,28,23,47,44,82,60,52,52,53,53,9,9,34,34,34,59,57,57,57,57,30,88,81,83,85,85,78,78,22,8,8,8,37,4,14,13,43,0,0],"gold":245,"neow_bonus":"","is_daily":false,"chose_seed":false,"campfire_upgraded":4,"win_rate":0.0,"timestamp":1612682888,"path_taken":["M","?","M","?","?","E","M","M","T","R","E","R","M","M","R","BOSS","M","M","$","M","$","E","?","R","T","?","R","M","R","$","R","BOSS","M","M","?","?","M","$","E","M","T","?","R","M","M","M","R","BOSS"],"items_purchased_type":["Relic","Relic","Card","Relic","Potion","Relic","Card","Relic","Card","Card"],"build_version":"2020-12-22","purchased_purges":2,"victory":false,"max_hp_per_floor":[72,72,72,72,72,74,76,78,78,78,78,78,80,82,82,82,82,82,84,84,86,86,86,86,86,86,86,86,86,86,86,86,88,88,90,92,94,94,96,96,96,98,98,98,98,98,98,100,100,100,100],"relic_stats":{"Darkstone Periapt":0,"Singing Bowl":30,"counters":[457,2608],"Blue Candle":[7],"Juzu Bracelet":0,"Question Card":6,"Smiling Mask":0,"Ornamental Fan":[244],"Bronze Scales":[309],"Tiny Chest":1,"Black Star":1,"obtain_stats":[{"TwistedFunnel":0,"Ginger":0,"Whetstone":11,"Bottled Tornado":43,"Old Coin":34,"Blood Vial":17,"Sundial":24,"Kunai":0,"Pear":28,"Blue Candle":54,"Eternal Feather":54,"Tingsha":0,"Pen Nib":11,"Paper Crane":43,"SlaversCollar":17,"MutagenicStrength":19,"Bird Faced Urn":38,"StrikeDummy":27,"Unceasing Top":46,"Ring of the Serpent":17,"Regal Pillow":9,"Lantern":45,"Torii":0,"Singing Bowl":43,"StoneCalendar":42,"Bag of Preparation":26,"Ancient Tea Set":4,"Cursed Key":17,"Smiling Mask":41,"Matryoshka":37,"WristBlade":34,"Ninja Scroll":0,"WingedGreaves":17,"Chemical X":37,"InkBottle":54,"Ring of the Snake":0,"Potion Belt":9,"The Specimen":0,"Golden Idol":3,"Thread and Needle":45,"The Courier":26,"PreservedInsect":38,"Omamori":39,"Frozen Egg 2":43,"MawBank":45,"Ornamental Fan":0,"Bloody Idol":31,"Orrery":0,"Turnip":38,"Art of War":17,"Bottled Lightning":43,"Toy Ornithopter":27,"Ice Cream":7,"Calipers":13,"CeramicFish":0,"HoveringKite":34,"Vajra":43,"Sozu":34,"Centennial Puzzle":6,"Lizard Tail":10,"DollysMirror":4,"Strawberry":26,"Prayer Wheel":38,"Toxic Egg 2":28,"Girya":0,"Happy Flower":13,"Astrolabe":34,"Oddly Smooth Stone":0,"Letter Opener":53,"War Paint":43,"Question Card":48,"Bottled Flame":25,"Shuriken":0,"Bronze Scales":10,"Molten Egg 2":9,"Black Star":17,"Meat on the Bone":17,"Pocketwatch":17,"Darkstone Periapt":23,"SacredBark":17,"Enchiridion":22,"Snake Skull":54,"Juzu Bracelet":43,"Empty Cage":17,"PrismaticShard":53,"ClockworkSouvenir":20,"Tough Bandages":25,"Nunchaku":31,"Dream Catcher":9,"Mummified Hand":30,"Pantograph":12,"Gambling Chip":0,"Tiny Chest":26,"Red Mask":47,"Orichalcum":26,"Medical Kit":37,"White Beast Statue":9,"Mercury Hourglass":54,"Peace Pipe":9,"Calling Bell":17,"Anchor":34,"CaptainsWheel":54,"Bag of Marbles":43,"Membership Card":36,"FossilizedHelix":0,"TungstenRod":26},{"TwistedFunnel":381,"Ginger":97,"Whetstone":100,"Bottled Tornado":52,"Old Coin":338,"Blood Vial":129,"Sundial":44,"Kunai":31,"Pear":315,"Blue Candle":249,"Eternal Feather":146,"Tingsha":274,"Pen Nib":356,"Paper Crane":322,"SlaversCollar":231,"MutagenicStrength":156,"Bird Faced Urn":189,"StrikeDummy":17,"Unceasing Top":193,"Ring of the Serpent":388,"Regal Pillow":36,"Lantern":269,"Torii":31,"Singing Bowl":116,"StoneCalendar":217,"Bag of Preparation":366,"Ancient Tea Set":2,"Cursed Key":281,"Smiling Mask":452,"Matryoshka":137,"WristBlade":112,"Ninja Scroll":172,"WingedGreaves":80,"Chemical X":22,"InkBottle":57,"Ring of the Snake":0,"Potion Belt":3,"The Specimen":274,"Golden Idol":2,"Thread and Needle":245,"The Courier":183,"PreservedInsect":240,"Omamori":189,"Frozen Egg 2":398,"MawBank":245,"Ornamental Fan":72,"Bloody Idol":161,"Orrery":58,"Turnip":116,"Art of War":80,"Bottled Lightning":24,"Toy Ornithopter":17,"Ice Cream":11,"Calipers":154,"CeramicFish":172,"HoveringKite":21,"Vajra":91,"Sozu":136,"Centennial Puzzle":278,"Lizard Tail":329,"DollysMirror":123,"Strawberry":107,"Prayer Wheel":138,"Toxic Egg 2":108,"Girya":250,"Happy Flower":12,"Astrolabe":86,"Oddly Smooth Stone":122,"Letter Opener":272,"War Paint":191,"Question Card":94,"Bottled Flame":16,"Shuriken":97,"Bronze Scales":36,"Molten Egg 2":151,"Black Star":13,"Meat on the Bone":80,"Pocketwatch":129,"Darkstone Periapt":182,"SacredBark":360,"Enchiridion":68,"Snake Skull":273,"Juzu Bracelet":141,"Empty Cage":103,"PrismaticShard":272,"ClockworkSouvenir":41,"Tough Bandages":16,"Nunchaku":85,"Dream Catcher":355,"Mummified Hand":110,"Pantograph":11,"Gambling Chip":197,"Tiny Chest":16,"Red Mask":54,"Orichalcum":235,"Medical Kit":188,"White Beast Statue":11,"Mercury Hourglass":349,"Peace Pipe":62,"Calling Bell":80,"Anchor":338,"CaptainsWheel":349,"Bag of Marbles":267,"Membership Card":163,"FossilizedHelix":250,"TungstenRod":416},{"TwistedFunnel":2158,"Ginger":599,"Whetstone":611,"Bottled Tornado":309,"Old Coin":1918,"Blood Vial":722,"Sundial":249,"Kunai":183,"Pear":1796,"Blue Candle":1454,"Eternal Feather":781,"Tingsha":1567,"Pen Nib":2009,"Paper Crane":1834,"SlaversCollar":1359,"MutagenicStrength":843,"Bird Faced Urn":1121,"StrikeDummy":100,"Unceasing Top":1141,"Ring of the Serpent":2183,"Regal Pillow":206,"Lantern":1539,"Torii":183,"Singing Bowl":676,"StoneCalendar":1281,"Bag of Preparation":2061,"Ancient Tea Set":5,"Cursed Key":1617,"Smiling Mask":2575,"Matryoshka":750,"WristBlade":661,"Ninja Scroll":996,"WingedGreaves":500,"Chemical X":129,"InkBottle":364,"Ring of the Snake":0,"Potion Belt":9,"The Specimen":1567,"Golden Idol":5,"Thread and Needle":1436,"The Courier":1085,"PreservedInsect":1411,"Omamori":1121,"Frozen Egg 2":2226,"MawBank":1436,"Ornamental Fan":459,"Bloody Idol":873,"Orrery":367,"Turnip":676,"Art of War":500,"Bottled Lightning":139,"Toy Ornithopter":100,"Ice Cream":57,"Calipers":823,"CeramicFish":996,"HoveringKite":124,"Vajra":558,"Sozu":746,"Centennial Puzzle":1590,"Lizard Tail":1866,"DollysMirror":699,"Strawberry":637,"Prayer Wheel":755,"Toxic Egg 2":643,"Girya":1462,"Happy Flower":68,"Astrolabe":533,"Oddly Smooth Stone":696,"Letter Opener":1557,"War Paint":1131,"Question Card":574,"Bottled Flame":94,"Shuriken":599,"Bronze Scales":206,"Molten Egg 2":801,"Black Star":79,"Meat on the Bone":500,"Pocketwatch":722,"Darkstone Periapt":1075,"SacredBark":2027,"Enchiridion":435,"Snake Skull":1562,"Juzu Bracelet":766,"Empty Cage":621,"PrismaticShard":1557,"ClockworkSouvenir":234,"Tough Bandages":94,"Nunchaku":521,"Dream Catcher":2005,"Mummified Hand":652,"Pantograph":57,"Gambling Chip":1176,"Tiny Chest":94,"Red Mask":329,"Orichalcum":1384,"Medical Kit":1117,"White Beast Statue":57,"Mercury Hourglass":1972,"Peace Pipe":387,"Calling Bell":500,"Anchor":1918,"CaptainsWheel":1972,"Bag of Marbles":1530,"Membership Card":899,"FossilizedHelix":1462,"TungstenRod":2337}],"Ring of the Snake":[107]},"card_choices":[{"not_picked":["Backflip","Poisoned Stab","PiercingWail"],"picked":"Singing Bowl","floor":1.0},{"not_picked":["Terror","Dagger Spray"],"picked":"Backstab","floor":2.0},{"not_picked":["Flying Knee","Dagger Throw"],"picked":"Blur","floor":3.0},{"not_picked":["Deflect","Slice"],"picked":"Unload","floor":5.0},{"not_picked":["Dagger Spray","Dash","Expertise"],"picked":"Singing Bowl","floor":6.0},{"not_picked":["Deflect","Poisoned Stab","PiercingWail"],"picked":"Singing Bowl","floor":7.0},{"not_picked":["Well Laid Plans","Prepared","PiercingWail"],"picked":"Singing Bowl","floor":8.0},{"not_picked":["Skewer","Riddle With Holes"],"picked":"Infinite Blades","floor":11.0},{"not_picked":["Acrobatics","Bane","Dagger Throw"],"picked":"Singing Bowl","floor":13.0},{"not_picked":["Dagger Throw","Setup","Slice"],"picked":"Singing Bowl","floor":14.0},{"not_picked":["Envenom","Corpse Explosion"],"picked":"Die Die Die","floor":16.0},{"not_picked":["Sucker Punch","Outmaneuver+1"],"picked":"Dodge and Roll+1","floor":18.0},{"not_picked":["Sucker Punch+1","Noxious Fumes","Dagger Spray"],"picked":"Singing Bowl","floor":19.0},{"not_picked":["Protect","Impatience","Flying Knee"],"picked":"Singing Bowl","floor":21.0},{"not_picked":["DeusExMachina","Cloak And Dagger+1"],"picked":"Blade Dance","floor":23.0},{"not_picked":["Distraction","Heavy Blade"],"picked":"Beam Cell","floor":29.0},{"not_picked":["Exhume","Chrysalis","Fiend Fire"],"picked":"Singing Bowl","floor":33.0},{"not_picked":["Cold Snap+1","Warcry","Sweeping Beam"],"picked":"Singing Bowl","floor":35.0},{"not_picked":["Turbo+1","Acrobatics+1","Ball Lightning"],"picked":"Singing Bowl","floor":36.0},{"not_picked":["Trip","Discovery","Dark Shackles"],"picked":"Singing Bowl","floor":37.0},{"not_picked":["Deflect","Double Energy+1","Backflip","Coolheaded+1"],"picked":"Singing Bowl","floor":39.0},{"not_picked":["Reflex","Fusion","Forethought"],"picked":"Cloak And Dagger","floor":41.0},{"not_picked":["Flash of Steel","Sever Soul","Catalyst+1","Finesse"],"picked":"Singing Bowl","floor":42},{"not_picked":["ClearTheMind+1","Double Energy","Gash"],"picked":"FollowUp","floor":46},{"not_picked":["CutThroughFate","Halt+1","ThirdEye"],"picked":"DeusExMachina","floor":47},{"not_picked":["SignatureMove+1","Sweeping Beam","BattleHymn+1","Spot Weakness+1"],"picked":"Singing Bowl","floor":48}],"player_experience":789042,"relics_obtained":[{"floor":6.0,"key":"Bottled Tornado"},{"floor":9.0,"key":"Juzu Bracelet"},{"floor":11.0,"key":"Blue Candle"},{"floor":17.0,"key":"Bronze Scales"},{"floor":17.0,"key":"Ornamental Fan"},{"floor":23.0,"key":"Tiny Chest"},{"floor":26.0,"key":"Omamori"},{"floor":38.0,"key":"Question Card"},{"floor":41.0,"key":"Smiling Mask"},{"floor":41.0,"key":"Darkstone Periapt"},{"floor":43,"key":"StrikeDummy"}],"event_choices":[{"damage_healed":0.0,"max_hp_gain":0.0,"max_hp_loss":0.0,"gold_gain":75.0,"event_name":"FaceTrader","player_choice":"Touch","floor":4.0,"gold_loss":0.0,"damage_taken":7.0},{"damage_healed":0.0,"max_hp_gain":0.0,"max_hp_loss":0.0,"gold_gain":0.0,"event_name":"Cursed Tome","player_choice":"Ignored","floor":27.0,"gold_loss":0.0,"damage_taken":0.0},{"damage_healed":0.0,"max_hp_gain":0.0,"max_hp_loss":0.0,"gold_gain":0.0,"event_name":"SensoryStone","player_choice":"Memory 1","floor":37.0,"gold_loss":0.0,"damage_taken":0.0},{"damage_healed":0,"gold_gain":0,"player_choice":"Ignored","damage_taken":0,"max_hp_gain":0,"max_hp_loss":0,"event_name":"Tomb of Lord Red Mask","floor":44,"gold_loss":0}],"is_beta":false,"boss_relics":[{"not_picked":["Runic Pyramid","Fusion Hammer"],"picked":"Calling Bell"},{"not_picked":["Coffee Dripper","Sozu"],"picked":"Black Star"}],"items_purged_floors":[0,20],"is_endless":false,"potions_floor_spawned":[1,6,11,16,18,19,29,39,41,46,47,48],"killed_by":"Donu and Deca","ascension_level":0}}