{"host":"11728qvdvolffudn","time":1612719958,"event":{"mods":["BaseMod","Block Reminder","Colored Powertips","Curses Come First","Custom Start","Displayed Cursed Tome","Highlight Path","Minty Spire (QoL Compilation)","Permanent Neow","Quick Restart","Rare Cards Sparkle","Relic Stats","StSLib","Weighted Paths"],"gold_per_floor":[111,61,61,78,98,98,112,125,152,107,79,89,114,41,41,41,41],"floor_reached":16,"language":"ENG","playtime":680,"items_purged":[],"score":145,"play_id":"cc8a32b8-b852-49db-926a-831bfa85069b","local_time":"20210207174558","is_ascension_mode":true,"campfire_choices":[{"data":"Feed","floor":6,"key":"SMITH"},{"data":"Rampage","floor":15,"key":"SMITH"}],"circlet_count":0,"master_deck":["Strike_R","Strike_R","Strike_R","Defend_R","Defend_R","Defend_R","Defend_R","Bash","Feed+1","Cleave","Shrug It Off","Spot Weakness","Flex","Rampage+1"],"relics":["Burning Blood","Toy Ornithopter","Blood Vial"],"acts_visited":["Exordium"],"potions_floor_usage":[16,16],"damage_taken":[{"damage":9,"enemies":"Jaw Worm","floor":1,"turns":6},{"damage":6,"enemies":"Cultist","floor":4,"turns":4},{"damage":0,"enemies":"Small Slimes","floor":5,"turns":3},{"damage":9,"enemies":"2 Fungi Beasts","floor":7,"turns":2},{"damage":35,"enemies":"Exordium Wildlife","floor":8,"turns":8},{"damage":8,"enemies":"Exordium Thugs","floor":11,"turns":5},{"damage":5,"enemies":"Looter","floor":12,"turns":5},{"damage":22,"enemies":"3 Sentries","floor":13,"turns":7},{"damage":71,"enemies":"Hexaghost","floor":16,"turns":11}],"seed_played":"8556267873080674786","potions_obtained":[{"floor":1,"key":"Weak Potion"},{"floor":7,"key":"BloodPotion"},{"floor":8,"key":"Strength Potion"}],"is_trial":false,"path_per_floor":["M","?","?","M","M","R","M","M","T","$","M","M","E","$","R","B"],"character_chosen":"IRONCLAD","items_purchased":["Shrug It Off","Rampage"],"campfire_rested":0,"item_purchase_floors":[10,14],"current_hp_per_floor":[80,80,80,83,89,89,90,65,65,65,67,68,56,56,56,0,0],"gold":41,"neow_bonus":"ONE_RANDOM_RARE_CARD","is_daily":false,"chose_seed":false,"campfire_upgraded":2,"win_rate":0.0,"timestamp":1612719958,"path_taken":["M","?","?","M","?","R","M","?","T","$","M","M","E","?","R","BOSS"],"items_purchased_type":["Card","Card"],"build_version":"2020-12-22","purchased_purges":0,"victory":false,"max_hp_per_floor":[83,83,83,86,89,89,93,97,97,97,101,101,105,105,105,105,105],"relic_stats":{"Blood Vial":2,"counters":[9,51],"obtain_stats":[{"Blood Vial":13,"Burning Blood":0,"Toy Ornithopter":9},{"Blood Vial":8,"Burning Blood":0,"Toy Ornithopter":5},{"Blood Vial":40,"Burning Blood":0,"Toy Ornithopter":23}],"Burning Blood":45,"Toy Ornithopter":10},"card_choices":[{"not_picked":["Dual Wield","Headbutt","Clothesline"],"picked":"SKIP","floor":1},{"not_picked":["Dark Embrace","Battle Trance"],"picked":"Cleave","floor":4},{"not_picked":["Perfected Strike","Headbutt","Havoc"],"picked":"SKIP","floor":5},{"not_picked":["Carnage","Offering","Iron Wave"],"picked":"SKIP","floor":7},{"not_picked":["Fire Breathing","Wild Strike","Armaments"],"picked":"SKIP","floor":8},{"not_picked":["Entrench","Sever Soul"],"picked":"Spot Weakness","floor":11},{"not_picked":["Clothesline","Entrench"],"picked":"Flex","floor":12},{"not_picked":["Sentinel","Clash","Anger"],"picked":"SKIP","floor":13}],"player_experience":183236,"relics_obtained":[{"floor":9,"key":"Toy Ornithopter"},{"floor":13,"key":"Blood Vial"}],"event_choices":[{"cards_removed":["Strike_R"],"damage_healed":0,"gold_gain":0,"player_choice":"Card Removal","damage_taken":0,"max_hp_gain":0,"max_hp_loss":0,"event_name":"The Cleric","floor":2,"gold_loss":50},{"cards_removed":["Strike_R"],"damage_healed":0,"gold_gain":0,"player_choice":"Offered Basic","damage_taken":0,"max_hp_gain":0,"max_hp_loss":0,"event_name":"Bonfire Elementals","floor":3,"gold_loss":0}],"is_beta":false,"boss_relics":[],"items_purged_floors":[],"is_endless":false,"potions_floor_spawned":[1,7,8],"killed_by":"Hexaghost","ascension_level":3}}