{"host":"6xnetdfutjfdr70g","time":1612720159,"event":{"mods":["BaseMod","Colored Powertips","Highlight Path","Minty Spire (QoL Compilation)","Relic Stats"],"gold_per_floor":[114,131,131,142,142,142,67,67,67,67,102,102,117,158,158,254,254,272,172,172,195,215,257,257,287,311,353,376,391,419,444,444,548,557,579,579,601,20,20,20,45,45,45,88,88,118,127,174,183,183,183,183,2,52,52,52],"floor_reached":55,"language":"ENG","playtime":9949,"items_purged":["Regret","Strike_R"],"score":1278,"play_id":"6177851e-e63f-42d8-b0df-39a164ab0268","local_time":"20210207114919","is_ascension_mode":true,"campfire_choices":[{"data":"Clothesline","floor":6.0,"key":"SMITH"},{"data":"Bash","floor":8.0,"key":"SMITH"},{"data":"Fiend Fire","floor":10.0,"key":"SMITH"},{"data":"True Grit","floor":15.0,"key":"SMITH"},{"floor":24.0,"key":"RECALL"},{"floor":32.0,"key":"REST"},{"data":"Limit Break","floor":40.0,"key":"SMITH"},{"floor":42.0,"key":"REST"},{"floor":49.0,"key":"REST"},{"data":"Limit Break","floor":52.0,"key":"SMITH"}],"circlet_count":0,"master_deck":["AscendersBane","Strike_R","Strike_R","Defend_R","Defend_R","Defend_R","Bash+1","Evolve","Clothesline+1","Shrug It Off","Fiend Fire+1","Fire Breathing","True Grit+1","Impervious","Limit Break+1","Battle Trance","True Grit+1","Shrug It Off","Wild Strike","Rampage","Inflame","Cleave","Limit Break+1","Demon Form","CurseOfTheBell","Power Through","Power Through+1","Heavy Blade+1","Clothesline","Shockwave+1","Reaper","Sword Boomerang"],"relics":["Burning Blood","HornCleat","Golden Idol","Lantern","Centennial Puzzle","Regal Pillow","Velvet Choker","Bag of Preparation","CeramicFish","Potion Belt","Calling Bell","Dream Catcher","Shuriken","CaptainsWheel","Torii","Charon\u0027s Ashes","Mercury Hourglass","Strawberry","Vajra","Pen Nib"],"acts_visited":["Exordium","TheCity","TheBeyond","TheEnding"],"potions_floor_usage":[54],"damage_taken":[{"damage":11.0,"enemies":"Small Slimes","floor":1.0,"turns":5.0},{"damage":0.0,"enemies":"2 Louse","floor":2.0,"turns":3.0},{"damage":9.0,"enemies":"Jaw Worm","floor":4.0,"turns":3.0},{"damage":19.0,"enemies":"Lagavulin","floor":11.0,"turns":6.0},{"damage":3.0,"enemies":"Exordium Thugs","floor":13.0,"turns":4.0},{"damage":8.0,"enemies":"3 Sentries","floor":14.0,"turns":8.0},{"damage":11.0,"enemies":"Slime Boss","floor":16.0,"turns":7.0},{"damage":2.0,"enemies":"Chosen","floor":18.0,"turns":2.0},{"damage":0.0,"enemies":"Spheric Guardian","floor":21.0,"turns":3.0},{"damage":0.0,"enemies":"Centurion and Healer","floor":22.0,"turns":4.0},{"damage":26.0,"enemies":"Book of Stabbing","floor":23.0,"turns":7.0},{"damage":7.0,"enemies":"3 Cultists","floor":25.0,"turns":7.0},{"damage":41.0,"enemies":"Gremlin Leader","floor":27.0,"turns":9.0},{"damage":16.0,"enemies":"Cultist and Chosen","floor":28.0,"turns":7.0},{"damage":0.0,"enemies":"Sentry and Sphere","floor":29.0,"turns":4.0},{"damage":13.0,"enemies":"Snecko","floor":30.0,"turns":6.0},{"damage":6.0,"enemies":"Snake Plant","floor":31.0,"turns":4.0},{"damage":83.0,"enemies":"Automaton","floor":33.0,"turns":11.0},{"damage":14.0,"enemies":"Orb Walker","floor":35.0,"turns":5.0},{"damage":9.0,"enemies":"3 Shapes","floor":37.0,"turns":5.0},{"damage":10.0,"enemies":"Sphere and 2 Shapes","floor":41.0,"turns":6.0},{"damage":14.0,"enemies":"Reptomancer","floor":44.0,"turns":7.0},{"damage":1.0,"enemies":"Spire Growth","floor":46.0,"turns":3.0},{"damage":52.0,"enemies":"Giant Head","floor":48.0,"turns":8.0},{"damage":78.0,"enemies":"Donu and Deca","floor":50.0,"turns":11.0},{"damage":61,"enemies":"Shield and Spear","floor":54,"turns":8},{"damage":33,"enemies":"The Heart","floor":55,"turns":2}],"seed_played":"-4015668704596922401","potions_obtained":[{"floor":1.0,"key":"AttackPotion"},{"floor":2.0,"key":"EssenceOfSteel"},{"floor":14.0,"key":"Fire Potion"},{"floor":16.0,"key":"FairyPotion"},{"floor":22.0,"key":"GamblersBrew"},{"floor":23.0,"key":"CultistPotion"},{"floor":29.0,"key":"Block Potion"},{"floor":31.0,"key":"FearPotion"},{"floor":37.0,"key":"Regen Potion"},{"floor":46.0,"key":"AttackPotion"}],"is_trial":false,"path_per_floor":["M","M","?","M","?","R","$","R","T","R","E","?","M","E","R","B",null,"M","$","?","M","M","E","R","M","T","E","M","M","M","M","R","B",null,"M","?","M","$","?","R","M","R","T","E","?","M","?","E","R","B",null,"R","$","E","B"],"character_chosen":"IRONCLAD","items_purchased":["Torii","Charon\u0027s Ashes","LiquidMemories","Fruit Juice"],"campfire_rested":3,"item_purchase_floors":[38,38,53,53],"current_hp_per_floor":[63,69,69,66,48,48,48,48,48,48,35,35,38,36,36,31,64,68,68,68,74,75,55,55,54,54,19,9,15,8,8,45,11,59,51,51,48,48,48,48,44,75,75,74,74,78,78,32,70,13,62,62,67,12,0,0],"gold":52,"neow_bonus":"TRANSFORM_CARD","is_daily":false,"chose_seed":false,"campfire_upgraded":6,"win_rate":0.0,"timestamp":1612720159,"path_taken":["M","M","?","M","?","R","$","R","T","R","E","?","M","E","R","BOSS","M","$","?","M","M","E","R","M","T","E","?","M","M","M","R","BOSS","M","?","M","$","?","R","M","R","T","E","?","M","?","E","R","BOSS","R","$","E","BOSS"],"items_purchased_type":["Relic","Relic","Potion","Potion"],"build_version":"2020-12-22","purchased_purges":2,"victory":false,"max_hp_per_floor":[75,75,75,75,75,75,75,75,75,75,75,75,75,75,75,75,75,75,75,75,75,75,75,75,75,75,75,75,75,75,75,75,75,75,75,75,75,75,75,75,75,75,75,82,78,78,78,78,78,78,78,78,83,83,83,83],"relic_stats":{"Regal Pillow":39,"Torii":31,"counters":[27,155],"Golden Idol":159,"CeramicFish":135,"Charon\u0027s Ashes":[278],"Pen Nib":[0],"Bag of Preparation":[38],"Burning Blood":150,"Mercury Hourglass":[137],"Centennial Puzzle":[57],"Dream Catcher":2,"Shuriken":[4],"obtain_stats":[{"Potion Belt":27,"Lantern":9,"Regal Pillow":14,"Torii":38,"Golden Idol":5,"CeramicFish":23,"Velvet Choker":17,"Vajra":48,"Charon\u0027s Ashes":38,"Pen Nib":54,"Bag of Preparation":20,"Burning Blood":0,"Mercury Hourglass":43,"Calling Bell":34,"Centennial Puzzle":11,"Dream Catcher":34,"CaptainsWheel":34,"HornCleat":3,"Shuriken":34,"Strawberry":44},{"Potion Belt":13,"Lantern":3,"Regal Pillow":6,"Torii":20,"Golden Idol":3,"CeramicFish":11,"Velvet Choker":7,"Vajra":24,"Charon\u0027s Ashes":20,"Pen Nib":26,"Bag of Preparation":8,"Burning Blood":0,"Mercury Hourglass":21,"Calling Bell":18,"Centennial Puzzle":4,"Dream Catcher":18,"CaptainsWheel":18,"HornCleat":2,"Shuriken":18,"Strawberry":22},{"Potion Belt":68,"Lantern":11,"Regal Pillow":29,"Torii":110,"Golden Idol":11,"CeramicFish":52,"Velvet Choker":36,"Vajra":134,"Charon\u0027s Ashes":110,"Pen Nib":153,"Bag of Preparation":38,"Burning Blood":0,"Mercury Hourglass":116,"Calling Bell":100,"Centennial Puzzle":17,"Dream Catcher":100,"CaptainsWheel":100,"HornCleat":8,"Shuriken":100,"Strawberry":123}]},"card_choices":[{"not_picked":["Power Through","Heavy Blade"],"picked":"Clothesline","floor":1.0},{"not_picked":["Sever Soul","Searing Blow"],"picked":"Shrug It Off","floor":2.0},{"not_picked":["Intimidate","Body Slam"],"picked":"Fiend Fire","floor":4.0},{"not_picked":["Evolve","Clash","Flex"],"picked":"SKIP","floor":11.0},{"not_picked":["Iron Wave","Armaments"],"picked":"True Grit","floor":13.0},{"not_picked":["Fire Breathing","Carnage"],"picked":"Impervious","floor":14.0},{"not_picked":["Exhume","Barricade"],"picked":"Limit Break","floor":16.0},{"not_picked":["Pommel Strike","Flex"],"picked":"Battle Trance","floor":18.0},{"not_picked":["Power Through","Sentinel","Rage"],"picked":"SKIP","floor":21.0},{"not_picked":["Bloodletting","Warcry"],"picked":"True Grit+1","floor":22.0},{"not_picked":["True Grit+1","Blood for Blood+1"],"picked":"Shrug It Off","floor":23.0},{"not_picked":["Heavy Blade","Clash"],"picked":"Wild Strike","floor":25.0},{"not_picked":["Sword Boomerang","Cleave"],"picked":"Rampage","floor":27.0},{"not_picked":["Impervious","Flame Barrier"],"picked":"Inflame","floor":28.0},{"not_picked":["Perfected Strike","Carnage","Body Slam"],"picked":"SKIP","floor":29.0},{"not_picked":["Intimidate","Wild Strike"],"picked":"Cleave","floor":30.0},{"not_picked":["Flex","Sentinel+1"],"picked":"Limit Break","floor":31.0},{"not_picked":["Brutality","Corruption"],"picked":"Demon Form","floor":33.0},{"not_picked":["Reckless Charge","Cleave"],"picked":"Power Through","floor":35.0},{"not_picked":["Flex","Twin Strike"],"picked":"Power Through+1","floor":37.0},{"not_picked":["Impervious","Rage","Headbutt"],"picked":"SKIP","floor":41.0},{"not_picked":["Ghostly Armor","Anger","Twin Strike"],"picked":"SKIP","floor":44.0},{"not_picked":["Fire Breathing","Metallicize"],"picked":"Heavy Blade+1","floor":46.0},{"not_picked":["Dropkick","Twin Strike+1"],"picked":"Shockwave+1","floor":48.0},{"not_picked":["Shrug It Off","Sentinel"],"picked":"Reaper","floor":49.0},{"not_picked":["Perfected Strike","Uppercut"],"picked":"Sword Boomerang","floor":54}],"player_experience":434983,"relics_obtained":[{"floor":9.0,"key":"Lantern"},{"floor":11.0,"key":"Centennial Puzzle"},{"floor":14.0,"key":"Regal Pillow"},{"floor":23.0,"key":"CeramicFish"},{"floor":27.0,"key":"Potion Belt"},{"floor":34.0,"key":"Dream Catcher"},{"floor":34.0,"key":"Shuriken"},{"floor":34.0,"key":"CaptainsWheel"},{"floor":43.0,"key":"Mercury Hourglass"},{"floor":44.0,"key":"Strawberry"},{"floor":48.0,"key":"Vajra"},{"floor":54,"key":"Pen Nib"}],"event_choices":[{"damage_healed":0.0,"max_hp_gain":0.0,"max_hp_loss":0.0,"gold_gain":0.0,"event_name":"Big Fish","player_choice":"Box","floor":3.0,"gold_loss":0.0,"damage_taken":0.0,"relics_obtained":["HornCleat"],"cards_obtained":["Regret"]},{"damage_healed":0.0,"max_hp_gain":0.0,"max_hp_loss":0.0,"gold_gain":0.0,"event_name":"Golden Idol","player_choice":"Take Damage","floor":5.0,"gold_loss":0.0,"damage_taken":18.0,"relics_obtained":["Golden Idol"]},{"damage_healed":0.0,"max_hp_gain":0.0,"max_hp_loss":0.0,"gold_gain":0.0,"cards_transformed":["Strike_R"],"event_name":"Living Wall","player_choice":"Change","floor":12.0,"gold_loss":0.0,"damage_taken":0.0,"cards_obtained":["Fire Breathing"]},{"damage_healed":0.0,"max_hp_gain":0.0,"max_hp_loss":0.0,"gold_gain":0.0,"event_name":"WeMeetAgain","player_choice":"Gave Potion","floor":20.0,"gold_loss":0.0,"damage_taken":0.0,"relics_obtained":["Bag of Preparation"]},{"damage_healed":0.0,"max_hp_gain":0.0,"max_hp_loss":0.0,"gold_gain":0.0,"event_name":"Tomb of Lord Red Mask","player_choice":"Ignored","floor":36.0,"gold_loss":0.0,"damage_taken":0.0},{"damage_healed":0.0,"max_hp_gain":0.0,"max_hp_loss":0.0,"gold_gain":0.0,"event_name":"Mysterious Sphere","player_choice":"Ignored","floor":39.0,"gold_loss":0.0,"damage_taken":0.0},{"damage_healed":0.0,"max_hp_gain":0.0,"max_hp_loss":4.0,"gold_gain":0.0,"event_name":"Winding Halls","player_choice":"Max HP","floor":45.0,"gold_loss":0.0,"damage_taken":0.0},{"damage_healed":0.0,"max_hp_gain":0.0,"max_hp_loss":0.0,"gold_gain":0.0,"cards_transformed":["Strike_R"],"event_name":"Transmorgrifier","player_choice":"Transformed","floor":47.0,"gold_loss":0.0,"damage_taken":0.0,"cards_obtained":["Clothesline"]}],"is_beta":false,"boss_relics":[{"not_picked":["Philosopher\u0027s Stone","Tiny House"],"picked":"Velvet Choker"},{"not_picked":["Fusion Hammer","Runic Pyramid"],"picked":"Calling Bell"}],"items_purged_floors":[7,19],"is_endless":false,"potions_floor_spawned":[1,2,14,16,18,22,23,29,31,37,46],"killed_by":"The Heart","ascension_level":14}}