{"host":"gaqyve1328ta0etl","time":1612665723,"event":{"mods":["BaseMod","Colored Map","Colored Powertips","Duelist Mod","Googly Eyes","Hero for Fun","Minty Spire (QoL Compilation)","Shop Mod","StSLib","SuperFastMode","The Hierophant","The Runesmith"],"gold_per_floor":[116,127,127,141,141,141,160,190,190,48,48,60,60,89,89,192,192,211,211,227,237,253,253,268,268,268],"floor_reached":25,"language":"ENG","playtime":639,"items_purged":["Strike_B"],"score":323,"play_id":"0c21d60e-f74e-4ea6-b67d-678c469c6af9","local_time":"20210206184203","is_ascension_mode":true,"campfire_choices":[{"data":"Beam Cell","floor":6,"key":"SMITH"},{"floor":11,"key":"REST"},{"floor":13,"key":"REST"},{"floor":15,"key":"REST"},{"floor":23,"key":"REST"}],"circlet_count":0,"master_deck":["AscendersBane","Strike_B","Strike_B","Defend_B","Defend_B","Defend_B","Defend_B","Zap","Dualcast","Redo","Beam Cell+1","Redo","Undo","Melter","Doom and Gloom","Conserve Battery","Gash","Rainbow","Self Repair+1","Tempest+1"],"relics":["Cracked Core","NeowsBlessing","Lizard Tail","Dead Branch","TungstenRod","Frozen Egg 2","SlaversCollar"],"acts_visited":["Exordium","TheCity"],"potions_floor_usage":[8,21,24],"damage_taken":[{"damage":0,"enemies":"2 Louse","floor":1,"turns":1},{"damage":0,"enemies":"Cultist","floor":2,"turns":1},{"damage":0,"enemies":"Jaw Worm","floor":4,"turns":1},{"damage":6,"enemies":"Blue Slaver","floor":7,"turns":3},{"damage":37,"enemies":"Lagavulin","floor":8,"turns":7},{"damage":0,"enemies":"2 Fungi Beasts","floor":12,"turns":3},{"damage":22,"enemies":"3 Sentries","floor":14,"turns":5},{"damage":50,"enemies":"The Guardian","floor":16,"turns":11},{"damage":27,"enemies":"3 Byrds","floor":18,"turns":6},{"damage":0,"enemies":"Spheric Guardian","floor":20,"turns":3},{"damage":8,"enemies":"3 Cultists","floor":21,"turns":5},{"damage":26,"enemies":"Snecko","floor":22,"turns":5},{"damage":75,"enemies":"Centurion and Healer","floor":24,"turns":11},{"damage":22,"enemies":"3 Cultists","floor":25,"turns":5}],"seed_played":"8453861899774389647","potions_obtained":[{"floor":4,"key":"LiquidMemories"},{"floor":8,"key":"SmokeBomb"},{"floor":20,"key":"LiquidMemories"},{"floor":21,"key":"Block Potion"}],"is_trial":false,"path_per_floor":["M","M","?","M","?","R","M","E","T","$","R","M","R","E","R","B",null,"M","?","M","M","M","R","M","M"],"character_chosen":"DEFECT","items_purchased":["Doom and Gloom"],"campfire_rested":4,"item_purchase_floors":[10],"current_hp_per_floor":[68,68,68,68,68,68,62,25,25,25,47,47,69,47,69,19,61,34,34,34,36,20,42,20,0,0],"gold":268,"neow_bonus":"THREE_ENEMY_KILL","is_daily":false,"chose_seed":false,"campfire_upgraded":1,"win_rate":0.0,"timestamp":1612665723,"path_taken":["M","M","?","?","?","R","?","E","T","?","R","M","R","E","R","BOSS","M","?","M","M","M","R","M","M"],"items_purchased_type":["Card"],"build_version":"2020-12-22","purchased_purges":1,"victory":false,"max_hp_per_floor":[75,75,75,75,75,75,75,75,75,75,75,75,75,75,75,75,75,75,75,75,75,75,75,75,75,75],"card_choices":[{"not_picked":["Coolheaded","Storm"],"picked":"Redo","floor":1},{"not_picked":["Go for the Eyes","Hologram"],"picked":"Beam Cell","floor":2},{"not_picked":["Compile Driver","Conserve Battery"],"picked":"Redo","floor":4},{"not_picked":["Streamline","Turbo"],"picked":"Undo","floor":7},{"not_picked":["Scrape","Coolheaded"],"picked":"Melter","floor":8},{"not_picked":["Turbo","Coolheaded"],"picked":"Conserve Battery","floor":12},{"not_picked":["Meteor Strike","Compile Driver"],"picked":"Gash","floor":14},{"not_picked":["Creative AI+1","All For One"],"picked":"Rainbow","floor":16},{"not_picked":["Rip and Tear","Melter","Ball Lightning"],"picked":"SKIP","floor":18},{"not_picked":["Tempest","Stack"],"picked":"Self Repair+1","floor":20},{"not_picked":["Compile Driver","Barrage+1","Doom and Gloom+1"],"picked":"SKIP","floor":21},{"not_picked":["Rip and Tear","Cold Snap","Hello World+1"],"picked":"SKIP","floor":22},{"not_picked":["Sunder","Conserve Battery"],"picked":"Tempest+1","floor":24}],"player_experience":2095592,"relics_obtained":[{"floor":5,"key":"Lizard Tail"},{"floor":8,"key":"Dead Branch"},{"floor":9,"key":"TungstenRod"},{"floor":14,"key":"Frozen Egg 2"}],"event_choices":[{"cards_removed":["Strike_B"],"damage_healed":0,"gold_gain":0,"player_choice":"Offered Basic","damage_taken":0,"max_hp_gain":0,"max_hp_loss":0,"event_name":"Bonfire Elementals","floor":3,"gold_loss":0},{"damage_healed":0,"gold_gain":0,"player_choice":"Relic","damage_taken":0,"max_hp_gain":0,"max_hp_loss":0,"event_name":"Wheel of Change","floor":5,"gold_loss":0},{"damage_healed":0,"gold_gain":0,"player_choice":"Ignored","damage_taken":0,"max_hp_gain":0,"max_hp_loss":0,"event_name":"Cursed Tome","floor":19,"gold_loss":0}],"is_beta":false,"boss_relics":[{"not_picked":["Ectoplasm","Runic Pyramid"],"picked":"SlaversCollar"}],"items_purged_floors":[10],"is_endless":false,"potions_floor_spawned":[4,8,20,21],"killed_by":"3 Cultists","ascension_level":10}}