{"host":"v5dl0pdw4dbht0w1","time":1612669263,"event":{"mods":["AchievementEnabler","Ascension Reborn","BaseMod","Best Route Mod","BetterRewards","Card Filter","Card Forge","Clockwork Mod","Colored Powertips","Fiend Mod","Friendly Minions","Glutton Mod","Hermit","Hunter ?êl","Mad Scientist","Minty Spire (QoL Compilation)","READ ME - Snecko Mod","Railgun Mod","Random Character Button","Relic Filter","SIMod","SOSÅiézîb?îVéqÅj","Shop Mod","StSLib","The Administrix","The Alterego","The Blackbeard","The Bladedancer","The Bug Knight","The Clintock","The Construct","The Cursed","The Death Knight","The Forsaken","The Gatherer","The Hierophant","The Judge","The Mystic","The Necromancer","The Problem Sleuth","The Runesmith","The Servant 0.9.4","The Valiant","TheBandit","TheFirefly","TheVacant","Transform Curses","Treasure Hunter","Yohane!","Yuri Mod","thorton"],"gold_per_floor":[110,128,142,46,62,82,82,110,160,178,198,216,248,248,248,349,349,369,103,103,117,30,30,30,47,72,72,72,72,72],"floor_reached":29,"language":"ENG","playtime":3076,"items_purged":["theSleuth:Strike"],"score":277,"play_id":"a858d647-ea4b-4e76-bef1-1d36cebf1b41","local_time":"20210206214103","is_ascension_mode":true,"campfire_choices":[{"data":"theSleuth:TakeInventory","floor":7.0,"key":"SMITH"},{"floor":15.0,"key":"REST"},{"data":"theSleuth:GummyWormZombie","floor":23,"key":"SMITH"},{"data":"theSleuth:FudgeDeck","floor":27,"key":"SMITH"}],"circlet_count":0,"master_deck":["theSleuth:Strike","theSleuth:Strike","theSleuth:Strike","theSleuth:Defend","theSleuth:Defend","theSleuth:Defend","theSleuth:KeyHandgun","theSleuth:TakeInventory+1","theSleuth:Diplomacy","theSleuth:CharismaBlast","theSleuth:Parry","theSleuth:Treaty","theSleuth:Tootshotgun","theSleuth:Parry","theSleuth:Distill","theSleuth:HandCannon","theSleuth:RetrieveArms","theSleuth:Frijolaegis","theSleuth:TruffleShuffle","theSleuth:TruffleShuffle","theSleuth:WilsonBust","theSleuth:CharismaBlast","theSleuth:FudgeDeck","theSleuth:CharismaBlast","theSleuth:BenStillerBust","theSleuth:ThinkAhead","theSleuth:GummyWormZombie+1","theSleuth:CharismaBlast+1","theSleuth:CandyCane","theSleuth:FudgeDeck+1","theSleuth:CharismaBlast+1","theSleuth:Parry","theSleuth:TruffleShuffle","Writhe","theSleuth:CandyCorn","theSleuth:CandyCornVampire"],"relics":["theSleuth:Typewriter","Hammer of Thor","Seething Fire","Anvil of the Gods","NeowsBlessing","Odd Mushroom","Lantern","Ancient Tea Set","thethorton:CrushedCigarette","theSleuth:JammedPrinter","Anchor","Tiny Chest"],"acts_visited":["Exordium","TheCity"],"potions_floor_usage":[25,29],"damage_taken":[{"damage":0.0,"enemies":"Jaw Worm","floor":1.0,"turns":1.0},{"damage":0.0,"enemies":"2 Louse","floor":2.0,"turns":2.0},{"damage":0.0,"enemies":"Cultist","floor":3.0,"turns":1.0},{"damage":0.0,"enemies":"Blue Slaver","floor":5.0,"turns":5.0},{"damage":13.0,"enemies":"Exordium Thugs","floor":6.0,"turns":6.0},{"damage":14.0,"enemies":"The Mushroom Lair","floor":8.0,"turns":4.0},{"damage":0.0,"enemies":"2 Fungi Beasts","floor":10.0,"turns":4.0},{"damage":10.0,"enemies":"Large Slime","floor":11.0,"turns":5.0},{"damage":10.0,"enemies":"Looter","floor":12.0,"turns":3.0},{"damage":7.0,"enemies":"Lagavulin","floor":13.0,"turns":7.0},{"damage":36.0,"enemies":"The Guardian","floor":16.0,"turns":12.0},{"damage":23.0,"enemies":"Spheric Guardian","floor":18.0,"turns":5.0},{"damage":14,"enemies":"2 Thieves","floor":21,"turns":4},{"damage":7,"enemies":"Snake Plant","floor":25,"turns":4},{"damage":31,"enemies":"Shelled Parasite and Fungi","floor":29,"turns":4}],"seed_played":"7231586274194998183","potions_obtained":[{"floor":5.0,"key":"Explosive Potion"},{"floor":6.0,"key":"Explosive Potion"},{"floor":8.0,"key":"Dexterity Potion"},{"floor":10.0,"key":"CultistPotion"},{"floor":21,"key":"LiquidBronze"}],"is_trial":false,"path_per_floor":["M","M","M","$","M","M","R","?","T","M","M","M","E","?","R","B",null,"M","$","?","M","$","R","?","M","T","R","?","M"],"character_chosen":"THE_sleuth","items_purchased":["theSleuth:Tootshotgun","theSleuth:Parry","theSleuth:CandyCane","theSleuth:FudgeDeck","theSleuth:JammedPrinter","theSleuth:Parry","theSleuth:TruffleShuffle"],"campfire_rested":1,"item_purchase_floors":[4,4,19,19,19,22,22],"current_hp_per_floor":[73,73,73,73,73,60,60,46,46,46,36,26,19,19,40,4,73,50,50,50,36,36,36,36,29,29,29,29,0,0],"gold":72,"neow_bonus":"THREE_ENEMY_KILL","is_daily":false,"chose_seed":false,"campfire_upgraded":3,"win_rate":0.0,"timestamp":1612669263,"path_taken":["M","M","M","$","M","M","R","?","T","M","M","M","E","?","R","BOSS","M","$","?","M","$","R","?","M","T","R","?","M"],"items_purchased_type":["Card","Card","Card","Card","Relic","Card","Card"],"build_version":"2020-12-22","purchased_purges":1,"victory":false,"max_hp_per_floor":[73,73,73,73,73,73,73,73,73,73,73,73,73,73,73,73,73,73,73,73,73,73,73,73,73,73,73,73,73,73],"card_choices":[{"not_picked":["theSleuth:BenStillerBust","theSleuth:Ogle"],"picked":"theSleuth:CharismaBlast","floor":1.0},{"not_picked":["theSleuth:BellyOTheWhale","theSleuth:SpadeDig"],"picked":"theSleuth:Parry","floor":2.0},{"not_picked":["theSleuth:Taze","theSleuth:VictoryPose"],"picked":"theSleuth:Treaty","floor":3.0},{"not_picked":["theSleuth:Ogle","theSleuth:CandyCane"],"picked":"theSleuth:Distill","floor":5.0},{"not_picked":["theSleuth:Fortify","theSleuth:SnoopDoggBust"],"picked":"theSleuth:HandCannon","floor":6.0},{"not_picked":["theSleuth:Unscale","theSleuth:WilsonBust"],"picked":"theSleuth:RetrieveArms","floor":8.0},{"not_picked":["TH:EnergyPotion","TH:BikiniMail"],"picked":"SKIP","floor":9.0},{"not_picked":["theSleuth:Ogle","theSleuth:PezUzi"],"picked":"theSleuth:Frijolaegis","floor":10.0},{"not_picked":["theSleuth:PezUzi","theSleuth:BellyOTheWhale"],"picked":"theSleuth:TruffleShuffle","floor":11.0},{"not_picked":["theSleuth:WilsonBust","theSleuth:SpadeDig"],"picked":"theSleuth:TruffleShuffle","floor":12.0},{"not_picked":["theSleuth:Diabeatdown","theSleuth:CandyLeather"],"picked":"theSleuth:WilsonBust","floor":13.0},{"not_picked":["TH:BikiniMail","TH:DeckOfManyThings"],"picked":"SKIP","floor":13.0},{"not_picked":["theSleuth:Diabeatdown","theSleuth:BrassTacks"],"picked":"theSleuth:GummyWormZombie","floor":16.0},{"not_picked":["theSleuth:Fortify+1","theSleuth:VictoryPose"],"picked":"theSleuth:CharismaBlast+1","floor":18.0},{"not_picked":["theSleuth:Ogle","theSleuth:BellyOTheWhale"],"picked":"theSleuth:CharismaBlast+1","floor":21},{"not_picked":["theSleuth:Fortify","theSleuth:Ignore+1"],"picked":"theSleuth:CandyCorn","floor":25},{"not_picked":["TH:DeckOfManyThings","TH:CursedSword"],"picked":"SKIP","floor":26}],"player_experience":498612,"relics_obtained":[{"floor":8.0,"key":"Odd Mushroom"},{"floor":9.0,"key":"Lantern"},{"floor":13.0,"key":"Ancient Tea Set"},{"floor":26,"key":"Tiny Chest"}],"event_choices":[{"damage_healed":0.0,"max_hp_gain":0.0,"max_hp_loss":0.0,"gold_gain":0.0,"event_name":"Mushrooms","player_choice":"Fought Mushrooms","floor":8.0,"gold_loss":0.0,"damage_taken":0.0},{"damage_healed":0,"gold_gain":0,"player_choice":"Opened","damage_taken":0,"relics_obtained":["Anchor"],"max_hp_gain":0,"max_hp_loss":0,"event_name":"The Mausoleum","floor":24,"gold_loss":0,"cards_obtained":["Writhe"]},{"damage_healed":0,"gold_gain":0,"player_choice":"Read","damage_taken":0,"max_hp_gain":0,"max_hp_loss":0,"event_name":"The Library","floor":28,"gold_loss":0,"cards_obtained":["theSleuth:CandyCornVampire"]}],"is_beta":false,"boss_relics":[{"not_picked":["Snecko Eye","Fusion Hammer"],"picked":"thethorton:CrushedCigarette"}],"items_purged_floors":[19],"is_endless":false,"potions_floor_spawned":[5,6,8,10,11,21],"killed_by":"Shelled Parasite and Fungi","ascension_level":0}}