{"host":"bpdbi03e31cbjklx","time":1612666065,"event":{"mods":["BaseMod","Colored Map","Colored Powertips","Downfall","Highlight Path","Minty Spire (QoL Compilation)","StSLib","The Senshi"],"gold_per_floor":[99,117,267,287,302,302,327,327,347,369,381,712,612,94,112,112,112,112],"floor_reached":16,"language":"ENG","playtime":2214,"items_purged":[],"score":102,"play_id":"e210dbee-72fb-4223-b590-352693f16b44","local_time":"20210206204745","is_ascension_mode":false,"campfire_choices":[{"data":"hexamod:Sear","floor":1,"key":"SMITH"},{"data":"hexamod:WildfireWeapon","floor":6,"key":"SMITH"},{"floor":8,"key":"RECALL"},{"data":"hexamod:ChargedBarrage","floor":13,"key":"SMITH"}],"circlet_count":0,"master_deck":["hexamod:Strike","hexamod:Strike","hexamod:Strike","hexamod:Strike","hexamod:Defend","hexamod:Defend","hexamod:Defend","hexamod:Defend","hexamod:Sear+1","hexamod:Float","hexamod:SpectersWail","downfall:Icky","hexamod:FourthSeal","hexamod:WildfireWeapon+1","hexamod:AdvancingGuard","hexamod:RecurringNightmare","hexamod:ChargedBarrage+1","hexamod:AdvancingGuard","hexamod:SoulSteal","expansioncontent:StudyTheSpire","hexamod:ThermalTransfer","hexamod:ChargedBarrage+1","hexamod:FastForward"],"relics":["hexamod:SpiritBrand","Bag of Marbles","Odd Mushroom","Old Coin","downfall:HeartBlessingRed","DollysMirror","PreservedInsect"],"acts_visited":["Exordium"],"potions_floor_usage":[5,9,10,11,14,14,16],"damage_taken":[{"damage":7,"enemies":"2 Louse","floor":2,"turns":3},{"damage":0,"enemies":"Small Slimes","floor":4,"turns":3},{"damage":10,"enemies":"Jaw Worm","floor":5,"turns":4},{"damage":7,"enemies":"Large Slime","floor":9,"turns":4},{"damage":17,"enemies":"The Mushroom Lair","floor":10,"turns":4},{"damage":3,"enemies":"Exordium Wildlife","floor":11,"turns":3},{"damage":23,"enemies":"Lagavulin","floor":12,"turns":6},{"damage":0,"enemies":"downfall:FleeingMerchant","floor":14,"turns":4},{"damage":5,"enemies":"Blue Slaver","floor":15,"turns":4},{"damage":27,"enemies":"WA_ARCHETYPE_RETAIN","floor":16,"turns":4}],"seed_played":"-7841160655745958065","potions_obtained":[{"floor":2,"key":"Energy Potion"},{"floor":4,"key":"Slimebound:ThreeZeroPotion"},{"floor":5,"key":"BlessingOfTheForge"},{"floor":5,"key":"Regen Potion"},{"floor":9,"key":"Swift Potion"},{"floor":10,"key":"DuplicationPotion"},{"floor":14,"key":"ColorlessPotion"}],"is_trial":false,"path_per_floor":["R","M","?","M","M","R","T","R","M","?","M","E","R","$","M","B"],"character_chosen":"THE_SPIRIT","items_purchased":["expansioncontent:StudyTheSpire","hexamod:ThermalTransfer","DollysMirror","PreservedInsect"],"campfire_rested":0,"item_purchase_floors":[14,14,14,14],"current_hp_per_floor":[77,70,70,70,60,60,60,60,67,50,47,24,24,24,19,0,0,0],"gold":112,"neow_bonus":"TEN_PERCENT_HP_BONUS","is_daily":false,"chose_seed":false,"campfire_upgraded":3,"win_rate":0.0,"timestamp":1612666065,"path_taken":["R","M","?","M","M","R","T","R","M","?","M","E","R","$","M","BOSS"],"items_purchased_type":["Card","Card","Relic","Relic"],"build_version":"2020-12-22","purchased_purges":0,"victory":false,"max_hp_per_floor":[77,77,77,77,77,77,77,77,77,77,77,77,77,77,77,77,77,77],"card_choices":[{"not_picked":["hexamod:CatchUp","hexamod:Incineration"],"picked":"hexamod:SpectersWail","floor":2},{"not_picked":["hexamod:HauntingEcho","hexamod:FastForward"],"picked":"hexamod:FourthSeal","floor":4},{"not_picked":["hexamod:FastForward","hexamod:HauntingEcho"],"picked":"hexamod:WildfireWeapon","floor":5},{"not_picked":["hexamod:NightmareStrike","hexamod:HeatMetal"],"picked":"hexamod:AdvancingGuard","floor":9},{"not_picked":["hexamod:SecondSeal","hexamod:GhostLash"],"picked":"hexamod:RecurringNightmare","floor":10},{"not_picked":["hexamod:ShieldOfDarkness","hexamod:Rewind"],"picked":"hexamod:ChargedBarrage","floor":11},{"not_picked":["hexamod:BurningTouch","hexamod:Rewind"],"picked":"hexamod:AdvancingGuard","floor":12},{"not_picked":["hexamod:EtherealExpedition","hexamod:AdvancingGuard"],"picked":"hexamod:SoulSteal","floor":14},{"not_picked":["hexamod:AdvancingGuard","hexamod:BacktrackSmack"],"picked":"hexamod:FastForward","floor":15}],"player_experience":403358,"relics_obtained":[{"floor":7,"key":"Bag of Marbles"},{"floor":10,"key":"Odd Mushroom"},{"floor":12,"key":"Old Coin"}],"event_choices":[{"damage_healed":0,"gold_gain":0,"player_choice":"Fought Mushrooms","damage_taken":0,"max_hp_gain":0,"max_hp_loss":0,"event_name":"Mushrooms","floor":10,"gold_loss":0}],"is_beta":false,"boss_relics":[],"items_purged_floors":[],"is_endless":false,"potions_floor_spawned":[2,4,5,9],"killed_by":"WA_ARCHETYPE_RETAIN","ascension_level":0}}