{"host":"fl6c84p0pqwjbhud","time":1612699931,"event":{"mods":["AchievementEnabler","BaseMod","Better Altar","Better Match","Better Note","Better Sensory Stone","Better Skull","Better Third Choice","Better Vampires","Better-Laid Plans","Colored Map","Defuse TimeMaze Blight","Displayed Cursed Tome","Energized Spire","Highlight Path","Minty Spire (QoL Compilation)","Permanent Neow","Quick Restart","Relic Sorter","StSLib","Synergy Search","Transform Curses"],"gold_per_floor":[117,117,117,127,127,161,44,73,99,130,163,163],"floor_reached":11,"language":"ENG","playtime":432,"items_purged":[],"score":199,"play_id":"5cad33fc-1e94-48ac-9128-9df04ccfa754","local_time":"20210207131211","daily_mods":["SealedDeck","Vintage","Allstar","Diverse","Heirloom","Time Dilation","Flight","DeadlyEvents","Elite Swarm","Lethality"],"is_ascension_mode":false,"campfire_choices":[],"circlet_count":0,"master_deck":["Tempest","Rupture","Halt+1","Prostrate","Beam Cell","Gash+1","Beam Cell+1","Slice+1","Steam","Concentrate","Concentrate","Envenom","Barricade"],"relics":["Unceasing Top","The Specimen","Anchor","Boot","Dead Branch","White Beast Statue","Strawberry","Whetstone","Molten Egg 2"],"acts_visited":["Exordium"],"potions_floor_usage":[8],"damage_taken":[{"damage":0,"enemies":"Small Slimes","floor":1,"turns":1},{"damage":0,"enemies":"2 Louse","floor":4,"turns":1},{"damage":0,"enemies":"3 Sentries","floor":6,"turns":1},{"damage":2,"enemies":"Lagavulin","floor":8,"turns":2},{"damage":0,"enemies":"Gremlin Nob","floor":10,"turns":1},{"damage":0,"enemies":"Lagavulin","floor":11,"turns":1}],"seed_played":"-5132299046262625419","potions_obtained":[{"floor":1,"key":"Energy Potion"},{"floor":4,"key":"Fire Potion"},{"floor":10,"key":"SkillPotion"}],"is_trial":true,"path_per_floor":["M","?","?","M","?","E","$","E","T","E","E"],"character_chosen":"THE_SILENT","items_purchased":["Concentrate","PowerPotion"],"campfire_rested":0,"item_purchase_floors":[7,7],"current_hp_per_floor":[70,70,70,70,56,56,56,54,61,61,61,61],"gold":163,"neow_bonus":"","is_daily":false,"chose_seed":false,"campfire_upgraded":0,"win_rate":0.0,"timestamp":1612699931,"path_taken":["M","?","?","?","?","E","$","E","T","?","E"],"items_purchased_type":["Card","Potion"],"build_version":"2020-12-22","purchased_purges":0,"victory":false,"max_hp_per_floor":[70,70,70,70,70,70,70,70,77,77,77,77],"card_choices":[{"not_picked":["Vault","Scrawl","Brilliance"],"picked":"SKIP","floor":6},{"not_picked":["Tools of the Trade","Fiend Fire","Unload"],"picked":"SKIP","floor":8},{"not_picked":["Omniscience","Devotion"],"picked":"Envenom","floor":10},{"not_picked":["Die Die Die+1","Devotion"],"picked":"Barricade","floor":11}],"player_experience":495451,"relics_obtained":[{"floor":1,"key":"Anchor"},{"floor":4,"key":"Boot"},{"floor":6,"key":"Dead Branch"},{"floor":8,"key":"White Beast Statue"},{"floor":9,"key":"Strawberry"},{"floor":10,"key":"Whetstone"},{"floor":11,"key":"Molten Egg 2"}],"event_choices":[{"damage_healed":0,"gold_gain":0,"player_choice":"Ignored","damage_taken":117,"max_hp_gain":0,"max_hp_loss":0,"event_name":"betterThird:BetterSerpent","floor":2,"gold_loss":0},{"damage_healed":0,"gold_gain":0,"player_choice":"Full Heal","damage_taken":0,"max_hp_gain":0,"max_hp_loss":0,"event_name":"Wheel of Change","floor":3,"gold_loss":0},{"damage_healed":70,"gold_gain":0,"player_choice":"Upgrade","damage_taken":14,"max_hp_gain":0,"max_hp_loss":70,"event_name":"betterThird:BetterShining","floor":5,"gold_loss":0,"cards_upgraded":["Halt","Slice"]}],"is_beta":false,"boss_relics":[],"items_purged_floors":[],"is_endless":false,"potions_floor_spawned":[1,4,10,11],"killed_by":"Lagavulin","ascension_level":0}}