{"host":"f76wcztdlwlduum6","time":1612667112,"event":{"mods":["BaseMod","BetterRewards","Colored Powertips","Minty Spire (QoL Compilation)","Quick Restart","Rare Cards Sparkle","Relic Stats","StSLib","SuperFastMode","everything is the same but u backflip on backflip"],"gold_per_floor":[138,138,138,4,47,103,103,148,195,195,82,139,139,201,201,276,276,356,356,124,201,273,273,365,290,290,278,356,450,520,598,598,729,729,775,775,438,484,484,484,607,607,655,277,379,379,488,488,488,578,578,578,361,422,422],"floor_reached":56,"language":"ENG","playtime":1657,"items_purged":["Strike_P","Strike_P","Defend_P","Defend_P","Strike_P","Eruption","Vigilance","MentalFortress","MentalFortress","LikeWater","ClearTheMind+1","HandOfGreed","Well Laid Plans"],"score":3120,"play_id":"df1e912b-5c7d-4e40-be61-6a14aa8fdb4f","local_time":"20210206210512","is_ascension_mode":true,"campfire_choices":[{"data":"Wish","floor":7,"key":"SMITH"},{"data":"LikeWater","floor":10,"key":"SMITH"},{"data":"LikeWater","floor":13,"key":"SMITH"},{"data":"PathToVictory","floor":15,"key":"SMITH"},{"floor":23,"key":"RECALL"},{"data":"LikeWater","floor":32,"key":"SMITH"},{"floor":40,"key":"REST"},{"floor":42,"key":"REST"},{"floor":49,"key":"REST"},{"floor":52,"key":"REST"}],"circlet_count":0,"master_deck":["AscendersBane","Master of Strategy","Master of Strategy","Wish+1","Panacea+1","PathToVictory+1","WaveOfTheHand+1","PathToVictory+1","Evaluate+1","LikeWater+1","LikeWater+1","PathToVictory+1","Vault+1","Wish+1","Hologram+1","PathToVictory+1","LikeWater+1","Wish+1","LikeWater+1","Impatience+1"],"relics":["PureWater","Blood Vial","Medical Kit","CloakClasp","Membership Card","Lantern","Singing Bowl","Orrery","Lizard Tail","Toxic Egg 2","Bronze Scales","Pear","Oddly Smooth Stone","CaptainsWheel","ClockworkSouvenir","War Paint","TeardropLocket","Anchor","TheAbacus","MealTicket","Unceasing Top","Philosopher\u0027s Stone","MutagenicStrength","Question Card","PrismaticShard","InkBottle","Omamori","Nunchaku","Fusion Hammer","Pen Nib","DollysMirror","Happy Flower","Meat on the Bone","Mummified Hand","Strawberry","Orichalcum"],"acts_visited":["Exordium","TheCity","TheBeyond","TheEnding"],"potions_floor_usage":[28,55,55],"damage_taken":[{"damage":9,"enemies":"2 Louse","floor":1,"turns":3},{"damage":0,"enemies":"Jaw Worm","floor":5,"turns":2},{"damage":6,"enemies":"3 Sentries","floor":6,"turns":4},{"damage":0,"enemies":"Cultist","floor":8,"turns":3},{"damage":0,"enemies":"Lagavulin","floor":12,"turns":5},{"damage":0,"enemies":"Gremlin Nob","floor":14,"turns":3},{"damage":0,"enemies":"Slime Boss","floor":16,"turns":2},{"damage":0,"enemies":"Chosen","floor":18,"turns":5},{"damage":0,"enemies":"3 Byrds","floor":21,"turns":3},{"damage":0,"enemies":"Snecko","floor":22,"turns":6},{"damage":7,"enemies":"Book of Stabbing","floor":24,"turns":4},{"damage":15,"enemies":"Cultist and Chosen","floor":28,"turns":3},{"damage":31,"enemies":"Gremlin Leader","floor":29,"turns":5},{"damage":6,"enemies":"Sentry and Sphere","floor":30,"turns":5},{"damage":0,"enemies":"3 Cultists","floor":31,"turns":4},{"damage":8,"enemies":"Automaton","floor":33,"turns":8},{"damage":0,"enemies":"Orb Walker","floor":35,"turns":2},{"damage":0,"enemies":"3 Darklings","floor":38,"turns":5},{"damage":0,"enemies":"Giant Head","floor":41,"turns":6},{"damage":21,"enemies":"4 Shapes","floor":45,"turns":4},{"damage":26,"enemies":"Sphere and 2 Shapes","floor":47,"turns":5},{"damage":9,"enemies":"Time Eater","floor":50,"turns":6},{"damage":0,"enemies":"Shield and Spear","floor":54,"turns":6},{"damage":22,"enemies":"The Heart","floor":55,"turns":8}],"seed_played":"-1847359573546976890","potions_obtained":[{"floor":6,"key":"AttackPotion"},{"floor":14,"key":"LiquidBronze"},{"floor":30,"key":"SpeedPotion"},{"floor":33,"key":"Regen Potion"}],"is_trial":false,"path_per_floor":["M","?","?","$","M","E","R","M","T","R","$","E","R","E","R","B",null,"M","?","$","M","M","R","E","?","T","$","M","E","M","M","R","B",null,"M","?","$","M","?","R","E","R","T","$","M","?","M","?","R","B",null,"R","$","E","B",null],"character_chosen":"WATCHER","items_purchased":["Master of Strategy","Blood Vial","Medical Kit","CloakClasp","Master of Strategy","Membership Card","Lantern","Singing Bowl","MentalFortress","PathToVictory","MentalFortress","Orrery","Lizard Tail","Toxic Egg 2","ClearTheMind+1","LikeWater","Bronze Scales","Pear","Oddly Smooth Stone","Panacea+1","PathToVictory+1","WaveOfTheHand+1","CaptainsWheel","ClockworkSouvenir","War Paint","TeardropLocket","PathToVictory+1","TheAbacus","Question Card","PathToVictory+1","PrismaticShard","PathToVictory+1","Pen Nib","DollysMirror","Meat on the Bone","Impatience+1","Mummified Hand","Strawberry"],"campfire_rested":4,"item_purchase_floors":[0,0,0,0,0,0,0,0,0,0,0,0,0,0,0,0,0,0,0,0,0,0,0,0,0,4,11,11,20,20,20,27,37,37,44,44,53,53],"current_hp_per_floor":[72,72,65,65,67,63,63,67,67,67,67,69,69,73,73,75,86,90,90,92,94,94,94,87,87,87,94,81,54,50,52,52,46,85,89,89,100,100,94,104,106,106,106,106,87,87,65,65,98,91,105,110,117,119,112],"gold":422,"neow_bonus":"","is_daily":false,"chose_seed":false,"campfire_upgraded":5,"win_rate":0.0,"timestamp":1612667112,"path_taken":["M","?","?","$","M","E","R","M","T","R","?","E","R","E","R","BOSS","M","?","$","M","M","R","E","?","T","?","M","E","M","M","R","BOSS","M","?","$","M","?","R","E","R","T","$","M","?","M","?","R","BOSS","R","$","E","BOSS"],"items_purchased_type":["Card","Relic","Relic","Relic","Card","Relic","Relic","Relic","Card","Card","Card","Relic","Relic","Relic","Card","Card","Relic","Relic","Relic","Card","Card","Card","Relic","Relic","Relic","Relic","Card","Relic","Relic","Card","Relic","Card","Relic","Relic","Relic","Card","Relic","Relic"],"build_version":"2020-12-22","purchased_purges":13,"victory":true,"max_hp_per_floor":[86,86,86,86,86,86,86,88,88,88,88,88,88,90,90,90,90,92,92,92,94,94,94,94,94,94,94,96,98,98,98,98,98,98,100,100,100,100,104,104,106,106,106,106,108,108,110,110,110,110,110,110,117,119,119],"relic_stats":{"Singing Bowl":34,"Happy Flower":[84],"counters":[428,1590],"Pen Nib":[0],"CloakClasp":[235],"War Paint":["Defend_P","Defend_P"],"Orichalcum":[6],"Medical Kit":[23],"Question Card":17,"Blood Vial":30,"Lizard Tail":0,"Nunchaku":[5],"TheAbacus":[294],"Mummified Hand":[20],"Bronze Scales":[351],"MealTicket":20,"obtain_stats":[{"Whetstone":9,"Ginger":53,"Bottled Tornado":45,"Sling":37,"Boot":27,"Old Coin":43,"Blood Vial":40,"Sundial":43,"MealTicket":14,"Fusion Hammer":17,"HandDrill":39,"Necronomicon":13,"Kunai":9,"Pear":0,"Blue Candle":48,"Pen Nib":0,"Guardian:PocketSentry":0,"Akabeko":37,"SlaversCollar":17,"Bird Faced Urn":0,"MutagenicStrength":45,"Snecko Eye":17,"CultistMask":29,"StrikeDummy":7,"Unceasing Top":48,"Lantern":38,"Regal Pillow":40,"Singing Bowl":31,"Torii":0,"StoneCalendar":53,"Bag of Preparation":0,"Ancient Tea Set":30,"Cursed Key":34,"Shovel":42,"Matryoshka":40,"Chemical X":53,"InkBottle":27,"Potion Belt":44,"Lee\u0027s Waffle":19,"Golden Idol":5,"Damaru":0,"Circlet":0,"Thread and Needle":54,"The Courier":31,"PreservedInsect":40,"Omamori":0,"Frozen Egg 2":0,"bronze:BronzeIdol":28,"Busted Crown":17,"Ornamental Fan":45,"Orrery":31,"Turnip":54,"Art of War":38,"Bottled Lightning":8,"hexamod:BolsterEngine":40,"Toy Ornithopter":11,"Ice Cream":0,"Mark of the Bloom":36,"Calipers":0,"Gremlin Horn":0,"CeramicFish":11,"Vajra":23,"Sozu":34,"Lizard Tail":53,"Centennial Puzzle":23,"HornCleat":53,"DollysMirror":0,"Strawberry":3,"Prayer Wheel":22,"Philosopher\u0027s Stone":34,"VioletLotus":1,"Toxic Egg 2":3,"Girya":43,"Happy Flower":0,"Dead Branch":41,"Oddly Smooth Stone":0,"Letter Opener":26,"War Paint":37,"sneckomod:SneckoTalon":34,"Question Card":0,"Du-Vu Doll":8,"OrangePellets":0,"Bottled Flame":54,"Shuriken":0,"Bronze Scales":0,"Molten Egg 2":14,"Slimebound:PreparedRelic":37,"Nloth\u0027s Gift":22,"Meat on the Bone":2,"Pocketwatch":47,"Darkstone Periapt":0,"Enchiridion":30,"Mango":19,"Yang":26,"CloakClasp":1,"Juzu Bracelet":6,"Incense Burner":45,"TeardropLocket":0,"PrismaticShard":25,"Empty Cage":34,"ClockworkSouvenir":0,"Nunchaku":9,"Dream Catcher":28,"TheAbacus":0,"Slimebound:StickyStick":2,"Mummified Hand":23,"Pantograph":53,"Tiny Chest":12,"Red Mask":36,"Orichalcum":21,"Odd Mushroom":13,"Medical Kit":38,"White Beast Statue":43,"Mercury Hourglass":21,"Calling Bell":34,"Peace Pipe":7,"Strange Spoon":53,"Anchor":0,"CaptainsWheel":0,"HolyWater":34,"Coffee Dripper":34,"Bag of Marbles":0,"Membership Card":0,"PureWater":0,"FossilizedHelix":27,"TungstenRod":0},{"Whetstone":33,"Ginger":51,"Bottled Tornado":142,"Sling":21,"Boot":41,"Old Coin":199,"Blood Vial":77,"Sundial":326,"MealTicket":36,"Fusion Hammer":182,"HandDrill":295,"Necronomicon":311,"Kunai":58,"Pear":29,"Blue Candle":50,"Pen Nib":29,"Guardian:PocketSentry":29,"Akabeko":21,"SlaversCollar":9,"Bird Faced Urn":53,"MutagenicStrength":111,"Snecko Eye":356,"CultistMask":292,"StrikeDummy":178,"Unceasing Top":232,"Lantern":21,"Regal Pillow":109,"Singing Bowl":72,"Torii":280,"StoneCalendar":27,"Bag of Preparation":29,"Ancient Tea Set":43,"Cursed Key":192,"Shovel":168,"Matryoshka":229,"Chemical X":27,"InkBottle":251,"Potion Belt":24,"Lee\u0027s Waffle":10,"Golden Idol":119,"Damaru":29,"Circlet":174,"Thread and Needle":302,"The Courier":18,"PreservedInsect":296,"Omamori":29,"Frozen Egg 2":29,"bronze:BronzeIdol":16,"Busted Crown":258,"Ornamental Fan":49,"Orrery":72,"Turnip":52,"Art of War":46,"Bottled Lightning":5,"hexamod:BolsterEngine":23,"Toy Ornithopter":6,"Ice Cream":29,"Mark of the Bloom":295,"Calipers":205,"Gremlin Horn":145,"CeramicFish":35,"Vajra":14,"Sozu":104,"Lizard Tail":114,"Centennial Puzzle":249,"HornCleat":27,"DollysMirror":29,"Strawberry":30,"Prayer Wheel":67,"Philosopher\u0027s Stone":73,"VioletLotus":1,"Toxic Egg 2":1,"Girya":23,"Happy Flower":29,"Dead Branch":78,"Oddly Smooth Stone":85,"Letter Opener":15,"War Paint":21,"sneckomod:SneckoTalon":45,"Question Card":85,"Du-Vu Doll":5,"OrangePellets":53,"Bottled Flame":28,"Shuriken":85,"Bronze Scales":29,"Molten Egg 2":244,"Slimebound:PreparedRelic":21,"Nloth\u0027s Gift":67,"Meat on the Bone":1,"Pocketwatch":26,"Darkstone Periapt":174,"Enchiridion":133,"Mango":10,"Yang":131,"CloakClasp":1,"Juzu Bracelet":4,"Incense Burner":142,"TeardropLocket":0,"PrismaticShard":40,"Empty Cage":367,"ClockworkSouvenir":53,"Nunchaku":121,"Dream Catcher":132,"TheAbacus":29,"Slimebound:StickyStick":1,"Mummified Hand":14,"Pantograph":27,"Tiny Chest":212,"Red Mask":74,"Orichalcum":39,"Odd Mushroom":93,"Medical Kit":46,"White Beast Statue":371,"Mercury Hourglass":39,"Calling Bell":224,"Peace Pipe":271,"Strange Spoon":114,"Anchor":29,"CaptainsWheel":280,"HolyWater":164,"Coffee Dripper":19,"Bag of Marbles":29,"Membership Card":29,"PureWater":0,"FossilizedHelix":71,"TungstenRod":235},{"Whetstone":157,"Ginger":214,"Bottled Tornado":534,"Sling":100,"Boot":180,"Old Coin":708,"Blood Vial":306,"Sundial":1268,"MealTicket":166,"Fusion Hammer":664,"HandDrill":1129,"Necronomicon":1203,"Kunai":239,"Pear":149,"Blue Candle":209,"Pen Nib":149,"Guardian:PocketSentry":149,"Akabeko":100,"SlaversCollar":44,"Bird Faced Urn":225,"MutagenicStrength":431,"Snecko Eye":1359,"CultistMask":1114,"StrikeDummy":648,"Unceasing Top":824,"Lantern":100,"Regal Pillow":423,"Singing Bowl":283,"Torii":1059,"StoneCalendar":136,"Bag of Preparation":149,"Ancient Tea Set":185,"Cursed Key":686,"Shovel":607,"Matryoshka":811,"Chemical X":136,"InkBottle":921,"Potion Belt":120,"Lee\u0027s Waffle":48,"Golden Idol":464,"Damaru":149,"Circlet":631,"Thread and Needle":1160,"The Courier":85,"PreservedInsect":1135,"Omamori":149,"Frozen Egg 2":149,"bronze:BronzeIdol":77,"Busted Crown":953,"Ornamental Fan":206,"Orrery":283,"Turnip":219,"Art of War":196,"Bottled Lightning":27,"hexamod:BolsterEngine":113,"Toy Ornithopter":31,"Ice Cream":149,"Mark of the Bloom":1129,"Calipers":722,"Gremlin Horn":545,"CeramicFish":163,"Vajra":72,"Sozu":406,"Lizard Tail":444,"Centennial Puzzle":911,"HornCleat":136,"DollysMirror":149,"Strawberry":150,"Prayer Wheel":264,"Philosopher\u0027s Stone":291,"VioletLotus":3,"Toxic Egg 2":8,"Girya":113,"Happy Flower":149,"Dead Branch":309,"Oddly Smooth Stone":343,"Letter Opener":74,"War Paint":100,"sneckomod:SneckoTalon":193,"Question Card":343,"Du-Vu Doll":27,"OrangePellets":225,"Bottled Flame":141,"Shuriken":343,"Bronze Scales":149,"Molten Egg 2":883,"Slimebound:PreparedRelic":100,"Nloth\u0027s Gift":264,"Meat on the Bone":8,"Pocketwatch":129,"Darkstone Periapt":631,"Enchiridion":512,"Mango":48,"Yang":507,"CloakClasp":3,"Juzu Bracelet":23,"Incense Burner":534,"TeardropLocket":0,"PrismaticShard":177,"Empty Cage":1391,"ClockworkSouvenir":225,"Nunchaku":475,"Dream Catcher":510,"TheAbacus":149,"Slimebound:StickyStick":8,"Mummified Hand":70,"Pantograph":136,"Tiny Chest":743,"Red Mask":294,"Orichalcum":175,"Odd Mushroom":367,"Medical Kit":196,"White Beast Statue":1403,"Mercury Hourglass":175,"Calling Bell":791,"Peace Pipe":1010,"Strange Spoon":444,"Anchor":149,"CaptainsWheel":1059,"HolyWater":593,"Coffee Dripper":92,"Bag of Marbles":149,"Membership Card":149,"PureWater":0,"FossilizedHelix":279,"TungstenRod":841}],"Unceasing Top":[5],"InkBottle":[33],"Meat on the Bone":0},"card_choices":[{"not_picked":["JustLucky","Consecrate","BowlingBash"],"picked":"Singing Bowl","floor":0},{"not_picked":["Evaluate","CarveReality"],"picked":"Wish","floor":0},{"not_picked":["ClearTheMind","FlurryOfBlows","FlyingSleeves"],"picked":"Singing Bowl","floor":0},{"not_picked":["FlurryOfBlows","ClearTheMind","EmptyBody"],"picked":"Singing Bowl","floor":0},{"not_picked":["ReachHeaven","SashWhip","FollowUp"],"picked":"Singing Bowl","floor":0},{"not_picked":["Consecrate","ForeignInfluence+1"],"picked":"PathToVictory+1","floor":1},{"not_picked":["SandsOfTime","SashWhip"],"picked":"LikeWater","floor":5},{"not_picked":["TalkToTheHand","Conclude"],"picked":"LikeWater","floor":6},{"not_picked":["Protect+1","Halt+1","FlurryOfBlows"],"picked":"Singing Bowl","floor":8},{"not_picked":["Protect+1","Prostrate+1"],"picked":"Vault+1","floor":12},{"not_picked":["Halt+1","Protect+1","SashWhip"],"picked":"Singing Bowl","floor":14},{"not_picked":["Brilliance","Ragnarok"],"picked":"Wish+1","floor":16},{"not_picked":["ForeignInfluence+1","Sanctity+1","FollowUp"],"picked":"Singing Bowl","floor":18},{"not_picked":["Anger","Terror+1","CarveReality+1","Reinforced Body+1"],"picked":"Singing Bowl","floor":21},{"not_picked":["Heavy Blade","Quick Slash","Clash"],"picked":"Hologram+1","floor":22},{"not_picked":["Pommel Strike","Berserk","Deadly Poison+1"],"picked":"Evaluate+1","floor":24},{"not_picked":["Reflex+1","ThirdEye+1","Perseverance+1","Sunder"],"picked":"Singing Bowl","floor":28},{"not_picked":["Pummel","Adaptation","Blood for Blood","Deflect+1"],"picked":"Singing Bowl","floor":29},{"not_picked":["Blizzard","Expertise+1","Blind+1"],"picked":"Well Laid Plans","floor":30},{"not_picked":["Fusion+1","Havoc+1","Backflip+1"],"picked":"LikeWater","floor":31},{"not_picked":["Feed","Transmutation+1","Alpha+1"],"picked":"HandOfGreed","floor":33},{"not_picked":["Redo+1","Coolheaded+1","True Grit+1","Rebound"],"picked":"Singing Bowl","floor":35},{"not_picked":["CrushJoints","Deflect+1","Headbutt"],"picked":"LikeWater+1","floor":38},{"not_picked":["Impatience+1","Violence+1","Trip+1","Madness+1"],"picked":"Singing Bowl","floor":39},{"not_picked":["Good Instincts+1","Secret Technique+1","PanicButton+1"],"picked":"Flash of Steel","floor":39},{"not_picked":["Trip+1","Dark Shackles+1","Jack Of All Trades+1","Good Instincts+1"],"picked":"Singing Bowl","floor":39},{"not_picked":["Lockon","Entrench+1","Clothesline+1","Consecrate+1"],"picked":"Singing Bowl","floor":41},{"not_picked":["FlyingSleeves","Reprogram+1","Consume+1","Dagger Throw+1"],"picked":"Singing Bowl","floor":45},{"not_picked":["Coolheaded+1","Blizzard","Lockon","Ball Lightning"],"picked":"Singing Bowl","floor":47},{"not_picked":["Halt+1","DevaForm","Turbo+1","Redo+1"],"picked":"Singing Bowl","floor":54}],"player_experience":293944,"relics_obtained":[{"floor":9,"key":"Anchor"},{"floor":12,"key":"MealTicket"},{"floor":14,"key":"Unceasing Top"},{"floor":24,"key":"InkBottle"},{"floor":26,"key":"Omamori"},{"floor":29,"key":"Nunchaku"},{"floor":41,"key":"Happy Flower"},{"floor":54,"key":"Orichalcum"}],"event_choices":[{"cards_removed":["Defend_P"],"damage_healed":0,"gold_gain":0,"player_choice":"Forget","damage_taken":0,"max_hp_gain":0,"max_hp_loss":0,"event_name":"Living Wall","floor":2,"gold_loss":0},{"cards_removed":["Defend_P"],"damage_healed":0,"gold_gain":0,"player_choice":"Card Removal","damage_taken":7,"max_hp_gain":0,"max_hp_loss":0,"event_name":"Golden Wing","floor":3,"gold_loss":0},{"damage_healed":0,"gold_gain":0,"player_choice":"Inject Mutagens","damage_taken":0,"relics_obtained":["MutagenicStrength"],"max_hp_gain":0,"max_hp_loss":0,"event_name":"Drug Dealer","floor":19,"gold_loss":0},{"cards_removed":["Evaluate"],"damage_healed":0,"gold_gain":0,"player_choice":"Gave Gold","damage_taken":0,"max_hp_gain":0,"max_hp_loss":0,"event_name":"Beggar","floor":25,"gold_loss":75},{"damage_healed":0,"gold_gain":0,"player_choice":"Ignored","damage_taken":0,"max_hp_gain":0,"max_hp_loss":0,"event_name":"Tomb of Lord Red Mask","floor":36,"gold_loss":0},{"damage_healed":0,"gold_gain":0,"player_choice":"Memory 3","damage_taken":10,"max_hp_gain":0,"max_hp_loss":0,"event_name":"SensoryStone","floor":39,"gold_loss":0},{"cards_removed":["Flash of Steel"],"damage_healed":0,"gold_gain":0,"player_choice":"Removed Attack","damage_taken":0,"max_hp_gain":0,"max_hp_loss":0,"event_name":"Falling","floor":46,"gold_loss":0},{"cards_removed":["PathToVictory"],"damage_healed":0,"gold_gain":0,"player_choice":"Purged","damage_taken":0,"max_hp_gain":0,"max_hp_loss":0,"event_name":"Purifier","floor":48,"gold_loss":0}],"is_beta":false,"boss_relics":[{"not_picked":["Cursed Key","SacredBark"],"picked":"Philosopher\u0027s Stone"},{"not_picked":["Runic Dome","Astrolabe"],"picked":"Fusion Hammer"}],"items_purged_floors":[0,0,0,0,0,0,0,0,0,0,0,37,44],"is_endless":false,"potions_floor_spawned":[5,6,8,14,21,30,33,41,47],"ascension_level":19}}