{"host":"mi5q6ofoqrk3twea","time":1612734661,"event":{"mods":["AchievementEnabler","BaseMod","Colored Powertips","Googly Eyes","Minty Spire (QoL Compilation)","StSLib","The IronCluck","Unceasing Turn Reminder","slay the spire mod where everything is the same but ironclad has a cowboy hat"],"gold_per_floor":[113,113,131,131,155,155,176,197,220,220,145,95,110,285,285,409,409,441,453,490,517,581,593,629,95,174,242,265,265,280,280,280],"floor_reached":31,"language":"ENG","playtime":3622,"items_purged":["Injury","Doubt"],"score":304,"play_id":"83785b44-54f3-44f6-a8df-da0315921bc1","local_time":"20210207225101","is_ascension_mode":false,"campfire_choices":[{"data":"Ragnarok","floor":6.0,"key":"SMITH"},{"data":"Eruption","floor":10.0,"key":"SMITH"},{"data":"LikeWater","floor":15.0,"key":"SMITH"}],"circlet_count":0,"master_deck":["Defend_P+1","Defend_P+1","Defend_P","Eruption+1","Vigilance+1","Ragnarok+1","Prostrate","FearNoEvil","CutThroughFate","LikeWater+1","Prostrate+1","LessonLearned+1","CurseOfTheBell","Halt+1","Conclude","WreathOfFlame+1","Bite","Bite","Bite","Bite","Bite","Brilliance+1","Nirvana+1","ReachHeaven","Consecrate+1"],"relics":["PureWater","Golden Idol","MealTicket","Calling Bell","MawBank","Mercury Hourglass","Mango","NlothsMask","FossilizedHelix","Pantograph"],"acts_visited":["Exordium","TheCity"],"potions_floor_usage":[31,31],"damage_taken":[{"damage":15.0,"enemies":"Small Slimes","floor":1.0,"turns":2.0},{"damage":0.0,"enemies":"Cultist","floor":3.0,"turns":3.0},{"damage":0.0,"enemies":"Jaw Worm","floor":5.0,"turns":3.0},{"damage":5.0,"enemies":"3 Louse","floor":7.0,"turns":3.0},{"damage":0.0,"enemies":"Large Slime","floor":8.0,"turns":2.0},{"damage":20.0,"enemies":"Lots of Slimes","floor":13.0,"turns":4.0},{"damage":0.0,"enemies":"Slime Boss","floor":16.0,"turns":5.0},{"damage":0.0,"enemies":"Shell Parasite","floor":18.0,"turns":2.0},{"damage":33.0,"enemies":"Chosen","floor":20.0,"turns":8.0},{"damage":25.0,"enemies":"Centurion and Healer","floor":21.0,"turns":10.0},{"damage":5.0,"enemies":"Snecko","floor":24.0,"turns":7.0},{"damage":6.0,"enemies":"Chosen and Byrds","floor":28.0,"turns":5.0},{"damage":32.0,"enemies":"Snake Plant","floor":30.0,"turns":5.0},{"damage":42,"enemies":"Slavers","floor":31,"turns":3}],"seed_played":"5974769155453816564","potions_obtained":[{"floor":5.0,"key":"BlessingOfTheForge"},{"floor":7.0,"key":"SkillPotion"},{"floor":13.0,"key":"GamblersBrew"},{"floor":16.0,"key":"BottledMiracle"},{"floor":18.0,"key":"EssenceOfSteel"},{"floor":28.0,"key":"LiquidBronze"}],"is_trial":false,"path_per_floor":["M","?","M","?","M","R","M","M","T","R","$","?","M","?","R","B",null,"M","?","M","M","T","?","M","$","T","T","M","?","M","E"],"character_chosen":"WATCHER","items_purchased":["FossilizedHelix","Brilliance"],"campfire_rested":0,"item_purchase_floors":[25,25],"current_hp_per_floor":[57,57,57,57,57,57,52,52,52,52,67,67,47,47,47,47,86,86,86,53,28,28,28,37,52,52,52,52,52,24,0,0],"gold":280,"neow_bonus":"ONE_RANDOM_RARE_CARD","is_daily":false,"chose_seed":false,"campfire_upgraded":3,"win_rate":0.0,"timestamp":1612734661,"path_taken":["M","?","M","?","M","R","M","?","T","R","$","?","M","?","R","BOSS","M","?","?","M","?","?","?","$","T","?","M","?","M","E"],"items_purchased_type":["Relic","Card"],"build_version":"2020-12-22","purchased_purges":2,"victory":false,"max_hp_per_floor":[72,72,72,72,72,72,72,72,72,72,72,72,72,72,72,72,86,86,86,86,86,86,60,60,60,60,60,60,60,60,60,60],"card_choices":[{"not_picked":["FlyingSleeves","Protect"],"picked":"Prostrate","floor":1.0},{"not_picked":["ThirdEye","Evaluate"],"picked":"FearNoEvil","floor":3.0},{"not_picked":["Collect","Fasting2"],"picked":"Prostrate","floor":5.0},{"not_picked":["JustLucky","SashWhip"],"picked":"CutThroughFate","floor":7.0},{"not_picked":["EmptyFist","Adaptation"],"picked":"LikeWater","floor":8.0},{"not_picked":["Protect","BowlingBash"],"picked":"Prostrate","floor":13.0},{"not_picked":["ConjureBlade","Judgement"],"picked":"LessonLearned","floor":16.0},{"not_picked":["TalkToTheHand","FlyingSleeves+1"],"picked":"Halt+1","floor":18.0},{"not_picked":["BattleHymn","Adaptation"],"picked":"Conclude","floor":20.0},{"not_picked":["Wallop","Consecrate"],"picked":"WreathOfFlame+1","floor":21.0},{"not_picked":["Protect","Perseverance","Evaluate"],"picked":"SKIP","floor":24.0},{"not_picked":["EmptyBody+1","FlurryOfBlows"],"picked":"Nirvana+1","floor":28.0},{"not_picked":["FearNoEvil","Establishment"],"picked":"Consecrate+1","floor":30.0}],"player_experience":199767,"relics_obtained":[{"floor":9.0,"key":"MealTicket"},{"floor":17.0,"key":"MawBank"},{"floor":17.0,"key":"Mercury Hourglass"},{"floor":17.0,"key":"Mango"},{"floor":26.0,"key":"Pantograph"}],"event_choices":[{"damage_healed":0.0,"max_hp_gain":0.0,"max_hp_loss":0.0,"gold_gain":0.0,"event_name":"Golden Idol","player_choice":"Take Wound","floor":2.0,"gold_loss":0.0,"damage_taken":0.0,"relics_obtained":["Golden Idol"],"cards_obtained":["Injury"]},{"damage_healed":0.0,"max_hp_gain":0.0,"max_hp_loss":0.0,"gold_gain":0.0,"event_name":"WeMeetAgain","player_choice":"Ignored","floor":4.0,"gold_loss":0.0,"damage_taken":0.0},{"cards_removed":["Defend_P"],"damage_healed":0.0,"max_hp_gain":0.0,"max_hp_loss":0.0,"gold_gain":0.0,"event_name":"The Cleric","player_choice":"Card Removal","floor":12.0,"gold_loss":50.0,"damage_taken":0.0},{"damage_healed":0.0,"max_hp_gain":0.0,"max_hp_loss":0.0,"gold_gain":175.0,"event_name":"Liars Game","player_choice":"AGREE","floor":14.0,"gold_loss":0.0,"damage_taken":0.0,"cards_obtained":["Doubt"]},{"damage_healed":0.0,"max_hp_gain":0.0,"max_hp_loss":0.0,"gold_gain":0.0,"event_name":"FaceTrader","player_choice":"Trade","floor":19.0,"gold_loss":0.0,"damage_taken":0.0,"relics_obtained":["NlothsMask"]},{"damage_healed":0.0,"max_hp_gain":0.0,"max_hp_loss":26.0,"gold_gain":0.0,"event_name":"Vampires","player_choice":"Became a vampire","floor":23.0,"gold_loss":0.0,"damage_taken":0.0,"cards_obtained":["Bite","Bite","Bite","Bite","Bite"]},{"damage_healed":0.0,"max_hp_gain":0.0,"max_hp_loss":0.0,"gold_gain":0.0,"cards_transformed":["Prostrate"],"event_name":"Transmorgrifier","player_choice":"Transformed","floor":29.0,"gold_loss":0.0,"damage_taken":0.0,"cards_obtained":["ReachHeaven"]}],"is_beta":false,"boss_relics":[{"not_picked":["Fusion Hammer","Astrolabe"],"picked":"Calling Bell"}],"items_purged_floors":[11,25],"is_endless":false,"potions_floor_spawned":[5,7,13,16,18,28],"killed_by":"Slavers","ascension_level":0}}