{"host":"rhakyh2m1vy6smuu","time":1612665162,"event":{"mods":["BaseMod","Minty Spire (QoL Compilation)","StSLib","The Cursed"],"gold_per_floor":[13,13,31,47,57,90,108,137,137,149,149,160,173,198,198,299,299,314,314,324,343,343,368,368,368],"floor_reached":24,"language":"ENG","playtime":1455,"items_purged":[],"score":270,"play_id":"415b6fb0-4523-4a84-8021-f381a3179d39","local_time":"20210206193242","is_ascension_mode":true,"campfire_choices":[{"data":"Apotheosis","floor":11,"key":"SMITH"},{"data":"TheCursedMod:SpitefulPlan","floor":15,"key":"SMITH"}],"circlet_count":0,"master_deck":["TheCursedMod:CursedWand","TheCursedMod:CleanUpWorkshop","TheCursedMod:Dregs","Apotheosis+1","TheCursedMod:StingEye","TheCursedMod:SoulReap","TheCursedMod:CursedStaff","TheCursedMod:Torture","TheCursedMod:ReleasedKnowledge","TheCursedMod:CursedBoomerang","TheCursedMod:SpitefulPlan+1","TheCursedMod:SpreadPlague","TheCursedMod:EmpowerCircles","TheCursedMod:DemonSword","TheCursedMod:LuckyCharm","TheCursedMod:CollectTribute","TheCursedMod:RapidMovement","TheCursedMod:AntiAging","TheCursedMod:BloodBarrier","TheCursedMod:Stigma","TheCursedMod:Stigma","TheCursedMod:FleshFromBone","TheCursedMod:AbyssShockwave","TheCursedMod:CircleOfBlood","TheCursedMod:Evocation","TheCursedMod:CursedShiv"],"relics":["TheCursedMod:BlackMagic101","TheCursedMod:MagicCandle","Singing Bowl","StrikeDummy","Odd Mushroom","Pandora\u0027s Box","Bronze Scales"],"acts_visited":["Exordium","TheCity"],"potions_floor_usage":[8,8,13,16,20,23,23],"damage_taken":[{"damage":1,"enemies":"Cultist","floor":1,"turns":4},{"damage":1,"enemies":"Jaw Worm","floor":3,"turns":4},{"damage":2,"enemies":"Small Slimes","floor":4,"turns":3},{"damage":1,"enemies":"Blue Slaver","floor":5,"turns":5},{"damage":23,"enemies":"Gremlin Nob","floor":6,"turns":5},{"damage":3,"enemies":"3 Louse","floor":7,"turns":4},{"damage":0,"enemies":"Lagavulin","floor":8,"turns":5},{"damage":3,"enemies":"Large Slime","floor":10,"turns":5},{"damage":0,"enemies":"Looter","floor":12,"turns":3},{"damage":5,"enemies":"Red Slaver","floor":13,"turns":2},{"damage":14,"enemies":"The Mushroom Lair","floor":14,"turns":5},{"damage":12,"enemies":"Hexaghost","floor":16,"turns":6},{"damage":8,"enemies":"Chosen","floor":18,"turns":5},{"damage":26,"enemies":"2 Thieves","floor":20,"turns":3},{"damage":12,"enemies":"Cultist and Chosen","floor":21,"turns":3},{"damage":42,"enemies":"Book of Stabbing","floor":23,"turns":4},{"damage":7,"enemies":"Shelled Parasite and Fungi","floor":24,"turns":2}],"seed_played":"1959727433883356140","potions_obtained":[{"floor":1,"key":"SteroidPotion"},{"floor":5,"key":"SkillPotion"},{"floor":6,"key":"Swift Potion"},{"floor":10,"key":"BlessingOfTheForge"},{"floor":12,"key":"Explosive Potion"},{"floor":14,"key":"PowerPotion"},{"floor":16,"key":"SteroidPotion"},{"floor":20,"key":"AttackPotion"}],"is_trial":false,"path_per_floor":["M","$","M","M","M","E","M","E","T","M","R","M","M","?","R","B",null,"M","?","M","M","?","E","M"],"character_chosen":"THE_CURSED","items_purchased":[],"campfire_rested":0,"item_purchase_floors":[],"current_hp_per_floor":[74,74,73,74,74,52,49,49,49,47,47,54,51,42,42,35,77,78,78,52,40,40,7,0,0],"gold":368,"neow_bonus":"RANDOM_COLORLESS_2","is_daily":false,"chose_seed":false,"campfire_upgraded":2,"win_rate":0.0,"timestamp":1612665162,"path_taken":["M","?","M","M","M","E","M","E","T","M","R","?","M","?","R","BOSS","M","?","M","M","?","E","M"],"items_purchased_type":[],"build_version":"2020-12-22","purchased_purges":0,"victory":false,"max_hp_per_floor":[75,75,75,75,75,75,75,75,75,75,75,75,77,77,77,77,77,80,80,80,80,80,82,82,82],"card_choices":[{"not_picked":["Violence","Transmutation"],"picked":"Apotheosis","floor":0},{"not_picked":["TheCursedMod:Wield","TheCursedMod:VitalStrike"],"picked":"TheCursedMod:StingEye","floor":1},{"not_picked":["TheCursedMod:FleshFromBone","TheCursedMod:CircleOfAmplification"],"picked":"TheCursedMod:SoulReap","floor":3},{"not_picked":["TheCursedMod:CircleOfCorruption","TheCursedMod:AbyssShockwave"],"picked":"TheCursedMod:CircleOfFocus","floor":4},{"not_picked":["TheCursedMod:CursedBlade","TheCursedMod:CursedMace"],"picked":"TheCursedMod:CursedStaff","floor":5},{"not_picked":["TheCursedMod:Obscuration","TheCursedMod:AshesToAshes"],"picked":"TheCursedMod:Torture","floor":6},{"not_picked":["TheCursedMod:VitalStrike","TheCursedMod:Mangle"],"picked":"TheCursedMod:ReleasedKnowledge","floor":7},{"not_picked":["TheCursedMod:RapidMovement","TheCursedMod:CursedShiv"],"picked":"TheCursedMod:CursedBoomerang","floor":8},{"not_picked":["TheCursedMod:TacticalStrike","TheCursedMod:CircleOfAbyss"],"picked":"TheCursedMod:SpitefulPlan","floor":10},{"not_picked":["TheCursedMod:CircleOfCorruption","TheCursedMod:CursedShiv"],"picked":"TheCursedMod:SpreadPlague","floor":12},{"not_picked":["TheCursedMod:AshesToAshes","TheCursedMod:SpitefulStrike","TheCursedMod:TacticalStrike"],"picked":"Singing Bowl","floor":13},{"not_picked":["TheCursedMod:CursedShiv","TheCursedMod:RavingStaff"],"picked":"TheCursedMod:EmpowerCircles","floor":14},{"not_picked":["TheCursedMod:DarkBarrier","TheCursedMod:CollectTribute"],"picked":"TheCursedMod:DemonSword","floor":16},{"not_picked":["TheCursedMod:CircleOfFlame","TheCursedMod:SmokeScreen"],"picked":"TheCursedMod:FleshFromBone","floor":18},{"not_picked":["TheCursedMod:PrepareRite","TheCursedMod:Stretching"],"picked":"TheCursedMod:AbyssShockwave","floor":20},{"not_picked":["TheCursedMod:Obscuration","TheCursedMod:CursedBlade"],"picked":"TheCursedMod:CircleOfBlood","floor":21},{"not_picked":["TheCursedMod:AntiAging","TheCursedMod:CircleOfCorruption","TheCursedMod:Torture"],"picked":"Singing Bowl","floor":23}],"player_experience":1532860,"relics_obtained":[{"floor":6,"key":"TheCursedMod:MagicCandle"},{"floor":8,"key":"Singing Bowl"},{"floor":9,"key":"StrikeDummy"},{"floor":14,"key":"Odd Mushroom"},{"floor":23,"key":"Bronze Scales"}],"event_choices":[{"damage_healed":0,"gold_gain":0,"player_choice":"Fought Mushrooms","damage_taken":0,"max_hp_gain":0,"max_hp_loss":0,"event_name":"Mushrooms","floor":14,"gold_loss":0},{"damage_healed":0,"gold_gain":0,"player_choice":"Ignored","damage_taken":0,"max_hp_gain":0,"max_hp_loss":0,"event_name":"Vampires","floor":19,"gold_loss":0},{"damage_healed":0,"gold_gain":0,"cards_transformed":["TheCursedMod:CircleOfFocus","TheCursedMod:AshesToAshes"],"player_choice":"Became Test Subject","damage_taken":0,"max_hp_gain":0,"max_hp_loss":0,"event_name":"Drug Dealer","floor":22,"gold_loss":0,"cards_obtained":["TheCursedMod:Evocation","TheCursedMod:CursedShiv"]}],"is_beta":false,"boss_relics":[{"not_picked":["Velvet Choker","SlaversCollar"],"picked":"Pandora\u0027s Box"}],"items_purged_floors":[],"is_endless":false,"potions_floor_spawned":[1,5,6,10,12,14,16,20],"killed_by":"Shelled Parasite and Fungi","ascension_level":1}}