{"host":"oq0u6q7bjztc2jwc","time":1612682580,"event":{"mods":["AchievementEnabler","BaseMod","Colored Map","Downfall","Highlight Path","Minty Spire (QoL Compilation)","Permanent Neow","StSLib"],"gold_per_floor":[349,364,376,551,103,103,130,41,41,61,87,87,187,287,310,412,412,312,332,341,370,395,295,295,23,58,58,58,58,79,107,131,245,245,145,170,170,83,9,33,33,33,76,76,104,123,123,123,140,140,140,183,37,37,37,37],"floor_reached":57,"language":"ENG","playtime":8484,"items_purged":["Doubt","Pain","Slimebound:Strike_Slimebound"],"score":1419,"play_id":"2bc16991-7f47-4714-8bc8-dd6bf84bdbf2","local_time":"20210207022300","is_ascension_mode":true,"campfire_choices":[{"floor":1,"key":"RECALL"},{"floor":9,"key":"DIG"},{"floor":12,"key":"DIG"},{"floor":18,"key":"DIG"},{"floor":23,"key":"DIG"},{"floor":27,"key":"DIG"},{"floor":29,"key":"DIG"},{"floor":35,"key":"DIG"},{"floor":42,"key":"DIG"},{"floor":44,"key":"DIG"},{"floor":54,"key":"DIG"}],"circlet_count":0,"master_deck":["Slimebound:Strike_Slimebound","Slimebound:Strike_Slimebound","Slimebound:Tackle","Slimebound:Defend_Slimebound","Slimebound:Defend_Slimebound","Slimebound:Defend_Slimebound","Slimebound:Defend_Slimebound","Slimebound:Split","Slimebound:CorrosiveSpit","Slimebound:SamplingLick","Slimebound:Gluttony","Slimebound:SplitMire","Slimebound:GoopSpray","Slimebound:SpikyOuterGoop","Slimebound:MassFeed","Slimebound:SamplingLick+1","Slimebound:Repurpose+1","Slimebound:SplitMire+1","Slimebound:LivingWall+1","Slimebound:AcidTongue","Slimebound:GrowthPunch","Slimebound:SplitMire+1","Slimebound:RejuvenatingLick+1","Slimebound:HauntingLick+1","Slimebound:LeechLife","Slimebound:SplitMire+1","Slimebound:OozeBath+1","Slimebound:SlimeTap+1","Slimebound:SamplingLick+1","Slimebound:AcidTongue+1","Slimebound:Dissolve+1","Slimebound:LeechingTouch+1","Slimebound:SplitSpecialist+1","Slimebound:SlimeSpikes+1"],"relics":["Slimebound:AbsorbEndCombat","Shovel","Du-Vu Doll","MealTicket","Tiny Chest","Toxic Egg 2","CeramicFish","Philosopher\u0027s Stone","downfall:HeartBlessingRed","Dream Catcher","WarpedTongs","downfall:HeartBlessingBlue","Smiling Mask","Gremlin Horn","Lee\u0027s Waffle","Nunchaku","Unceasing Top","Lantern","Black Star","downfall:HeartBlessingGreen","Frozen Egg 2","TungstenRod","Bottled Tornado","Centennial Puzzle","White Beast Statue","Sundial","Oddly Smooth Stone","Potion Belt","HornCleat","Peace Pipe","Incense Burner","Akabeko","Bottled Flame","Vajra","InkBottle"],"acts_visited":["Exordium","TheCity","TheBeyond","TheEnding"],"potions_floor_usage":[16,25,31,31,31,32,32,33,50,52,56,56,56],"damage_taken":[{"damage":3,"enemies":"Jaw Worm","floor":2,"turns":4},{"damage":2,"enemies":"2 Louse","floor":3,"turns":2},{"damage":0,"enemies":"downfall:FleeingMerchant","floor":5,"turns":4},{"damage":9,"enemies":"downfall:FleeingMerchant","floor":8,"turns":4},{"damage":0,"enemies":"Small Slimes","floor":10,"turns":4},{"damage":17,"enemies":"3 Sentries","floor":11,"turns":8},{"damage":4,"enemies":"Exordium Thugs","floor":15,"turns":5},{"damage":23,"enemies":"IC_STATUS_ARCHETYPE","floor":16,"turns":9},{"damage":31,"enemies":"3 Byrds","floor":19,"turns":5},{"damage":21,"enemies":"Chosen","floor":21,"turns":5},{"damage":13,"enemies":"downfall:FleeingMerchant","floor":25,"turns":4},{"damage":3,"enemies":"Gremlin Leader","floor":26,"turns":7},{"damage":30,"enemies":"Sentry and Sphere","floor":30,"turns":7},{"damage":22,"enemies":"Shelled Parasite and Fungi","floor":31,"turns":5},{"damage":28,"enemies":"Cultist and Chosen","floor":32,"turns":5},{"damage":24,"enemies":"WA_ARCHETYPE_CALM","floor":33,"turns":9},{"damage":14,"enemies":"3 Shapes","floor":36,"turns":3},{"damage":16,"enemies":"downfall:FleeingMerchant","floor":38,"turns":4},{"damage":19,"enemies":"downfall:FleeingMerchant","floor":39,"turns":4},{"damage":6,"enemies":"3 Darklings","floor":40,"turns":4},{"damage":36,"enemies":"Nemesis","floor":43,"turns":7},{"damage":19,"enemies":"Reptomancer","floor":45,"turns":6},{"damage":0,"enemies":"Maw","floor":46,"turns":7},{"damage":14,"enemies":"Transient","floor":49,"turns":5},{"damage":24,"enemies":"DF_ARCHETYPE_ORBS","floor":50,"turns":11},{"damage":94,"enemies":"downfall:CharBossMerchant","floor":52,"turns":9},{"damage":23,"enemies":"downfall:NeowBoss","floor":55,"turns":23},{"damage":72,"enemies":"downfall:NeowBossFinal","floor":56,"turns":11}],"seed_played":"7302030299414961534","potions_obtained":[{"floor":10,"key":"FairyPotion"},{"floor":11,"key":"AttackPotion"},{"floor":16,"key":"EntropicBrew"},{"floor":21,"key":"Block Potion"},{"floor":30,"key":"Weak Potion"},{"floor":31,"key":"Swift Potion"},{"floor":32,"key":"ColorlessPotion"},{"floor":40,"key":"Dexterity Potion"},{"floor":45,"key":"Explosive Potion"},{"floor":46,"key":"champ:CounterPotion"},{"floor":49,"key":"LiquidBronze"},{"floor":52,"key":"ColorlessPotion"}],"is_trial":false,"path_per_floor":["R","M","M","?","$","?","T","$","R","M","E","R","?","?","M","B",null,"R","M","?","M","T","R","T","$","E","R","?","R","M","M","M","B",null,"R","M","T","$","$","M","T","R","E","R","E","M","?","T","M","B",null,"E","$","R","B","B",null],"character_chosen":"SLIMEBOUND","items_purchased":["Shovel","Slimebound:GoopSpray","Slimebound:SpikyOuterGoop","Lee\u0027s Waffle","Slimebound:GrowthPunch","Slimebound:SlimeTap+1","Slimebound:AcidTongue+1","Vajra"],"campfire_rested":0,"item_purchase_floors":[5,5,8,25,25,38,39,53],"current_hp_per_floor":[47,46,46,46,52,34,34,48,48,52,46,46,46,46,53,38,71,71,48,48,33,33,43,43,88,90,90,72,72,50,40,34,21,107,107,101,101,99,94,108,108,108,76,76,85,117,117,117,117,103,121,121,121,121,106,64],"gold":37,"neow_bonus":"TWO_FIFTY_GOLD","is_daily":false,"chose_seed":false,"campfire_upgraded":0,"win_rate":0.0,"timestamp":1612682580,"path_taken":["R","M","M","?","$","?","T","$","R","M","E","R","?","?","M","BOSS","R","M","?","M","?","R","T","?","E","R","?","R","M","?","M","BOSS","R","M","?","?","$","?","T","R","E","R","E","M","?","?","M","BOSS","E","$","R","BOSS","BOSS"],"items_purchased_type":["Relic","Card","Card","Relic","Card","Card","Card","Relic"],"build_version":"2020-12-22","purchased_purges":3,"victory":true,"max_hp_per_floor":[65,65,65,65,65,65,65,65,65,65,68,68,68,68,71,71,71,71,71,71,71,71,81,81,88,91,91,96,96,100,104,104,107,107,107,111,111,111,111,114,114,114,114,114,117,117,117,117,117,121,121,121,121,121,121,121],"card_choices":[{"not_picked":["Slimebound:RainOfGoop","Slimebound:Chomp"],"picked":"Slimebound:SamplingLick","floor":2},{"not_picked":["Slimebound:LeechingTouch","Slimebound:RainOfGoop"],"picked":"Slimebound:Gluttony","floor":3},{"not_picked":["Slimebound:SamplingLick","Slimebound:Repurpose"],"picked":"Slimebound:SplitMire","floor":5},{"not_picked":["Slimebound:Chomp","Slimebound:SlimeSpikes","Slimebound:Prepare"],"picked":"SKIP","floor":8},{"not_picked":["Slimebound:Schlurp","Slimebound:ViciousTackle"],"picked":"Slimebound:MassFeed","floor":10},{"not_picked":["Slimebound:Chomp","Slimebound:Dissolve+1"],"picked":"Slimebound:SamplingLick+1","floor":11},{"not_picked":["Slimebound:ServeAndProtect+1","Slimebound:SplitLeeching+1"],"picked":"Slimebound:Repurpose+1","floor":15},{"not_picked":["Slimebound:Chomp","Slimebound:FlameTackle+1"],"picked":"Slimebound:SplitMire+1","floor":19},{"not_picked":["Slimebound:HauntingLick+1","Slimebound:SplitMire+1"],"picked":"Slimebound:LivingWall+1","floor":21},{"not_picked":["Slimebound:Nibble+1","Slimebound:Equalize"],"picked":"Slimebound:AcidTongue","floor":25},{"not_picked":["Slimebound:ItLooksTasty+1","Slimebound:OneTwoCombo","Slimebound:ProtectTheBoss"],"picked":"SKIP","floor":26},{"not_picked":["Slimebound:SlimeSpikes+1","Slimebound:ComboTackle"],"picked":"Slimebound:SplitMire+1","floor":30},{"not_picked":["Slimebound:SplitAcid+1","Slimebound:SplitMire+1"],"picked":"Slimebound:RejuvenatingLick+1","floor":31},{"not_picked":["Slimebound:ProtectTheBoss","Slimebound:LeechEnergy"],"picked":"Slimebound:HauntingLick+1","floor":32},{"not_picked":["Slimebound:Overexert","Slimebound:SlimeSlap"],"picked":"Slimebound:LeechLife","floor":33},{"not_picked":["Slimebound:Chomp","Slimebound:ServeAndProtect+1"],"picked":"Slimebound:SplitMire+1","floor":36},{"not_picked":["Slimebound:PressTheAttack","Slimebound:SplitBruiser+1"],"picked":"Slimebound:OozeBath+1","floor":38},{"not_picked":["Slimebound:SlimeBarrage+1","Slimebound:Gluttony+1"],"picked":"Slimebound:SamplingLick+1","floor":39},{"not_picked":["Slimebound:SplitLeeching+1","Slimebound:LeechEnergy+1"],"picked":"Slimebound:Dissolve+1","floor":40},{"not_picked":["Slimebound:Repurpose+1","Slimebound:FinishingTackle+1"],"picked":"Slimebound:LeechingTouch+1","floor":43},{"not_picked":["Slimebound:RollThrough","Slimebound:SplitLeeching+1","Slimebound:LivingWall+1"],"picked":"SKIP","floor":45},{"not_picked":["Slimebound:RollThrough+1","Slimebound:GoopSpray+1"],"picked":"Slimebound:SplitSpecialist+1","floor":46},{"not_picked":["Slimebound:GoopTackle","Slimebound:FormOfPuddle+1","Slimebound:BestDefense+1"],"picked":"SKIP","floor":49},{"not_picked":["Slimebound:BestDefense+1","Slimebound:SlimeBarrage"],"picked":"Slimebound:SlimeSpikes+1","floor":52}],"player_experience":578664,"relics_obtained":[{"floor":7,"key":"MealTicket"},{"floor":9,"key":"Tiny Chest"},{"floor":11,"key":"Toxic Egg 2"},{"floor":12,"key":"CeramicFish"},{"floor":18,"key":"Dream Catcher"},{"floor":23,"key":"Smiling Mask"},{"floor":24,"key":"Gremlin Horn"},{"floor":26,"key":"Nunchaku"},{"floor":27,"key":"Unceasing Top"},{"floor":29,"key":"Lantern"},{"floor":35,"key":"Frozen Egg 2"},{"floor":37,"key":"TungstenRod"},{"floor":41,"key":"Bottled Tornado"},{"floor":42,"key":"Centennial Puzzle"},{"floor":43,"key":"White Beast Statue"},{"floor":43,"key":"Sundial"},{"floor":44,"key":"Oddly Smooth Stone"},{"floor":45,"key":"Potion Belt"},{"floor":45,"key":"HornCleat"},{"floor":47,"key":"Peace Pipe"},{"floor":48,"key":"Incense Burner"},{"floor":52,"key":"Akabeko"},{"floor":52,"key":"Bottled Flame"},{"floor":54,"key":"InkBottle"}],"event_choices":[{"damage_healed":0,"gold_gain":0,"player_choice":"Success","damage_taken":18,"relics_obtained":["Du-Vu Doll"],"max_hp_gain":0,"max_hp_loss":0,"event_name":"Scrap Ooze","floor":6,"gold_loss":0},{"damage_healed":0,"gold_gain":0,"player_choice":"Rummage","damage_taken":0,"relics_obtained":["WarpedTongs"],"max_hp_gain":0,"max_hp_loss":0,"event_name":"Accursed Blacksmith","floor":20,"gold_loss":0,"cards_obtained":["Pain"]},{"damage_healed":0,"gold_gain":0,"player_choice":"Relic","damage_taken":0,"max_hp_gain":0,"max_hp_loss":0,"event_name":"Wheel of Change","floor":47,"gold_loss":0}],"is_beta":false,"boss_relics":[{"not_picked":["Sozu","Tiny House"],"picked":"Philosopher\u0027s Stone"},{"not_picked":["Slimebound:TarBlob","Pandora\u0027s Box"],"picked":"Black Star"}],"items_purged_floors":[5,25,38],"is_endless":false,"potions_floor_spawned":[10,11,16,21,30,31,32,40,45,46,49,52],"ascension_level":2}}