{"host":"4lch21uqe3ag08cj","time":1612662307,"event":{"mods":["AchievementEnabler","BaseMod","Block Reminder","Colored Map","Colored Powertips","Minty Spire (QoL Compilation)","Permanent Neow","Relic Stats"],"gold_per_floor":[113,125,137,147,147,147,147,33,59,93,93,109,135,146,146,251,251,265,280,144,161,37,63,82,117,196,210,242,0,0,12,12,115,115,132,147,147,500,512,512,2,2,2,2,2,22,36,36,36,36,36],"floor_reached":50,"language":"ENG","playtime":2227,"items_purged":["Pain","Strike_R","Strike_R","Strike_R"],"score":645,"play_id":"d4ccc578-6aba-4972-bf03-50e240904759","local_time":"20210206224507","is_ascension_mode":true,"campfire_choices":[{"data":"Bash","floor":6,"key":"SMITH"},{"data":"Uppercut","floor":11,"key":"SMITH"},{"data":"Sever Soul","floor":15,"key":"SMITH"},{"floor":30,"key":"REST"},{"floor":32,"key":"REST"},{"floor":40,"key":"REST"},{"floor":42,"key":"REST"},{"data":"Evolve","floor":45,"key":"SMITH"},{"floor":49,"key":"REST"}],"circlet_count":0,"master_deck":["Defend_R","Defend_R","Defend_R","Bash+1","Shrug It Off","Sever Soul+1","Uppercut+1","Combust","Exhume","Power Through+1","Metallicize+1","Impervious+1","Rampage+1","Inflame","Shrug It Off","Rupture","Thunderclap+1","Immolate","Bloodletting","Evolve+1","Metallicize","Thunderclap+1"],"relics":["Busted Crown","WarpedTongs","Bronze Scales","Vajra","Smiling Mask","Astrolabe","TungstenRod","Shovel","Letter Opener","Whetstone","Runic Cube","Old Coin","Mummified Hand","ClockworkSouvenir","Molten Egg 2"],"acts_visited":["Exordium","TheCity","TheBeyond"],"potions_floor_usage":[13,21,28,33,35,38,39,46],"damage_taken":[{"damage":0,"enemies":"Small Slimes","floor":1,"turns":3},{"damage":0,"enemies":"Cultist","floor":2,"turns":3},{"damage":0,"enemies":"Jaw Worm","floor":3,"turns":3},{"damage":1,"enemies":"Large Slime","floor":4,"turns":8},{"damage":9,"enemies":"3 Sentries","floor":10,"turns":6},{"damage":0,"enemies":"2 Fungi Beasts","floor":12,"turns":2},{"damage":0,"enemies":"Gremlin Nob","floor":13,"turns":3},{"damage":6,"enemies":"3 Louse","floor":14,"turns":2},{"damage":17,"enemies":"The Guardian","floor":16,"turns":8},{"damage":6,"enemies":"Shell Parasite","floor":18,"turns":5},{"damage":23,"enemies":"2 Thieves","floor":19,"turns":3},{"damage":4,"enemies":"Cultist and Chosen","floor":21,"turns":6},{"damage":14,"enemies":"Gremlin Leader","floor":23,"turns":6},{"damage":10,"enemies":"Centurion and Healer","floor":24,"turns":7},{"damage":30,"enemies":"Slavers","floor":25,"turns":7},{"damage":0,"enemies":"Snecko","floor":27,"turns":4},{"damage":0,"enemies":"Gremlin Leader","floor":28,"turns":5},{"damage":9,"enemies":"Sentry and Sphere","floor":31,"turns":5},{"damage":13,"enemies":"Automaton","floor":33,"turns":9},{"damage":16,"enemies":"Orb Walker","floor":35,"turns":4},{"damage":21,"enemies":"3 Shapes","floor":36,"turns":2},{"damage":44,"enemies":"2 Orb Walkers","floor":38,"turns":5},{"damage":12,"enemies":"Transient","floor":39,"turns":5},{"damage":20,"enemies":"Writhing Mass","floor":46,"turns":5},{"damage":7,"enemies":"Jaw Worm Horde","floor":47,"turns":4},{"damage":56,"enemies":"Awakened One","floor":50,"turns":12}],"seed_played":"-6514517348100837755","potions_obtained":[{"floor":1,"key":"BloodPotion"},{"floor":2,"key":"Block Potion"},{"floor":14,"key":"SneckoOil"},{"floor":18,"key":"PowerPotion"},{"floor":21,"key":"SteroidPotion"},{"floor":31,"key":"BloodPotion"},{"floor":33,"key":"AttackPotion"},{"floor":35,"key":"Regen Potion"},{"floor":47,"key":"Ancient Potion"}],"is_trial":false,"path_per_floor":["M","M","M","M","?","R","?","$","T","E","R","M","E","M","R","B",null,"M","M","$","M","$","E","M","E","T","M","E","?","R","M","R","B",null,"M","M","?","?","M","R","$","R","T","?","R","M","M","?","R","B"],"character_chosen":"IRONCLAD","items_purchased":["Uppercut","Inflame","Shrug It Off","Rupture","Mummified Hand","Metallicize","ClockworkSouvenir"],"campfire_rested":5,"item_purchase_floors":[8,20,20,22,41,41,41],"current_hp_per_floor":[80,80,80,79,79,79,79,79,79,70,70,70,70,64,64,47,80,74,51,51,63,63,49,39,9,9,9,9,9,33,24,48,35,80,80,59,59,15,3,27,27,51,51,51,51,45,38,31,55,0,0],"gold":36,"neow_bonus":"BOSS_RELIC","is_daily":false,"chose_seed":false,"campfire_upgraded":4,"win_rate":0.0,"timestamp":1612662307,"path_taken":["M","M","M","M","?","R","?","$","T","E","R","M","E","M","R","BOSS","M","M","$","M","?","E","M","E","T","M","E","?","R","M","R","BOSS","M","M","?","?","M","R","$","R","T","?","R","M","?","?","R","BOSS"],"items_purchased_type":["Card","Card","Card","Card","Relic","Card","Relic"],"build_version":"2020-12-22","purchased_purges":4,"victory":false,"max_hp_per_floor":[80,80,80,80,80,80,80,80,80,80,80,80,80,80,80,80,80,80,80,80,80,80,80,80,80,80,80,80,80,80,80,80,80,80,80,80,80,80,80,80,80,80,80,80,80,80,80,80,80,80,80],"relic_stats":{"counters":[26,132],"Astrolabe":["Power Through","Metallicize","Impervious"],"Letter Opener":[25],"Whetstone":["Rampage","Thunderclap"],"Smiling Mask":225,"WarpedTongs":[111],"Busted Crown":52,"Shovel":0,"Mummified Hand":[20],"Bronze Scales":[338],"obtain_stats":[{"Astrolabe":17,"Vajra":10,"Letter Opener":26,"Whetstone":28,"Smiling Mask":13,"Burning Blood":0,"WarpedTongs":7,"Old Coin":38,"ClockworkSouvenir":41,"Busted Crown":0,"Shovel":25,"Mummified Hand":41,"Bronze Scales":9,"Molten Egg 2":43,"TungstenRod":23,"Runic Cube":34},{"Astrolabe":9,"Vajra":5,"Letter Opener":15,"Whetstone":17,"Smiling Mask":7,"Burning Blood":0,"WarpedTongs":4,"Old Coin":22,"ClockworkSouvenir":23,"Busted Crown":0,"Shovel":15,"Mummified Hand":23,"Bronze Scales":4,"Molten Egg 2":23,"TungstenRod":13,"Runic Cube":19},{"Astrolabe":38,"Vajra":23,"Letter Opener":72,"Whetstone":81,"Smiling Mask":28,"Burning Blood":0,"WarpedTongs":17,"Old Coin":106,"ClockworkSouvenir":111,"Busted Crown":0,"Shovel":72,"Mummified Hand":111,"Bronze Scales":17,"Molten Egg 2":111,"TungstenRod":58,"Runic Cube":95}],"TungstenRod":77,"Runic Cube":[26]},"card_choices":[{"not_picked":[],"picked":"Shrug It Off","floor":1},{"not_picked":[],"picked":"Iron Wave","floor":2},{"not_picked":["Twin Strike"],"picked":"SKIP","floor":3},{"not_picked":[],"picked":"Sever Soul","floor":4},{"not_picked":["Second Wind"],"picked":"SKIP","floor":10},{"not_picked":["Headbutt"],"picked":"SKIP","floor":12},{"not_picked":[],"picked":"Combust","floor":13},{"not_picked":["Iron Wave"],"picked":"SKIP","floor":14},{"not_picked":[],"picked":"Exhume","floor":16},{"not_picked":[],"picked":"Rampage","floor":18},{"not_picked":["Iron Wave"],"picked":"SKIP","floor":19},{"not_picked":["Combust+1"],"picked":"SKIP","floor":21},{"not_picked":["Shrug It Off"],"picked":"SKIP","floor":23},{"not_picked":["Havoc"],"picked":"SKIP","floor":24},{"not_picked":["Power Through+1"],"picked":"SKIP","floor":25},{"not_picked":[],"picked":"Thunderclap","floor":27},{"not_picked":["Sword Boomerang"],"picked":"SKIP","floor":28},{"not_picked":["Wild Strike+1"],"picked":"SKIP","floor":31},{"not_picked":[],"picked":"Immolate","floor":33},{"not_picked":["Bloodletting"],"picked":"SKIP","floor":35},{"not_picked":[],"picked":"Bloodletting","floor":35},{"not_picked":["Body Slam"],"picked":"SKIP","floor":36},{"not_picked":[],"picked":"Evolve","floor":39},{"not_picked":["Pummel+1"],"picked":"SKIP","floor":46},{"not_picked":[],"picked":"Thunderclap+1","floor":47}],"player_experience":45614,"relics_obtained":[{"floor":9,"key":"Bronze Scales"},{"floor":10,"key":"Vajra"},{"floor":13,"key":"Smiling Mask"},{"floor":23,"key":"TungstenRod"},{"floor":25,"key":"Shovel"},{"floor":26,"key":"Letter Opener"},{"floor":28,"key":"Whetstone"},{"floor":38,"key":"Old Coin"},{"floor":43,"key":"Molten Egg 2"}],"event_choices":[{"damage_healed":0,"gold_gain":0,"player_choice":"Ignored","damage_taken":0,"max_hp_gain":0,"max_hp_loss":0,"event_name":"Liars Game","floor":5,"gold_loss":0},{"damage_healed":0,"gold_gain":0,"player_choice":"Rummage","damage_taken":0,"relics_obtained":["WarpedTongs"],"max_hp_gain":0,"max_hp_loss":0,"event_name":"Accursed Blacksmith","floor":7,"gold_loss":0,"cards_obtained":["Pain"]},{"damage_healed":0,"gold_gain":0,"player_choice":"Paid Fearfully","damage_taken":0,"max_hp_gain":0,"max_hp_loss":0,"event_name":"Masked Bandits","floor":29,"gold_loss":242},{"cards_removed":["Iron Wave"],"damage_healed":0,"gold_gain":0,"player_choice":"Removed Attack","damage_taken":0,"max_hp_gain":0,"max_hp_loss":0,"event_name":"Falling","floor":37,"gold_loss":0},{"damage_healed":0,"gold_gain":0,"player_choice":"Fight","damage_taken":0,"max_hp_gain":0,"max_hp_loss":0,"event_name":"Mysterious Sphere","floor":38,"gold_loss":0},{"damage_healed":0,"gold_gain":0,"player_choice":"Memory 1","damage_taken":0,"max_hp_gain":0,"max_hp_loss":0,"event_name":"SensoryStone","floor":44,"gold_loss":0},{"damage_healed":0,"gold_gain":0,"player_choice":"Damaged","damage_taken":8,"max_hp_gain":0,"max_hp_loss":0,"event_name":"Wheel of Change","floor":48,"gold_loss":0}],"is_beta":false,"boss_relics":[{"not_picked":["SlaversCollar","Calling Bell"],"picked":"Astrolabe"},{"not_picked":["Tiny House","Runic Pyramid"],"picked":"Runic Cube"}],"items_purged_floors":[8,20,22,41],"is_endless":false,"potions_floor_spawned":[1,2,14,18,21,27,31,33,35,47],"killed_by":"Awakened One","ascension_level":2}}