{"host":"bh6quz2fwdrf21ml","time":1612725891,"event":{"mods":["BaseMod","Better Note","Better Sensory Stone","Better Silent Start","Better Third Choice","BetterRewards","Colored Map","Colored Powertips","Emptier Cage","Friendly Minions","Hermit","Magitek Elite","Minty Spire (QoL Compilation)","Permanent Neow","Relic Filter","Replay The Spire","Robot Space Explorer","Shade Mod","Spicy Shops","StSLib","SuperFastMode"],"gold_per_floor":[114,12,30,87,161,193,210,237,237,88,106,106,118,146,146,246,246,260,260,270,360,370,397,397,52,79,109,128,158,170,194,206,318,330,356,33,52,52,71,71,96,96,171,171,182,232,242,252,252,252,252,252,63,98,98],"floor_reached":56,"language":"ENG","playtime":6129,"items_purged":["Shade:Defend_Shade","Amnesia","Shade:Strike_Shade"],"score":2072,"play_id":"d94e92bf-70cb-4dfd-97a0-10aacc3baa9b","local_time":"20210207132451","is_ascension_mode":false,"campfire_choices":[{"data":"Shade:SkeletonArmy","floor":12,"key":"SMITH"},{"data":"Shade:LichForm","floor":15,"key":"SMITH"},{"floor":24,"key":"REST"},{"data":"Shade:Coordination","floor":32,"key":"SMITH"},{"floor":40,"key":"RECALL"},{"floor":42,"key":"REST"},{"floor":49,"key":"REST"},{"data":"Shade:AuraOfUnlife","floor":52,"key":"SMITH"}],"circlet_count":0,"master_deck":["Shade:Strike_Shade+1","Shade:Strike_Shade+1","Shade:Strike_Shade","Shade:Defend_Shade","Shade:Defend_Shade+1","Shade:Defend_Shade","Shade:AnimateDead","Shade:CarefulCut","Shade:Patience","Shade:GraveStillness","Shade:SkeletonArmy+1","Shade:DangerousRitual+1","Shade:Bite_Shade","Shade:FreshBones","Shade:GraveStillness","Shade:GoDigging","Apotheosis+1","Shade:AuraOfUnlife+1","Shade:AblativeArmor","Shade:AblativeArmor","Shade:LichForm+1","Shade:WallOfFlesh","Shade:Coordination+1","Shade:SanguineRitual+1","Shade:Frenzy+1","Shade:FuneraryArmor+1","Shade:ScuttlingHand+1","Shade:FuneraryArmor","Shade:WallOfFlesh+1","Panacea","Shade:FuneraryArmor+1"],"relics":["Shade:YorickSkull","Bag of Preparation","Divine Protection","Sling","Oddly Smooth Stone","Turnip","Tiny Chest","ReplayTheSpireMod:Ninjato","ReplayTheSpireMod:CursedCoin","CaptainsWheel","SlaversCollar","Juzu Bracelet","ReplayFunnel","Gremlin Horn","Regal Pillow","Frozen Egg 2","MawBank","Sozu","Membership Card","Lantern","Garlic","Gremlin Food","Iron Hammer","Replay:PocketPolymizer","Anchor","Simple Rune"],"acts_visited":["Exordium","TheCity","TheBeyond","TheEnding"],"potions_floor_usage":[14,20,20,27,29],"damage_taken":[{"damage":0,"enemies":"Small Slimes","floor":1,"turns":2},{"damage":0,"enemies":"Jaw Worm","floor":3,"turns":3},{"damage":0,"enemies":"Replay:BlueRogue","floor":6,"turns":4},{"damage":0,"enemies":"2 Louse","floor":7,"turns":3},{"damage":0,"enemies":"2 Fungi Beasts","floor":11,"turns":5},{"damage":0,"enemies":"Large Slime","floor":13,"turns":3},{"damage":2,"enemies":"Gremlin Nob","floor":14,"turns":4},{"damage":0,"enemies":"Slime Boss","floor":16,"turns":7},{"damage":14,"enemies":"Shell Parasite","floor":18,"turns":7},{"damage":0,"enemies":"3 Byrds","floor":20,"turns":6},{"damage":6,"enemies":"Sentry and Sphere","floor":22,"turns":8},{"damage":0,"enemies":"Book of Stabbing","floor":23,"turns":4},{"damage":0,"enemies":"Gremlin Leader","floor":27,"turns":4},{"damage":0,"enemies":"Cultist and Chosen","floor":28,"turns":7},{"damage":1,"enemies":"Replay:Snechameleon","floor":29,"turns":4},{"damage":0,"enemies":"Snake Plant","floor":31,"turns":6},{"damage":5,"enemies":"Pondfish","floor":33,"turns":8},{"damage":30,"enemies":"3 Darklings","floor":35,"turns":8},{"damage":0,"enemies":"3 Shapes","floor":37,"turns":2},{"damage":0,"enemies":"Jaw Worm Horde","floor":39,"turns":2},{"damage":4,"enemies":"Nemesis","floor":41,"turns":5},{"damage":3,"enemies":"Writhing Mass","floor":45,"turns":8},{"damage":0,"enemies":"Mind Bloom Boss Battle","floor":46,"turns":4},{"damage":6,"enemies":"Transient","floor":47,"turns":5},{"damage":0,"enemies":"3 Darklings","floor":48,"turns":5},{"damage":3,"enemies":"Time Eater","floor":50,"turns":11},{"damage":17,"enemies":"Shield and Spear","floor":54,"turns":5},{"damage":3,"enemies":"The Heart","floor":55,"turns":10}],"seed_played":"-802327372876115395","potions_obtained":[{"floor":1,"key":"Block Potion"},{"floor":4,"key":"Doom Potion"},{"floor":4,"key":"Elixir"},{"floor":16,"key":"Swift Potion"},{"floor":23,"key":"LifebloodPotion"},{"floor":28,"key":"Swift Potion"}],"is_trial":false,"path_per_floor":["M","$","M","?","?","E","M","T","T","$","M","R","M","E","R","B",null,"M","?","M","?","M","E","R","$","T","E","M","E","?","M","R","B",null,"M","$","M","T","M","R","E","R","T","?","M","?","M","M","R","B",null,"R","$","E","B",null],"character_chosen":"SHADE","items_purchased":["Shade:Patience","Shade:GraveStillness","Bag of Preparation","Divine Protection","Sling","Shade:DangerousRitual","ReplayTheSpireMod:CursedCoin","Apotheosis","Shade:AuraOfUnlife","Shade:AblativeArmor","Gremlin Horn","Membership Card","Lantern","Garlic","Anchor","Panacea"],"campfire_rested":3,"item_purchase_floors":[0,0,0,0,0,2,10,10,10,10,25,36,36,36,53,53],"current_hp_per_floor":[65,65,65,49,49,51,53,53,53,53,55,55,57,58,58,60,65,53,53,56,44,41,43,62,62,62,65,65,64,64,65,65,60,65,40,40,43,43,43,43,42,65,65,65,62,65,59,59,65,65,65,65,65,51,54],"gold":98,"neow_bonus":"","is_daily":false,"chose_seed":false,"campfire_upgraded":4,"win_rate":0.0,"timestamp":1612725891,"path_taken":["M","$","M","?","?","E","M","?","T","$","M","R","M","E","R","BOSS","M","?","M","?","M","E","R","$","T","E","M","E","?","M","R","BOSS","M","$","M","?","M","R","E","R","T","?","M","?","M","M","R","BOSS","R","$","E","BOSS"],"items_purchased_type":["Card","Card","Relic","Relic","Relic","Card","Relic","Card","Card","Card","Relic","Relic","Relic","Relic","Relic","Card"],"build_version":"2020-12-22","purchased_purges":3,"victory":true,"max_hp_per_floor":[65,65,65,65,65,65,65,65,65,65,65,65,65,65,65,65,65,65,65,65,65,65,65,65,65,65,65,65,65,65,65,65,65,65,65,65,65,65,65,65,65,65,65,65,65,65,65,65,65,65,65,65,65,65,65],"card_choices":[{"not_picked":["Shade:ExtraLimbs","Shade:FreshBones"],"picked":"Shade:SkeletonArmy","floor":1},{"not_picked":["Shade:Premonition","Shade:Trample"],"picked":"Shade:Bite_Shade","floor":3},{"not_picked":["Shade:ScuttlingHand","Shade:Trample"],"picked":"Shade:FreshBones","floor":4},{"not_picked":["Shade:Haruspicy","Shade:FingerOfDeath"],"picked":"Shade:GraveStillness","floor":6},{"not_picked":["Shade:FleshOffering","Shade:Trample"],"picked":"Shade:GoDigging","floor":7},{"not_picked":["Shade:FuneraryJewels","Shade:CommandSoldier"],"picked":"Shade:LichForm","floor":11},{"not_picked":["Shade:CommandSoldier","Shade:FingerOfDeath","Shade:Frenzy"],"picked":"SKIP","floor":13},{"not_picked":["Shade:SoulToxin","Shade:LoseControl"],"picked":"Shade:WallOfFlesh","floor":14},{"not_picked":["Shade:Tombstone","Shade:MadHubris"],"picked":"Shade:Coordination","floor":16},{"not_picked":["Shade:FleshToFlesh+1","Shade:Trample+1"],"picked":"Shade:SanguineRitual+1","floor":18},{"not_picked":["Shade:CommandSoldier","Shade:FleshToFlesh","Shade:FingerOfDeath"],"picked":"SKIP","floor":20},{"not_picked":["Shade:FingerOfDeath+1","Shade:CoffinDance+1","Shade:StitchTogether"],"picked":"SKIP","floor":22},{"not_picked":["Shade:GraveStillness","Shade:SelfBurial"],"picked":"Shade:Frenzy","floor":23},{"not_picked":["Shade:CallWraith","Shade:BoneShards+1","Shade:CoffinDance"],"picked":"SKIP","floor":27},{"not_picked":["Shade:AuraOfUnlife+1","Shade:Haruspicy","Shade:SkeletonArmy"],"picked":"SKIP","floor":28},{"not_picked":["Shade:LyeBath","Shade:Tombstone"],"picked":"Shade:FuneraryArmor+1","floor":29},{"not_picked":["Shade:GreyBargain","Shade:FeralStrike"],"picked":"Shade:ScuttlingHand+1","floor":31},{"not_picked":["Shade:ExtraLimbs","Shade:SpectralStrikes+1","Shade:PotionOfRestlessness+1"],"picked":"SKIP","floor":35},{"not_picked":["Shade:SkeletonHug","Shade:GreyBargain","Shade:StitchTogether+1"],"picked":"SKIP","floor":37},{"not_picked":["Shade:AblativeArmor+1","Shade:FreshBones"],"picked":"Shade:FuneraryArmor","floor":39},{"not_picked":["Shade:WallOfFlesh","Shade:OpenGraves+1","Shade:Bonestorm"],"picked":"SKIP","floor":41},{"not_picked":["Shade:CallOfTheGrave+1","Shade:CloudOfShrapnel"],"picked":"Shade:WallOfFlesh+1","floor":45},{"not_picked":["Shade:Premonition","Shade:FeralStrike+1","Shade:Patience"],"picked":"SKIP","floor":47},{"not_picked":["Shade:SpectralStrikes+1","Shade:SanguineRitual+1","Shade:CommandSoldier"],"picked":"SKIP","floor":48},{"not_picked":["Shade:SkeletonHug+1","Shade:SensePrey+1"],"picked":"Shade:FuneraryArmor+1","floor":54}],"player_experience":869060,"relics_obtained":[{"floor":4,"key":"Oddly Smooth Stone"},{"floor":6,"key":"Turnip"},{"floor":8,"key":"Tiny Chest"},{"floor":9,"key":"ReplayTheSpireMod:Ninjato"},{"floor":14,"key":"CaptainsWheel"},{"floor":19,"key":"Juzu Bracelet"},{"floor":23,"key":"ReplayFunnel"},{"floor":26,"key":"Regal Pillow"},{"floor":27,"key":"Frozen Egg 2"},{"floor":29,"key":"MawBank"},{"floor":41,"key":"Gremlin Food"},{"floor":43,"key":"Iron Hammer"},{"floor":46,"key":"Replay:PocketPolymizer"},{"floor":54,"key":"Simple Rune"}],"event_choices":[{"damage_healed":0,"gold_gain":74,"player_choice":"Gained Gold","damage_taken":0,"max_hp_gain":0,"max_hp_loss":0,"event_name":"Golden Wing","floor":5,"gold_loss":0},{"damage_healed":0,"gold_gain":0,"player_choice":"Relic","damage_taken":0,"max_hp_gain":0,"max_hp_loss":0,"event_name":"Wheel of Change","floor":19,"gold_loss":0},{"damage_healed":0,"gold_gain":90,"player_choice":"GOLD ","damage_taken":12,"max_hp_gain":0,"max_hp_loss":0,"event_name":"Knowing Skull","floor":21,"potions_obtained":[],"gold_loss":0,"cards_obtained":[]},{"damage_healed":0,"gold_gain":0,"player_choice":"Upgraded","damage_taken":0,"max_hp_gain":0,"max_hp_loss":0,"event_name":"Upgrade Shrine","floor":30,"gold_loss":0,"cards_upgraded":["Apotheosis"]},{"damage_healed":0,"gold_gain":0,"player_choice":"Upgraded","damage_taken":0,"max_hp_gain":0,"max_hp_loss":0,"event_name":"Upgrade Shrine","floor":44,"gold_loss":0,"cards_upgraded":["Shade:DangerousRitual"]},{"damage_healed":0,"gold_gain":0,"player_choice":"Fight","damage_taken":0,"max_hp_gain":0,"max_hp_loss":0,"event_name":"MindBloom","floor":46,"gold_loss":0}],"is_beta":false,"boss_relics":[{"not_picked":["Calling Bell","Empty Cage"],"picked":"SlaversCollar"},{"not_picked":["Abe\u0027s Treasure","Black Star"],"picked":"Sozu"}],"items_purged_floors":[0,25,53],"is_endless":false,"potions_floor_spawned":[1,6,11,16,18,23,28,29,31,37,39,41,48,54],"ascension_level":0}}