{"host":"4gr5irrdjh39ysed","time":1612657763,"event":{"mods":["AchievementEnabler","BaseMod","Colored Map","Downfall","Hermit","Minty Spire (QoL Compilation)","Random Character Button","Replay The Spire","StSLib","The Construct","The Cursed","The Disciple","The Hierophant","The Mystic","The Necromancer","The Runesmith"],"gold_per_floor":[117,117,117,51,68,68,101,101,101,101,133,208,228,258,258,333,333,353,243,102,117,38,366,379,413,463,463,479,512,529,541,541,618,618,637,637,655,674,691,691,719,719,719,729,743,88,88,88,88,88,88,88,88,113,113],"floor_reached":56,"language":"ENG","playtime":2970,"items_purged":["Footwork","Skewer"],"score":2123,"play_id":"fbdac0d9-f918-4ace-8a6d-5172bfa7bbac","local_time":"20210206172923","is_ascension_mode":true,"campfire_choices":[{"floor":6,"key":"RECALL"},{"data":"Skewer","floor":8,"key":"SMITH"},{"data":"All Out Attack","floor":10,"key":"SMITH"},{"data":"Bullet Time","floor":15,"key":"SMITH"},{"data":"Storm of Steel","floor":27,"key":"SMITH"},{"data":"Envenom","floor":32,"key":"SMITH"},{"data":"Phantasmal Killer","floor":40,"key":"SMITH"},{"data":"Poison Darts","floor":42,"key":"SMITH"},{"data":"Midas Touch","floor":49,"key":"SMITH"},{"data":"Finisher","floor":52,"key":"SMITH"}],"circlet_count":0,"master_deck":["AscendersBane","Dagger Spray","Skewer+1","Cloak And Dagger","All Out Attack+1","Bullet Time+1","Quick Slash","Finisher","Storm of Steel","Burst","Storm of Steel+1","Endless Agony","Distraction","Hidden Blade","Caltrops","Underhanded Strike","Distraction+1","ReplayTheSpireMod:The Works","Endless Agony","Endless Agony","Blade Dance","Draining Mist","Poisoned Stab","Catalyst","Envenom+1","Noxious Fumes","Finisher+1","Phantasmal Killer+1","Hidden Blade","Blade Dance+1","Dash+1","Poison Darts+1","Bane","Backstab+1","Crippling Poison","Midas Touch+1","Sadistic Nature","Blade Dance"],"relics":["Ring of the Snake","Meat on the Bone","PreservedInsect","Runesmith:Nanobots","Odd Mushroom","Pandora\u0027s Box","Old Coin","Bird Faced Urn","Happy Flower","Regal Pillow","bronze:MakeshiftBattery","Mercury Hourglass","Bottled Flame","Paper Crane"],"acts_visited":["Exordium","TheCity","TheBeyond","TheEnding"],"potions_floor_usage":[16,24,25,30,33,38,39,44,55,55],"damage_taken":[{"damage":10,"enemies":"Small Slimes","floor":1,"turns":4},{"damage":7,"enemies":"2 Louse","floor":5,"turns":2},{"damage":54,"enemies":"3 Sentries","floor":7,"turns":8},{"damage":39,"enemies":"Lagavulin","floor":11,"turns":6},{"damage":0,"enemies":"Jaw Worm","floor":13,"turns":2},{"damage":15,"enemies":"The Mushroom Lair","floor":14,"turns":3},{"damage":29,"enemies":"Slime Boss","floor":16,"turns":6},{"damage":53,"enemies":"Shell Parasite","floor":18,"turns":5},{"damage":16,"enemies":"Chosen","floor":21,"turns":3},{"damage":42,"enemies":"Slavers","floor":23,"turns":4},{"damage":15,"enemies":"Snake Plant","floor":24,"turns":3},{"damage":53,"enemies":"Book of Stabbing","floor":25,"turns":4},{"damage":64,"enemies":"Shelled Parasite and Fungi","floor":28,"turns":5},{"damage":64,"enemies":"Slavers","floor":29,"turns":4},{"damage":48,"enemies":"Sentry and Sphere","floor":30,"turns":5},{"damage":21,"enemies":"Snake Plant","floor":31,"turns":3},{"damage":51,"enemies":"Collector","floor":33,"turns":6},{"damage":142,"enemies":"3 Shapes","floor":35,"turns":4},{"damage":76,"enemies":"3 Darklings","floor":37,"turns":4},{"damage":90,"enemies":"Writhing Mass","floor":38,"turns":5},{"damage":87,"enemies":"Spire Growth","floor":39,"turns":4},{"damage":102,"enemies":"Reptomancer","floor":41,"turns":3},{"damage":25,"enemies":"Maw","floor":44,"turns":5},{"damage":69,"enemies":"4 Shapes","floor":45,"turns":3},{"damage":137,"enemies":"Donu and Deca","floor":50,"turns":6},{"damage":80,"enemies":"Shield and Spear","floor":54,"turns":5},{"damage":271,"enemies":"The Heart","floor":55,"turns":9}],"seed_played":"-1090331037564860880","potions_obtained":[{"floor":7,"key":"DistilledChaos"},{"floor":11,"key":"Elixir"},{"floor":16,"key":"GhostInAJar"},{"floor":25,"key":"Fruit Juice"},{"floor":29,"key":"Milkshake"},{"floor":31,"key":"BlessingOfTheForge"},{"floor":33,"key":"LifebloodPotion"},{"floor":36,"key":"Death Potion"},{"floor":38,"key":"Guardian:BlockOnCardUsePotion"},{"floor":39,"key":"DistilledChaos"},{"floor":54,"key":"Dexterity Potion"}],"is_trial":false,"path_per_floor":["M","?","?","$","M","R","E","R","T","R","E","?","M","?","R","B",null,"M","?","$","M","$","E","M","E","T","R","M","E","M","M","R","B",null,"M","?","M","M","M","R","E","R","T","M","M","$","?","?","R","B",null,"R","$","E","B",null],"character_chosen":"THE_SILENT","items_purchased":["Skewer","Endless Agony","Draining Mist","Bottled Flame","Crippling Poison","Midas Touch"],"campfire_rested":0,"item_purchase_floors":[4,20,22,46,46,46],"current_hp_per_floor":[2049,2049,2049,2049,2042,2042,1988,1988,1988,1988,1949,1938,1938,1923,1923,1894,2023,1970,1970,1970,1954,1954,1912,1897,1849,1849,1849,1787,1723,1679,1662,1662,1617,1958,1820,1820,1750,1666,1585,1585,1487,1487,1487,1468,1403,1403,1403,1403,1403,1274,1872,1872,1872,1800,1535],"gold":113,"neow_bonus":"RANDOM_EVENT","is_daily":false,"chose_seed":false,"campfire_upgraded":9,"win_rate":0.0,"timestamp":1612657763,"path_taken":["M","?","?","$","M","R","E","R","T","R","E","?","?","?","R","BOSS","M","?","$","M","$","E","M","E","T","R","M","E","M","?","R","BOSS","M","?","?","?","M","R","E","R","T","M","M","$","?","?","R","BOSS","R","$","E","BOSS"],"items_purchased_type":["Card","Card","Card","Relic","Card","Card"],"build_version":"2020-12-22","purchased_purges":2,"victory":true,"max_hp_per_floor":[2066,2066,2066,2066,2066,2066,2066,2066,2066,2066,2066,2066,2066,2066,2066,2066,2066,2066,2066,2066,2066,2066,2066,2066,2071,2071,2071,2071,2071,2071,2071,2071,2071,2071,2071,2071,2071,2071,2071,2071,2071,2071,2071,2071,2071,2071,2071,2071,2071,2071,2071,2071,2071,2071,2071],"card_choices":[{"not_picked":["PiercingWail","Acrobatics"],"picked":"Dagger Spray","floor":1},{"not_picked":["Dagger Spray","Prepared"],"picked":"Cloak And Dagger","floor":5},{"not_picked":["Dagger Throw","Acrobatics"],"picked":"All Out Attack","floor":7},{"not_picked":["Outmaneuver","Concentrate"],"picked":"Bullet Time","floor":11},{"not_picked":["Sucker Punch","Bane"],"picked":"Quick Slash","floor":13},{"not_picked":["ReplayTheSpireMod:Exploit Weakness","Hidden Blade"],"picked":"Finisher","floor":14},{"not_picked":["Burst","Wraith Form v2"],"picked":"Storm of Steel","floor":16},{"not_picked":["Prepared","Dagger Spray","Concentrate"],"picked":"SKIP","floor":18},{"not_picked":["Flechettes","Backflip"],"picked":"Blade Dance","floor":21},{"not_picked":["Deflect","All Out Attack"],"picked":"Poisoned Stab","floor":23},{"not_picked":["Poisoned Stab","ReplayTheSpireMod:Exploit Weakness","Masterful Stab"],"picked":"SKIP","floor":24},{"not_picked":["Quick Slash","Dagger Throw"],"picked":"Catalyst","floor":25},{"not_picked":["Dagger Throw+1","Expertise"],"picked":"Envenom","floor":28},{"not_picked":["Underhanded Strike","Endless Agony","Expertise"],"picked":"SKIP","floor":29},{"not_picked":["Infinite Blades","Cloak And Dagger"],"picked":"Noxious Fumes","floor":30},{"not_picked":["Deadly Poison","Cloak And Dagger"],"picked":"Finisher","floor":31},{"not_picked":["Wraith Form v2","Unload"],"picked":"Phantasmal Killer","floor":33},{"not_picked":["PiercingWail","Outmaneuver"],"picked":"Hidden Blade","floor":35},{"not_picked":["ReplayTheSpireMod:Exploit Weakness","Acrobatics","Skewer"],"picked":"SKIP","floor":37},{"not_picked":["Quick Slash","Flying Knee"],"picked":"Blade Dance+1","floor":38},{"not_picked":["Reflex","Venomology"],"picked":"Dash+1","floor":39},{"not_picked":["Poisoned Stab","Draining Mist+1"],"picked":"Poison Darts","floor":41},{"not_picked":["Outmaneuver","Acrobatics+1"],"picked":"Bane","floor":44},{"not_picked":["Calculated Gamble","Heel Hook"],"picked":"Backstab+1","floor":45},{"not_picked":["Midas Touch","PanicButton"],"picked":"Sadistic Nature","floor":47},{"not_picked":["Catalyst","ReplayTheSpireMod:The Works+1"],"picked":"Blade Dance","floor":54}],"player_experience":317437,"relics_obtained":[{"floor":7,"key":"Meat on the Bone"},{"floor":9,"key":"PreservedInsect"},{"floor":11,"key":"Runesmith:Nanobots"},{"floor":14,"key":"Odd Mushroom"},{"floor":23,"key":"Old Coin"},{"floor":25,"key":"Bird Faced Urn"},{"floor":26,"key":"Happy Flower"},{"floor":29,"key":"Regal Pillow"},{"floor":41,"key":"Mercury Hourglass"},{"floor":54,"key":"Paper Crane"}],"event_choices":[{"damage_healed":0,"gold_gain":0,"player_choice":"Ignored","damage_taken":0,"max_hp_gain":0,"max_hp_loss":0,"event_name":"Shining Light","floor":2,"gold_loss":0},{"damage_healed":0,"gold_gain":75,"player_choice":"Gather Gold","damage_taken":11,"max_hp_gain":0,"max_hp_loss":0,"event_name":"World of Goop","floor":12,"gold_loss":0},{"damage_healed":0,"gold_gain":0,"player_choice":"Fought Mushrooms","damage_taken":0,"max_hp_gain":0,"max_hp_loss":0,"event_name":"Mushrooms","floor":14,"gold_loss":0},{"cards_removed":["Survivor"],"damage_healed":0,"gold_gain":0,"player_choice":"Upgrade and Remove","damage_taken":0,"max_hp_gain":0,"max_hp_loss":0,"event_name":"Designer","floor":19,"gold_loss":110,"cards_upgraded":["Distraction"]},{"damage_healed":0,"gold_gain":0,"player_choice":"Got Potions","damage_taken":0,"max_hp_gain":0,"max_hp_loss":0,"event_name":"Lab","floor":36,"gold_loss":0},{"damage_healed":0,"gold_gain":0,"player_choice":"Memory 1","damage_taken":0,"max_hp_gain":0,"max_hp_loss":0,"event_name":"SensoryStone","floor":47,"gold_loss":0},{"cards_removed":["Neutralize"],"damage_healed":0,"gold_gain":0,"player_choice":"Removed Attack","damage_taken":0,"max_hp_gain":0,"max_hp_loss":0,"event_name":"Falling","floor":48,"gold_loss":0}],"is_beta":false,"boss_relics":[{"not_picked":["ChewingGum","SacredBark"],"picked":"Pandora\u0027s Box"},{"not_picked":["Snecko Eye","Busted Crown"],"picked":"bronze:MakeshiftBattery"}],"items_purged_floors":[20,46],"is_endless":false,"potions_floor_spawned":[7,11,16,25,29,31,33,38,39,41,54],"ascension_level":18}}