{"host":"4h8o09gisu0rxdvb","time":1612679862,"event":{"mods":["BaseMod","Better Third Choice","Hermit","Minty Spire (QoL Compilation)","Reliquary","Replay The Spire","StSLib","The Construct","The Death Knight","The Hierophant","The Runesmith"],"gold_per_floor":[117,117,132,132,10,10,40,0,0,20,51,131,131,159,159,263,263,278,278,96,112,122,156,156,235,235,255,269,269,269],"floor_reached":29,"language":"ENG","playtime":2797,"items_purged":["Decay","Amnesia"],"score":287,"play_id":"f520af8d-b3bc-4ea9-8192-12dc877c61eb","local_time":"20210207013742","is_ascension_mode":true,"campfire_choices":[{"data":"construct:BatteryCore","floor":6,"key":"SMITH"},{"floor":13,"key":"REST"},{"data":"construct:ReactiveShield","floor":15,"key":"SMITH"},{"floor":24,"key":"REST"}],"circlet_count":0,"master_deck":["construct:Strike_Gold","construct:Strike_Gold+1","construct:Strike_Gold","construct:Strike_Gold","construct:Strike_Gold","construct:Defend_Gold","construct:Defend_Gold+1","construct:Defend_Gold","construct:Defend_Gold","construct:Defend_Gold","construct:AttackMode+1","construct:DefenseMode","construct:BatteryCore+1","construct:Versatility+1","construct:MetalShell","construct:SweepLaser","Enlightenment","construct:Reserves","construct:ReactiveShield+1","Pot Of Greed","Pot Of Greed","construct:BatteryCore","construct:Bunker","Overencumbered","Pot Of Greed","construct:SuppressiveFire+1","Panacea","construct:Autoturret","construct:Stasis","construct:Dampening+1","construct:ForceCore","construct:FlameCore"],"relics":["construct:Cogwheel","Counterbalance","Matryoshka","reliquary:PrincelyHelmet","Grinning Jar","Replay:Ancient Bell","reliquary:FerryPass","Replay:Bottled Steam","construct:RocketBooster","Ginger","Bottled Flame","Quantum Egg","reliquary:TridentHead"],"acts_visited":["Exordium","TheCity"],"potions_floor_usage":[22,22,23,23,29],"damage_taken":[{"damage":0,"enemies":"Jaw Worm","floor":1,"turns":5},{"damage":2,"enemies":"Small Slimes","floor":3,"turns":4},{"damage":12,"enemies":"3 Sentries","floor":7,"turns":9},{"damage":0,"enemies":"Cultist","floor":10,"turns":4},{"damage":17,"enemies":"Lagavulin","floor":11,"turns":8},{"damage":8,"enemies":"3 Sentries","floor":14,"turns":7},{"damage":25,"enemies":"Fading Forest","floor":16,"turns":11},{"damage":7,"enemies":"Spheric Guardian","floor":18,"turns":4},{"damage":6,"enemies":"Shell Parasite","floor":21,"turns":5},{"damage":0,"enemies":"Cultist and Chosen","floor":22,"turns":7},{"damage":39,"enemies":"Slavers","floor":23,"turns":6},{"damage":27,"enemies":"Snake Plant","floor":27,"turns":7},{"damage":4,"enemies":"Centurion and Healer","floor":28,"turns":6},{"damage":68,"enemies":"Book of Stabbing","floor":29,"turns":7}],"seed_played":"2117572912793971747","potions_obtained":[{"floor":1,"key":"ColorlessPotion"},{"floor":7,"key":"Reflective Coating"},{"floor":11,"key":"DeathKnight:RimePotion"},{"floor":14,"key":"SteroidPotion"},{"floor":22,"key":"ColorlessPotion"},{"floor":23,"key":"Strength Potion"},{"floor":25,"key":"Ancient Potion"},{"floor":25,"key":"FairyPotion"}],"is_trial":false,"path_per_floor":["M","?","M","?","$","R","E","?","T","M","E","?","R","E","R","B",null,"M","?","$","M","M","E","R","?","T","M","M","E"],"character_chosen":"THE_CONSTRUCT_MOD","items_purchased":["construct:SweepLaser","Panacea"],"campfire_rested":2,"item_purchase_floors":[5,20],"current_hp_per_floor":[85,85,83,66,66,66,54,60,60,60,43,43,70,62,62,47,91,84,89,89,83,83,44,71,49,49,22,18,0,0],"gold":269,"neow_bonus":"THREE_RARE_CARDS","is_daily":false,"chose_seed":false,"campfire_upgraded":2,"win_rate":0.0,"timestamp":1612679862,"path_taken":["M","?","M","?","$","R","E","?","T","M","E","?","R","E","R","BOSS","M","?","$","?","M","E","R","?","T","M","M","E"],"items_purchased_type":["Card","Card"],"build_version":"2020-12-22","purchased_purges":2,"victory":false,"max_hp_per_floor":[85,85,85,85,85,85,85,91,91,91,91,91,91,91,91,91,91,91,91,91,91,91,91,91,91,91,91,91,91,91],"card_choices":[{"not_picked":["construct:Bunker","construct:Reserves"],"picked":"construct:BatteryCore","floor":0},{"not_picked":["construct:FierceBash","construct:Anticipate"],"picked":"construct:Versatility","floor":1},{"not_picked":["construct:FierceBash","construct:Impenetrable"],"picked":"construct:MetalShell","floor":3},{"not_picked":["construct:FocusedBeam","construct:HardReboot","construct:BatteryAcid"],"picked":"SKIP","floor":7},{"not_picked":["construct:Accumulate","construct:FlakBarrage"],"picked":"construct:Reserves","floor":10},{"not_picked":["construct:Impenetrable","construct:FierceBash"],"picked":"construct:ReactiveShield","floor":11},{"not_picked":["construct:SaveState","construct:Construct_Overclock"],"picked":"construct:BatteryCore","floor":14},{"not_picked":["construct:GatlingGun","construct:Multistage"],"picked":"construct:Bunker","floor":16},{"not_picked":["Voices","CommonCold"],"picked":"Overencumbered","floor":17},{"not_picked":["Hallucinations","Looming Evil"],"picked":"hermit:ImpendingDoom","floor":17},{"not_picked":["Regret","Shame"],"picked":"Amnesia","floor":17},{"not_picked":["construct:FierceBash","construct:ModeShift"],"picked":"construct:SuppressiveFire+1","floor":18},{"not_picked":["construct:Forcefield","construct:FocusedBeam"],"picked":"construct:Autoturret","floor":21},{"not_picked":["construct:SuppressiveFire","construct:HardReboot"],"picked":"construct:Stasis","floor":22},{"not_picked":["construct:ShiftGuard+1","construct:SweepLaser"],"picked":"construct:Dampening+1","floor":23},{"not_picked":["construct:Boost","construct:HeavyBolt"],"picked":"construct:ForceCore","floor":25},{"not_picked":["construct:SweepLaser","construct:Electrocute"],"picked":"construct:FlameCore","floor":27},{"not_picked":["construct:ShiftStrike","construct:ElectricArmor","construct:Versatility+1"],"picked":"SKIP","floor":28}],"player_experience":458637,"relics_obtained":[{"floor":7,"key":"Counterbalance"},{"floor":9,"key":"Matryoshka"},{"floor":11,"key":"reliquary:PrincelyHelmet"},{"floor":14,"key":"Grinning Jar"},{"floor":23,"key":"Ginger"},{"floor":25,"key":"Bottled Flame"},{"floor":26,"key":"Quantum Egg"},{"floor":26,"key":"reliquary:TridentHead"}],"event_choices":[{"damage_healed":83,"gold_gain":0,"player_choice":"Upgrade","damage_taken":17,"max_hp_gain":0,"max_hp_loss":85,"event_name":"betterThird:BetterShining","floor":4,"gold_loss":0,"cards_upgraded":["construct:Versatility","construct:Defend_Gold"]},{"damage_healed":0,"gold_gain":0,"player_choice":"RENOUNCE","damage_taken":40,"max_hp_gain":0,"max_hp_loss":0,"event_name":"betterThird:BetterSerpent","floor":8,"gold_loss":40,"cards_obtained":["Enlightenment"]},{"damage_healed":0,"gold_gain":80,"player_choice":"Gained Gold","damage_taken":0,"max_hp_gain":0,"max_hp_loss":0,"event_name":"Golden Wing","floor":12,"gold_loss":0},{"cards_removed":["hermit:ImpendingDoom"],"damage_healed":5,"gold_gain":0,"player_choice":"Offered Special","damage_taken":0,"max_hp_gain":0,"max_hp_loss":0,"event_name":"Bonfire Elementals","floor":19,"gold_loss":0}],"is_beta":false,"boss_relics":[{"not_picked":["Replay:Wanted Poster","Snecko Heart"],"picked":"Replay:Ancient Bell"},{"not_picked":["Nunchaku","reliquary:Aerogel"],"picked":"reliquary:FerryPass"},{"not_picked":["Replay:Bottled Flurry","reliquary:BallBearing"],"picked":"Replay:Bottled Steam"},{"not_picked":["Replay:Towering Pillar of Hats","Lizard Tail"],"picked":"construct:RocketBooster"}],"items_purged_floors":[5,20],"is_endless":false,"potions_floor_spawned":[1,7,11,14,21,22,23,28],"killed_by":"Book of Stabbing","ascension_level":2}}