{"host":"mani","time":1612700534,"event":{"mods":["BaseMod","Highlight Path","Minty Spire (QoL Compilation)","StSLib"],"gold_per_floor":[109,109,55,55,101,101,115,115,165,192,205,205,170,13,13,118,118,129,149,169,185,201,201,201],"floor_reached":23,"language":"ENG","playtime":809,"items_purged":[],"score":191,"play_id":"f35bade3-dae5-43f6-8c64-95d988e43e4c","local_time":"20210207132214","is_ascension_mode":false,"campfire_choices":[{"data":"Poisoned Stab","floor":6,"key":"SMITH"},{"data":"Flying Knee","floor":8,"key":"SMITH"},{"data":"Bouncing Flask","floor":12,"key":"SMITH"},{"data":"Noxious Fumes","floor":15,"key":"SMITH"}],"circlet_count":0,"master_deck":["Strike_G","Strike_G","Strike_G","Strike_G","Strike_G","Defend_G","Defend_G","Defend_G","Defend_G","Defend_G","Survivor","Neutralize+1","Flying Knee+1","Poisoned Stab+1","Dagger Spray","PiercingWail","Bouncing Flask+1","Noxious Fumes+1","PiercingWail","Distraction","Finisher","Bane","Venomology","Dagger Throw","Footwork","Deflect+1","Blur","Noxious Fumes+1"],"relics":["Ring of the Snake","Sundial","Snake Skull","Bag of Marbles","Blood Vial","Orrery","SacredBark"],"acts_visited":["Exordium","TheCity"],"potions_floor_usage":[18,20,20,20,21,22,22],"damage_taken":[{"damage":0,"enemies":"Jaw Worm","floor":1,"turns":4},{"damage":2,"enemies":"Small Slimes","floor":7,"turns":3},{"damage":8,"enemies":"Lagavulin","floor":10,"turns":5},{"damage":0,"enemies":"Cultist","floor":11,"turns":2},{"damage":39,"enemies":"The Guardian","floor":16,"turns":8},{"damage":13,"enemies":"Shell Parasite","floor":18,"turns":4},{"damage":2,"enemies":"Spheric Guardian","floor":19,"turns":3},{"damage":15,"enemies":"Centurion and Healer","floor":20,"turns":9},{"damage":41,"enemies":"Cultist and Chosen","floor":21,"turns":8},{"damage":0,"enemies":"Chosen and Byrds","floor":22,"turns":4},{"damage":16,"enemies":"Book of Stabbing","floor":23,"turns":3}],"seed_played":"-7327324931098526047","potions_obtained":[{"floor":10,"key":"SpeedPotion"},{"floor":20,"key":"Dexterity Potion"},{"floor":22,"key":"SpeedPotion"}],"is_trial":false,"path_per_floor":["M","?","$","?","T","R","M","R","T","E","M","R","?","$","R","B",null,"M","M","M","M","M","E"],"character_chosen":"THE_SILENT","items_purchased":["Poisoned Stab","Orrery"],"campfire_rested":0,"item_purchase_floors":[3,14],"current_hp_per_floor":[70,52,52,52,52,52,50,50,50,42,44,44,61,61,61,24,70,57,57,44,5,7,0,0],"gold":201,"neow_bonus":"UPGRADE_CARD","is_daily":false,"chose_seed":false,"campfire_upgraded":4,"win_rate":0.0,"timestamp":1612700534,"path_taken":["M","?","$","?","?","R","M","R","T","E","?","R","?","$","R","BOSS","M","M","M","M","M","E"],"items_purchased_type":["Card","Relic"],"build_version":"2020-12-18","purchased_purges":0,"victory":false,"max_hp_per_floor":[70,70,70,70,70,70,70,70,70,70,70,70,70,70,70,70,70,70,70,70,70,70,70,70],"card_choices":[{"not_picked":["Reflex","PiercingWail"],"picked":"Flying Knee","floor":1},{"not_picked":["Riddle With Holes","Underhanded Strike"],"picked":"Dagger Spray","floor":7},{"not_picked":["Deflect","Quick Slash"],"picked":"PiercingWail","floor":10},{"not_picked":["Backstab","Blade Dance"],"picked":"Bouncing Flask","floor":11},{"not_picked":["Burst","Acrobatics"],"picked":"Noxious Fumes","floor":14},{"not_picked":["Storm of Steel","Reflex"],"picked":"PiercingWail","floor":14},{"not_picked":["Deflect","Tactician"],"picked":"Distraction","floor":14},{"not_picked":["Dodge and Roll","Slice"],"picked":"Finisher","floor":14},{"not_picked":["Finisher","Well Laid Plans"],"picked":"Bane","floor":14},{"not_picked":["Bullet Time","Glass Knife"],"picked":"Venomology","floor":16},{"not_picked":["Quick Slash","Cloak And Dagger"],"picked":"Dagger Throw","floor":18},{"not_picked":["Poisoned Stab","Dagger Spray"],"picked":"Footwork","floor":19},{"not_picked":["Skewer","Setup"],"picked":"Deflect+1","floor":20},{"not_picked":["Distraction+1","Reflex"],"picked":"Blur","floor":21},{"not_picked":["Outmaneuver","Dagger Spray"],"picked":"Noxious Fumes+1","floor":22}],"player_experience":483119,"relics_obtained":[{"floor":5,"key":"Snake Skull"},{"floor":9,"key":"Bag of Marbles"},{"floor":10,"key":"Blood Vial"}],"event_choices":[{"damage_healed":0,"gold_gain":0,"player_choice":"Success","damage_taken":18,"relics_obtained":["Sundial"],"max_hp_gain":0,"max_hp_loss":0,"event_name":"Scrap Ooze","floor":2,"gold_loss":0},{"damage_healed":0,"gold_gain":0,"player_choice":"Ignored","damage_taken":0,"max_hp_gain":0,"max_hp_loss":0,"event_name":"Golden Wing","floor":4,"gold_loss":0},{"damage_healed":17,"gold_gain":0,"player_choice":"Healed","damage_taken":0,"max_hp_gain":0,"max_hp_loss":0,"event_name":"The Cleric","floor":13,"gold_loss":35}],"is_beta":true,"boss_relics":[{"not_picked":["Ring of the Serpent","Calling Bell"],"picked":"SacredBark"}],"items_purged_floors":[],"is_endless":false,"potions_floor_spawned":[10,20,22],"killed_by":"Book of Stabbing","ascension_level":0}}