{"host":"u1dfzl6o6mfmauc3","time":1612720267,"event":{"mods":["2.2 Compatiblity","AchievementEnabler","BaseMod","Bestiary","Block Reminder","Challenge The Spire","Colored Map","Dark Map","Hermit","Highlight Path","Marisa????????","Minty Spire (QoL Compilation)","Random Character Button","Rare Cards Sparkle","Relic Stats","Robot Space Explorer","StSLib","The Disciple"],"gold_per_floor":[19,19,42,42,63,63,106,129,129,155,39,39,63,63,63],"floor_reached":14,"language":"ENG","playtime":529,"items_purged":[],"score":122,"play_id":"ea502a4e-a015-4cef-9c18-142b1165796f","local_time":"20210207125107","is_ascension_mode":true,"campfire_choices":[{"data":"Coolheaded","floor":6,"key":"SMITH"},{"data":"Fusion","floor":9,"key":"SMITH"},{"data":"Defragment","floor":12,"key":"SMITH"}],"circlet_count":0,"master_deck":["Strike_B+1","Strike_B","Strike_B+1","Strike_B","Defend_B","Defend_B","Defend_B","Defend_B","Zap","Dualcast","Chill","Self Repair","Coolheaded+1","Fusion+1","Defragment+1","Glacier"],"relics":["Cracked Core","Golden Idol","Potion Belt","Tiny Chest"],"acts_visited":["Exordium"],"potions_floor_usage":[8],"damage_taken":[{"damage":1,"enemies":"Cultist","floor":1,"turns":3},{"damage":5,"enemies":"Jaw Worm","floor":3,"turns":4},{"damage":4,"enemies":"Small Slimes","floor":5,"turns":4},{"damage":10,"enemies":"3 Sentries","floor":7,"turns":10},{"damage":15,"enemies":"Exordium Thugs","floor":8,"turns":8},{"damage":16,"enemies":"Exordium Wildlife","floor":13,"turns":5},{"damage":23,"enemies":"Lagavulin","floor":14,"turns":7}],"seed_played":"-859983244252824860","potions_obtained":[{"floor":3,"key":"Ancient Potion"},{"floor":5,"key":"Swift Potion"}],"is_trial":false,"path_per_floor":["M","?","M","?","M","R","E","M","R","T","$","R","M","E"],"character_chosen":"DEFECT","items_purchased":["Defragment","Glacier"],"campfire_rested":0,"item_purchase_floors":[11,11],"current_hp_per_floor":[81,59,54,36,39,39,36,28,28,28,28,28,19,0,0],"gold":63,"neow_bonus":"TWENTY_PERCENT_HP_BONUS","is_daily":false,"chose_seed":false,"campfire_upgraded":3,"win_rate":0.0,"timestamp":1612720267,"path_taken":["M","?","M","?","M","R","E","M","R","T","?","R","M","E"],"items_purchased_type":["Card","Card"],"build_version":"2020-12-22","purchased_purges":0,"victory":false,"max_hp_per_floor":[89,89,89,89,89,89,89,89,89,89,89,89,89,89,89],"relic_stats":{"counters":[7,41],"Golden Idol":28,"Tiny Chest":0,"obtain_stats":[{"Potion Belt":7,"Golden Idol":2,"Tiny Chest":10,"Cracked Core":0},{"Potion Belt":4,"Golden Idol":1,"Tiny Chest":5,"Cracked Core":0},{"Potion Belt":21,"Golden Idol":3,"Tiny Chest":29,"Cracked Core":0}]},"card_choices":[{"not_picked":["Barrage","Compile Driver"],"picked":"Chill","floor":1},{"not_picked":["Gash","Auto Shields"],"picked":"Self Repair","floor":3},{"not_picked":["Ball Lightning","Chaos"],"picked":"Coolheaded","floor":5},{"not_picked":["Reprogram","Chill"],"picked":"Fusion","floor":7},{"not_picked":["Skim","Redo","Coolheaded"],"picked":"SKIP","floor":8},{"not_picked":["Chill","Steam","Sweeping Beam"],"picked":"SKIP","floor":13}],"player_experience":238192,"relics_obtained":[{"floor":7,"key":"Potion Belt"},{"floor":10,"key":"Tiny Chest"}],"event_choices":[{"damage_healed":0,"gold_gain":0,"player_choice":"Take Damage","damage_taken":22,"relics_obtained":["Golden Idol"],"max_hp_gain":0,"max_hp_loss":0,"event_name":"Golden Idol","floor":2,"gold_loss":0},{"damage_healed":0,"gold_gain":0,"player_choice":"Entered Light","damage_taken":18,"max_hp_gain":0,"max_hp_loss":0,"event_name":"Shining Light","floor":4,"gold_loss":0,"cards_upgraded":["Strike_B","Strike_B"]}],"is_beta":false,"boss_relics":[],"items_purged_floors":[],"is_endless":false,"potions_floor_spawned":[3,5],"killed_by":"Lagavulin","ascension_level":7}}