{"host":"dggqshehf2ar9kzd","time":1612680520,"event":{"mods":["BaseMod","Hermit","Highlight Path","Minty Spire (QoL Compilation)","Reliquary","StSLib"],"gold_per_floor":[119,294,294,312,328,328,357,357,357,357,29,29,62,75,75,174,174,190,205,216,232,232,232],"floor_reached":22,"language":"ENG","playtime":1560,"items_purged":["Doubt"],"score":196,"play_id":"1ca04a03-f8cf-4684-b474-5a65a3092d31","local_time":"20210207014840","is_ascension_mode":false,"campfire_choices":[{"data":"hermit:GhostlyPresence","floor":6,"key":"SMITH"},{"data":"hermit:PistolWhip","floor":8,"key":"SMITH"},{"data":"hermit:TakeAim","floor":10,"key":"SMITH"},{"data":"hermit:Covet","floor":12,"key":"SMITH"},{"data":"hermit:Showdown","floor":15,"key":"SMITH"}],"circlet_count":0,"master_deck":["hermit:Strike_Hermit","hermit:Strike_Hermit","hermit:Strike_Hermit","hermit:Strike_Hermit","hermit:Defend_Hermit","hermit:Defend_Hermit","hermit:Defend_Hermit","hermit:Defend_Hermit","hermit:Snapshot","hermit:Covet+1","hermit:TakeAim+1","hermit:GhostlyPresence+1","hermit:GhostlyPresence","hermit:PistolWhip+1","hermit:Malice","hermit:Showdown+1","hermit:LoneWolf","hermit:PistolWhip+1","hermit:Dive","hermit:Malice+1"],"relics":["hermit:Momento","Ornamental Fan","White Beast Statue","reliquary:BallBearing","Dream Catcher","SacredBark"],"acts_visited":["Exordium","TheCity"],"potions_floor_usage":[13,13,19,19,20,22],"damage_taken":[{"damage":5,"enemies":"Small Slimes","floor":1,"turns":3},{"damage":6,"enemies":"Jaw Worm","floor":4,"turns":4},{"damage":0,"enemies":"2 Louse","floor":5,"turns":4},{"damage":20,"enemies":"Lagavulin","floor":7,"turns":18},{"damage":22,"enemies":"3 Sentries","floor":13,"turns":15},{"damage":3,"enemies":"Exordium Wildlife","floor":14,"turns":4},{"damage":18,"enemies":"Slime Boss","floor":16,"turns":9},{"damage":18,"enemies":"2 Thieves","floor":18,"turns":5},{"damage":12,"enemies":"Spheric Guardian","floor":19,"turns":9},{"damage":16,"enemies":"3 Cultists","floor":20,"turns":5},{"damage":33,"enemies":"Centurion and Healer","floor":21,"turns":9},{"damage":70,"enemies":"Chosen and Byrds","floor":22,"turns":5}],"seed_played":"3321619367330502971","potions_obtained":[{"floor":1,"key":"SneckoOil"},{"floor":7,"key":"Regen Potion"},{"floor":13,"key":"SpeedPotion"},{"floor":14,"key":"FairyPotion"},{"floor":16,"key":"DistilledChaos"},{"floor":18,"key":"Block Potion"},{"floor":19,"key":"Fruit Juice"},{"floor":20,"key":"Dexterity Potion"},{"floor":21,"key":"Swift Potion"}],"is_trial":false,"path_per_floor":["M","?","?","M","M","R","E","R","T","R","$","R","E","M","R","B",null,"M","M","M","M","M"],"character_chosen":"HERMIT","items_purchased":["reliquary:BallBearing"],"campfire_rested":0,"item_purchase_floors":[11],"current_hp_per_floor":[70,70,63,57,57,57,37,37,37,37,37,37,30,27,27,9,75,57,55,39,6,0,0],"gold":232,"neow_bonus":"ONE_RANDOM_RARE_CARD","is_daily":false,"chose_seed":false,"campfire_upgraded":5,"win_rate":0.0,"timestamp":1612680520,"path_taken":["M","?","?","M","M","R","E","R","T","R","$","R","E","M","R","BOSS","M","M","M","M","M"],"items_purchased_type":["Relic"],"build_version":"2020-12-22","purchased_purges":1,"victory":false,"max_hp_per_floor":[75,75,75,75,75,75,75,75,75,75,75,75,75,75,75,75,75,75,85,85,85,85,85],"card_choices":[{"not_picked":["hermit:Quickdraw","hermit:Snipe"],"picked":"hermit:TakeAim","floor":1},{"not_picked":["hermit:Scavenge","hermit:Grudge"],"picked":"hermit:GhostlyPresence","floor":4},{"not_picked":["hermit:SprayPray","hermit:Grudge"],"picked":"hermit:GhostlyPresence","floor":5},{"not_picked":["hermit:CalledShot","hermit:GhostlyPresence"],"picked":"hermit:PistolWhip","floor":7},{"not_picked":["hermit:Headshot","hermit:ItchyTrigger"],"picked":"hermit:Malice","floor":13},{"not_picked":["hermit:SprayPray","hermit:Vantage"],"picked":"hermit:Showdown","floor":14},{"not_picked":["hermit:TrackingShot","hermit:Spite+1"],"picked":"hermit:LoneWolf","floor":18},{"not_picked":["hermit:BodyArmor+1","hermit:Vantage"],"picked":"hermit:PistolWhip+1","floor":19},{"not_picked":["hermit:Gestalt","hermit:LowProfile+1"],"picked":"hermit:Dive","floor":20},{"not_picked":["hermit:Virtue","hermit:Desperado"],"picked":"hermit:Malice+1","floor":21}],"player_experience":351323,"relics_obtained":[{"floor":7,"key":"Ornamental Fan"},{"floor":9,"key":"White Beast Statue"},{"floor":13,"key":"Dream Catcher"}],"event_choices":[{"damage_healed":0,"gold_gain":175,"player_choice":"AGREE","damage_taken":0,"max_hp_gain":0,"max_hp_loss":0,"event_name":"Liars Game","floor":2,"gold_loss":0,"cards_obtained":["Doubt"]},{"cards_removed":["hermit:Purgatory"],"damage_healed":0,"gold_gain":0,"player_choice":"Card Removal","damage_taken":7,"max_hp_gain":0,"max_hp_loss":0,"event_name":"Golden Wing","floor":3,"gold_loss":0}],"is_beta":false,"boss_relics":[{"not_picked":["Velvet Choker","Busted Crown"],"picked":"SacredBark"}],"items_purged_floors":[11],"is_endless":false,"potions_floor_spawned":[1,7,13,14,16,18,19,20,21],"killed_by":"Chosen and Byrds","ascension_level":0}}