{"host":"fnndj664xgd3vavt","time":1612716354,"event":{"mods":["AchievementEnabler","BaseMod","Better Note","Colored Powertips","DeckTracker","Downfall","Highlight Path","Infinite Spire","Minty Spire (QoL Compilation)","Quick Restart","Random Character Button","Replay The Spire","StSLib"],"gold_per_floor":[99,115,115,126,126,126,151,163,202,214,236,260,272,14,32,129,129,129,142,142,142,142,152,205,305,333,343,143,383,283,283,301,402,402,402,416,427,427,444,444,467,467,467,467,467],"floor_reached":43,"language":"ENG","playtime":2002,"items_purged":["Slimebound:Strike_Slimebound","Dark Shackles"],"score":469,"play_id":"b24f8241-9db3-485e-a014-9891f7cdae6b","local_time":"20210207114554","is_ascension_mode":false,"campfire_choices":[{"data":"Slimebound:Split","floor":1,"key":"SMITH"},{"data":"Slimebound:LeechEnergy","floor":6,"key":"SMITH"},{"floor":13,"key":"REST"},{"data":"Slimebound:Equalize","floor":18,"key":"SMITH"},{"floor":28,"key":"RECALL"},{"data":"Slimebound:MassRepurpose","floor":30,"key":"SMITH"},{"data":"Slimebound:Tackle","floor":35,"key":"PURGE"},{"floor":40,"key":"REST"},{"data":"Slimebound:SplitMire","floor":42,"key":"SMITH"}],"circlet_count":0,"master_deck":["Slimebound:Strike_Slimebound","Slimebound:Strike_Slimebound","Slimebound:Defend_Slimebound","Slimebound:Defend_Slimebound+1","Slimebound:Defend_Slimebound","Slimebound:Defend_Slimebound","Slimebound:Split+1","Slimebound:SlimeBarrage+1","Slimebound:LeechEnergy+1","Slimebound:Schlurp","Slimebound:SlimeTap","Slimebound:Equalize+1","Slimebound:RainOfGoop","Slimebound:SplitLeeching","Slimebound:SelfFormingGoo+1","Slimebound:SamplingLick","Slimebound:SlimeTap","Slimebound:MassRepurpose+1","Slimebound:SplitMire+1","Slimebound:AcidTongue+1","Slimebound:MegaLick","Slimebound:Gluttony+1","Slimebound:MinionMaster+1","Slimebound:Overexert+1","Slimebound:SlimeSpikes","Slimebound:ItLooksTasty","Slimebound:HauntingLick"],"relics":["Slimebound:AbsorbEndCombatUpgraded","MawBank","Frozen Egg 2","infinitespire:Bottled Soul","InkBottle","infinitespire:CheckeredPen","Honey Jar","Busted Crown","Toolbox","Pen Nib","downfall:HeartBlessingGreen","downfall:HeartBlessingBlue","downfall:HeartBlessingRed","Empty Cage","Smiling Mask"],"acts_visited":["Exordium","TheCity","TheBeyond"],"potions_floor_usage":[16,29],"damage_taken":[{"damage":19,"enemies":"Jaw Worm","floor":2,"turns":4},{"damage":3,"enemies":"Cultist","floor":4,"turns":2},{"damage":19,"enemies":"Gremlin Nob","floor":9,"turns":3},{"damage":5,"enemies":"2 Louse","floor":11,"turns":2},{"damage":5,"enemies":"Blue Slaver","floor":12,"turns":4},{"damage":10,"enemies":"downfall:FleeingMerchant","floor":14,"turns":4},{"damage":4,"enemies":"Exordium Wildlife","floor":15,"turns":3},{"damage":38,"enemies":"WA_ARCHETYPE_RETAIN","floor":16,"turns":5},{"damage":21,"enemies":"3 Byrds","floor":19,"turns":4},{"damage":2,"enemies":"Spheric Guardian","floor":23,"turns":3},{"damage":4,"enemies":"Slavers","floor":26,"turns":5},{"damage":0,"enemies":"Snecko","floor":27,"turns":3},{"damage":0,"enemies":"downfall:FleeingMerchant","floor":29,"turns":4},{"damage":24,"enemies":"Snake Plant","floor":32,"turns":2},{"damage":34,"enemies":"DF_ARCHETYPE_CLAW","floor":33,"turns":5},{"damage":53,"enemies":"3 Darklings","floor":36,"turns":4},{"damage":10,"enemies":"Orb Walker","floor":37,"turns":3},{"damage":21,"enemies":"Sphere and 2 Shapes","floor":39,"turns":4},{"damage":72,"enemies":"Nightmare","floor":43,"turns":5}],"seed_played":"6697121651683070790","potions_obtained":[{"floor":9,"key":"ColorlessPotion"},{"floor":15,"key":"Energy Potion"},{"floor":16,"key":"champ:CounterPotion"},{"floor":19,"key":"PowerPotion"},{"floor":26,"key":"Adrenaline Potion"},{"floor":36,"key":"champ:CounterPotion"}],"is_trial":false,"path_per_floor":["R","M","?","M","?","R","T","?","E","T","M","M","R","$","M","B",null,"R","M","AVR","?","?","M","T","?","E","M","R","$","R","?","M","B",null,"R","M","M","AVR","M","R","T","R","NM"],"character_chosen":"SLIMEBOUND","items_purchased":["infinitespire:CheckeredPen"],"campfire_rested":2,"item_purchase_floors":[14],"current_hp_per_floor":[71,58,58,61,61,61,61,61,48,48,43,40,61,63,65,43,71,71,55,55,55,55,69,69,69,71,71,81,81,81,81,61,41,81,81,39,35,35,29,53,53,53,0,0,0],"gold":467,"neow_bonus":"TEN_PERCENT_HP_BONUS","is_daily":false,"chose_seed":false,"campfire_upgraded":5,"win_rate":0.0,"timestamp":1612716354,"path_taken":["R","M","?","?","?","R","T","?","E","?","?","M","R","?","M","BOSS","R","M","AVR","?","?","M","T","?","E","?","R","$","R","?","M","BOSS","R","M","M","AVR","M","R","T","R","NM"],"items_purchased_type":["Relic"],"build_version":"2020-12-22","purchased_purges":2,"victory":false,"max_hp_per_floor":[71,71,71,71,71,71,71,71,71,71,71,71,71,71,71,71,71,71,71,71,71,71,71,71,71,71,71,81,81,81,81,81,81,81,81,81,81,81,81,81,81,81,81,81,81],"card_choices":[{"not_picked":["Slimebound:PressTheAttack","Slimebound:AcidTongue"],"picked":"Slimebound:SlimeBarrage","floor":2},{"not_picked":["Slimebound:ViciousTackle","Slimebound:SplitBruiser"],"picked":"Slimebound:LeechEnergy","floor":4},{"not_picked":["Slimebound:GoopTackle","Slimebound:Replication"],"picked":"Slimebound:Schlurp","floor":9},{"not_picked":["Slimebound:SplitMire","Slimebound:LeechingTouch"],"picked":"Slimebound:SlimeTap","floor":11},{"not_picked":["Slimebound:DisruptingSlam","Slimebound:LivingWall"],"picked":"Slimebound:Equalize","floor":12},{"not_picked":["Slimebound:ComboTackle","Slimebound:FlameTackle"],"picked":"Slimebound:RainOfGoop","floor":14},{"not_picked":["Slimebound:SlimeBarrage","Slimebound:FinishingTackle"],"picked":"Slimebound:SplitLeeching","floor":15},{"not_picked":["Slimebound:MassRepurpose","Slimebound:DouseInSlime"],"picked":"Slimebound:SelfFormingGoo+1","floor":16},{"not_picked":["Slimebound:Prepare+1","Slimebound:Chomp","Slimebound:ProtectTheBoss+1"],"picked":"Slimebound:SamplingLick","floor":19},{"not_picked":["Slimebound:SlimeSpikes+1"],"picked":"Slimebound:AcidTongue+1","floor":23},{"not_picked":["Slimebound:ForwardTackle+1"],"picked":"Slimebound:MegaLick","floor":26},{"not_picked":["Slimebound:GoopTackle"],"picked":"Slimebound:ViciousTackle","floor":27},{"not_picked":["Slimebound:Prepare"],"picked":"Slimebound:Gluttony+1","floor":29},{"not_picked":["Slimebound:SplitAcid+1"],"picked":"Slimebound:MinionMaster+1","floor":32},{"not_picked":["Slimebound:DouseInSlime"],"picked":"Slimebound:Overexert+1","floor":33},{"not_picked":["Slimebound:ForwardTackle"],"picked":"Slimebound:SlimeSpikes","floor":36},{"not_picked":["Slimebound:LeechEnergy"],"picked":"Slimebound:ItLooksTasty","floor":37},{"not_picked":["Slimebound:SplitAcid"],"picked":"Slimebound:HauntingLick","floor":39}],"player_experience":267856,"relics_obtained":[{"floor":7,"key":"MawBank"},{"floor":8,"key":"Frozen Egg 2"},{"floor":9,"key":"infinitespire:Bottled Soul"},{"floor":10,"key":"InkBottle"},{"floor":26,"key":"Pen Nib"},{"floor":41,"key":"Smiling Mask"}],"event_choices":[],"is_beta":false,"boss_relics":[{"not_picked":["SacredBark","Tiny House"],"picked":"Honey Jar"},{"not_picked":["Snecko Eye","Velvet Choker"],"picked":"Slimebound:AbsorbEndCombatUpgraded"}],"items_purged_floors":[20,29],"is_endless":false,"potions_floor_spawned":[9,15,16,19,26,36],"killed_by":"Nightmare","ascension_level":0}}