{"host":"qc8p2flj7wsy3zpg","time":1612663737,"event":{"mods":["BaseMod","Highlight Path","Minty Spire (QoL Compilation)","Monster List Patch","Relic Stats","StSLib"],"gold_per_floor":[169,169,2,2,20,20,51,63,90,118,144,144,158,192,192,271,271,289,289,308,308,308,308,318,9,36,66,41,41,41],"floor_reached":29,"language":"ENG","playtime":1009,"items_purged":["Strike_B+1"],"score":518,"play_id":"7f5923c9-5662-4cce-9beb-2c46ee7aebbd","local_time":"20210206200857","is_ascension_mode":true,"campfire_choices":[{"floor":6.0,"key":"REST"},{"floor":12.0,"key":"REST"},{"data":"Sunder","floor":15.0,"key":"SMITH"},{"floor":23.0,"key":"REST"}],"circlet_count":0,"master_deck":["AscendersBane","Strike_B+1","Strike_B+1","Defend_B+1","Defend_B+1","Defend_B+1","Defend_B+1","Zap","Dualcast","Static Discharge","Chill","All For One","Ball Lightning","Echo Form","Sunder+1","Gash","Gash","Leap","Echo Form","Creative AI","Conserve Battery","Turbo","Necronomicurse","Gash","Hyperbeam","Seek","BootSequence","Conserve Battery"],"relics":["Tiny House","Bronze Scales","Orichalcum","Boot","Regal Pillow","Odd Mushroom","Nunchaku","Sozu","Necronomicon","Pen Nib","Mummified Hand"],"acts_visited":["Exordium","TheCity"],"potions_floor_usage":[],"damage_taken":[{"damage":11.0,"enemies":"2 Louse","floor":1.0,"turns":3.0},{"damage":5.0,"enemies":"Jaw Worm","floor":5.0,"turns":4.0},{"damage":20.0,"enemies":"Gremlin Nob","floor":7.0,"turns":4.0},{"damage":5.0,"enemies":"Cultist","floor":8.0,"turns":3.0},{"damage":9.0,"enemies":"The Mushroom Lair","floor":10.0,"turns":3.0},{"damage":11.0,"enemies":"3 Sentries","floor":11.0,"turns":6.0},{"damage":7.0,"enemies":"Looter","floor":13.0,"turns":2.0},{"damage":10.0,"enemies":"Lagavulin","floor":14.0,"turns":6.0},{"damage":28.0,"enemies":"The Guardian","floor":16.0,"turns":9.0},{"damage":8.0,"enemies":"Spheric Guardian","floor":18.0,"turns":5.0},{"damage":26.0,"enemies":"Shell Parasite","floor":20.0,"turns":5.0},{"damage":24.0,"enemies":"Snake Plant","floor":24.0,"turns":3.0},{"damage":26,"enemies":"Gremlin Leader","floor":27,"turns":3},{"damage":11,"enemies":"Cultist and Chosen","floor":29,"turns":3}],"seed_played":"2754153576099612947","potions_obtained":[{"floor":0.0,"key":"Fruit Juice"},{"floor":1.0,"key":"SkillPotion"},{"floor":8.0,"key":"SteroidPotion"},{"floor":11.0,"key":"BlessingOfTheForge"}],"is_trial":false,"path_per_floor":["M","?","$","?","M","R","E","M","T","?","E","R","M","E","R","B",null,"M","?","M","?","?","R","M","$","T","E","$","M"],"character_chosen":"DEFECT","items_purchased":["Orichalcum","Hyperbeam","Seek","Conserve Battery"],"campfire_rested":3,"item_purchase_floors":[3,25,25,28],"current_hp_per_floor":[58,53,53,53,48,77,57,52,52,43,32,71,64,54,54,26,67,59,59,33,33,12,51,27,27,27,1,1,0,0],"gold":41,"neow_bonus":"BOSS_RELIC","is_daily":false,"chose_seed":false,"campfire_upgraded":1,"win_rate":0.0,"timestamp":1612663737,"path_taken":["M","?","$","?","M","R","E","?","T","?","E","R","M","E","R","BOSS","M","?","M","?","?","R","M","$","T","E","?","M"],"items_purchased_type":["Relic","Card","Card","Card"],"build_version":"2020-12-22","purchased_purges":1,"victory":false,"max_hp_per_floor":[76,76,76,76,76,81,81,81,81,81,81,81,81,81,81,81,81,81,81,81,81,81,81,81,81,81,81,81,81,81],"relic_stats":{"Sozu":2,"Regal Pillow":30,"Nunchaku":[6],"counters":[14,59],"Mummified Hand":[1],"Bronze Scales":[114],"Pen Nib":[1],"Necronomicon":[5],"Orichalcum":[150],"Boot":[10],"obtain_stats":[{"Sozu":17,"Regal Pillow":9,"Nunchaku":11,"Tiny House":0,"Mummified Hand":27,"Bronze Scales":2,"Pen Nib":26,"Necronomicon":22,"Orichalcum":3,"Odd Mushroom":10,"Cracked Core":0,"Boot":7},{"Sozu":9,"Regal Pillow":4,"Nunchaku":6,"Tiny House":0,"Mummified Hand":13,"Bronze Scales":1,"Pen Nib":12,"Necronomicon":11,"Orichalcum":1,"Odd Mushroom":5,"Cracked Core":0,"Boot":3},{"Sozu":40,"Regal Pillow":14,"Nunchaku":23,"Tiny House":0,"Mummified Hand":56,"Bronze Scales":3,"Pen Nib":53,"Necronomicon":50,"Orichalcum":3,"Odd Mushroom":17,"Cracked Core":0,"Boot":11}]},"card_choices":[{"not_picked":["Chill","Hologram"],"picked":"Static Discharge","floor":0.0},{"not_picked":["Beam Cell","Blizzard"],"picked":"Chill","floor":1.0},{"not_picked":["Cold Snap","Leap"],"picked":"Ball Lightning","floor":5.0},{"not_picked":["Heatsinks","Redo"],"picked":"Echo Form","floor":7.0},{"not_picked":["Go for the Eyes","Redo"],"picked":"Sunder","floor":8.0},{"not_picked":["Scrape","Streamline"],"picked":"Gash","floor":10.0},{"not_picked":["Steam","Leap"],"picked":"Gash","floor":11.0},{"not_picked":["Compile Driver","Capacitor"],"picked":"Leap","floor":13.0},{"not_picked":["Sweeping Beam","FTL"],"picked":"Echo Form","floor":14.0},{"not_picked":["Fission","Amplify"],"picked":"Creative AI","floor":16.0},{"not_picked":["Compile Driver","Darkness"],"picked":"Conserve Battery","floor":18.0},{"not_picked":["Streamline+1","Gash"],"picked":"Turbo","floor":20.0},{"not_picked":["Compile Driver","Coolheaded"],"picked":"Gash","floor":24.0},{"not_picked":["Hello World","Rebound+1"],"picked":"BootSequence","floor":27}],"player_experience":2327348,"relics_obtained":[{"floor":7.0,"key":"Boot"},{"floor":9.0,"key":"Regal Pillow"},{"floor":10.0,"key":"Odd Mushroom"},{"floor":11.0,"key":"Nunchaku"},{"floor":22.0,"key":"Necronomicon"},{"floor":26.0,"key":"Pen Nib"},{"floor":27,"key":"Mummified Hand"}],"event_choices":[{"damage_healed":0.0,"max_hp_gain":0.0,"max_hp_loss":0.0,"gold_gain":0.0,"event_name":"Scrap Ooze","player_choice":"Success","floor":2.0,"gold_loss":0.0,"damage_taken":5.0,"relics_obtained":["Bronze Scales"]},{"damage_healed":0.0,"max_hp_gain":0.0,"max_hp_loss":0.0,"gold_gain":0.0,"cards_transformed":["Strike_B"],"event_name":"Transmorgrifier","player_choice":"Transformed","floor":4.0,"gold_loss":0.0,"damage_taken":0.0,"cards_obtained":["All For One"]},{"damage_healed":0.0,"max_hp_gain":0.0,"max_hp_loss":0.0,"gold_gain":0.0,"event_name":"Mushrooms","player_choice":"Fought Mushrooms","floor":10.0,"gold_loss":0.0,"damage_taken":0.0},{"damage_healed":0.0,"max_hp_gain":0.0,"max_hp_loss":0.0,"gold_gain":0.0,"event_name":"The Mausoleum","player_choice":"Ignored","floor":19.0,"gold_loss":0.0,"damage_taken":0.0},{"damage_healed":0.0,"max_hp_gain":0.0,"max_hp_loss":0.0,"gold_gain":0.0,"event_name":"Back to Basics","player_choice":"Simplicity","floor":21.0,"gold_loss":0.0,"damage_taken":0.0,"cards_upgraded":["Strike_B","Strike_B","Defend_B","Defend_B","Defend_B","Defend_B"]},{"damage_healed":0.0,"max_hp_gain":0.0,"max_hp_loss":0.0,"gold_gain":0.0,"event_name":"Cursed Tome","player_choice":"Obtained Book","floor":22.0,"gold_loss":0.0,"damage_taken":21.0}],"is_beta":false,"boss_relics":[{"not_picked":["Cursed Key","Busted Crown"],"picked":"Sozu"}],"items_purged_floors":[25],"is_endless":false,"potions_floor_spawned":[1,8,11,18,24],"killed_by":"Cultist and Chosen","ascension_level":20}}