{"host":"yans4pr1zf0lm9bx","time":1612712664,"event":{"mods":["AchievementEnabler","Act Like it!","BaseMod","Hallownest","Minty Spire (QoL Compilation)","Replay The Spire","StSLib","SuperFastMode","The Bug Knight"],"gold_per_floor":[114,114,141,152,202,236,250,275,275,294,304,321,334,334,334,334,334],"floor_reached":16,"language":"ENG","playtime":2546,"items_purged":[],"score":124,"play_id":"0afd771e-88db-48c2-8557-bcb773740abb","local_time":"20210207104424","is_ascension_mode":false,"campfire_choices":[{"data":"HollowMod:Hiveblood","floor":15,"key":"SMITH"}],"circlet_count":0,"master_deck":["HollowMod:NailStrikeStart+1","HollowMod:NailStrikeStart","HollowMod:NailStrikeStart","HollowMod:NailStrikeStart+1","HollowMod:QuickDashStart","HollowMod:QuickDashStart","HollowMod:QuickDashStart","HollowMod:QuickDashStart","HollowMod:FocusHealStart","HollowMod:PogoStrike","HollowMod:SoulStrike","HollowMod:HuntersJournal","HollowMod:CornifersMapStart","HollowMod:NewLittleFool","HollowMod:HuntersJournal","HollowMod:GreatSlash","HollowMod:Hiveblood+1","HollowMod:GrimmsGift","HollowMod:DashSlash","HollowMod:CrystalDash"],"relics":["HollowMod:VesselMask","Hallownest:DreamNailRelic","Replay:Bottled Snecko","ReplayTheSpireMod:Ninjato","Matryoshka","Lantern","Whetstone"],"acts_visited":["Hallownest:Greenpath"],"potions_floor_usage":[16,16],"damage_taken":[{"damage":0.0,"enemies":"Hallownest:monsterHuskWarrior","floor":1.0,"turns":3.0},{"damage":20.0,"enemies":"Hallownest:eliteVengeflyKing","floor":3.0,"turns":15.0},{"damage":0.0,"enemies":"Hallownest:2_Baldur","floor":4.0,"turns":4.0},{"damage":6.0,"enemies":"Hallownest:eliteVengeflyKing","floor":6.0,"turns":9.0},{"damage":3.0,"enemies":"Hallownest:2_Tiktiks_and_1_Crawlid","floor":7.0,"turns":4.0},{"damage":28.0,"enemies":"Hallownest:eliteMossKnight","floor":8.0,"turns":10.0},{"damage":13.0,"enemies":"Hallownest:2_Tiktiks_1_Baldur_1_Crawlid","floor":10.0,"turns":7.0},{"damage":18.0,"enemies":"Hallownest:1_Baldur_1_Crawlid_1_Warrior","floor":11.0,"turns":5.0},{"damage":31,"enemies":"Hallownest:Guard_and_Warrior","floor":12,"turns":6},{"damage":37,"enemies":"Hallownest:1_Ooma_and_2_Uuma","floor":13,"turns":8},{"damage":79,"enemies":"Hallownest:BossHornet","floor":16,"turns":18}],"seed_played":"4809970845232732412","potions_obtained":[{"floor":4.0,"key":"Dexterity Potion"},{"floor":11,"key":"DuplicationPotion"},{"floor":13,"key":"PowerPotion"}],"is_trial":false,"path_per_floor":["M","?","?","M","T","E","M","E","T","M","M","M","M","?","R","B"],"character_chosen":"THE_BUGKNIGHT","items_purchased":[],"campfire_rested":0,"item_purchase_floors":[],"current_hp_per_floor":[75,75,67,73,73,75,75,57,57,54,56,47,37,37,37,0,0],"gold":334,"neow_bonus":"THREE_CARDS","is_daily":false,"chose_seed":false,"campfire_upgraded":1,"win_rate":0.0,"timestamp":1612712664,"path_taken":["M","?","?","M","?","E","M","E","T","?","M","?","M","?","R","BOSS"],"items_purchased_type":[],"build_version":"2020-12-22","purchased_purges":0,"victory":false,"max_hp_per_floor":[75,75,75,75,75,75,75,75,75,75,75,75,75,75,75,75,75],"card_choices":[{"not_picked":["HollowMod:ShadowDash","HollowMod:HeavyBlow"],"picked":"HollowMod:SoulStrike","floor":0.0},{"not_picked":["HollowMod:VengefulVoid","HollowMod:SoulShaman"],"picked":"HollowMod:HuntersJournal","floor":1.0},{"not_picked":["HollowMod:MonarchWings","HollowMod:InfectionAssault"],"picked":"HollowMod:CornifersMapStart","floor":3.0},{"not_picked":["HollowMod:DoubleDash","HollowMod:ChannelNail"],"picked":"HollowMod:NewLittleFool","floor":4.0},{"not_picked":["HollowMod:CloakDash","HollowMod:AbyssShriek"],"picked":"HollowMod:HuntersJournal","floor":6.0},{"not_picked":["HollowMod:NewJinnsSoul","HollowMod:NewGlowingWomb"],"picked":"HollowMod:GreatSlash","floor":7.0},{"not_picked":["HollowMod:InfectionAssault","HollowMod:CoiledNail","HollowMod:HeavyBlow"],"picked":"SKIP","floor":8.0},{"not_picked":["HollowMod:DashSlash","HollowMod:CornifersMapStart"],"picked":"HollowMod:Hiveblood","floor":10.0},{"not_picked":["HollowMod:SoulStrike","HollowMod:WraithStrike"],"picked":"HollowMod:GrimmsGift","floor":11},{"not_picked":["HollowMod:VengefulVoid","HollowMod:SharpenedNail"],"picked":"HollowMod:DashSlash","floor":12},{"not_picked":["HollowMod:PureNailStrike","HollowMod:InfectedCysts"],"picked":"HollowMod:CrystalDash","floor":13}],"player_experience":256329,"relics_obtained":[{"floor":3.0,"key":"Replay:Bottled Snecko"},{"floor":6.0,"key":"ReplayTheSpireMod:Ninjato"},{"floor":8.0,"key":"Matryoshka"},{"floor":9.0,"key":"Lantern"},{"floor":9.0,"key":"Whetstone"}],"event_choices":[],"is_beta":false,"boss_relics":[],"items_purged_floors":[],"is_endless":false,"potions_floor_spawned":[4,11,13],"killed_by":"Hallownest:BossHornet","ascension_level":0}}