{"host":"syozzdlzcqop4jia","time":1612739312,"event":{"mods":["BaseMod","Colored Map","Colored Powertips","Minty Spire (QoL Compilation)","Quick Restart"],"gold_per_floor":[110,123,143,143,73,73,106,122,122,137,155,155,155,155],"floor_reached":13,"language":"ENG","playtime":514,"items_purged":[],"score":91,"play_id":"172e2040-07ef-490f-87bf-e1d2c531c193","local_time":"20210208000832","is_ascension_mode":true,"campfire_choices":[{"data":"Storm","floor":6,"key":"SMITH"},{"data":"Zap","floor":12,"key":"SMITH"}],"circlet_count":0,"master_deck":["Strike_B","Strike_B","Strike_B","Strike_B","Defend_B","Defend_B","Defend_B","Zap+1","Dualcast","Darkness","Conserve Battery","Storm+1","Rebound","Steam","Conserve Battery","Hello World"],"relics":["Cracked Core","Bottled Tornado","Sundial"],"acts_visited":["Exordium"],"potions_floor_usage":[],"damage_taken":[{"damage":1,"enemies":"Small Slimes","floor":1,"turns":3},{"damage":1,"enemies":"Cultist","floor":2,"turns":3},{"damage":1,"enemies":"2 Louse","floor":3,"turns":3},{"damage":16,"enemies":"Gremlin Nob","floor":7,"turns":4},{"damage":0,"enemies":"Large Slime","floor":8,"turns":5},{"damage":11,"enemies":"2 Fungi Beasts","floor":10,"turns":4},{"damage":3,"enemies":"Looter","floor":11,"turns":3},{"damage":0,"enemies":"3 Sentries","floor":13,"turns":1}],"seed_played":"2214190747646248537","potions_obtained":[{"floor":3,"key":"Explosive Potion"},{"floor":7,"key":"EssenceOfDarkness"}],"is_trial":false,"path_per_floor":["M","M","M","?","$","R","E","M","T","M","M","R","E"],"character_chosen":"DEFECT","items_purchased":["Storm"],"campfire_rested":0,"item_purchase_floors":[5],"current_hp_per_floor":[81,80,79,79,79,79,63,63,63,52,49,49,49,49],"gold":155,"neow_bonus":"TEN_PERCENT_HP_BONUS","is_daily":false,"chose_seed":false,"campfire_upgraded":2,"win_rate":0.0,"timestamp":1612739312,"path_taken":["M","M","M","?","?","R","E","?","T","M","?","R","E"],"items_purchased_type":["Card"],"build_version":"2020-12-22","purchased_purges":0,"victory":false,"max_hp_per_floor":[82,82,82,82,82,82,82,82,82,82,82,82,82,82],"card_choices":[{"not_picked":["Steam","Barrage"],"picked":"Darkness","floor":1},{"not_picked":["FTL","Stack","Skim"],"picked":"SKIP","floor":2},{"not_picked":["Go for the Eyes","Gash"],"picked":"Conserve Battery","floor":3},{"not_picked":["Gash","Fission"],"picked":"Rebound","floor":7},{"not_picked":["Hologram","Cold Snap"],"picked":"Steam","floor":8},{"not_picked":["Sweeping Beam","Turbo"],"picked":"Conserve Battery","floor":10},{"not_picked":["Leap","Consume"],"picked":"Hello World","floor":11}],"player_experience":599959,"relics_obtained":[{"floor":7,"key":"Bottled Tornado"},{"floor":9,"key":"Sundial"}],"event_choices":[{"cards_removed":["Defend_B"],"damage_healed":0,"gold_gain":0,"player_choice":"Offered Basic","damage_taken":0,"max_hp_gain":0,"max_hp_loss":0,"event_name":"Bonfire Elementals","floor":4,"gold_loss":0}],"is_beta":false,"boss_relics":[],"items_purged_floors":[],"is_endless":false,"potions_floor_spawned":[3,7],"killed_by":"3 Sentries","ascension_level":1}}