{"host":"ej72cplobca8grby","time":1612735440,"event":{"mods":["BaseMod","Downfall","Minty Spire (QoL Compilation)","StSLib"],"gold_per_floor":[99,99,111,125,125,141,217,249,78,112,12,42,42,72,82,183,183,183,201,201,86,96,96,96,115,15,32,32,62,62,87,101,198,198,98,111,123,172,32,32,32,47,74,85,85,115,127,12,27,27,27,59,11,11,11,11,11,11],"floor_reached":56,"language":"ENG","playtime":7905,"items_purged":["champ:Strike","champ:Strike","champ:ViciousMockery","champ:FancyFootwork"],"score":1233,"play_id":"7dfcc6f7-ad1b-49e2-9e97-d941701ab4a4","local_time":"20210208000400","is_ascension_mode":true,"campfire_choices":[{"data":"champ:Taunt","floor":1.0,"key":"SMITH"},{"data":"champ:HoldFirm","floor":11,"key":"SMITH"},{"data":"champ:FlashCut","floor":13,"key":"SMITH"},{"data":"champ:HoldFirm","floor":18,"key":"SMITH"},{"floor":23,"key":"RECALL"},{"data":"champ:Circumvent","floor":26,"key":"SMITH"},{"data":"champ:Execute","floor":35,"key":"PURGE"},{"data":"champ:ArenaPreparation","floor":54,"key":"PURGE"}],"circlet_count":0,"master_deck":["champ:Taunt+1","champ:HoldFirm+1","champ:ShieldSigil","champ:BringItOn+1","champ:FlashCut+1","champ:DefensiveStyle","champ:HoldFirm+1","champ:RageSigil+1","champ:Circumvent+1","champ:DefensiveStyle","champ:DefensiveStyle+1","champ:HoldFirm","champ:FalseCounter","champ:Circumvent","champ:FalseCounter"],"relics":["champ:ChampionCrown","War Paint","PreservedInsect","downfall:HeartBlessingGreen","Orichalcum","TungstenRod","Velvet Choker","Question Card","downfall:HeartBlessingBlue","Mummified Hand","Peace Pipe","Pandora\u0027s Box","downfall:HeartBlessingRed","Shovel","Ice Cream","Gambling Chip","Nunchaku","Turnip","HornCleat"],"acts_visited":["Exordium","TheCity","TheBeyond","TheEnding"],"potions_floor_usage":[38,39,48,56,56,56],"damage_taken":[{"damage":0.0,"enemies":"Jaw Worm","floor":3.0,"turns":4.0},{"damage":7.0,"enemies":"2 Louse","floor":4.0,"turns":3.0},{"damage":0,"enemies":"Small Slimes","floor":6,"turns":3},{"damage":34,"enemies":"3 Sentries","floor":8,"turns":8},{"damage":20,"enemies":"downfall:FleeingMerchant","floor":9,"turns":4},{"damage":10,"enemies":"Gremlin Nob","floor":10,"turns":4},{"damage":3,"enemies":"3 Sentries","floor":12,"turns":5},{"damage":10,"enemies":"Lagavulin","floor":14,"turns":4},{"damage":0,"enemies":"3 Louse","floor":15,"turns":3},{"damage":9,"enemies":"IC_STATUS_ARCHETYPE","floor":16,"turns":6},{"damage":0,"enemies":"Spheric Guardian","floor":19,"turns":4},{"damage":22,"enemies":"downfall:FleeingMerchant","floor":21,"turns":4},{"damage":18,"enemies":"3 Byrds","floor":22,"turns":5},{"damage":0,"enemies":"Cultist and Chosen","floor":25,"turns":4},{"damage":4,"enemies":"Sentry and Sphere","floor":27,"turns":6},{"damage":18,"enemies":"Gremlin Leader","floor":29,"turns":13},{"damage":9,"enemies":"Slavers","floor":31,"turns":4},{"damage":9,"enemies":"Centurion and Healer","floor":32,"turns":4},{"damage":9,"enemies":"WA_ARCHETYPE_CALM","floor":33,"turns":10},{"damage":8,"enemies":"3 Shapes","floor":36,"turns":7},{"damage":0,"enemies":"3 Darklings","floor":37,"turns":9},{"damage":3,"enemies":"2 Orb Walkers","floor":38,"turns":7},{"damage":8,"enemies":"downfall:FleeingMerchant","floor":39,"turns":4},{"damage":4,"enemies":"Jaw Worm Horde","floor":42,"turns":5},{"damage":4,"enemies":"Giant Head","floor":43,"turns":6},{"damage":0,"enemies":"Sphere and 2 Shapes","floor":44,"turns":4},{"damage":0,"enemies":"Reptomancer","floor":46,"turns":5},{"damage":0,"enemies":"Maw","floor":47,"turns":6},{"damage":0,"enemies":"downfall:FleeingMerchant","floor":48,"turns":2},{"damage":0,"enemies":"Spire Growth","floor":49,"turns":5},{"damage":0,"enemies":"DF_ARCHETYPE_ORBS","floor":50,"turns":7},{"damage":0,"enemies":"downfall:CharBossMerchant","floor":52,"turns":10},{"damage":0,"enemies":"downfall:NeowBoss","floor":55,"turns":31},{"damage":130,"enemies":"downfall:NeowBossFinal","floor":56,"turns":14}],"seed_played":"-2854108519315978115","potions_obtained":[{"floor":4.0,"key":"Swift Potion"},{"floor":6,"key":"champ:CounterPotion"},{"floor":14,"key":"hexamod:SoulburnPotion"},{"floor":16,"key":"Block Potion"},{"floor":29,"key":"Dexterity Potion"},{"floor":38,"key":"AttackPotion"},{"floor":42,"key":"Weak Potion"},{"floor":43,"key":"PowerPotion"},{"floor":49,"key":"BlessingOfTheForge"}],"is_trial":false,"path_per_floor":["R","?","M","M","?","M","T","E","$","E","R","E","R","E","M","B",null,"R","M","?","$","M","R","T","M","R","M","?","E","?","E","M","B",null,"R","M","M","?","$","?","T","M","E","M","?","E","M","$","M","B",null,"E","$","R","B","B"],"character_chosen":"THE_CHAMP","items_purchased":["champ:DefensiveStyle","Turnip","Weak Potion"],"campfire_rested":0,"item_purchase_floors":[9,48,53],"current_hp_per_floor":[81,81,81,74,74,74,74,70,70,70,70,67,67,67,67,68,81,81,81,81,81,81,81,81,81,91,87,87,89,72,73,74,75,96,96,93,93,90,92,92,92,93,94,94,94,94,94,94,94,94,96,96,96,96,96,0,0,0],"gold":11,"neow_bonus":"THREE_RARE_CARDS","is_daily":false,"chose_seed":false,"campfire_upgraded":5,"win_rate":0.0,"timestamp":1612735440,"path_taken":["R","?","M","M","?","M","T","E","$","E","R","E","R","E","M","BOSS","R","M","?","$","M","R","T","M","R","M","?","E","?","E","M","BOSS","R","M","M","?","$","?","T","M","E","M","?","E","M","$","M","BOSS","E","$","R","BOSS","BOSS"],"items_purchased_type":["Card","Relic","Potion"],"build_version":"2020-12-22","purchased_purges":4,"victory":false,"max_hp_per_floor":[81,81,81,81,81,81,81,81,81,81,81,81,81,81,81,81,81,81,81,81,81,81,81,81,81,91,91,91,91,96,96,96,96,96,96,96,96,96,96,96,96,96,96,96,96,96,96,96,96,96,96,96,96,96,96,96,96,96],"card_choices":[{"not_picked":["champ:LastStand","champ:UltimateStance"],"picked":"champ:HoldFirm","floor":0.0},{"not_picked":["champ:HeartStrike","champ:BladeFlurry"],"picked":"champ:ShieldSigil","floor":3.0},{"not_picked":["champ:CrownThrow","champ:Shatter","champ:Backstep"],"picked":"SKIP","floor":4.0},{"not_picked":["champ:TornadoPunch","champ:EnGarde","champ:HeartStrike"],"picked":"SKIP","floor":6},{"not_picked":["champ:TornadoPunch","champ:EnGarde","champ:HeartStrike"],"picked":"SKIP","floor":6},{"not_picked":["champ:BladeFlurry","champ:RapidStrikes"],"picked":"champ:BringItOn","floor":8},{"not_picked":["champ:Shatter","champ:TornadoPunch"],"picked":"champ:FlashCut","floor":9},{"not_picked":["champ:FlashCut","champ:PreciseThrust","champ:FaceSlap"],"picked":"SKIP","floor":10},{"not_picked":["champ:LastStand","champ:SetATrap","champ:PerfectedStrike"],"picked":"SKIP","floor":12},{"not_picked":["champ:Backstep","champ:GladiatorStyle","champ:PreciseThrust"],"picked":"SKIP","floor":14},{"not_picked":["champ:Shatter","champ:FalseCounter"],"picked":"champ:DefensiveStyle","floor":15},{"not_picked":["champ:Devastate","champ:IgnorePain"],"picked":"champ:HoldFirm","floor":16},{"not_picked":["champ:Backstep+1","champ:EnGarde"],"picked":"champ:RageSigil+1","floor":19},{"not_picked":["champ:GladiatorStyle+1","champ:IronFortress","champ:AdrenalArmor"],"picked":"SKIP","floor":21},{"not_picked":["champ:FlashCut","champ:RapidStrikes","champ:CrownThrow"],"picked":"SKIP","floor":22},{"not_picked":["champ:FancyFootwork+1","champ:EnGarde","champ:CheapShot"],"picked":"champ:Circumvent","floor":25},{"not_picked":["champ:SetATrap","champ:DefensiveShout","champ:DeathBlow","champ:Backstep"],"picked":"SKIP","floor":27},{"not_picked":["champ:TornadoPunch","champ:Circumvent+1","champ:StanceDance+1"],"picked":"champ:DefensiveStyle","floor":29},{"not_picked":["champ:DeathBlow","champ:BringItOn","champ:SetATrap+1","champ:StanceDance"],"picked":"SKIP","floor":31},{"not_picked":["champ:FocusedBerserking","champ:StanceDance","champ:CrookedStrike"],"picked":"champ:DefensiveStyle+1","floor":32},{"not_picked":["champ:TripleStrike","champ:IgnorePain","champ:SteelEdge"],"picked":"champ:HoldFirm","floor":33},{"not_picked":["champ:GutPunch+1","champ:BringItOn+1","champ:ShieldSigil+1"],"picked":"champ:FalseCounter","floor":36},{"not_picked":["champ:DefensiveShout","champ:ShieldWall","champ:FlashCut+1","champ:FancyFootwork+1"],"picked":"SKIP","floor":37},{"not_picked":["champ:DeathBlow","champ:AdrenalArmor","champ:DefensiveShout","champ:GutPunch+1"],"picked":"SKIP","floor":39},{"not_picked":["champ:FlashCut","champ:PreciseThrust+1","champ:FocusedDefense+1","champ:GutPunch"],"picked":"SKIP","floor":42},{"not_picked":["champ:BladeFlurry+1","champ:EnGarde","champ:FlashCut+1","champ:EnragedBash"],"picked":"SKIP","floor":43},{"not_picked":["champ:FanOfKnives+1","champ:CrownThrow","champ:Haymaker","champ:PreciseThrust"],"picked":"SKIP","floor":44},{"not_picked":["champ:StrikeOfGenius","champ:Shatter","champ:RisingSlash","champ:Encircle"],"picked":"SKIP","floor":46},{"not_picked":["champ:Shatter+1","champ:HeartStrike+1","champ:FlashCut","champ:BladeFlurry+1"],"picked":"SKIP","floor":47},{"not_picked":["champ:BringItOn","champ:CheapShot","champ:CrownThrow+1","champ:AdrenalArmor"],"picked":"SKIP","floor":48},{"not_picked":["champ:SetATrap","champ:FaceSlap","champ:Parry","champ:FlashCut"],"picked":"SKIP","floor":49},{"not_picked":["champ:BringItOn","champ:IgnorePain","champ:Backstep","champ:PerfectedStrike+1"],"picked":"SKIP","floor":52}],"player_experience":1183233,"relics_obtained":[{"floor":8,"key":"War Paint"},{"floor":10,"key":"PreservedInsect"},{"floor":12,"key":"Orichalcum"},{"floor":14,"key":"TungstenRod"},{"floor":24,"key":"Question Card"},{"floor":29,"key":"Mummified Hand"},{"floor":31,"key":"Peace Pipe"},{"floor":38,"key":"Shovel"},{"floor":41,"key":"Ice Cream"},{"floor":43,"key":"Gambling Chip"},{"floor":46,"key":"Nunchaku"},{"floor":52,"key":"HornCleat"}],"event_choices":[{"damage_healed":0,"gold_gain":0,"player_choice":"Ignored","damage_taken":0,"max_hp_gain":0,"max_hp_loss":0,"event_name":"Vampires","floor":28,"gold_loss":0},{"damage_healed":0,"gold_gain":0,"player_choice":"Fight","damage_taken":0,"max_hp_gain":0,"max_hp_loss":0,"event_name":"Mysterious Sphere","floor":38,"gold_loss":0},{"cards_removed":["champ:DefensiveStyle"],"damage_healed":0,"gold_gain":0,"player_choice":"Removed Power","damage_taken":0,"max_hp_gain":0,"max_hp_loss":0,"event_name":"Falling","floor":40,"gold_loss":0}],"is_beta":false,"boss_relics":[{"not_picked":["Fusion Hammer","Astrolabe"],"picked":"Velvet Choker"},{"not_picked":["Philosopher\u0027s Stone","Snecko Eye"],"picked":"Pandora\u0027s Box"}],"items_purged_floors":[9,21,39,48],"is_endless":false,"potions_floor_spawned":[4,6,14,16,19,29,32,38,42,43,46,47,49],"killed_by":"downfall:NeowBossFinal","ascension_level":1}}