{"host":"5sge6gv1nm0vflk2","time":1612693041,"event":{"mods":["AchievementEnabler","Aspiration","Bard","BaseMod","Beaked The Cultist","Better Third Choice","BetterRewards","Challenge The Spire","Colored Powertips","Conspire","Curses Come First","Downfall","Halation","Hubris","Infinite Spire","Minty Spire (QoL Compilation)","Relic Stats","Shade Mod","Shop Mod","Spicy Shops","StSLib","The Construct","The Cursed","The Disciple","The Hierophant","The Runesmith","The Servant 0.9.4"],"gold_per_floor":[110,60,60,107,107,107,107,154,154,176,176,206,10,41,41,139,139,156,156,156,156,171,171,186,186,260,279,295,311,311],"floor_reached":29,"language":"ENG","playtime":2510,"items_purged":["Defend_S"],"score":373,"play_id":"0a551ba0-1641-44ec-b312-5a759c19999f","local_time":"20210207041721","is_ascension_mode":false,"campfire_choices":[{"floor":7,"key":"REST"},{"floor":11,"key":"DIG"},{"floor":15,"key":"REST"},{"floor":23,"key":"DIG"},{"floor":25,"key":"DIG"}],"circlet_count":0,"master_deck":["Strike_S","Strike_S","Strike_S","Strike_S","Defend_S","Defend_S","Defend_S","KidneyShot","Exchange","SilverBlades","Rewind","Revamp","conspire:SpireCoStock","Barrier","Potential","Foresight","SilverMatrix","ShatteredReality","MoonPhase","Ricochet","TheWorld","hubris:SharpeningStone+1","Slimebound:CheckThePlaybook","downfall:Icky","hubris:SharpeningStone+1","Thunderclap","Bloodletting+1","Rearm","Shuttle"],"relics":["Uniform","MerchantsRug","Shovel","Mummified Hand","halation:AfternoonTea","Meat on the Bone","Girya","construct:FoamFinger","conspire:GiftBox","Pan","aspiration:IroncladSkillbook","conspire:GlowingRock","Oddly Smooth Stone","hubris:PeanutButter"],"acts_visited":["Exordium","TheCity"],"potions_floor_usage":[16,16,18,27,29,29],"damage_taken":[{"damage":6,"enemies":"Cultist","floor":1,"turns":4},{"damage":19,"enemies":"conspire:MimicChest","floor":4,"turns":8},{"damage":32,"enemies":"Gremlin Nob","floor":8,"turns":6},{"damage":0,"enemies":"2 Louse","floor":10,"turns":2},{"damage":5,"enemies":"Small Slimes","floor":12,"turns":4},{"damage":0,"enemies":"2 Fungi Beasts","floor":14,"turns":3},{"damage":0,"enemies":"Slime Boss","floor":16,"turns":6},{"damage":5,"enemies":"2 Thieves","floor":18,"turns":2},{"damage":0,"enemies":"Spheric Guardian","floor":22,"turns":2},{"damage":0,"enemies":"Chosen and Byrds","floor":24,"turns":4},{"damage":0,"enemies":"Snecko","floor":27,"turns":3},{"damage":5,"enemies":"Centurion and Healer","floor":28,"turns":4},{"damage":80,"enemies":"Nightmare","floor":29,"turns":7}],"seed_played":"3704291334369923872","potions_obtained":[{"floor":8,"key":"Slimebound:ThreeZeroPotion"},{"floor":10,"key":"LiquidMemories"},{"floor":14,"key":"Regen Potion"},{"floor":16,"key":"Fire Potion"},{"floor":22,"key":"Energy Potion"},{"floor":24,"key":"SkillPotion"}],"is_trial":false,"path_per_floor":["M","?","?","?","?","$","R","E","T","M","R","M","$","M","R","B",null,"M","?","?","?","M","R","M","R","T","M","M","NM"],"character_chosen":"THE_SERVANT","items_purchased":["MerchantsRug","Shovel","SilverBlades","Rewind","Pan","MoonPhase"],"campfire_rested":2,"item_purchase_floors":[0,0,0,0,13,13],"current_hp_per_floor":[45,45,45,26,26,26,45,40,40,40,40,35,35,35,54,65,65,64,64,64,64,65,65,65,65,65,65,64,0,0],"gold":311,"neow_bonus":"","is_daily":false,"chose_seed":false,"campfire_upgraded":0,"win_rate":0.0,"timestamp":1612693041,"path_taken":["M","?","?","?","?","$","R","E","T","M","R","M","$","?","R","BOSS","M","?","?","?","M","R","M","R","T","M","M","NM"],"items_purchased_type":["Relic","Relic","Card","Card","Relic","Card"],"build_version":"2020-12-22","purchased_purges":1,"victory":false,"max_hp_per_floor":[65,65,65,65,65,65,65,65,65,65,65,65,65,65,65,65,65,65,65,65,65,65,65,65,65,65,65,65,65,65],"relic_stats":{"Shovel":3,"counters":[38,205],"Mummified Hand":[27],"obtain_stats":[{"Darkstone Periapt":48,"aspiration:Lifesprig":10,"Lantern":19,"Tiny House":34,"construct:FoamFinger":9,"Torii":39,"Uniform":0,"Bag of Preparation":25,"Cursed Key":51,"aspiration:StickyExplosives_weak":12,"conspire:InfiniteJournal":43,"Centennial Puzzle":8,"conspire:GlowingRock":23,"Shovel":0,"Mummified Hand":3,"Strawberry":40,"MerchantsRug":19,"champ:Barbells":55,"Girya":8,"StoneMask":25,"Blue Candle":2,"Oddly Smooth Stone":25,"halation:Thesaurus":25,"hubris:Towel":21,"War Paint":26,"Medical Kit":3,"aspiration:IroncladSkillbook":17,"conspire:GiftBox":11,"Bird Faced Urn":31,"hubris:PeanutButter":26,"Art of War":9,"halation:AfternoonTea":4,"Pan":13,"halation:PinkSoulGem":4,"infinitespire:Cupcake":17,"infinitespire:Midas Blood":29,"Meat on the Bone":5},{"Darkstone Periapt":21,"aspiration:Lifesprig":4,"Lantern":9,"Tiny House":13,"construct:FoamFinger":28,"Torii":16,"Uniform":0,"Bag of Preparation":10,"Cursed Key":22,"aspiration:StickyExplosives_weak":6,"conspire:InfiniteJournal":17,"Centennial Puzzle":4,"conspire:GlowingRock":34,"Shovel":25,"Mummified Hand":26,"Strawberry":17,"MerchantsRug":9,"champ:Barbells":24,"Girya":28,"StoneMask":10,"Blue Candle":1,"Oddly Smooth Stone":35,"halation:Thesaurus":10,"hubris:Towel":9,"War Paint":10,"Medical Kit":1,"aspiration:IroncladSkillbook":32,"conspire:GiftBox":29,"Bird Faced Urn":12,"hubris:PeanutButter":35,"Art of War":4,"halation:AfternoonTea":27,"Pan":30,"halation:PinkSoulGem":1,"infinitespire:Cupcake":8,"infinitespire:Midas Blood":11,"Meat on the Bone":27},{"Darkstone Periapt":122,"aspiration:Lifesprig":13,"Lantern":43,"Tiny House":72,"construct:FoamFinger":168,"Torii":90,"Uniform":0,"Bag of Preparation":48,"Cursed Key":140,"aspiration:StickyExplosives_weak":26,"conspire:InfiniteJournal":99,"Centennial Puzzle":13,"conspire:GlowingRock":187,"Shovel":150,"Mummified Hand":154,"Strawberry":99,"MerchantsRug":43,"champ:Barbells":145,"Girya":168,"StoneMask":48,"Blue Candle":3,"Oddly Smooth Stone":191,"halation:Thesaurus":48,"hubris:Towel":43,"War Paint":48,"Medical Kit":3,"aspiration:IroncladSkillbook":183,"conspire:GiftBox":170,"Bird Faced Urn":64,"hubris:PeanutButter":191,"Art of War":13,"halation:AfternoonTea":162,"Pan":174,"halation:PinkSoulGem":3,"infinitespire:Cupcake":35,"infinitespire:Midas Blood":56,"Meat on the Bone":162}],"Meat on the Bone":12},"card_choices":[{"not_picked":["Rewind","Unruled"],"picked":"Revamp","floor":1},{"not_picked":["Comet","FastForward"],"picked":"Barrier","floor":4},{"not_picked":["Comet","Unruled"],"picked":"Potential","floor":8},{"not_picked":["Potential","Rewind"],"picked":"Foresight","floor":10},{"not_picked":["Initiator","ForgedInTime"],"picked":"SilverMatrix","floor":11},{"not_picked":["Moondial","StarChef"],"picked":"ShatteredReality","floor":12},{"not_picked":["Potential","WasteNot"],"picked":"Ricochet","floor":14},{"not_picked":["Solidify","SoulSculpture"],"picked":"TheWorld","floor":16},{"not_picked":["Thunderclap","Potential+1","Evolve"],"picked":"hubris:SharpeningStone+1","floor":18},{"not_picked":["Combust","Snipe","Warcry"],"picked":"Thunderclap","floor":22},{"not_picked":["Thunderclap+1","Cleave","Read"],"picked":"Bloodletting+1","floor":24},{"not_picked":["Twin Strike","FanOfKnives+1","Power Through"],"picked":"Rearm","floor":27},{"not_picked":["Spin+1","MoonPhase+1","Thunderclap"],"picked":"Shuttle","floor":28}],"player_experience":491457,"relics_obtained":[{"floor":3,"key":"Mummified Hand"},{"floor":4,"key":"halation:AfternoonTea"},{"floor":5,"key":"Meat on the Bone"},{"floor":8,"key":"Girya"},{"floor":9,"key":"construct:FoamFinger"},{"floor":11,"key":"conspire:GiftBox"},{"floor":23,"key":"conspire:GlowingRock"},{"floor":25,"key":"Oddly Smooth Stone"},{"floor":26,"key":"hubris:PeanutButter"}],"event_choices":[{"damage_healed":0,"gold_gain":0,"player_choice":"Invest 1","damage_taken":0,"max_hp_gain":0,"max_hp_loss":0,"event_name":"conspire:Investor","floor":2,"gold_loss":0},{"damage_healed":0,"gold_gain":0,"player_choice":"Relic","damage_taken":0,"max_hp_gain":0,"max_hp_loss":0,"event_name":"Wheel of Change","floor":5,"gold_loss":0},{"damage_healed":0,"gold_gain":0,"player_choice":"Copied","damage_taken":0,"max_hp_gain":0,"max_hp_loss":0,"event_name":"Duplicator","floor":21,"gold_loss":0,"cards_obtained":["hubris:SharpeningStone"]}],"is_beta":false,"boss_relics":[{"not_picked":["hubris:HollowSoul","aspiration:PoetsPen_weak"],"picked":"aspiration:IroncladSkillbook"}],"items_purged_floors":[0],"is_endless":false,"potions_floor_spawned":[8,10,14,16,22,24],"killed_by":"Nightmare","ascension_level":0}}