{"host":"utqe55yv0jihe4d6","time":1612673479,"event":{"mods":["2.2 Compatiblity","AchievementEnabler","BaseMod","Block Reminder","Colored Map","Colored Powertips","Minty Spire (QoL Compilation)","Quick Restart","Rare Cards Sparkle","Relic Stats","SuperFastMode"],"gold_per_floor":[115,115,215,228,228,303,303,333,358,358,387,387,418,13,13,13,13],"floor_reached":16,"language":"ENG","playtime":228,"items_purged":["Strike_R"],"score":278,"play_id":"807c6214-e300-4f15-9901-34a2ba1ac991","local_time":"20210206235119","is_ascension_mode":true,"campfire_choices":[{"data":"Spot Weakness","floor":7.0,"key":"SMITH"},{"data":"Bash","floor":10.0,"key":"SMITH"},{"floor":12.0,"key":"REST"},{"data":"True Grit","floor":15.0,"key":"SMITH"}],"circlet_count":0,"master_deck":["AscendersBane","Strike_R","Strike_R","Strike_R","Defend_R","Defend_R","Defend_R","Defend_R","Bash+1","Spot Weakness+1","Rampage","Burning Pact","Uppercut","Pummel","True Grit+1"],"relics":["Burning Blood","NeowsBlessing","Letter Opener","Vajra","Blood Vial","PreservedInsect","Boot","Pantograph"],"acts_visited":["Exordium"],"potions_floor_usage":[16],"damage_taken":[{"damage":0.0,"enemies":"2 Louse","floor":1.0,"turns":1.0},{"damage":0.0,"enemies":"Cultist","floor":4.0,"turns":1.0},{"damage":0.0,"enemies":"3 Sentries","floor":8.0,"turns":2.0},{"damage":47.0,"enemies":"Lagavulin","floor":11.0,"turns":7.0},{"damage":14.0,"enemies":"Gremlin Nob","floor":13.0,"turns":3.0},{"damage":74,"enemies":"Hexaghost","floor":16,"turns":9}],"seed_played":"9163117846394543223","potions_obtained":[{"floor":1.0,"key":"GamblersBrew"},{"floor":13.0,"key":"EssenceOfSteel"}],"is_trial":false,"path_per_floor":["M","?","?","M","T","?","R","E","T","R","E","R","E","$","R","B"],"character_chosen":"IRONCLAD","items_purchased":["Pantograph","True Grit"],"campfire_rested":1,"item_purchase_floors":[14,14],"current_hp_per_floor":[74,67,67,73,73,62,62,68,68,68,29,51,45,45,45,0,0],"gold":13,"neow_bonus":"THREE_ENEMY_KILL","is_daily":false,"chose_seed":false,"campfire_upgraded":3,"win_rate":0.0,"timestamp":1612673479,"path_taken":["M","?","?","?","?","?","R","E","T","R","E","R","E","$","R","BOSS"],"items_purchased_type":["Relic","Card"],"build_version":"2020-12-22","purchased_purges":1,"victory":false,"max_hp_per_floor":[75,75,75,75,75,75,75,75,75,75,75,75,75,75,75,75,75],"relic_stats":{"Blood Vial":6,"counters":[6,23],"Pantograph":25,"PreservedInsect":23,"Letter Opener":[0],"Boot":[6],"obtain_stats":[{"Blood Vial":9,"NeowsBlessing":0,"Pantograph":14,"Vajra":8,"PreservedInsect":11,"Letter Opener":5,"Boot":13,"Burning Blood":0},{"Blood Vial":3,"NeowsBlessing":0,"Pantograph":5,"Vajra":3,"PreservedInsect":4,"Letter Opener":2,"Boot":5,"Burning Blood":0},{"Blood Vial":4,"NeowsBlessing":0,"Pantograph":14,"Vajra":4,"PreservedInsect":11,"Letter Opener":2,"Boot":14,"Burning Blood":0}],"Burning Blood":30},"card_choices":[{"not_picked":["Sentinel","Combust"],"picked":"Spot Weakness","floor":1.0},{"not_picked":["Perfected Strike","Dark Embrace"],"picked":"Rampage","floor":4.0},{"not_picked":["Havoc","Flex"],"picked":"Burning Pact","floor":8.0},{"not_picked":["Blood for Blood","Flex"],"picked":"Uppercut","floor":11.0},{"not_picked":["Infernal Blade","Ghostly Armor"],"picked":"Pummel","floor":13.0}],"player_experience":3042655,"relics_obtained":[{"floor":5.0,"key":"Letter Opener"},{"floor":8.0,"key":"Vajra"},{"floor":9.0,"key":"Blood Vial"},{"floor":11.0,"key":"PreservedInsect"},{"floor":13.0,"key":"Boot"}],"event_choices":[{"cards_removed":["Strike_R"],"damage_healed":0.0,"max_hp_gain":0.0,"max_hp_loss":0.0,"gold_gain":0.0,"event_name":"Golden Wing","player_choice":"Card Removal","floor":2.0,"gold_loss":0.0,"damage_taken":7.0},{"damage_healed":0.0,"max_hp_gain":0.0,"max_hp_loss":0.0,"gold_gain":100.0,"event_name":"Wheel of Change","player_choice":"Gold","floor":3.0,"gold_loss":0.0,"damage_taken":0.0},{"damage_healed":0.0,"max_hp_gain":0.0,"max_hp_loss":0.0,"gold_gain":75.0,"event_name":"World of Goop","player_choice":"Gather Gold","floor":6.0,"gold_loss":0.0,"damage_taken":11.0}],"is_beta":false,"boss_relics":[],"items_purged_floors":[14],"is_endless":false,"potions_floor_spawned":[1,13],"killed_by":"Hexaghost","ascension_level":20}}