{"host":"j4nfyhit1dl35m08","time":1612663457,"event":{"mods":["BaseMod","Downfall","Highlight Path","Minty Spire (QoL Compilation)","StSLib"],"gold_per_floor":[99,99,99,99,99,130,202,202,236,2,20,46,46,64,80,184,184,184,203,214,314,327,342,417,517,550,287,300,333,333,359,376,478,478,478,491,491,504,558,591,614,614,29,44,55,82,82,108,125,125],"floor_reached":51,"language":"ENG","playtime":5424,"items_purged":["Pain","bronze:Strike","bronze:BronzeOrb"],"score":1457,"play_id":"05a1fcb0-4fa8-4036-a38c-b67e563a53f6","local_time":"20210206200417","is_ascension_mode":true,"campfire_choices":[{"data":"bronze:Goto","floor":1,"key":"SMITH"},{"data":"bronze:Optimize","floor":8,"key":"SMITH"},{"data":"bronze:Library","floor":13,"key":"SMITH"},{"data":"bronze:Library","floor":18,"key":"SMITH"},{"data":"bronze:Turbo","floor":35,"key":"SMITH"},{"floor":47,"key":"REST"}],"circlet_count":0,"master_deck":["AscendersBane","bronze:Replicate","bronze:Goto+1","bronze:WildBeam","bronze:Optimize+1","bronze:Shell","bronze:Branch","bronze:Library+1","bronze:Flail","bronze:ChildClass","bronze:Library+1","bronze:FindAndReplace","bronze:CutThrough+1","bronze:Invalidate+1","bronze:Overheat+1","bronze:SpaghettiCode","J.A.X.","bronze:BurnOut","bronze:Invalidate","bronze:CutThrough+1","bronze:CleanCode+1","bronze:Turbo+1","bronze:Turbo","bronze:FineTuning+1","bronze:Backtrace","bronze:ItsAFeature+1","bronze:Terminator","bronze:Flail+1","bronze:ClassDefault+1","bronze:Frontload","bronze:MaxOutput+1"],"relics":["bronze:BronzeCore","downfall:HeartsMalice","downfall:ShatteredFragment","WarpedTongs","bronze:Mallet","Blue Candle","Centennial Puzzle","OrangePellets","Lantern","bronze:MakeshiftBattery","Unceasing Top","Frozen Egg 2","bronze:CableSpool","MutagenicStrength","MealTicket","Torii","Dream Catcher","Singing Bowl","Pandora\u0027s Box","Mango","Strawberry","Nunchaku","The Courier","Membership Card","Pen Nib","Pear","Bag of Marbles","Bag of Preparation","HornCleat","Ancient Tea Set","Dead Branch"],"acts_visited":["Exordium","TheCity","TheBeyond"],"potions_floor_usage":[9,14,16,16,23,23,33,39,44,50],"damage_taken":[{"damage":0,"enemies":"Small Slimes","floor":2,"turns":1},{"damage":0,"enemies":"Cultist","floor":4,"turns":1},{"damage":0,"enemies":"Gremlin Nob","floor":6,"turns":1},{"damage":10,"enemies":"Lagavulin","floor":9,"turns":6},{"damage":1,"enemies":"downfall:FleeingMerchant","floor":10,"turns":4},{"damage":2,"enemies":"Jaw Worm","floor":11,"turns":2},{"damage":5,"enemies":"3 Sentries","floor":12,"turns":6},{"damage":9,"enemies":"Exordium Wildlife","floor":14,"turns":2},{"damage":0,"enemies":"3 Louse","floor":15,"turns":2},{"damage":1,"enemies":"WA_ARCHETYPE_RETAIN","floor":16,"turns":5},{"damage":7,"enemies":"3 Byrds","floor":19,"turns":2},{"damage":1,"enemies":"Spheric Guardian","floor":20,"turns":2},{"damage":12,"enemies":"SI_SHIV_ARCHETYPE","floor":21,"turns":5},{"damage":0,"enemies":"Centurion and Healer","floor":22,"turns":2},{"damage":0,"enemies":"Snake Plant","floor":23,"turns":3},{"damage":3,"enemies":"downfall:Augmenter","floor":25,"turns":4},{"damage":0,"enemies":"Gremlin Leader","floor":26,"turns":3},{"damage":0,"enemies":"downfall:FleeingMerchant","floor":27,"turns":3},{"damage":0,"enemies":"3 Cultists","floor":28,"turns":1},{"damage":3,"enemies":"Slavers","floor":29,"turns":1},{"damage":8,"enemies":"Book of Stabbing","floor":31,"turns":3},{"damage":0,"enemies":"Centurion and Healer","floor":32,"turns":1},{"damage":10,"enemies":"DF_ARCHETYPE_CLAW","floor":33,"turns":4},{"damage":0,"enemies":"3 Darklings","floor":36,"turns":1},{"damage":0,"enemies":"Orb Walker","floor":38,"turns":1},{"damage":17,"enemies":"2 Orb Walkers","floor":39,"turns":2},{"damage":13,"enemies":"Giant Head","floor":40,"turns":5},{"damage":0,"enemies":"Maw","floor":44,"turns":2},{"damage":0,"enemies":"Sphere and 2 Shapes","floor":45,"turns":3},{"damage":0,"enemies":"Reptomancer","floor":46,"turns":1},{"damage":0,"enemies":"Nemesis","floor":48,"turns":1},{"damage":0,"enemies":"3 Darklings","floor":49,"turns":1},{"damage":9,"enemies":"IC_BLOCK_ARCHETYPE","floor":50,"turns":3}],"seed_played":"1497815809168394020","potions_obtained":[{"floor":6,"key":"Block Potion"},{"floor":11,"key":"champ:CounterPotion"},{"floor":14,"key":"EssenceOfSteel"},{"floor":15,"key":"bronze:BurnAndBuffPotion"},{"floor":19,"key":"bronze:FreeFunctionsPotion"},{"floor":20,"key":"SpeedPotion"},{"floor":22,"key":"Weak Potion"},{"floor":25,"key":"Weak Potion"},{"floor":26,"key":"bronze:FreeFunctionsPotion"},{"floor":31,"key":"CultistPotion"},{"floor":33,"key":"Ancient Potion"},{"floor":39,"key":"bronze:FreeFunctionsPotion"},{"floor":40,"key":"Slimebound:ThreeZeroPotion"},{"floor":48,"key":"hexamod:SoulburnPotion"}],"is_trial":false,"path_per_floor":["R","M","?","M","?","E","T","R","E","$","M","E","R","M","M","B",null,"R","M","M","?","M","M","T","?","E","$","M","E","?","E","M","B",null,"R","M","?","M","?","E","T","T","$","M","M","E","R","E","M","B",null],"character_chosen":"THE_AUTOMATON","items_purchased":["OrangePellets","Torii","bronze:CleanCode+1","bronze:Turbo","Membership Card","Pen Nib","Pear","bronze:Frontload","Bag of Marbles","Bag of Preparation","HornCleat"],"campfire_rested":1,"item_purchase_floors":[10,27,27,27,43,43,43,43,43,43,43],"current_hp_per_floor":[63,63,42,42,42,42,42,42,32,31,29,24,24,15,15,14,56,56,49,48,36,36,36,36,33,33,48,48,45,45,37,39,31,63,63,63,63,63,62,58,58,58,83,83,85,87,115,117,119,110],"gold":125,"neow_bonus":"THREE_ENEMY_KILL","is_daily":false,"chose_seed":false,"campfire_upgraded":5,"win_rate":0.0,"timestamp":1612663457,"path_taken":["R","M","?","M","?","E","T","R","E","$","?","E","R","M","M","BOSS","R","M","M","?","M","M","T","?","E","$","M","E","?","E","M","BOSS","R","M","?","M","?","E","T","?","$","M","M","E","R","E","M","BOSS"],"items_purchased_type":["Relic","Relic","Card","Card","Relic","Relic","Relic","Card","Relic","Relic","Relic"],"build_version":"2020-12-22","purchased_purges":3,"victory":true,"max_hp_per_floor":[70,70,70,70,70,70,70,70,70,70,70,70,70,70,70,70,70,70,70,70,70,70,70,70,70,70,70,70,70,70,70,72,74,74,74,74,74,74,90,99,99,99,109,109,111,113,115,117,119,119],"card_choices":[{"not_picked":["bronze:Shield","bronze:ForceShield"],"picked":"bronze:WildBeam","floor":2},{"not_picked":["bronze:Allocate","bronze:OilSpill"],"picked":"bronze:Optimize","floor":4},{"not_picked":["bronze:BitShift","bronze:WildBeam"],"picked":"bronze:Shell","floor":6},{"not_picked":["bronze:ForceShield","bronze:Allocate"],"picked":"bronze:Branch","floor":9},{"not_picked":["bronze:FollowUp","bronze:ForLoop"],"picked":"bronze:Library","floor":10},{"not_picked":["bronze:DelayedSlice","bronze:Shield"],"picked":"bronze:Flail","floor":11},{"not_picked":["bronze:Return","bronze:WhirlingStrike"],"picked":"bronze:ChildClass","floor":12},{"not_picked":["bronze:BuggyMess","bronze:Branch"],"picked":"bronze:Library","floor":14},{"not_picked":["bronze:FineTuning","bronze:Invalidate","bronze:Repulsor"],"picked":"SKIP","floor":15},{"not_picked":["bronze:Virus","bronze:Format"],"picked":"bronze:FindAndReplace","floor":16},{"not_picked":["bronze:Constructor+1","bronze:BronzeOrb+1"],"picked":"bronze:CutThrough+1","floor":19},{"not_picked":["bronze:CutThrough","bronze:Backtrace","bronze:Shield+1"],"picked":"SKIP","floor":20},{"not_picked":["bronze:WhirlingStrike+1","bronze:DelayedSlice"],"picked":"bronze:Invalidate+1","floor":21},{"not_picked":["bronze:BuggyMess+1","bronze:Invalidate+1"],"picked":"bronze:Overheat+1","floor":22},{"not_picked":["bronze:Iterate","bronze:Separator"],"picked":"bronze:SpaghettiCode","floor":23},{"not_picked":[],"picked":"J.A.X.","floor":25},{"not_picked":["bronze:BugBarrage+1","bronze:ChildClass","bronze:Separator"],"picked":"SKIP","floor":26},{"not_picked":["bronze:Deprecate+1","bronze:ChildClass"],"picked":"bronze:CutThrough+1","floor":27},{"not_picked":["bronze:BuggyMess","bronze:Branch","bronze:BitShift"],"picked":"SKIP","floor":28},{"not_picked":["bronze:NullPointer","bronze:GetLatest"],"picked":"bronze:Turbo","floor":29},{"not_picked":["bronze:Mutator+1","bronze:DigitalCarnage"],"picked":"bronze:FineTuning+1","floor":31},{"not_picked":["bronze:BronzeArmor","bronze:WildBeam","bronze:DigitalCarnage"],"picked":"Singing Bowl","floor":32},{"not_picked":["bronze:ThunderWave","bronze:Mutator+1","bronze:Format"],"picked":"Singing Bowl","floor":33},{"not_picked":["bronze:Shield+1","bronze:DelayedGuard+1"],"picked":"bronze:Flail+1","floor":36},{"not_picked":["bronze:InfiniteBeams+1","bronze:FineTuning"],"picked":"bronze:ClassDefault+1","floor":38},{"not_picked":["bronze:Branch+1","bronze:Invalidate+1","bronze:Refactor+1"],"picked":"Singing Bowl","floor":39},{"not_picked":["bronze:Flail","bronze:Constructor","bronze:Break"],"picked":"Singing Bowl","floor":40},{"not_picked":["bronze:Repulsor+1","bronze:DigitalCarnage+1"],"picked":"bronze:MaxOutput+1","floor":44},{"not_picked":["bronze:DelayedSlice+1","bronze:Backtrace","bronze:OilSpill"],"picked":"Singing Bowl","floor":45},{"not_picked":["bronze:DelayedSlice","bronze:Deprecate","bronze:CutThrough+1"],"picked":"Singing Bowl","floor":46},{"not_picked":["bronze:Allocate","bronze:Shield","bronze:WildBeam"],"picked":"Singing Bowl","floor":47},{"not_picked":["bronze:WildBeam+1","bronze:Deprecate","bronze:DelayedGuard"],"picked":"Singing Bowl","floor":48},{"not_picked":["bronze:ItsAFeature+1","bronze:InfiniteLoop","bronze:DigitalCarnage"],"picked":"Singing Bowl","floor":49}],"player_experience":455453,"relics_obtained":[{"floor":6,"key":"bronze:Mallet"},{"floor":7,"key":"Blue Candle"},{"floor":9,"key":"Centennial Puzzle"},{"floor":12,"key":"Lantern"},{"floor":21,"key":"Unceasing Top"},{"floor":21,"key":"Frozen Egg 2"},{"floor":24,"key":"bronze:CableSpool"},{"floor":25,"key":"MutagenicStrength"},{"floor":26,"key":"MealTicket"},{"floor":29,"key":"Dream Catcher"},{"floor":31,"key":"Singing Bowl"},{"floor":39,"key":"Mango"},{"floor":40,"key":"Strawberry"},{"floor":41,"key":"Nunchaku"},{"floor":42,"key":"The Courier"},{"floor":46,"key":"Ancient Tea Set"},{"floor":48,"key":"Dead Branch"}],"event_choices":[{"cards_removed":["bronze:Fortify"],"damage_healed":0,"gold_gain":0,"player_choice":"Removed Attack","damage_taken":0,"max_hp_gain":0,"max_hp_loss":0,"event_name":"Falling","floor":37,"gold_loss":0},{"damage_healed":0,"gold_gain":0,"player_choice":"Fight","damage_taken":0,"max_hp_gain":0,"max_hp_loss":0,"event_name":"Mysterious Sphere","floor":39,"gold_loss":0}],"is_beta":false,"boss_relics":[{"not_picked":["Cursed Key","Fusion Hammer"],"picked":"bronze:MakeshiftBattery"},{"not_picked":["Snecko Eye","SacredBark"],"picked":"Pandora\u0027s Box"}],"items_purged_floors":[10,27,43],"is_endless":false,"potions_floor_spawned":[6,11,14,15,19,20,22,25,26,31,33,36,39,40,48,49],"ascension_level":10}}