{"host":"9czo1ewqehy3yunx","time":1612702958,"event":{"mods":["Act Like it!","BaseMod","CapriCore","Colored Powertips","DeckTracker","GifTheSpireLib","Hermit","Keyboard Shortcuts","Minty Spire (QoL Compilation)","Permanent Neow","Quick Restart","StSLib","SuperFastMode"],"gold_per_floor":[219,74,74,89,35,35,54,69,94,94,107,107,121,131,131,131,131],"floor_reached":16,"language":"KOR","playtime":711,"items_purged":[],"score":94,"play_id":"52a3eb08-4e4e-49c4-bdf9-7259f177836e","local_time":"20210207220238","is_ascension_mode":false,"campfire_choices":[{"data":"hermit:Showdown","floor":6,"key":"SMITH"},{"data":"hermit:HighCaliber","floor":10,"key":"SMITH"},{"data":"hermit:Brawl","floor":12,"key":"SMITH"},{"data":"hermit:Shortfuse","floor":15,"key":"SMITH"}],"circlet_count":0,"master_deck":["hermit:Strike_Hermit","hermit:Strike_Hermit","hermit:Strike_Hermit","hermit:Strike_Hermit","hermit:Defend_Hermit","hermit:Defend_Hermit","hermit:Defend_Hermit","hermit:Defend_Hermit","hermit:Snapshot","hermit:Covet","hermit:Desperado","hermit:Shortfuse","hermit:Showdown+1","hermit:Shortfuse+1","hermit:HighCaliber+1","hermit:Brawl+1","hermit:Desperado","hermit:Desperado"],"relics":["hermit:Momento","Vajra"],"acts_visited":["Exordium"],"potions_floor_usage":[16,16,16],"damage_taken":[{"damage":5,"enemies":"Small Slimes","floor":1,"turns":3},{"damage":6,"enemies":"Cultist","floor":4,"turns":3},{"damage":6,"enemies":"Jaw Worm","floor":7,"turns":2},{"damage":13,"enemies":"2 Fungi Beasts","floor":8,"turns":3},{"damage":0,"enemies":"3 Louse","floor":11,"turns":3},{"damage":10,"enemies":"Looter","floor":13,"turns":3},{"damage":0,"enemies":"Exordium Wildlife","floor":14,"turns":3},{"damage":52,"enemies":"The Guardian","floor":16,"turns":7}],"seed_played":"3217434450374534778","potions_obtained":[{"floor":4,"key":"Swift Potion"},{"floor":8,"key":"Regen Potion"},{"floor":14,"key":"Weak Potion"}],"is_trial":false,"path_per_floor":["M","$","?","M","$","R","M","M","T","R","M","R","M","M","R","B"],"character_chosen":"HERMIT","items_purchased":["hermit:Shortfuse","hermit:Showdown","hermit:HighCaliber"],"campfire_rested":0,"item_purchase_floors":[2,2,5],"current_hp_per_floor":[70,70,70,64,64,64,58,45,45,45,45,45,35,35,35,0,0],"gold":131,"neow_bonus":"HUNDRED_GOLD","is_daily":false,"chose_seed":false,"campfire_upgraded":4,"win_rate":0.0,"timestamp":1612702958,"path_taken":["M","$","?","M","$","R","?","M","T","R","M","R","M","M","R","BOSS"],"items_purchased_type":["Card","Card","Card"],"build_version":"2020-12-22","purchased_purges":0,"victory":false,"max_hp_per_floor":[75,75,75,75,75,75,75,75,75,75,75,75,75,75,75,75,75],"card_choices":[{"not_picked":["hermit:Spite","hermit:Grudge"],"picked":"hermit:Desperado","floor":1},{"not_picked":["hermit:Snipe","hermit:Dive"],"picked":"hermit:Shortfuse","floor":4},{"not_picked":["hermit:ShadowCloak","hermit:Misfire","hermit:BigShot"],"picked":"SKIP","floor":7},{"not_picked":["hermit:Vantage","hermit:Quickdraw"],"picked":"hermit:Brawl","floor":8},{"not_picked":["hermit:CalledShot","hermit:Quickdraw"],"picked":"hermit:Desperado","floor":11},{"not_picked":["hermit:ShadowCloak","hermit:Ricochet","hermit:EternalForm"],"picked":"SKIP","floor":13},{"not_picked":["hermit:Horror","hermit:Grudge"],"picked":"hermit:Desperado","floor":14}],"player_experience":217209,"relics_obtained":[{"floor":9,"key":"Vajra"}],"event_choices":[{"damage_healed":0,"gold_gain":0,"player_choice":"Bought 0 Potions","damage_taken":0,"max_hp_gain":0,"max_hp_loss":0,"event_name":"The Woman in Blue","floor":3,"gold_loss":0}],"is_beta":false,"boss_relics":[],"items_purged_floors":[],"is_endless":false,"potions_floor_spawned":[4,8,14],"killed_by":"The Guardian","ascension_level":0}}