{"host":"q5l3nirlejh5mn15","time":1612675408,"event":{"mods":["100% Spire Juice","BaseMod","Downfall","Energized Spire","Hermit","Koishi","Marisa£®ÏF”Í°°ƒß¿Ì…≥£©","Minty Spire (QoL Compilation)","MostiFishMod","Reimu£®≤©¿ˆ¡È√Œ£©","Relic Filter Mod","Reliquary","Remilia£®¿Ÿ√◊¿Ú—«£©","RumiaBox-¬∂√◊Ê´µƒ…Ò√ÿ∫–◊”","Spicy Shops","StSLib","The Hierophant","The Servant 0.9.4","Warlord Emblem","[IsaacMod]“‘»ˆº‚À˛","°æπ¶ƒ‹Mod°øªÏ„Á÷Æª∑–ﬁ∏¥≤π∂°"],"gold_per_floor":[109,109,140,140,182,182,182,32,32,32,88,88,144,224,224,314,314,389,471,494,494,573,711,623,706,706,706,804,691,849,849,849,1075,1075,1191,1350,1350,1506,1662,1662,1836,1836,1836,2140,2296,2296,2443,2443,2443,2410,2410,2410,2410,2546,965],"floor_reached":56,"language":"ZHS","playtime":2757,"items_purged":["hierophant:Strike_Hierophant","hierophant:Strike_Hierophant","hierophant:Strike_Hierophant","hierophant:Strike_Hierophant","hierophant:Defend_Hierophant","hierophant:Defend_Hierophant","hierophant:Anathema","hierophant:Defend_Hierophant","Injury","hierophant:Doubloon","hierophant:Charity","hierophant:Doubloon+1","hierophant:Doubloon"],"score":1595,"play_id":"3b396ed7-e3e1-4bd4-a12a-947334f9957a","local_time":"20210207132328","is_ascension_mode":false,"campfire_choices":[{"data":"hierophant:Batter","floor":6,"key":"SMITH"},{"data":"hierophant:Glossolalia","floor":10,"key":"SMITH"},{"data":"hierophant:EyeForCoin","floor":15,"key":"SMITH"},{"data":"hierophant:Kindle","floor":27,"key":"SMITH"},{"data":"hierophant:Kindle","floor":32,"key":"SMITH"},{"floor":40,"key":"RECALL"},{"floor":46,"key":"REST"},{"data":"hierophant:ArchangelShield","floor":49,"key":"SMITH"},{"data":"Madness","floor":52,"key":"SMITH"}],"circlet_count":0,"master_deck":["hierophant:Punish","hierophant:ChurchCoffers","hierophant:Doubloon","hierophant:Batter+1","hierophant:Refuge","MostiFishMod:ButterFly","hierophant:Doubloon","hierophant:Remorse","hierophant:OrnateBuckler","MostiFishMod:KingOfFree","hierophant:Glossolalia+1","hierophant:SecretStash","hierophant:Levitation","hierophant:EyeForCoin+1","hierophant:Kindle+1","hierophant:Doubloon+1","hierophant:Doubloon+1","hierophant:Sermon","hierophant:Kindle+1","MostiFishMod:ButterFly","hierophant:Doubloon+1","Inflame","MostiFishMod:Galeforce","hierophant:Encroach","hierophant:Refuge","hierophant:Doubloon+1","hierophant:Doubloon+1","MostiFishMod:IntelligentEquipment","hierophant:Doubloon+1","MostiFishMod:MusicBox","hierophant:ArchangelShield+1","hierophant:Doubloon+1","Shuttle","MostiFishMod:Neurotoxin","hierophant:Doubloon+1","Madness","WasteNot+1","BottledTime+1","Moonworks:NicePresent+1","Madness+1","MostiFishMod:Galeforce","hierophant:AuricBeam","Singularity+1"],"relics":["hierophant:PropheticMaskRelic","HushsDoor","DaveBox","DiscerningMonocle","D6","SynthV:TestCard","SynthV","ChiLing","Chi","Ling","GodSword5","Tea:ReiMu","PreservedInsect","Bottled Tornado","reliquary:PartyBalloon","GuppysHead","ImprovedEquipment","ScarletDevilRocket","MostiFishMod:AdaptiveDefenses","ZombieArmy","MagicDraw4","Letter Opener","Lantern","TimeFreeze","MagicDraw2","Bottled Lightning","BookOfRevelations","reliquary:WritOfMandamus","MoneyPower","reliquary:QuartzCube","SalivaCoin","Membership Card","reliquary:SilkGlove","PrismaticShard","MagicDraw1","MostiFishMod:Haymaker","Frozen Eye","Vajra","reliquary:BrokenClock","DeathBook","AnarchistCookbook","Dream Catcher","Strange Spoon","GuppysPaw","reliquary:RosewoodLute","Toy Ornithopter","reliquary:RedCape","GuppysTail","SteamSale","Blood Vial","Pear","reliquary:PorcupineQuills","Juzu Bracelet","CatCart","BionicSphere","ArrowTower","BloodDonationBag","Calipers","PureWhite:ReiMu","Potion Belt","Civilization","Frozen Egg 2","Ancient Tea Set","reliquary:Firecrackers","Chemical X","TentaclePot:ReiMu","MealTicket","reliquary:SharkskinSheath","TheBattery","reliquary:ExpiredCoupon","reliquary:Boomerang","BFFS","Nunchaku","TheBible"],"acts_visited":["Exordium","TheCity","TheBeyond","TheEnding"],"potions_floor_usage":[38,38,38,54,55,55,55,55,55,55,55,55,55,55,55,55,55,55,55,55,55,55],"damage_taken":[{"damage":17,"enemies":"Small Slimes","floor":1,"turns":5},{"damage":8,"enemies":"Jaw Worm","floor":3,"turns":2},{"damage":8,"enemies":"Cultist","floor":5,"turns":4},{"damage":12,"enemies":"3 Sentries","floor":11,"turns":3},{"damage":3,"enemies":"Red Slaver","floor":13,"turns":1},{"damage":2,"enemies":"Lagavulin","floor":14,"turns":2},{"damage":39,"enemies":"Hexaghost","floor":16,"turns":5},{"damage":12,"enemies":"Chosen","floor":18,"turns":4},{"damage":0,"enemies":"3 Byrds","floor":19,"turns":3},{"damage":5,"enemies":"Snake Plant","floor":22,"turns":2},{"damage":21,"enemies":"Slavers","floor":23,"turns":2},{"damage":2,"enemies":"Gremlin Leader","floor":25,"turns":3},{"damage":0,"enemies":"3 Cultists","floor":28,"turns":3},{"damage":2,"enemies":"Hiden Room Battle","floor":30,"turns":4},{"damage":29,"enemies":"Collector","floor":33,"turns":5},{"damage":2,"enemies":"Orb Walker","floor":35,"turns":2},{"damage":1,"enemies":"2 Orb Walkers","floor":36,"turns":2},{"damage":2,"enemies":"Orin","floor":38,"turns":5},{"damage":0,"enemies":"Mind Bloom Boss Battle","floor":39,"turns":2},{"damage":33,"enemies":"Reptomancer","floor":41,"turns":3},{"damage":1,"enemies":"Nemesis","floor":45,"turns":1},{"damage":9,"enemies":"3 Darklings","floor":47,"turns":3},{"damage":3,"enemies":"Time Eater","floor":50,"turns":4},{"damage":1,"enemies":"Shield and Spear","floor":54,"turns":2},{"damage":2,"enemies":"LittleHush","floor":55,"turns":10}],"seed_played":"7825661636576535718","potions_obtained":[{"floor":1,"key":"Explosive Potion"},{"floor":39,"key":"BlessingOfTheForge"},{"floor":54,"key":"Fruit Juice"}],"is_trial":false,"path_per_floor":["M","$","M","?","M","R","$","$","T","R","E","?","M","E","R","B",null,"M","M","T","?","M","E","$","E","T","R","M","$","?","$","R","B",null,"M","?","$","?","?","R","E","?","T","T","E","R","M","$","R","B",null,"R","$","E","B",null],"character_chosen":"HIEROPHANT","items_purchased":["SynthV","ChiLing","GodSword5","Tea:ReiMu","PreservedInsect","hierophant:Batter","hierophant:Refuge","EntropicBrew","SkillPotion","MostiFishMod:ButterFly","Bottled Tornado","reliquary:PartyBalloon","GuppysHead","ImprovedEquipment","ScarletDevilRocket","MostiFishMod:KingOfFree","hierophant:Glossolalia","MostiFishMod:AdaptiveDefenses","ZombieArmy","MagicDraw4","Letter Opener","Lantern","TimeFreeze","hierophant:SecretStash","SalivaCoin","Membership Card","reliquary:SilkGlove","PrismaticShard","MostiFishMod:ButterFly","MostiFishMod:Haymaker","Frozen Eye","Vajra","MostiFishMod:Galeforce","reliquary:BrokenClock","DeathBook","hierophant:Encroach","hierophant:Refuge","Strange Spoon","GuppysPaw","reliquary:RosewoodLute","Toy Ornithopter","SteamSale","Blood Vial","Pear","reliquary:PorcupineQuills","Juzu Bracelet","MostiFishMod:MusicBox","hierophant:ArchangelShield","PureWhite:ReiMu","Potion Belt","Civilization","Madness","MostiFishMod:Galeforce","Frozen Egg 2","Ancient Tea Set","reliquary:Firecrackers","Chemical X","TentaclePot:ReiMu","MealTicket","Slimebound:ThreeZeroPotion","AttackPotion","bronze:BurnAndBuffPotion","reliquary:SharkskinSheath","TheBattery","reliquary:ExpiredCoupon","reliquary:Boomerang","BFFS","Nunchaku","hierophant:AuricBeam"],"campfire_rested":1,"item_purchase_floors":[2,2,2,2,2,2,2,2,2,2,2,7,7,7,7,7,7,8,8,8,8,8,8,8,24,24,24,24,24,29,29,29,29,29,29,29,29,31,31,31,31,37,37,37,37,37,37,37,48,48,48,48,48,48,48,48,48,48,48,48,48,48,53,53,53,53,53,53,53],"current_hp_per_floor":[58,58,55,75,72,72,72,72,72,75,64,57,61,75,75,42,75,63,71,71,71,68,69,69,72,72,72,75,75,68,68,68,50,75,75,75,85,85,85,85,53,53,53,33,36,67,78,78,78,78,86,86,86,172,177],"gold":965,"neow_bonus":"ONE_RANDOM_RARE_CARD","is_daily":false,"chose_seed":false,"campfire_upgraded":7,"win_rate":0.0,"timestamp":1612675408,"path_taken":["M","$","M","?","?","R","?","$","T","R","E","?","M","E","R","BOSS","M","M","?","?","M","E","$","E","T","R","?","$","?","$","R","BOSS","M","?","$","?","?","R","E","?","T","?","E","R","M","$","R","BOSS","R","$","E","BOSS"],"items_purchased_type":["Relic","Relic","Relic","Relic","Relic","Card","Card","Potion","Potion","Card","Relic","Relic","Relic","Relic","Relic","Card","Card","Relic","Relic","Relic","Relic","Relic","Relic","Card","Relic","Relic","Relic","Relic","Card","Relic","Relic","Relic","Card","Relic","Relic","Card","Card","Relic","Relic","Relic","Relic","Relic","Relic","Relic","Relic","Relic","Card","Card","Relic","Relic","Relic","Card","Card","Relic","Relic","Relic","Relic","Relic","Relic","Potion","Potion","Potion","Relic","Relic","Relic","Relic","Relic","Relic","Card"],"build_version":"2020-12-22","purchased_purges":13,"victory":true,"max_hp_per_floor":[75,75,75,75,75,75,75,75,75,75,75,75,75,75,75,75,75,75,75,75,75,75,75,75,75,75,75,75,75,75,75,75,75,75,75,75,85,85,85,85,85,85,85,85,85,85,85,85,85,86,86,86,86,172,177],"card_choices":[{"not_picked":[],"picked":"Bomb","floor":0},{"not_picked":["hierophant:FieryStrike","hierophant:PassingBell"],"picked":"hierophant:Charity","floor":1},{"not_picked":["hierophant:Martyrdom","hierophant:DisplayOfPower","hierophant:SolarFlare","hierophant:RepressedViolence"],"picked":"hierophant:Remorse","floor":3},{"not_picked":["hierophant:Smite","hierophant:FlamingChariot","hierophant:Shelter","hierophant:Embezzle"],"picked":"hierophant:OrnateBuckler","floor":5},{"not_picked":["hierophant:Flagellation","hierophant:BulkyChest","hierophant:FlamingChariot","hierophant:Repentance","hierophant:Dazzle"],"picked":"SKIP","floor":11},{"not_picked":["hierophant:Purify","hierophant:ThreeLashes","hierophant:HammerAndAnvil","hierophant:DisplayOfPower"],"picked":"hierophant:Levitation","floor":13},{"not_picked":["hierophant:Purify","hierophant:SealAway","hierophant:Prophecy","hierophant:FaithHealing"],"picked":"hierophant:EyeForCoin","floor":14},{"not_picked":["hierophant:Generosity","hierophant:BulkyChest","hierophant:Cornucopia","hierophant:Batter"],"picked":"hierophant:Kindle","floor":16},{"not_picked":["hierophant:Repentance","hierophant:Shelter+1","hierophant:Empathy","hierophant:Embezzle","hierophant:HolyVerse"],"picked":"SKIP","floor":18},{"not_picked":["hierophant:RepressedViolence","hierophant:Martyrdom","hierophant:MorningPrayer","hierophant:FieryStrike","hierophant:HammerAndAnvil"],"picked":"SKIP","floor":19},{"not_picked":["hierophant:Zeal+1","hierophant:Encroach+1","hierophant:Community","hierophant:PristineSoul"],"picked":"hierophant:Kindle","floor":22},{"not_picked":["hierophant:RecallFunds+1","hierophant:DisplayOfPower","hierophant:SolarFlare","hierophant:HammerAndAnvil","hierophant:PassingBell+1"],"picked":"SKIP","floor":23},{"not_picked":["WaveOfTheHand+1","Glass Knife","Crusade:ReiMu","sneckomod:UnknownDraw+1"],"picked":"Inflame","floor":25},{"not_picked":["Defy","Spin+1","Moonworks:LulusLuckyEgg","MostiFishMod:Mania","Guardian:VentSteam"],"picked":"SKIP","floor":28},{"not_picked":["TrueSight","MostiFishMod:Awakening","Slimebound:MassRepurpose","Slimebound:PrepareCrush"],"picked":"MostiFishMod:IntelligentEquipment","floor":33},{"not_picked":["hexamod:NightmareGuise","hierophant:Encroach","sneckomod:MixItUp","Koishi:BramblyRoseGarden+1","sneckomod:UnknownUncommonSkill+1"],"picked":"SKIP","floor":35},{"not_picked":["champ:BringItOn+1","ReincarnationDial+1","Bullet Time","LeisurelyOfLord+1"],"picked":"Shuttle","floor":38},{"not_picked":["WarlordEmblem:ForceDeflexion","Dagger Throw+1","Fasting2","Guardian:Gem_Red"],"picked":"MostiFishMod:Neurotoxin","floor":39},{"not_picked":["Armaments+1","TimeWarp+1","Crescendo","champ:ArenaPreparation","Alleviate+1"],"picked":"SKIP","floor":41},{"not_picked":["Impatience","MostiFishMod:SupremeArchaeology","Thinking Ahead","Trip"],"picked":"Madness","floor":42},{"not_picked":["hierophant:Rebuild","bronze:CutThrough+1","hermit:Spite","sneckomod:PureSnecko"],"picked":"WasteNot+1","floor":45},{"not_picked":["EmergencyTakeOff:ReiMu+1","hermit:BodyArmor","sneckomod:UnknownClassRED","Cleave+1"],"picked":"BottledTime+1","floor":46},{"not_picked":["sneckomod:UnknownClassDeathKnight_LIME","MostiFishMod:AdrenalineArouse","hermit:TrackingShot","Moonworks:BigMagnum"],"picked":"Moonworks:NicePresent+1","floor":47},{"not_picked":["hermit:Ricochet","hexamod:EtherealExpedition","champ:TornadoPunch+1","Replace+1"],"picked":"Singularity+1","floor":54}],"player_experience":246405,"relics_obtained":[{"floor":1,"key":"SynthV:TestCard"},{"floor":9,"key":"MagicDraw2"},{"floor":11,"key":"Bottled Lightning"},{"floor":14,"key":"BookOfRevelations"},{"floor":20,"key":"MoneyPower"},{"floor":23,"key":"reliquary:QuartzCube"},{"floor":25,"key":"MagicDraw1"},{"floor":30,"key":"AnarchistCookbook"},{"floor":30,"key":"Dream Catcher"},{"floor":36,"key":"GuppysTail"},{"floor":38,"key":"CatCart"},{"floor":39,"key":"BionicSphere"},{"floor":41,"key":"BloodDonationMachine"},{"floor":44,"key":"ArrowTower"},{"floor":45,"key":"Calipers"},{"floor":54,"key":"TheBible"}],"event_choices":[{"damage_healed":25,"gold_gain":0,"player_choice":"Banana","damage_taken":0,"max_hp_gain":0,"max_hp_loss":0,"event_name":"Big Fish","floor":4,"gold_loss":0},{"cards_removed":["hierophant:Defend_Hierophant"],"damage_healed":0,"gold_gain":0,"player_choice":"Card Removal","damage_taken":7,"max_hp_gain":0,"max_hp_loss":0,"event_name":"Golden Wing","floor":12,"gold_loss":0},{"damage_healed":0,"gold_gain":0,"player_choice":"Read","damage_taken":0,"max_hp_gain":0,"max_hp_loss":0,"event_name":"The Library","floor":21,"gold_loss":0,"cards_obtained":["hierophant:Sermon"]},{"damage_healed":0,"gold_gain":0,"player_choice":"Fight","damage_taken":0,"max_hp_gain":0,"max_hp_loss":0,"event_name":"HidenRoomEvent","floor":30,"gold_loss":0},{"damage_healed":0,"gold_gain":0,"player_choice":"Fight","damage_taken":0,"max_hp_gain":0,"max_hp_loss":0,"event_name":"Mysterious Sphere","floor":36,"gold_loss":0},{"damage_healed":0,"gold_gain":0,"player_choice":"Fight","damage_taken":0,"max_hp_gain":0,"max_hp_loss":0,"event_name":"OrinTheCat","floor":38,"gold_loss":0},{"damage_healed":0,"gold_gain":0,"player_choice":"Fight","damage_taken":0,"max_hp_gain":0,"max_hp_loss":0,"event_name":"MindBloom","floor":39,"gold_loss":0},{"damage_healed":0,"gold_gain":0,"player_choice":"Memory 1","damage_taken":0,"max_hp_gain":0,"max_hp_loss":0,"event_name":"SensoryStone","floor":42,"gold_loss":0}],"is_beta":false,"boss_relics":[{"not_picked":["GreenFoldingFan","energizedSpire:EnergizedDie"],"picked":"reliquary:WritOfMandamus"},{"not_picked":[]},{"not_picked":["Coffee Dripper","energizedSpire:OgreHead"],"picked":"reliquary:RedCape"},{"not_picked":[]}],"items_purged_floors":[2,7,8,8,24,29,29,31,37,37,48,48,53],"is_endless":false,"potions_floor_spawned":[1,13,18,25,28,30,33,36,39,54],"ascension_level":0}}