{"host":"s41rn2jhghpwfrvz","time":1612671899,"event":{"mods":["BaseMod","Minty Spire (QoL Compilation)","Quick Restart","Relic Stats","SuperFastMode"],"gold_per_floor":[116,116,130,149,160,188,188,219,219,235,260,291,305,305,305,379,379,392,407,425,440,455,485,485,512,539,574,586,610,602,642,654,737,749,775,798,292,305,335,335,365,384,384,400,428,428,128,128,128,128,128,128,128,84,114,114],"floor_reached":57,"language":"ENG","playtime":1638,"items_purged":["Footwork","PiercingWail"],"score":3708,"play_id":"38e8bff9-7884-4c6d-a99c-4bffadd9db07","local_time":"20210207062459","daily_mods":["SealedDeck","Diverse","DeadlyEvents"],"is_ascension_mode":true,"campfire_choices":[{"data":"Acrobatics","floor":7.0,"key":"SMITH"},{"data":"TalkToTheHand","floor":15,"key":"SMITH"},{"data":"Scrawl","floor":24,"key":"SMITH"},{"data":"Burning Pact","floor":32,"key":"SMITH"},{"floor":40,"key":"RECALL"},{"data":"Vault","floor":46,"key":"SMITH"},{"data":"Backflip","floor":49,"key":"SMITH"},{"data":"Backflip","floor":53,"key":"SMITH"}],"circlet_count":0,"master_deck":["AscendersBane","Acrobatics+1","Backflip+1","Body Slam+1","Gash","Backflip+1","Gash","Gash","TalkToTheHand+1","All For One","Scrawl+1","Burning Pact+1","Vault+1","Turbo+1","Panacea+1","Madness+1"],"relics":["Burning Blood","Bag of Marbles","Peace Pipe","Pantograph","Unceasing Top","Orichalcum","Empty Cage","Pocketwatch","Kunai","Akabeko","MawBank","Ancient Tea Set","Coffee Dripper","Medical Kit","White Beast Statue","Toxic Egg 2","Frozen Egg 2","The Courier","Meat on the Bone","Shuriken","Bottled Lightning"],"acts_visited":["Exordium","TheCity","TheBeyond","TheEnding"],"potions_floor_usage":[16,18,23,56,56],"damage_taken":[{"damage":0.0,"enemies":"2 Louse","floor":1.0,"turns":3.0},{"damage":0.0,"enemies":"Cultist","floor":3.0,"turns":3.0},{"damage":0.0,"enemies":"Small Slimes","floor":4.0,"turns":2.0},{"damage":0.0,"enemies":"2 Fungi Beasts","floor":5.0,"turns":3.0},{"damage":5.0,"enemies":"Gremlin Nob","floor":6.0,"turns":3.0},{"damage":3.0,"enemies":"3 Sentries","floor":8.0,"turns":5.0},{"damage":0,"enemies":"Gremlin Gang","floor":10,"turns":4},{"damage":0,"enemies":"Lagavulin","floor":11,"turns":4},{"damage":4,"enemies":"Gremlin Nob","floor":12,"turns":3},{"damage":0,"enemies":"Lots of Slimes","floor":13,"turns":3},{"damage":0,"enemies":"Slime Boss","floor":16,"turns":4},{"damage":0,"enemies":"3 Byrds","floor":18,"turns":3},{"damage":0,"enemies":"2 Thieves","floor":19,"turns":3},{"damage":8,"enemies":"Cultist and Chosen","floor":20,"turns":4},{"damage":0,"enemies":"3 Cultists","floor":21,"turns":3},{"damage":13,"enemies":"Shelled Parasite and Fungi","floor":22,"turns":4},{"damage":9,"enemies":"Slavers","floor":23,"turns":3},{"damage":0,"enemies":"Gremlin Leader","floor":25,"turns":3},{"damage":0,"enemies":"Book of Stabbing","floor":27,"turns":2},{"damage":18,"enemies":"Snecko","floor":29,"turns":5},{"damage":0,"enemies":"Gremlin Leader","floor":31,"turns":3},{"damage":0,"enemies":"Collector","floor":33,"turns":4},{"damage":0,"enemies":"Orb Walker","floor":35,"turns":1},{"damage":0,"enemies":"3 Darklings","floor":36,"turns":3},{"damage":0,"enemies":"Writhing Mass","floor":38,"turns":3},{"damage":0,"enemies":"Nemesis","floor":39,"turns":3},{"damage":0,"enemies":"Giant Head","floor":41,"turns":2},{"damage":0,"enemies":"Jaw Worm Horde","floor":42,"turns":2},{"damage":0,"enemies":"Maw","floor":44,"turns":2},{"damage":0,"enemies":"Nemesis","floor":45,"turns":4},{"damage":0,"enemies":"Time Eater","floor":50,"turns":3},{"damage":0,"enemies":"Donu and Deca","floor":51,"turns":2},{"damage":0,"enemies":"Shield and Spear","floor":55,"turns":1},{"damage":30,"enemies":"The Heart","floor":56,"turns":6}],"seed_played":"9024431204094373557","potions_obtained":[{"floor":3.0,"key":"EssenceOfSteel"},{"floor":4.0,"key":"BloodPotion"},{"floor":6.0,"key":"Energy Potion"},{"floor":16,"key":"DistilledChaos"},{"floor":18,"key":"Energy Potion"},{"floor":29,"key":"CultistPotion"},{"floor":41,"key":"Ancient Potion"}],"is_trial":true,"path_per_floor":["M","?","M","M","M","E","R","E","T","M","E","E","M","T","R","B",null,"M","M","M","M","M","E","R","E","T","E","?","M","?","E","R","B",null,"M","M","$","M","E","R","E","M","T","M","E","R","$","?","R","B","B",null,"R","$","E","B",null],"character_chosen":"IRONCLAD","items_purchased":["Medical Kit","White Beast Statue","Shuriken","SpeedPotion"],"campfire_rested":0,"item_purchase_floors":[37,37,47,54],"current_hp_per_floor":[74,74,75,75,75,75,75,75,75,75,75,75,75,75,75,75,75,75,75,73,75,68,65,65,71,71,75,75,63,63,69,69,75,75,75,75,75,75,75,75,75,75,75,75,75,75,75,65,65,75,75,75,75,75,75,51],"gold":114,"neow_bonus":"","is_daily":false,"chose_seed":false,"campfire_upgraded":7,"win_rate":0.0,"timestamp":1612671899,"path_taken":["M","?","M","M","?","E","R","E","T","M","?","E","M","?","R","BOSS","M","M","M","M","M","E","R","E","T","E","?","M","?","E","R","BOSS","M","?","$","M","?","R","E","M","T","?","E","R","$","?","R","BOSS","BOSS","R","$","E","BOSS"],"items_purchased_type":["Relic","Relic","Relic","Potion"],"build_version":"2020-12-22","purchased_purges":2,"victory":true,"max_hp_per_floor":[75,75,75,75,75,75,75,75,75,75,75,75,75,75,75,75,75,75,75,75,75,75,75,75,75,75,75,75,75,75,75,75,75,75,75,75,75,75,75,75,75,75,75,75,75,75,75,75,75,75,75,75,75,75,75,75],"relic_stats":{"counters":[34,106],"Orichalcum":[36],"MawBank":120,"Medical Kit":[22],"Burning Blood":67,"Peace Pipe":1,"Shuriken":[33],"Pantograph":16,"Kunai":[88],"obtain_stats":[{"The Courier":43,"Orichalcum":14,"Frozen Egg 2":41,"Empty Cage":17,"MawBank":27,"Ancient Tea Set":31,"Medical Kit":37,"Burning Blood":0,"Akabeko":26,"White Beast Statue":37,"Peace Pipe":8,"Shuriken":47,"Pantograph":11,"Bag of Marbles":6,"Coffee Dripper":34,"Kunai":25,"Bottled Lightning":55,"Toxic Egg 2":39,"Unceasing Top":12,"Pocketwatch":23,"Meat on the Bone":45},{"The Courier":28,"Orichalcum":10,"Frozen Egg 2":27,"Empty Cage":11,"MawBank":19,"Ancient Tea Set":21,"Medical Kit":24,"Burning Blood":0,"Akabeko":18,"White Beast Statue":24,"Peace Pipe":6,"Shuriken":30,"Pantograph":8,"Bag of Marbles":5,"Coffee Dripper":22,"Kunai":18,"Bottled Lightning":33,"Toxic Egg 2":26,"Unceasing Top":9,"Pocketwatch":17,"Meat on the Bone":30},{"The Courier":88,"Orichalcum":33,"Frozen Egg 2":86,"Empty Cage":37,"MawBank":62,"Ancient Tea Set":70,"Medical Kit":78,"Burning Blood":0,"Akabeko":60,"White Beast Statue":78,"Peace Pipe":19,"Shuriken":94,"Pantograph":27,"Bag of Marbles":14,"Coffee Dripper":74,"Kunai":60,"Bottled Lightning":100,"Toxic Egg 2":84,"Unceasing Top":30,"Pocketwatch":57,"Meat on the Bone":94}],"Unceasing Top":[6],"Pocketwatch":[3],"Meat on the Bone":0},"card_choices":[{"not_picked":["Loop","Tantrum","Dash"],"picked":"SKIP","floor":1.0},{"not_picked":["Deflect","Expertise","FlurryOfBlows"],"picked":"SKIP","floor":3.0},{"not_picked":["Disarm","Weave","Clothesline"],"picked":"SKIP","floor":4.0},{"not_picked":["Noxious Fumes","Protect","Beam Cell"],"picked":"SKIP","floor":5.0},{"not_picked":["Sentinel","Body Slam","Corpse Explosion"],"picked":"SKIP","floor":6.0},{"not_picked":["Shrug It Off","Blade Dance","Consume"],"picked":"SKIP","floor":8.0},{"not_picked":["Havoc","Spot Weakness","Headbutt"],"picked":"SKIP","floor":10},{"not_picked":["Underhanded Strike","Flechettes"],"picked":"Gash","floor":11},{"not_picked":["EmptyBody","Tantrum","Heavy Blade"],"picked":"SKIP","floor":12},{"not_picked":["Hologram","Iron Wave"],"picked":"TalkToTheHand","floor":13},{"not_picked":["Tools of the Trade","Phantasmal Killer"],"picked":"All For One","floor":16},{"not_picked":["Melter","Distraction","Flechettes"],"picked":"SKIP","floor":18},{"not_picked":["JustLucky","ForeignInfluence","Flying Knee"],"picked":"SKIP","floor":19},{"not_picked":["Leg Sweep","Metallicize","ClearTheMind+1"],"picked":"SKIP","floor":20},{"not_picked":["Prepared","Heavy Blade","Steam"],"picked":"SKIP","floor":21},{"not_picked":["Prepared","Wallop","Streamline"],"picked":"SKIP","floor":22},{"not_picked":["Chill","Halt"],"picked":"Scrawl","floor":23},{"not_picked":["Bouncing Flask","WaveOfTheHand+1","Glacier"],"picked":"SKIP","floor":25},{"not_picked":["Steam","Swivel"],"picked":"Burning Pact","floor":27},{"not_picked":["Halt","EmptyBody+1","Intimidate"],"picked":"SKIP","floor":29},{"not_picked":["Rebound","Hologram+1","Protect"],"picked":"SKIP","floor":31},{"not_picked":["Biased Cognition","Omniscience"],"picked":"Vault","floor":33},{"not_picked":["Underhanded Strike","Barrage","Havoc"],"picked":"SKIP","floor":35},{"not_picked":["Heatsinks","Prostrate+1","Blur"],"picked":"SKIP","floor":36},{"not_picked":["Flex","Crescendo","Prostrate"],"picked":"SKIP","floor":38},{"not_picked":["Ragnarok","True Grit+1","SashWhip"],"picked":"SKIP","floor":39},{"not_picked":["Armaments+1","Ball Lightning","Outmaneuver+1"],"picked":"SKIP","floor":41},{"not_picked":["Rebound","Escape Plan+1"],"picked":"Turbo+1","floor":42},{"not_picked":["DeceiveReality+1","Cloak And Dagger+1","Halt+1"],"picked":"SKIP","floor":44},{"not_picked":["Shockwave+1","EmptyMind+1","Berserk+1"],"picked":"SKIP","floor":45},{"not_picked":["Trip+1","Secret Weapon+1"],"picked":"Panacea+1","floor":48},{"not_picked":["Bandage Up+1","Good Instincts+1"],"picked":"Madness+1","floor":48},{"not_picked":["Static Discharge+1","Predator","Gash"],"picked":"SKIP","floor":55}],"player_experience":1884448,"relics_obtained":[{"floor":6.0,"key":"Bag of Marbles"},{"floor":8.0,"key":"Peace Pipe"},{"floor":11,"key":"Pantograph"},{"floor":12,"key":"Unceasing Top"},{"floor":14,"key":"Orichalcum"},{"floor":23,"key":"Pocketwatch"},{"floor":25,"key":"Kunai"},{"floor":26,"key":"Akabeko"},{"floor":27,"key":"MawBank"},{"floor":31,"key":"Ancient Tea Set"},{"floor":39,"key":"Toxic Egg 2"},{"floor":41,"key":"Frozen Egg 2"},{"floor":43,"key":"The Courier"},{"floor":45,"key":"Meat on the Bone"},{"floor":55,"key":"Bottled Lightning"}],"event_choices":[{"damage_healed":0.0,"max_hp_gain":0.0,"max_hp_loss":0.0,"gold_gain":0.0,"event_name":"Accursed Blacksmith","player_choice":"Forge","floor":2.0,"gold_loss":0.0,"damage_taken":0.0,"cards_upgraded":["Body Slam"]},{"damage_healed":15,"gold_gain":0,"player_choice":"Heal","damage_taken":0,"max_hp_gain":0,"max_hp_loss":0,"event_name":"The Library","floor":28,"gold_loss":0},{"damage_healed":0,"gold_gain":0,"player_choice":"Bought 1 Potion","damage_taken":0,"max_hp_gain":0,"max_hp_loss":0,"event_name":"The Woman in Blue","floor":30,"gold_loss":0},{"damage_healed":0,"gold_gain":0,"player_choice":"Memory 3","damage_taken":10,"max_hp_gain":0,"max_hp_loss":0,"event_name":"SensoryStone","floor":48,"gold_loss":0}],"is_beta":false,"boss_relics":[{"not_picked":["Runic Dome","Philosopher\u0027s Stone"],"picked":"Empty Cage"},{"not_picked":["Busted Crown","Runic Cube"],"picked":"Coffee Dripper"}],"items_purged_floors":[37,47],"is_endless":false,"potions_floor_spawned":[3,4,6,13,16,18,20,29,31,33,35,38,39,41,42,44,45,55],"ascension_level":20}}