{"host":"xc18ixkpjvqrt8st","time":1612661212,"event":{"mods":["Act Like it!","BaseMod","Better Match","Better Third Choice","Conspire","Downfall","Hallownest","Hermit","Hubris","Infinite Spire","Minty Spire (QoL Compilation)","Reliquary","Replay The Spire","Robot Space Explorer","Shop Mod","Spicy Shops","Spire Arcade","StSLib","The Animator","The Edgeheg","The Jungle","The Marked","The Sage"],"gold_per_floor":[114,114,150,1,0,32,56,56,56,89,89,115,144,154,154,251,251,286,286,286,303,303,330,330,87,134,134,134,158,158,173,173,276,276,289,341,301,314,142,142,156,156,156,180,207,238,161,161,161,161,161],"floor_reached":50,"language":"ENG","playtime":3152,"items_purged":[],"score":689,"play_id":"f37c0748-44d6-4d0b-970e-c0098f672562","local_time":"20210206192652","is_ascension_mode":true,"campfire_choices":[{"floor":8.0,"key":"REST"},{"floor":11.0,"key":"REST"},{"floor":15.0,"key":"REST"},{"floor":24.0,"key":"REST"},{"floor":27.0,"key":"RECALL"},{"data":"animator:MisakiNakahara","floor":30.0,"key":"SMITH"},{"floor":32.0,"key":"REST"},{"floor":40,"key":"REST"},{"floor":49,"key":"REST"}],"circlet_count":0,"master_deck":["animator:Strike_GoblinSlayer","animator:Defend_GoblinSlayer","animator:Strike","animator:Strike","animator:Strike","animator:Defend","animator:Defend+1","animator:Defend","animator:LizardPriest+1","animator:DwarfShaman","animator:ItamiYouji","animator:Shinoa","animator:Priestess","Enlightenment","animator:Gillette","animator:Priestess","animator:Bozes","animator:Kuribayashi","animator:Ara","animator:Mikaela","animator:RoryMercury","animator:LeleiLaLalena","animator:LeleiLaLalena","animator:SwordMaiden","animator:Sebas","animator:Tyuule+1","animator:PinaCoLada","animator:TukaLunaMarceau","animator:TukaLunaMarceau+1","animator:AcuraTooru","animator:MisakiNakahara+1","animator:Mitsuba","animator:Gillette","animator:Elsword+1","animator:Sebas+1","animator:Priestess+1","animator:Envy","animator:Demiurge+1","animator:RoyMustang","animator:Shalltear","animator:RoyMustang","animator:Aisha","animator:Bozes","animator:Spearman","animator:Shigure","Pot Of Greed","Pot Of Greed","Pot Of Greed","Pot Of Greed","animator:YaoHaDucy+1"],"relics":["animator:LivingPicture","animator:TheMissingPiece","Prayer Wheel","Replay:Mystery Machine","animator:ShionDessert","Letter Opener","WingedGreaves","Replay:Fungal Core","Paper Frog","Vajra","Red Skull","conspire:SeveredTorchhead","Unceasing Top","OrangePellets","Bottled Flame","Happy Flower","Grinning Jar"],"acts_visited":["Exordium","TheCity","TheBeyond"],"potions_floor_usage":[41,46,46,46,48,50,50],"damage_taken":[{"damage":0.0,"enemies":"conspire:RoseBush","floor":1.0,"turns":3.0},{"damage":8.0,"enemies":"2 Louse","floor":3.0,"turns":3.0},{"damage":19.0,"enemies":"3 Sentries","floor":6.0,"turns":10.0},{"damage":9.0,"enemies":"infinitespire:Voidling","floor":7.0,"turns":3.0},{"damage":25.0,"enemies":"Lagavulin","floor":10.0,"turns":6.0},{"damage":6.0,"enemies":"3 Sentries","floor":12.0,"turns":11.0},{"damage":3.0,"enemies":"conspire:2 RoseBushes","floor":13.0,"turns":5.0},{"damage":12.0,"enemies":"3 Louse","floor":14.0,"turns":4.0},{"damage":7.0,"enemies":"Fading Forest","floor":16.0,"turns":11.0},{"damage":2.0,"enemies":"Spheric Guardian","floor":18.0,"turns":3.0},{"damage":18.0,"enemies":"Shell Parasite","floor":21.0,"turns":5.0},{"damage":0.0,"enemies":"animator:HornedBat","floor":23.0,"turns":4.0},{"damage":2.0,"enemies":"conspire:HollyBat","floor":29.0,"turns":8.0},{"damage":20.0,"enemies":"Chosen and Byrds","floor":31.0,"turns":5.0},{"damage":67.0,"enemies":"Automaton","floor":33.0,"turns":11.0},{"damage":2,"enemies":"Orb Walker","floor":35,"turns":4},{"damage":74,"enemies":"2 Orb Walkers","floor":36,"turns":5},{"damage":0,"enemies":"3 Darklings","floor":38,"turns":3},{"damage":3,"enemies":"Jaw Worm Horde","floor":41,"turns":4},{"damage":0,"enemies":"Maw","floor":44,"turns":4},{"damage":0,"enemies":"Giant Head","floor":46,"turns":7},{"damage":0,"enemies":"3 Darklings","floor":48,"turns":1},{"damage":55,"enemies":"Donu and Deca","floor":50,"turns":4}],"seed_played":"-3379554462151694276","potions_obtained":[{"floor":3.0,"key":"SteroidPotion"},{"floor":10.0,"key":"BlessingOfTheForge"},{"floor":12.0,"key":"Elixir"},{"floor":13.0,"key":"animator:FalseLifePotion"},{"floor":16.0,"key":"Languid Potion"},{"floor":21.0,"key":"PowerPotion"},{"floor":33.0,"key":"Reflective Coating"},{"floor":42,"key":"SmokeBomb"},{"floor":42,"key":"EntropicBrew"},{"floor":46,"key":"Fire Potion"}],"is_trial":false,"path_per_floor":["M","?","M","$","?","E","M","R","T","E","R","E","M","M","R","B",null,"M","AVR","?","M","?","E","R","$","T","R","?","M","R","M","R","B",null,"M","?","?","M","$","R","M","?","T","M","T","E","$","M","R","B"],"character_chosen":"THE_ANIMATOR","items_purchased":["Replay:Mystery Machine","Vajra","animator:MisakiNakahara","PowerPotion","OrangePellets","PowerPotion"],"campfire_rested":7,"item_purchase_floors":[4,25,25,39,39,47],"current_hp_per_floor":[66,66,58,58,64,45,40,61,61,37,58,53,50,39,61,76,76,74,74,74,58,58,58,78,78,78,78,78,76,76,56,78,11,78,76,2,2,2,2,25,23,23,23,23,23,32,32,32,55,0,0],"gold":161,"neow_bonus":"ONE_RANDOM_RARE_CARD","is_daily":false,"chose_seed":false,"campfire_upgraded":1,"win_rate":0.0,"timestamp":1612661212,"path_taken":["M","?","M","$","?","E","M","R","T","E","R","E","M","M","R","BOSS","M","AVR","?","?","?","E","R","$","T","R","?","M","R","?","R","BOSS","M","?","?","?","$","R","M","?","T","?","?","E","?","M","R","BOSS"],"items_purchased_type":["Relic","Relic","Card","Potion","Relic","Potion"],"build_version":"2020-12-22","purchased_purges":0,"victory":false,"max_hp_per_floor":[66,66,66,66,72,72,72,72,72,73,73,74,74,75,75,76,76,76,76,76,78,78,78,78,78,78,78,78,78,78,78,78,78,78,78,78,78,78,78,78,79,79,79,79,79,79,79,79,79,79,79],"card_choices":[{"not_picked":["animator:DwarfShaman","animator:Add"],"picked":"animator:Shinoa","floor":1.0},{"not_picked":["animator:Shinoa","animator:Spearman"],"picked":"animator:Priestess","floor":3.0},{"not_picked":["animator:Gluttony","animator:Add"],"picked":"animator:Laby","floor":3.0},{"not_picked":["animator:Arpeggio","animator:DwarfShaman"],"picked":"animator:Gillette","floor":6.0},{"not_picked":["animator:Spearman","animator:LizardPriest"],"picked":"animator:Priestess","floor":7.0},{"not_picked":["animator:GuildGirl","animator:LizardPriest"],"picked":"animator:Bozes","floor":7.0},{"not_picked":["animator:Gillette","animator:Mitsuba"],"picked":"animator:Kuribayashi","floor":10.0},{"not_picked":["animator:ElricAlphonse","animator:GoblinSlayer"],"picked":"animator:Ara","floor":12.0},{"not_picked":["animator:Kuribayashi","animator:ElricAlphonse"],"picked":"animator:Mikaela","floor":13.0},{"not_picked":["animator:Sloth","animator:Pride"],"picked":"animator:RoryMercury","floor":13.0},{"not_picked":["animator:Bozes","animator:Arpeggio"],"picked":"animator:LeleiLaLalena","floor":14.0},{"not_picked":["animator:Laby","animator:Aisha"],"picked":"animator:LeleiLaLalena","floor":14.0},{"not_picked":["animator:Envy","animator:Elesis"],"picked":"animator:SwordMaiden","floor":16.0},{"not_picked":["animator:Ciel","animator:Cocytus+1"],"picked":"animator:Sebas","floor":18.0},{"not_picked":["animator:Bozes","animator:Arpeggio"],"picked":"animator:Tyuule+1","floor":18.0},{"not_picked":["animator:ChaikaBohdan","animator:Sloth"],"picked":"animator:TukaLunaMarceau","floor":21.0},{"not_picked":["animator:CowGirl","animator:Tyuule+1"],"picked":"animator:TukaLunaMarceau+1","floor":21.0},{"not_picked":["animator:GuildGirl","animator:Mikaela+1"],"picked":"animator:AcuraTooru","floor":23.0},{"not_picked":["animator:AcuraTooru","animator:Guy"],"picked":"animator:Gillette","floor":29.0},{"not_picked":["animator:Yoichi+1","animator:Entoma"],"picked":"animator:Elsword+1","floor":29.0},{"not_picked":["animator:LizardPriest+1","animator:Add"],"picked":"animator:Sebas+1","floor":31.0},{"not_picked":["animator:Sebas","animator:Guy"],"picked":"animator:Priestess+1","floor":31.0},{"not_picked":["animator:PinaCoLada","animator:ChaikaTrabant"],"picked":"animator:Envy","floor":33.0},{"not_picked":["animator:Gillette","animator:Entoma"],"picked":"animator:Demiurge+1","floor":35},{"not_picked":["animator:DwarfShaman+1","animator:Bozes+1"],"picked":"animator:RoyMustang","floor":35},{"not_picked":["animator:Layla+1","animator:Add+1"],"picked":"animator:Shalltear","floor":38},{"not_picked":["animator:Gillette+1","animator:Tyuule"],"picked":"animator:RoyMustang","floor":38},{"not_picked":["animator:ElricAlphonse+1","animator:Elsword+1"],"picked":"animator:Aisha","floor":41},{"not_picked":["animator:Kuribayashi","animator:Arpeggio"],"picked":"animator:Bozes","floor":41},{"not_picked":["animator:CrowleyEusford","animator:NarberalGamma+1"],"picked":"animator:Spearman","floor":44},{"not_picked":["animator:GuildGirl","animator:ChaikaBohdan"],"picked":"animator:Shigure","floor":44},{"not_picked":["animator:KrulTepes","animator:LizardPriest"],"picked":"animator:YaoHaDucy+1","floor":46}],"player_experience":701057,"relics_obtained":[{"floor":2.0,"key":"Prayer Wheel"},{"floor":6.0,"key":"animator:ShionDessert"},{"floor":10.0,"key":"Letter Opener"},{"floor":12.0,"key":"WingedGreaves"},{"floor":23.0,"key":"Paper Frog"},{"floor":26.0,"key":"Red Skull"},{"floor":36,"key":"Unceasing Top"},{"floor":43,"key":"Bottled Flame"},{"floor":45,"key":"Happy Flower"},{"floor":46,"key":"Grinning Jar"}],"event_choices":[{"damage_healed":0.0,"max_hp_gain":0.0,"max_hp_loss":0.0,"gold_gain":0.0,"event_name":"betterThird:BetterSerpent","player_choice":"RENOUNCE","floor":5.0,"gold_loss":1.0,"damage_taken":1.0,"cards_obtained":["Enlightenment"]},{"damage_healed":0.0,"max_hp_gain":0.0,"max_hp_loss":0.0,"gold_gain":0.0,"cards_transformed":["animator:Laby"],"event_name":"Transmorgrifier","player_choice":"Transformed","floor":20.0,"gold_loss":0.0,"damage_taken":0.0,"cards_obtained":["animator:PinaCoLada"]},{"damage_healed":0.0,"max_hp_gain":0.0,"max_hp_loss":0.0,"gold_gain":0.0,"event_name":"The Library","player_choice":"Read","floor":28.0,"gold_loss":0.0,"damage_taken":0.0,"cards_obtained":["animator:Mitsuba"]},{"damage_healed":0,"gold_gain":0,"player_choice":"Fight","damage_taken":0,"max_hp_gain":0,"max_hp_loss":0,"event_name":"Mysterious Sphere","floor":36,"gold_loss":0},{"damage_healed":0,"gold_gain":0,"player_choice":"Upgraded Two","damage_taken":0,"max_hp_gain":0,"max_hp_loss":0,"event_name":"Designer","floor":37,"gold_loss":40,"cards_upgraded":["animator:LizardPriest","animator:Defend"]},{"damage_healed":0,"gold_gain":0,"player_choice":"Got Potions","damage_taken":0,"max_hp_gain":0,"max_hp_loss":0,"event_name":"Lab","floor":42,"gold_loss":0}],"is_beta":false,"boss_relics":[{"not_picked":["animator:HolyGrailRelic","animator:RacePiece"],"picked":"Replay:Fungal Core"},{"not_picked":["hubris:BlackHole","Honey Jar"],"picked":"conspire:SeveredTorchhead"}],"items_purged_floors":[],"is_endless":false,"potions_floor_spawned":[3,10,12,13,16,18,21,33,41,44,46,48],"killed_by":"Donu and Deca","ascension_level":2}}