{"host":"fnk117zi8wf5078t","time":1612712146,"event":{"mods":["AchievementEnabler","BaseMod","Colored Map","Minty Spire (QoL Compilation)","Rare Cards Sparkle","SuperFastMode","everything is the same but u backflip on backflip"],"gold_per_floor":[109,121,71,89,99,99,99,114,166,166,182,202,213,247,247,351,351,367,292,292,292,312,337,194,194,194,110,110,142,142,142,154,166,166],"floor_reached":33,"language":"KOR","playtime":1192,"items_purged":[],"score":453,"play_id":"bb558a8e-e306-4b55-9935-09babe4b6891","local_time":"20210208003546","is_ascension_mode":true,"campfire_choices":[{"data":"Sunder","floor":6.0,"key":"SMITH"},{"floor":15.0,"key":"REST"},{"floor":25.0,"key":"REST"},{"data":"Static Discharge","floor":28.0,"key":"SMITH"},{"floor":32.0,"key":"REST"}],"circlet_count":0,"master_deck":["AscendersBane","Strike_B","Strike_B","Strike_B","Defend_B","Defend_B","Zap","Dualcast","Sunder+1","Defragment","Aggregate","Doom and Gloom","Streamline","Static Discharge+1","Double Energy","Amplify","Electrodynamics","Force Field","Heatsinks","Self Repair","Amplify","Electrodynamics","Skim","Mind Blast","Recycle+1","Shame"],"relics":["Snecko Eye","DataDisk","Odd Mushroom","Letter Opener","SlaversCollar","Pen Nib","Orrery","Matryoshka","Torii","Oddly Smooth Stone","MawBank","Omamori"],"acts_visited":["Exordium","TheCity"],"potions_floor_usage":[],"damage_taken":[{"damage":4.0,"enemies":"2 Louse","floor":1.0,"turns":3.0},{"damage":4.0,"enemies":"Small Slimes","floor":2.0,"turns":3.0},{"damage":2.0,"enemies":"Jaw Worm","floor":4.0,"turns":2.0},{"damage":0.0,"enemies":"Large Slime","floor":5.0,"turns":4.0},{"damage":11.0,"enemies":"3 Louse","floor":8.0,"turns":2.0},{"damage":6.0,"enemies":"2 Fungi Beasts","floor":11.0,"turns":2.0},{"damage":0.0,"enemies":"The Mushroom Lair","floor":12.0,"turns":2.0},{"damage":0.0,"enemies":"Large Slime","floor":13.0,"turns":3.0},{"damage":13.0,"enemies":"Gremlin Nob","floor":14.0,"turns":3.0},{"damage":48.0,"enemies":"Hexaghost","floor":16.0,"turns":7.0},{"damage":0.0,"enemies":"3 Byrds","floor":18.0,"turns":1.0},{"damage":12.0,"enemies":"Chosen","floor":22.0,"turns":3.0},{"damage":8.0,"enemies":"Gremlin Leader","floor":23.0,"turns":5.0},{"damage":23.0,"enemies":"Book of Stabbing","floor":29.0,"turns":4.0},{"damage":78,"enemies":"Champ","floor":33,"turns":9}],"seed_played":"-899212341519966425","potions_obtained":[{"floor":1.0,"key":"SpeedPotion"},{"floor":5.0,"key":"FocusPotion"},{"floor":12.0,"key":"Energy Potion"},{"floor":16.0,"key":"PotionOfCapacity"},{"floor":23.0,"key":"SkillPotion"}],"is_trial":false,"path_per_floor":["M","M","?","M","M","R","$","M","T","?","M","?","M","E","R","B",null,"M","?","?","?","M","E","$","R","T","$","R","E","?","T","R","B"],"character_chosen":"DEFECT","items_purchased":["Orrery","Mind Blast"],"campfire_rested":3,"item_purchase_floors":[24,27],"current_hp_per_floor":[64,60,60,58,58,58,58,47,47,47,41,41,41,28,50,2,57,57,57,57,57,45,37,37,59,59,59,59,43,43,43,65,0,0],"gold":166,"neow_bonus":"BOSS_RELIC","is_daily":false,"chose_seed":false,"campfire_upgraded":2,"win_rate":0.0,"timestamp":1612712146,"path_taken":["M","M","?","M","M","R","$","M","T","?","M","?","M","E","R","BOSS","M","?","?","?","M","E","$","R","T","$","R","E","?","?","R","BOSS"],"items_purchased_type":["Relic","Card"],"build_version":"2020-12-22","purchased_purges":0,"victory":false,"max_hp_per_floor":[75,75,75,75,75,75,75,75,75,75,75,75,75,75,75,75,75,75,75,75,75,75,75,75,75,75,75,75,75,75,75,75,75,75],"card_choices":[{"not_picked":["Cold Snap","Streamline"],"picked":"Sunder","floor":1.0},{"not_picked":["Coolheaded","Conserve Battery"],"picked":"Defragment","floor":2.0},{"not_picked":["Ball Lightning","Go for the Eyes"],"picked":"Aggregate","floor":4.0},{"not_picked":["Coolheaded","Sweeping Beam","Gash"],"picked":"SKIP","floor":5.0},{"not_picked":["Blizzard","Beam Cell"],"picked":"Doom and Gloom","floor":8.0},{"not_picked":["Auto Shields","Streamline","Cold Snap"],"picked":"SKIP","floor":11.0},{"not_picked":["Streamline","Turbo"],"picked":"Static Discharge","floor":12.0},{"not_picked":["Gash","Reprogram"],"picked":"Double Energy","floor":13.0},{"not_picked":["Reprogram","Hologram"],"picked":"Amplify","floor":14.0},{"not_picked":["Echo Form","Creative AI"],"picked":"Electrodynamics","floor":16.0},{"not_picked":["Beam Cell+1","Cold Snap","Barrage"],"picked":"SKIP","floor":18.0},{"not_picked":["FTL","Stack","Beam Cell"],"picked":"SKIP","floor":22.0},{"not_picked":["Streamline","Ball Lightning"],"picked":"Heatsinks","floor":23.0},{"not_picked":["Cold Snap","Undo"],"picked":"Self Repair","floor":24.0},{"not_picked":["Self Repair","Rebound+1"],"picked":"Amplify","floor":24.0},{"not_picked":["Streamline","Heatsinks"],"picked":"Electrodynamics","floor":24.0},{"not_picked":["BootSequence+1","Cold Snap"],"picked":"Skim","floor":24.0},{"not_picked":["Aggregate","Conserve Battery"],"picked":"Recycle+1","floor":29.0}],"player_experience":428572,"relics_obtained":[{"floor":9.0,"key":"DataDisk"},{"floor":12.0,"key":"Odd Mushroom"},{"floor":14.0,"key":"Letter Opener"},{"floor":23.0,"key":"Pen Nib"},{"floor":26.0,"key":"Matryoshka"},{"floor":29.0,"key":"Torii"},{"floor":31.0,"key":"MawBank"},{"floor":31.0,"key":"Omamori"}],"event_choices":[{"cards_removed":["Strike_B"],"damage_healed":0.0,"max_hp_gain":0.0,"max_hp_loss":0.0,"gold_gain":0.0,"event_name":"The Cleric","player_choice":"Card Removal","floor":3.0,"gold_loss":50.0,"damage_taken":0.0},{"damage_healed":0.0,"max_hp_gain":0.0,"max_hp_loss":0.0,"gold_gain":0.0,"cards_transformed":["Defend_B"],"event_name":"Living Wall","player_choice":"Change","floor":10.0,"gold_loss":0.0,"damage_taken":0.0,"cards_obtained":["Streamline"]},{"damage_healed":0.0,"max_hp_gain":0.0,"max_hp_loss":0.0,"gold_gain":0.0,"event_name":"Mushrooms","player_choice":"Fought Mushrooms","floor":12.0,"gold_loss":0.0,"damage_taken":0.0},{"cards_removed":["Defend_B"],"damage_healed":0.0,"max_hp_gain":0.0,"max_hp_loss":0.0,"gold_gain":0.0,"event_name":"Beggar","player_choice":"Gave Gold","floor":19.0,"gold_loss":75.0,"damage_taken":0.0},{"damage_healed":0.0,"max_hp_gain":0.0,"max_hp_loss":0.0,"gold_gain":0.0,"event_name":"Ghosts","player_choice":"Ignored","floor":20.0,"gold_loss":0.0,"damage_taken":0.0},{"damage_healed":0.0,"max_hp_gain":0.0,"max_hp_loss":0.0,"gold_gain":0.0,"event_name":"The Library","player_choice":"Read","floor":21.0,"gold_loss":0.0,"damage_taken":0.0,"cards_obtained":["Force Field"]},{"damage_healed":0.0,"max_hp_gain":0.0,"max_hp_loss":0.0,"gold_gain":0.0,"event_name":"Addict","player_choice":"Stole Relic","floor":30.0,"gold_loss":0.0,"damage_taken":0.0,"relics_obtained":["Oddly Smooth Stone"],"cards_obtained":["Shame"]}],"is_beta":false,"boss_relics":[{"not_picked":["Calling Bell","SacredBark"],"picked":"SlaversCollar"}],"items_purged_floors":[],"is_endless":false,"potions_floor_spawned":[1,5,12,16,22,23],"killed_by":"Champ","ascension_level":12}}