{"host":"wuernuywc9gl215o","time":1612709442,"event":{"mods":["AchievementEnabler","BaseMod","Block Reminder","Highlight Path","Key Reminder","Minty Spire (QoL Compilation)","Permanent Neow","Potion Indicator Mod","Quick Restart","Relic Stats"],"gold_per_floor":[109,122,140,290,290,316,316,334,334,353,378,390,390,425,425,503,503,519,535,549,565,576,576,601,48,48,80,93,93,111,12,12,85,85,105,125,125,50,50,50,50,77,77,94,107,126,146,46,46,46,46,46,46,46,46,46],"floor_reached":55,"language":"ENG","playtime":3506,"items_purged":["Strike_R","Strike_R"],"score":1851,"play_id":"fc5fd76c-1a02-402b-af94-6d64c4799771","local_time":"20210207145042","is_ascension_mode":true,"campfire_choices":[{"data":"Carnage","floor":7.0,"key":"SMITH"},{"data":"Juggernaut","floor":15.0,"key":"SMITH"},{"data":"Dual Wield","floor":23.0,"key":"SMITH"},{"data":"Whirlwind","floor":29.0,"key":"SMITH"},{"data":"Feel No Pain","floor":32.0,"key":"SMITH"},{"floor":40.0,"key":"RECALL"},{"data":"Shockwave","floor":49.0,"key":"SMITH"},{"data":"Fire Breathing","floor":53.0,"key":"SMITH"}],"circlet_count":0,"master_deck":["AscendersBane","Strike_R","Strike_R","Strike_R","Defend_R","Defend_R","Defend_R","Defend_R","Bash","Carnage+1","Shockwave+1","Sword Boomerang","Hemokinesis","Fire Breathing+1","Second Wind","Juggernaut+1","Carnage","Reaper","Pommel Strike","Dual Wield+1","Power Through","Dark Embrace","Armaments","Whirlwind+1","Entrench","Reaper","Power Through+1","Armaments+1","Feel No Pain+1","Feel No Pain","True Grit+1","Demon Form+1","Feel No Pain+1","Disarm+1","Clothesline","Entrench+1"],"relics":["Snecko Eye","Turnip","Pantograph","Meat on the Bone","MealTicket","Blood Vial","Sozu","Orichalcum","Toxic Egg 2","DollysMirror","Vajra","Ornamental Fan","Coffee Dripper","Bronze Scales"],"acts_visited":["Exordium","TheCity","TheBeyond","TheEnding"],"potions_floor_usage":[],"damage_taken":[{"damage":7.0,"enemies":"Jaw Worm","floor":1.0,"turns":2.0},{"damage":0.0,"enemies":"2 Louse","floor":2.0,"turns":1.0},{"damage":8.0,"enemies":"Small Slimes","floor":3.0,"turns":4.0},{"damage":4.0,"enemies":"Gremlin Nob","floor":6.0,"turns":3.0},{"damage":5.0,"enemies":"Gremlin Gang","floor":8.0,"turns":3.0},{"damage":9.0,"enemies":"Red Slaver","floor":10.0,"turns":4.0},{"damage":27.0,"enemies":"Lagavulin","floor":11.0,"turns":5.0},{"damage":6.0,"enemies":"Looter","floor":12.0,"turns":3.0},{"damage":5.0,"enemies":"3 Sentries","floor":14.0,"turns":4.0},{"damage":47.0,"enemies":"The Guardian","floor":16.0,"turns":8.0},{"damage":23.0,"enemies":"Spheric Guardian","floor":18.0,"turns":4.0},{"damage":0.0,"enemies":"Chosen","floor":19.0,"turns":3.0},{"damage":32.0,"enemies":"Snake Plant","floor":20.0,"turns":4.0},{"damage":15.0,"enemies":"3 Cultists","floor":21.0,"turns":4.0},{"damage":2.0,"enemies":"Chosen and Byrds","floor":22.0,"turns":4.0},{"damage":32.0,"enemies":"Slavers","floor":24.0,"turns":5.0},{"damage":25.0,"enemies":"Gremlin Leader","floor":27.0,"turns":6.0},{"damage":2.0,"enemies":"Sentry and Sphere","floor":28.0,"turns":5.0},{"damage":8.0,"enemies":"3 Cultists","floor":30.0,"turns":3.0},{"damage":53.0,"enemies":"Collector","floor":33.0,"turns":11.0},{"damage":21.0,"enemies":"3 Darklings","floor":35.0,"turns":5.0},{"damage":1.0,"enemies":"Orb Walker","floor":36.0,"turns":3.0},{"damage":54.0,"enemies":"Giant Head","floor":42.0,"turns":9.0},{"damage":28.0,"enemies":"Transient","floor":44.0,"turns":6.0},{"damage":0.0,"enemies":"Sphere and 2 Shapes","floor":45.0,"turns":1.0},{"damage":5.0,"enemies":"3 Darklings","floor":46.0,"turns":3.0},{"damage":5.0,"enemies":"4 Shapes","floor":47.0,"turns":4.0},{"damage":54.0,"enemies":"Donu and Deca","floor":50.0,"turns":7.0},{"damage":58.0,"enemies":"Awakened One","floor":51.0,"turns":12.0},{"damage":94,"enemies":"Shield and Spear","floor":55,"turns":5}],"seed_played":"2434447398541841523","potions_obtained":[{"floor":1.0,"key":"EssenceOfSteel"},{"floor":2.0,"key":"GamblersBrew"},{"floor":11.0,"key":"ElixirPotion"},{"floor":12.0,"key":"Swift Potion"},{"floor":16.0,"key":"ElixirPotion"}],"is_trial":false,"path_per_floor":["M","M","M","?","?","E","R","M","T","M","E","M","?","E","R","B",null,"M","M","M","M","M","R","E","$","T","E","M","R","M","$","R","B",null,"M","M","?","$","?","R","?","E","T","M","M","M","M","$","R","B","B",null,"R","$","E"],"character_chosen":"IRONCLAD","items_purchased":["Whirlwind","Entrench","Toxic Egg 2","DollysMirror","Feel No Pain","True Grit+1"],"campfire_rested":0,"item_purchase_floors":[25,25,25,25,31,31],"current_hp_per_floor":[61,61,53,53,53,49,49,44,44,35,8,14,14,21,21,13,60,39,41,28,46,58,58,43,58,58,50,52,52,63,75,75,48,68,73,74,71,71,71,71,71,49,49,40,42,66,71,71,71,71,51,66,66,71,0,0],"gold":46,"neow_bonus":"BOSS_RELIC","is_daily":false,"chose_seed":false,"campfire_upgraded":7,"win_rate":0.0,"timestamp":1612709442,"path_taken":["M","M","M","?","?","E","R","M","T","M","E","M","?","E","R","BOSS","M","?","M","?","?","R","E","$","T","E","M","R","?","?","R","BOSS","M","M","?","$","?","R","?","E","T","M","M","M","M","$","R","BOSS","BOSS","R","$","E"],"items_purchased_type":["Card","Card","Relic","Relic","Card","Card"],"build_version":"2020-12-22","purchased_purges":2,"victory":false,"max_hp_per_floor":[75,75,75,75,75,75,75,75,75,75,75,75,75,75,75,75,75,75,75,75,75,75,75,75,75,75,75,75,75,75,75,75,75,75,75,75,71,71,71,71,71,71,71,71,71,71,71,71,71,71,71,71,71,71,71,71],"relic_stats":{"Blood Vial":32,"Sozu":6,"counters":[30,141],"Ornamental Fan":[80],"Pantograph":25,"Bronze Scales":[129],"Snecko Eye":[248,231,248,254],"MealTicket":32,"Turnip":[19],"Orichalcum":[54],"obtain_stats":[{"Vajra":26,"Orichalcum":24,"Burning Blood":0,"Blood Vial":14,"Sozu":17,"keyreminder:keyreminder":40,"DollysMirror":25,"Ornamental Fan":27,"Pantograph":9,"Bronze Scales":42,"Snecko Eye":0,"MealTicket":13,"Turnip":6,"Coffee Dripper":34,"Toxic Egg 2":25,"Meat on the Bone":11},{"Vajra":16,"Orichalcum":16,"Burning Blood":0,"Blood Vial":9,"Sozu":10,"keyreminder:keyreminder":22,"DollysMirror":16,"Ornamental Fan":17,"Pantograph":5,"Bronze Scales":23,"Snecko Eye":0,"MealTicket":8,"Turnip":4,"Coffee Dripper":20,"Toxic Egg 2":16,"Meat on the Bone":7},{"Vajra":61,"Orichalcum":61,"Burning Blood":0,"Blood Vial":29,"Sozu":37,"keyreminder:keyreminder":94,"DollysMirror":61,"Ornamental Fan":67,"Pantograph":13,"Bronze Scales":103,"Snecko Eye":0,"MealTicket":25,"Turnip":10,"Coffee Dripper":86,"Toxic Egg 2":61,"Meat on the Bone":22}],"Meat on the Bone":48},"card_choices":[{"not_picked":["Armaments","Shockwave"],"picked":"Carnage","floor":1.0},{"not_picked":["Body Slam","Heavy Blade"],"picked":"Shockwave","floor":2.0},{"not_picked":["Thunderclap","Seeing Red"],"picked":"Sword Boomerang","floor":3.0},{"not_picked":["Cleave","Body Slam"],"picked":"Hemokinesis","floor":6.0},{"not_picked":["Infernal Blade","Warcry"],"picked":"Fire Breathing","floor":8.0},{"not_picked":["Wild Strike","Heavy Blade","Warcry"],"picked":"SKIP","floor":10.0},{"not_picked":["True Grit","Havoc"],"picked":"Second Wind","floor":11.0},{"not_picked":["Headbutt","Anger"],"picked":"Juggernaut","floor":12.0},{"not_picked":["Clothesline","Rupture"],"picked":"Carnage","floor":14.0},{"not_picked":["Brutality","Impervious"],"picked":"Reaper","floor":16.0},{"not_picked":["Wild Strike","Havoc+1"],"picked":"Burning Pact","floor":18.0},{"not_picked":["Twin Strike","Thunderclap"],"picked":"Pommel Strike","floor":19.0},{"not_picked":["Anger+1","Second Wind"],"picked":"Dual Wield","floor":20.0},{"not_picked":["Clash","Iron Wave"],"picked":"Power Through","floor":21.0},{"not_picked":["Headbutt","Heavy Blade"],"picked":"Dark Embrace","floor":22.0},{"not_picked":["Pommel Strike","Havoc"],"picked":"Armaments","floor":24.0},{"not_picked":["Heavy Blade","Flex+1"],"picked":"Power Through+1","floor":27.0},{"not_picked":["Battle Trance+1","Flex+1"],"picked":"Armaments+1","floor":28.0},{"not_picked":["Limit Break+1","Bloodletting+1"],"picked":"Feel No Pain","floor":30.0},{"not_picked":["Brutality","Limit Break+1"],"picked":"Demon Form","floor":33.0},{"not_picked":["Rupture","Burning Pact+1"],"picked":"Feel No Pain+1","floor":35.0},{"not_picked":["Shrug It Off+1","Whirlwind"],"picked":"Disarm+1","floor":36.0},{"not_picked":["Twin Strike","Sever Soul+1","Infernal Blade+1"],"picked":"SKIP","floor":42.0},{"not_picked":["Combust","Heavy Blade","Blood for Blood"],"picked":"SKIP","floor":44.0},{"not_picked":["Perfected Strike+1","Pommel Strike","Iron Wave+1"],"picked":"SKIP","floor":45.0},{"not_picked":["Perfected Strike","Warcry+1"],"picked":"Clothesline","floor":46.0},{"not_picked":["Twin Strike","Perfected Strike+1"],"picked":"Entrench+1","floor":47.0}],"player_experience":849453,"relics_obtained":[{"floor":6.0,"key":"Turnip"},{"floor":9.0,"key":"Pantograph"},{"floor":11.0,"key":"Meat on the Bone"},{"floor":14.0,"key":"Blood Vial"},{"floor":24.0,"key":"Orichalcum"},{"floor":26.0,"key":"Vajra"},{"floor":27.0,"key":"Ornamental Fan"},{"floor":42.0,"key":"Bronze Scales"}],"event_choices":[{"damage_healed":0.0,"max_hp_gain":0.0,"max_hp_loss":0.0,"gold_gain":150.0,"event_name":"Liars Game","player_choice":"AGREE","floor":4.0,"gold_loss":0.0,"damage_taken":0.0,"cards_obtained":["Doubt"]},{"cards_removed":["Doubt"],"damage_healed":0.0,"max_hp_gain":0.0,"max_hp_loss":0.0,"gold_gain":0.0,"event_name":"Living Wall","player_choice":"Forget","floor":5.0,"gold_loss":0.0,"damage_taken":0.0},{"damage_healed":0.0,"max_hp_gain":0.0,"max_hp_loss":0.0,"gold_gain":0.0,"event_name":"WeMeetAgain","player_choice":"Gave Potion","floor":13.0,"gold_loss":0.0,"damage_taken":0.0,"relics_obtained":["MealTicket"]},{"damage_healed":0.0,"max_hp_gain":0.0,"max_hp_loss":4.0,"gold_gain":0.0,"event_name":"Winding Halls","player_choice":"Max HP","floor":37.0,"gold_loss":0.0,"damage_taken":0.0},{"cards_removed":["Burning Pact"],"damage_healed":0.0,"max_hp_gain":0.0,"max_hp_loss":0.0,"gold_gain":0.0,"event_name":"Falling","player_choice":"Removed Skill","floor":39.0,"gold_loss":0.0,"damage_taken":0.0},{"damage_healed":0.0,"max_hp_gain":0.0,"max_hp_loss":0.0,"gold_gain":0.0,"event_name":"Upgrade Shrine","player_choice":"Upgraded","floor":41.0,"gold_loss":0.0,"damage_taken":0.0,"cards_upgraded":["Demon Form"]}],"is_beta":false,"boss_relics":[{"not_picked":["Fusion Hammer","Empty Cage"],"picked":"Sozu"},{"not_picked":["Cursed Key","Runic Cube"],"picked":"Coffee Dripper"}],"items_purged_floors":[38,48],"is_endless":false,"potions_floor_spawned":[1,2,11,12,16,22,24,28,36,42,46],"killed_by":"Shield and Spear","ascension_level":20}}