{"host":"djoj10dqzzvtkauc","time":1612704319,"event":{"mods":["2.2 Compatiblity","BaseMod","Colored Map","DeckTracker","Highlight Path","Keyboard Shortcuts","Marisa£¨Ùöéë¡¡Øª×âÞÞ£©","Minty Spire (QoL Compilation)","Permanent Neow","Quick Restart","Random Character Button","StSLib","SuperFastMode","everything is the same but u backflip on backflip"],"gold_per_floor":[113,130,6,6,6,6,31,31,108,126,126,301,319,338,338,435,435,450,63,63,14,14,14,14,45,92,92,162,162,179,193,193,290,290,301,301,301],"floor_reached":36,"language":"KOR","playtime":5011,"items_purged":["Strike_G"],"score":541,"play_id":"1718d93f-4ba4-4152-a5b7-4916e8b04cd0","local_time":"20210207222519","is_ascension_mode":true,"campfire_choices":[{"floor":6,"key":"REST"},{"data":"Malaise","floor":8,"key":"SMITH"},{"floor":11,"key":"REST"},{"floor":15,"key":"REST"},{"data":"Bouncing Flask","floor":23,"key":"SMITH"},{"data":"Dash","floor":27,"key":"SMITH"},{"data":"Footwork","floor":29,"key":"SMITH"},{"data":"Outmaneuver","floor":32,"key":"SMITH"}],"circlet_count":0,"master_deck":["Strike_G","Strike_G","Strike_G","Defend_G","Defend_G","Defend_G","Defend_G","Defend_G","Survivor","Neutralize","Leg Sweep","PiercingWail","Slice","Bouncing Flask+1","Malaise+1","Terror","Backflip","Deflect","Night Terror","Dagger Spray+1","PiercingWail","Footwork+1","Dash+1","Ghostly","Ghostly","Ghostly","Ghostly","Ghostly","PiercingWail","Dodge and Roll+1","Outmaneuver+1","Backstab","Bullet Time","CurseOfTheBell","Well Laid Plans+1"],"relics":["Ring of the Snake","Omamori","Mummified Hand","Vajra","Letter Opener","Coffee Dripper","Tiny Chest","MutagenicStrength","Ornamental Fan","Juzu Bracelet","Dream Catcher","White Beast Statue","Calling Bell","Happy Flower","Darkstone Periapt","Shovel"],"acts_visited":["Exordium","TheCity","TheBeyond"],"potions_floor_usage":[7,14,14,14,16,33,33,33],"damage_taken":[{"damage":0,"enemies":"2 Louse","floor":1,"turns":4},{"damage":9,"enemies":"Jaw Worm","floor":2,"turns":7},{"damage":19,"enemies":"Gremlin Nob","floor":7,"turns":4},{"damage":6,"enemies":"Small Slimes","floor":10,"turns":4},{"damage":1,"enemies":"Blue Slaver","floor":13,"turns":4},{"damage":8,"enemies":"3 Louse","floor":14,"turns":4},{"damage":38,"enemies":"Hexaghost","floor":16,"turns":11},{"damage":13,"enemies":"Shell Parasite","floor":18,"turns":6},{"damage":4,"enemies":"Book of Stabbing","floor":25,"turns":8},{"damage":1,"enemies":"Spheric Guardian","floor":30,"turns":8},{"damage":0,"enemies":"3 Cultists","floor":31,"turns":5},{"damage":19,"enemies":"Champ","floor":33,"turns":19},{"damage":11,"enemies":"Orb Walker","floor":35,"turns":5},{"damage":5,"enemies":"3 Darklings","floor":36,"turns":7}],"seed_played":"-4872691356250742353","potions_obtained":[{"floor":2,"key":"Explosive Potion"},{"floor":7,"key":"EntropicBrew"},{"floor":10,"key":"BlessingOfTheForge"},{"floor":18,"key":"DuplicationPotion"},{"floor":30,"key":"GhostInAJar"},{"floor":31,"key":"Poison Potion"},{"floor":33,"key":"DuplicationPotion"},{"floor":35,"key":"BlessingOfTheForge"}],"is_trial":false,"path_per_floor":["M","M","$","?","?","R","E","R","T","M","R","?","M","M","R","B",null,"M","$","?","$","?","R","?","E","T","R","T","R","M","M","R","B",null,"M","M"],"character_chosen":"THE_SILENT","items_purchased":["Slice","Bouncing Flask","PiercingWail","Footwork","Dash","Tiny Chest","PiercingWail"],"campfire_rested":3,"item_purchase_floors":[3,3,19,19,19,19,21],"current_hp_per_floor":[63,54,54,47,29,50,31,31,31,25,46,46,45,37,58,20,58,45,45,35,35,35,35,35,31,31,31,31,31,30,30,30,11,29,18,13,13],"gold":301,"neow_bonus":"RANDOM_COMMON_RELIC","is_daily":false,"chose_seed":false,"campfire_upgraded":5,"win_rate":0.0,"timestamp":1612704319,"path_taken":["M","M","$","?","?","R","E","R","T","M","R","?","M","M","R","BOSS","M","$","?","$","?","R","?","E","T","R","?","R","M","M","R","BOSS","M","M"],"items_purchased_type":["Card","Card","Card","Card","Card","Relic","Card"],"build_version":"2020-12-22","purchased_purges":1,"victory":false,"max_hp_per_floor":[70,70,70,70,70,70,70,70,70,70,70,70,70,70,70,70,70,70,70,35,35,35,35,35,35,35,35,35,35,35,35,35,35,35,35,35,35],"card_choices":[{"not_picked":["Bane","Infinite Blades"],"picked":"Leg Sweep","floor":1},{"not_picked":["Flying Knee","Deadly Poison"],"picked":"PiercingWail","floor":2},{"not_picked":["Deflect","Deadly Poison"],"picked":"Malaise","floor":7},{"not_picked":["Eviscerate","Bane"],"picked":"Terror","floor":10},{"not_picked":["Bane","Outmaneuver"],"picked":"Backflip","floor":13},{"not_picked":["Bane","Reflex"],"picked":"Deflect","floor":14},{"not_picked":["Storm of Steel","A Thousand Cuts"],"picked":"Night Terror","floor":16},{"not_picked":["Distraction+1","Underhanded Strike+1"],"picked":"Dagger Spray+1","floor":18},{"not_picked":["Sucker Punch","Cloak And Dagger+1"],"picked":"Dodge and Roll+1","floor":25},{"not_picked":["Reflex","Finisher"],"picked":"Outmaneuver","floor":30},{"not_picked":["Sucker Punch+1","Tactician"],"picked":"Backstab","floor":31},{"not_picked":["Malaise","Venomology"],"picked":"Bullet Time","floor":33},{"not_picked":["Accuracy","Flying Knee+1"],"picked":"Well Laid Plans+1","floor":35}],"player_experience":182879,"relics_obtained":[{"floor":7,"key":"Vajra"},{"floor":9,"key":"Letter Opener"},{"floor":25,"key":"Juzu Bracelet"},{"floor":26,"key":"Dream Catcher"},{"floor":28,"key":"White Beast Statue"},{"floor":34,"key":"Happy Flower"},{"floor":34,"key":"Darkstone Periapt"},{"floor":34,"key":"Shovel"}],"event_choices":[{"cards_removed":["Strike_G"],"damage_healed":0,"gold_gain":0,"player_choice":"Card Removal","damage_taken":7,"max_hp_gain":0,"max_hp_loss":0,"event_name":"Golden Wing","floor":4,"gold_loss":0},{"damage_healed":0,"gold_gain":0,"player_choice":"Success","damage_taken":18,"relics_obtained":["Mummified Hand"],"max_hp_gain":0,"max_hp_loss":0,"event_name":"Scrap Ooze","floor":5,"gold_loss":0},{"damage_healed":0,"gold_gain":175,"player_choice":"AGREE","damage_taken":0,"max_hp_gain":0,"max_hp_loss":0,"event_name":"Liars Game","floor":12,"gold_loss":0,"cards_obtained":["Doubt"]},{"damage_healed":0,"gold_gain":0,"player_choice":"Became a Ghost","damage_taken":0,"max_hp_gain":0,"max_hp_loss":35,"event_name":"Ghosts","floor":20,"gold_loss":0,"cards_obtained":["Ghostly","Ghostly","Ghostly","Ghostly","Ghostly"]},{"damage_healed":0,"gold_gain":0,"player_choice":"Inject Mutagens","damage_taken":0,"relics_obtained":["MutagenicStrength"],"max_hp_gain":0,"max_hp_loss":0,"event_name":"Drug Dealer","floor":22,"gold_loss":0},{"damage_healed":0,"gold_gain":0,"player_choice":"Stole Relic","damage_taken":0,"relics_obtained":["Ornamental Fan"],"max_hp_gain":0,"max_hp_loss":0,"event_name":"Addict","floor":24,"gold_loss":0,"cards_obtained":["Shame"]}],"is_beta":false,"boss_relics":[{"not_picked":["HoveringKite","Runic Pyramid"],"picked":"Coffee Dripper"},{"not_picked":["Sozu","Tiny House"],"picked":"Calling Bell"}],"items_purged_floors":[19],"is_endless":false,"potions_floor_spawned":[2,7,10,18,30,31,33,35],"killed_by":"3 Darklings","ascension_level":6}}