{"host":"oe6yjh9x9s1jtd6c","time":1612662927,"event":{"mods":["Act Like it!","BaseMod","Downfall","Hubris","Jorbs\u0027s Wanderer Trilogy","Minty Spire (QoL Compilation)","Permanent Neow","Relic Stats","Replay The Spire","Shop Mod","StSLib","The Jungle"],"gold_per_floor":[361,361,361,284,284,284,317,317],"floor_reached":7,"language":"ENG","playtime":404,"items_purged":[],"score":71,"play_id":"8ed22d3d-3597-47db-9902-ae1b2ecaeafb","local_time":"20210207015527","is_ascension_mode":true,"campfire_choices":[{"data":"BowlingBash","floor":6.0,"key":"SMITH"}],"circlet_count":0,"master_deck":["AscendersBane","Strike_P","Strike_P","Strike_P","Defend_P","Defend_P","Defend_P","Defend_P","Eruption","Vigilance","InnerPeace","BowlingBash+1","FollowUp"],"relics":["PureWater","hubris:Towel","champ:DeflectingBracers"],"acts_visited":["Exordium"],"potions_floor_usage":[],"damage_taken":[{"damage":2.0,"enemies":"Jaw Worm","floor":1.0,"turns":5.0},{"damage":15,"enemies":"Lagavulin","floor":7,"turns":7}],"seed_played":"3418434719803839544","potions_obtained":[{"floor":1.0,"key":"Fruit Juice"}],"is_trial":false,"path_per_floor":["M","?","?","$","?","R","E"],"character_chosen":"WATCHER","items_purchased":["BowlingBash","FollowUp"],"campfire_rested":0,"item_purchase_floors":[4,4],"current_hp_per_floor":[63,63,63,63,56,56,41,41],"gold":317,"neow_bonus":"TWO_FIFTY_GOLD","is_daily":false,"chose_seed":false,"campfire_upgraded":1,"win_rate":0.0,"timestamp":1612662927,"path_taken":["M","?","?","$","?","R","E"],"items_purchased_type":["Card","Card"],"build_version":"2020-12-22","purchased_purges":0,"victory":false,"max_hp_per_floor":[72,72,72,72,72,72,72,72],"relic_stats":{"counters":[2,12],"obtain_stats":[{"champ:DeflectingBracers":7,"PureWater":0,"hubris:Towel":2},{"champ:DeflectingBracers":2,"PureWater":0,"hubris:Towel":1},{"champ:DeflectingBracers":12,"PureWater":0,"hubris:Towel":5}]},"card_choices":[{"not_picked":["JustLucky","Crescendo"],"picked":"InnerPeace","floor":1.0}],"player_experience":633936,"relics_obtained":[{"floor":7,"key":"champ:DeflectingBracers"}],"event_choices":[{"cards_removed":["downfall:Bewildered"],"damage_healed":0.0,"max_hp_gain":0.0,"max_hp_loss":0.0,"gold_gain":0.0,"event_name":"Living Wall","player_choice":"Forget","floor":3.0,"gold_loss":0.0,"damage_taken":0.0},{"cards_removed":["Strike_P"],"damage_healed":0.0,"max_hp_gain":0.0,"max_hp_loss":0.0,"gold_gain":0.0,"event_name":"Golden Wing","player_choice":"Card Removal","floor":5.0,"gold_loss":0.0,"damage_taken":7.0}],"is_beta":false,"boss_relics":[],"items_purged_floors":[],"is_endless":false,"potions_floor_spawned":[1],"killed_by":"Lagavulin","ascension_level":10}}