{"host":"yrtk68ixj64vhhh3","time":1612676931,"event":{"mods":["AchievementEnabler","Aspiration","BaseMod","Better Altar","Better Match","Better Silent Start","Colored Map","Colored Powertips","Conspire","Dio Mod","Downfall","Energized Spire","Hubris","Infinite Spire","Minty Spire (QoL Compilation)","Prisma Mod","RNG Fix","StSLib","Steal the Spire","Td1madao Mod","The Animator","The Poker Player","The Wild Card","TheBandit","TheHero"],"gold_per_floor":[112,112,122,139,139,139,172,189,189,215,235,262,262,279,279,381,381,398,398,155,196,262,345,345,445,445,670,499,499,499,585,585,689,689,700,297,360,360,370,426,426,476,476],"floor_reached":42,"language":"ENG","playtime":4516,"items_purged":[],"score":639,"play_id":"61c02b31-0555-4ff4-b220-ab8836d90cf7","local_time":"20210207184851","is_ascension_mode":true,"campfire_choices":[{"floor":6,"key":"RECALL"},{"floor":15,"key":"REST"},{"floor":24,"key":"REST"},{"data":"infinitespire:TheBestDefense","floor":29,"key":"SMITH"},{"floor":32,"key":"REST"},{"data":"infinitespire:Oblivion","floor":41,"key":"SMITH"}],"circlet_count":0,"master_deck":["PrismaMod:MiyuCommonDefend","PrismaMod:MiyuCommonDefend","PrismaMod:MiyuCommonDefend","PrismaMod:MiyuCommonDefend","PrismaMod:MiyuCommonDefend","PrismaMod:MiyuCommonAttack","PrismaMod:MiyuCommonAttack","PrismaMod:MiyuCommonAttack+1","PrismaMod:MiyuCommonAttack+1","PrismaMod:MiyuCommonAttack","PrismaMod:MiyuCheapChannelAttack","PrismaMod:MiyuCheapChannelDefend","PrismaMod:MiyuUberAttack","PrismaMod:MiyuAttackChannelVul","PrismaMod:MiyuDevil","PrismaMod:MiyuCommonAOEAttack","PrismaMod:MiyuUberAOEAttack","PrismaMod:MiyuCarnivalDefend","PrismaMod:MiyuDefenseExplosion","PrismaMod:MiyuChristmas","infinitespire:Collect+1","PrismaMod:MiyuEvokeAll","PrismaMod:MiyuDefenseAbsorbMinor","CurseOfTheBell","PrismaMod:MiyuEvokeBuffStr+1","infinitespire:Oblivion+1","infinitespire:TheBestDefense+1","PrismaMod:MiyuEvokeBuffStr","PrismaMod:MiyuUncommonDexBuff","PrismaMod:MiyuUncommonAttack+1","PrismaMod:MiyuUberAttack+1","PrismaMod:MiyuUberDefend","PrismaMod:MiyuCheapAttack1","PrismaMod:MiyuEvokeBuffDex","PrismaMod:MiyuEvokeAllAttack","PrismaMod:MiyuCheapStrBuff","PrismaMod:MiyuEvokeCheapAttack","Slimebound:CheckThePlaybook","PrismaMod:MiyuUncommonAOEAttack","PrismaMod:MiyuDefendChannelDefend","PrismaMod:MiyuUberAOEAttack","PrismaMod:MiyuCarnivalAttack","PrismaMod:MiyuUncommonDexBuff","PrismaMod:MiyuOrbIncreasePerm","PrismaMod:MiyuCheapChannelHeal+1","PrismaMod:MiyuCheapPlate+1"],"relics":["PrismaMod:PrismaSapphireUpgrade","aspiration:DSix","hubris:OldNail","Thread and Needle","Regal Pillow","Calling Bell","Omamori","Ornamental Fan","Dead Branch","MealTicket","aspiration:Nostalgia","theWildCard:VelvetContract","Pen Nib","hubris:PeanutButter","hubris:BundleOfHerbs","Shuriken","hubris:64BitClover","Pear"],"acts_visited":["Exordium","TheCity","TheBeyond"],"potions_floor_usage":[16,23,23,23,27,39,39],"damage_taken":[{"damage":0,"enemies":"Cultist","floor":1,"turns":4},{"damage":3,"enemies":"Small Slimes","floor":3,"turns":4},{"damage":3,"enemies":"2 Louse","floor":4,"turns":3},{"damage":25,"enemies":"Lagavulin","floor":7,"turns":7},{"damage":0,"enemies":"Blue Slaver","floor":8,"turns":4},{"damage":3,"enemies":"3 Sentries","floor":10,"turns":6},{"damage":0,"enemies":"3 Louse","floor":11,"turns":2},{"damage":26,"enemies":"Gremlin Nob","floor":12,"turns":5},{"damage":0,"enemies":"Exordium Thugs","floor":14,"turns":3},{"damage":0,"enemies":"Slime Boss","floor":16,"turns":8},{"damage":0,"enemies":"Spheric Guardian","floor":18,"turns":3},{"damage":8,"enemies":"Chosen","floor":21,"turns":5},{"damage":18,"enemies":"Snake Plant","floor":22,"turns":6},{"damage":16,"enemies":"conspire:SneckoGhost","floor":23,"turns":10},{"damage":20,"enemies":"Gremlin Leader","floor":25,"turns":8},{"damage":4,"enemies":"Colosseum Slavers","floor":27,"turns":6},{"damage":14,"enemies":"Colosseum Nobs","floor":27,"turns":5},{"damage":0,"enemies":"Sentry and Sphere","floor":31,"turns":5},{"damage":72,"enemies":"hubris:MusketHawk","floor":33,"turns":11},{"damage":0,"enemies":"Orb Walker","floor":35,"turns":4},{"damage":0,"enemies":"3 Shapes","floor":37,"turns":3},{"damage":11,"enemies":"Maw","floor":39,"turns":7},{"damage":0,"enemies":"Nemesis","floor":40,"turns":9},{"damage":107,"enemies":"Giant Head","floor":42,"turns":10}],"seed_played":"7932418663316903282","potions_obtained":[{"floor":1,"key":"sneckomod:MuddlingPotion"},{"floor":7,"key":"DistilledChaos"},{"floor":11,"key":"SmokeBomb"},{"floor":12,"key":"Guardian:BlockOnCardUsePotion"},{"floor":16,"key":"Strength Potion"},{"floor":21,"key":"bronze:BurnAndBuffPotion"},{"floor":22,"key":"Swift Potion"},{"floor":23,"key":"ColorlessPotion"},{"floor":33,"key":"ColorlessPotion"},{"floor":35,"key":"DuplicationPotion"},{"floor":37,"key":"Strength Potion"}],"is_trial":false,"path_per_floor":["M","?","M","M","?","R","E","M","T","E","M","E","?","M","R","B",null,"M","AVR","$","M","M","E","R","E","T","?","$","R","?","M","R","B",null,"M","$","M","?","M","E","R","E"],"character_chosen":"MIYU","items_purchased":["aspiration:Nostalgia","PrismaMod:MiyuEvokeBuffStr","PrismaMod:MiyuUncommonDexBuff","PrismaMod:MiyuEvokeAllAttack","PrismaMod:MiyuCheapStrBuff","PrismaMod:MiyuEvokeCheapAttack","hubris:64BitClover","PrismaMod:MiyuCarnivalAttack","PrismaMod:MiyuUncommonDexBuff"],"campfire_rested":3,"item_purchase_floors":[20,20,20,28,28,28,36,36,36],"current_hp_per_floor":[75,60,61,62,62,62,41,45,45,46,46,24,5,9,46,50,75,75,75,75,71,57,49,75,55,55,53,68,68,42,50,75,20,75,75,75,75,75,64,84,84,0,0],"gold":476,"neow_bonus":"DSIX","is_daily":false,"chose_seed":false,"campfire_upgraded":2,"win_rate":0.0,"timestamp":1612676931,"path_taken":["M","?","?","M","?","R","E","M","T","E","?","E","?","M","R","BOSS","M","AVR","?","M","M","E","R","E","T","?","$","R","?","M","R","BOSS","M","$","M","?","M","E","R","E"],"items_purchased_type":["Relic","Card","Card","Card","Card","Card","Relic","Card","Card"],"build_version":"2020-12-22","purchased_purges":0,"victory":false,"max_hp_per_floor":[75,75,75,75,75,75,75,75,75,75,75,75,75,75,75,75,75,75,75,75,75,75,75,75,75,75,75,75,75,75,75,75,75,75,75,75,75,75,75,85,85,85,85],"card_choices":[{"not_picked":["PrismaMod:MiyuAttackChannelWeak","PrismaMod:MiyuCheapDefend1"],"picked":"PrismaMod:MiyuUberAttack","floor":1},{"not_picked":["PrismaMod:MiyuCheapAttack2","PrismaMod:MiyuCheapChannelVul"],"picked":"PrismaMod:MiyuAttackChannelVul","floor":3},{"not_picked":["PrismaMod:MiyuCheapChannelDefend","PrismaMod:MiyuCommonAOEAttack"],"picked":"PrismaMod:MiyuDevil","floor":4},{"not_picked":["PrismaMod:MiyuCheapChannelRandom","PrismaMod:MiyuDevil"],"picked":"PrismaMod:MiyuCommonAOEAttack","floor":7},{"not_picked":["PrismaMod:MiyuEvokeCheapAttack","PrismaMod:MiyuCheapAttack1"],"picked":"PrismaMod:MiyuUberAOEAttack","floor":8},{"not_picked":["PrismaMod:MiyuCommonAOEAttack","PrismaMod:MiyuCheapAttack1"],"picked":"PrismaMod:MiyuCarnivalDefend","floor":10},{"not_picked":["PrismaMod:MiyuDevil","PrismaMod:MiyuCheapEvoke"],"picked":"PrismaMod:MiyuDefenseExplosion","floor":11},{"not_picked":["PrismaMod:MiyuCheapChannelWeak","PrismaMod:MiyuCheapAttack2"],"picked":"PrismaMod:MiyuChristmas","floor":12},{"not_picked":["infinitespire:SealOfDarkness+","infinitespire:NeuralNetwork"],"picked":"infinitespire:Collect","floor":13},{"not_picked":["PrismaMod:MiyuCheapEvoke","PrismaMod:MiyuUberAOEAttack"],"picked":"PrismaMod:MiyuEvokeAll","floor":14},{"not_picked":["PrismaMod:MiyuCarnivalDefend","PrismaMod:MiyuEvokeAllDefend"],"picked":"PrismaMod:MiyuDefenseAbsorbMinor","floor":16},{"not_picked":["PrismaMod:MiyuAttackChannelAttack","PrismaMod:MiyuUncommonAttack+1"],"picked":"PrismaMod:MiyuEvokeBuffStr+1","floor":18},{"not_picked":["PrismaMod:MiyuCommonAOEAttack","PrismaMod:MiyuCheapChannelWeak"],"picked":"PrismaMod:MiyuUncommonAttack+1","floor":21},{"not_picked":["PrismaMod:MiyuUberAOEAttack","PrismaMod:MiyuCheapChannelVul"],"picked":"PrismaMod:MiyuUberAttack+1","floor":22},{"not_picked":["PrismaMod:MiyuEvokeBuffStr+1","PrismaMod:MiyuUncommonStrBuff"],"picked":"PrismaMod:MiyuUberDefend","floor":23},{"not_picked":["PrismaMod:MiyuDevil","PrismaMod:MiyuUncommonDexBuff"],"picked":"PrismaMod:MiyuCheapAttack1","floor":25},{"not_picked":["PrismaMod:MiyuEvokeBuffStr+1","PrismaMod:MiyuDefenseExplosion"],"picked":"PrismaMod:MiyuEvokeBuffDex","floor":27},{"not_picked":["PrismaMod:MiyuEvokeCheapAttack","PrismaMod:MiyuCheapAttack2"],"picked":"PrismaMod:MiyuUncommonAOEAttack","floor":31},{"not_picked":["PrismaMod:MiyuBride","PrismaMod:MiyuEvokeAllDefend"],"picked":"PrismaMod:MiyuDefendChannelDefend","floor":33},{"not_picked":["PrismaMod:MiyuEvokeBuffStr","PrismaMod:MiyuEvokeAll"],"picked":"PrismaMod:MiyuUberAOEAttack","floor":35},{"not_picked":["PrismaMod:MiyuCheapChannelVul","PrismaMod:MiyuAttackChannelVul"],"picked":"PrismaMod:MiyuOrbIncreasePerm","floor":37},{"not_picked":["PrismaMod:MiyuEvokeBuffDex","PrismaMod:MiyuUncommonStrBuff+1"],"picked":"PrismaMod:MiyuCheapChannelHeal+1","floor":39},{"not_picked":["PrismaMod:MiyuCheapDexBuff","PrismaMod:MiyuUncommonDexBuff+1"],"picked":"PrismaMod:MiyuCheapPlate+1","floor":40}],"player_experience":729945,"relics_obtained":[{"floor":7,"key":"hubris:OldNail"},{"floor":10,"key":"Thread and Needle"},{"floor":12,"key":"Regal Pillow"},{"floor":17,"key":"Omamori"},{"floor":17,"key":"Ornamental Fan"},{"floor":17,"key":"Dead Branch"},{"floor":23,"key":"Pen Nib"},{"floor":25,"key":"hubris:PeanutButter"},{"floor":27,"key":"hubris:BundleOfHerbs"},{"floor":27,"key":"Shuriken"},{"floor":40,"key":"Pear"}],"event_choices":[{"damage_healed":0,"gold_gain":0,"player_choice":"Entered Light","damage_taken":15,"max_hp_gain":0,"max_hp_loss":0,"event_name":"Shining Light","floor":2,"gold_loss":0,"cards_upgraded":["PrismaMod:MiyuCommonAttack","PrismaMod:MiyuCommonAttack"]},{"damage_healed":0,"gold_gain":0,"player_choice":"Disagree","damage_taken":0,"max_hp_gain":0,"max_hp_loss":0,"event_name":"conspire:LoneGhost","floor":5,"gold_loss":0},{"damage_healed":0,"gold_gain":0,"player_choice":"Fight","damage_taken":0,"max_hp_gain":0,"max_hp_loss":0,"event_name":"Colosseum","floor":27,"gold_loss":0},{"damage_healed":0,"gold_gain":0,"player_choice":"Fought Nobs","damage_taken":0,"max_hp_gain":0,"max_hp_loss":0,"event_name":"Colosseum","floor":27,"gold_loss":0}],"is_beta":false,"boss_relics":[{"not_picked":["conspire:SlowCooker","SlaversCollar"],"picked":"Calling Bell"},{"not_picked":["hubris:CrackedHourglass","aspiration:PoetsPen_weak"],"picked":"PrismaMod:PrismaSapphireUpgrade"}],"items_purged_floors":[],"is_endless":false,"potions_floor_spawned":[1,7,11,12,16,21,22,23,33,35,37],"killed_by":"Giant Head","ascension_level":1}}