{"host":"hf83sijwe64ts2lm","time":1612666508,"event":{"mods":["2.2 Compatiblity","BaseMod","Better Altar","Better Match","Better Note","Better Sensory Stone","Better Skull","Better Third Choice","Colored Map","Colored Powertips","Highlight Path","Hubris","Infinite Spire","Minty Spire (QoL Compilation)","Quick Restart","Rare Cards Sparkle","Relic Stats","Reliquary","Replay The Spire","Shop Mod","Spicy Shops","Spire Arcade","StSLib","Thieving Mod"],"gold_per_floor":[118,135,135,135,135,135,155,155,179,198,221,236,236,252,252,371,371,386,409,422,71,71,71],"floor_reached":22,"language":"ENG","playtime":454,"items_purged":[],"score":225,"play_id":"4a5a39a1-f81e-485d-9aa7-37712a6d1697","local_time":"20210206215508","is_ascension_mode":true,"campfire_choices":[{"floor":6,"key":"REST"},{"data":"Rupture","floor":8,"key":"SMITH"},{"floor":15,"key":"REST"}],"circlet_count":0,"master_deck":["Strike_R","Strike_R","Strike_R","Strike_R","Strike_R","Defend_R+1","Defend_R","Defend_R+1","Defend_R","Bash","Combust","Wild Strike","Rupture+1","Injury","Evolve","Heavy Blade","ReplayTheSpireMod:Muscle Training","Fire Breathing","hubris:StunningStrike","Feed","Replay:Undeath\u0027s Touch","ReplayTheSpireMod:Stacked","Wild Strike","hubris:CleavingFinish","hubris:CleavingFinish"],"relics":["Burning Blood","Golden Idol","hubris:Towel","Bag of Marbles","hubris:ScarierMask","Torii"],"acts_visited":["Exordium","TheCity"],"potions_floor_usage":[7,11,16,20,22],"damage_taken":[{"damage":5,"enemies":"Cultist","floor":1,"turns":4},{"damage":12,"enemies":"Small Slimes","floor":2,"turns":3},{"damage":1,"enemies":"2 Louse","floor":7,"turns":2},{"damage":17,"enemies":"Blue Slaver","floor":10,"turns":4},{"damage":23,"enemies":"3 Louse","floor":11,"turns":3},{"damage":27,"enemies":"Large Slime","floor":12,"turns":5},{"damage":21,"enemies":"Blue Slaver","floor":14,"turns":4},{"damage":9,"enemies":"Fading Forest","floor":16,"turns":11},{"damage":44,"enemies":"Shell Parasite","floor":18,"turns":5},{"damage":35,"enemies":"Spheric Guardian","floor":19,"turns":5},{"damage":7,"enemies":"Cultist and Chosen","floor":20,"turns":5},{"damage":16,"enemies":"Centurion and Healer","floor":22,"turns":4}],"seed_played":"-8653204036905742723","potions_obtained":[{"floor":1,"key":"FearPotion"},{"floor":10,"key":"infinitespire:BlackPotion"},{"floor":12,"key":"LifebloodPotion"},{"floor":16,"key":"Elixir"},{"floor":19,"key":"SkillPotion"},{"floor":20,"key":"Milkshake"}],"is_trial":false,"path_per_floor":["M","M","?","?","?","R","M","R","T","M","M","M","?","M","R","B",null,"M","M","M","$","M"],"character_chosen":"IRONCLAD","items_purchased":["Torii","hubris:CleavingFinish"],"campfire_rested":2,"item_purchase_floors":[21,21],"current_hp_per_floor":[80,74,74,58,58,80,80,80,80,69,62,41,65,50,74,77,79,41,12,11,11,0,0],"gold":71,"neow_bonus":"THREE_CARDS","is_daily":false,"chose_seed":false,"campfire_upgraded":1,"win_rate":0.0,"timestamp":1612666508,"path_taken":["M","M","?","?","?","R","M","R","T","M","M","M","?","M","R","BOSS","M","M","M","$","M"],"items_purchased_type":["Relic","Card"],"build_version":"2020-12-22","purchased_purges":0,"victory":false,"max_hp_per_floor":[80,80,80,80,80,80,80,80,80,80,80,80,80,80,80,80,80,80,80,80,80,80,80],"relic_stats":{"Torii":0,"counters":[12,55],"Golden Idol":54,"obtain_stats":[{"Torii":21,"Golden Idol":3,"hubris:ScarierMask":17,"Bag of Marbles":9,"hubris:Towel":5,"Burning Blood":0},{"Torii":11,"Golden Idol":2,"hubris:ScarierMask":8,"Bag of Marbles":3,"hubris:Towel":2,"Burning Blood":0},{"Torii":51,"Golden Idol":7,"hubris:ScarierMask":36,"Bag of Marbles":9,"hubris:Towel":7,"Burning Blood":0}],"Burning Blood":60},"card_choices":[{"not_picked":["Clothesline","Shrug It Off"],"picked":"Combust","floor":0},{"not_picked":["Havoc","Evolve"],"picked":"Wild Strike","floor":1},{"not_picked":["ReplayTheSpireMod:Corrosion Curse","Replay:Undeath\u0027s Touch"],"picked":"Rupture","floor":2},{"not_picked":["Dark Embrace","Shrug It Off"],"picked":"Evolve","floor":7},{"not_picked":["Pommel Strike","Exhume"],"picked":"Heavy Blade","floor":10},{"not_picked":["Dual Wield","Metallicize"],"picked":"ReplayTheSpireMod:Muscle Training","floor":11},{"not_picked":["Pommel Strike","Anger"],"picked":"Fire Breathing","floor":12},{"not_picked":["Dropkick","Sword Boomerang"],"picked":"hubris:StunningStrike","floor":14},{"not_picked":["Exhume","Corruption"],"picked":"Feed","floor":16},{"not_picked":["Perfected Strike","hubris:ReadiedAction"],"picked":"Replay:Undeath\u0027s Touch","floor":18},{"not_picked":["Combust","Twin Strike"],"picked":"ReplayTheSpireMod:Stacked","floor":19},{"not_picked":["Combust","Perfected Strike"],"picked":"Wild Strike","floor":20}],"player_experience":153511,"relics_obtained":[{"floor":9,"key":"Bag of Marbles"}],"event_choices":[{"damage_healed":0,"gold_gain":0,"player_choice":"Take Wound","damage_taken":0,"relics_obtained":["Golden Idol"],"max_hp_gain":0,"max_hp_loss":0,"event_name":"Golden Idol","floor":3,"gold_loss":0,"cards_obtained":["Injury"]},{"damage_healed":74,"gold_gain":0,"player_choice":"Upgrade","damage_taken":16,"max_hp_gain":0,"max_hp_loss":80,"event_name":"betterThird:BetterShining","floor":4,"gold_loss":0,"cards_upgraded":["Defend_R","Defend_R"]}],"is_beta":false,"boss_relics":[{"not_picked":["Snecko Eye","ReplayTheSpireMod:DimensionalGlitch"],"picked":"hubris:ScarierMask"}],"items_purged_floors":[],"is_endless":false,"potions_floor_spawned":[1,10,12,16,19,20],"killed_by":"Centurion and Healer","ascension_level":5}}