{"host":"vx9g5eyuglzorf3u","time":1612674089,"event":{"mods":["2.2 Compatiblity","BaseMod","DeckTracker","Keyboard Shortcuts","Minty Spire (QoL Compilation)","Relic Stats","StSLib","SuperFastMode","everything is the same but u backflip on backflip"],"gold_per_floor":[117,42,42,117,137,137,165,165,188,188,53,69,102,117,117,188,188,207,77,156,156,156,156,181,197,223,233,252,266,295,309,309,383,383,396,396,416,436,461,492,492,524,524,549,549,591,591,167,167,167,167,167,167,29,62,62],"floor_reached":57,"language":"KOR","playtime":2383,"items_purged":["Storm of Steel+1","Bullet Time+1"],"score":3482,"play_id":"5fbb1aab-7647-4b63-95e5-9edd138b1475","local_time":"20210207140129","is_ascension_mode":true,"campfire_choices":[{"data":"Neutralize","floor":6.0,"key":"SMITH"},{"floor":8.0,"key":"REST"},{"floor":15.0,"key":"RECALL"},{"data":"Survivor","floor":23.0,"key":"SMITH"},{"floor":32.0,"key":"REST"},{"floor":41.0,"key":"REST"},{"floor":45.0,"key":"REST"},{"floor":49.0,"key":"REST"},{"floor":53.0,"key":"REST"}],"circlet_count":0,"master_deck":["AscendersBane","Survivor+1","Neutralize+1","Well Laid Plans+1","Backflip+1","Reflex+1","Grand Finale+1","Prepared+1","Blur+1","Bullet Time+1","Blade Dance+1","A Thousand Cuts+1","Backstab+1","Noxious Fumes+1","Envenom+1","Reflex+1","Calculated Gamble+1","Crippling Poison+1","Acrobatics+1","Acrobatics+1","Flechettes+1","Endless Agony+1","Madness+1","Madness+1","Calculated Gamble+1","Blur+1","Dodge and Roll+1","PiercingWail+1","Adrenaline+1"],"relics":["Ring of the Snake","NeowsBlessing","Snake Skull","Molten Egg 2","Toxic Egg 2","Frozen Egg 2","Black Star","The Courier","Mummified Hand","CaptainsWheel","Pocketwatch","Torii","Akabeko","Orrery","Ornamental Fan","Boot","Pandora\u0027s Box","The Specimen","Lantern","Pen Nib","White Beast Statue","Meat on the Bone","Astrolabe","Lizard Tail","StoneCalendar","Omamori","Vajra","CeramicFish","Pantograph","Strawberry","Bag of Preparation","Happy Flower","Ancient Tea Set","PreservedInsect","Blue Candle","Sundial","Orichalcum"],"acts_visited":["Exordium","TheCity","TheBeyond","TheEnding"],"potions_floor_usage":[56],"damage_taken":[{"damage":0.0,"enemies":"2 Louse","floor":1.0,"turns":1.0},{"damage":0.0,"enemies":"Small Slimes","floor":5.0,"turns":1.0},{"damage":0.0,"enemies":"Lagavulin","floor":7.0,"turns":1.0},{"damage":0.0,"enemies":"Cultist","floor":12.0,"turns":2.0},{"damage":0.0,"enemies":"Gremlin Nob","floor":13.0,"turns":2.0},{"damage":0.0,"enemies":"Exordium Thugs","floor":14.0,"turns":5.0},{"damage":0.0,"enemies":"Slime Boss","floor":16.0,"turns":5.0},{"damage":5.0,"enemies":"3 Byrds","floor":18.0,"turns":3.0},{"damage":12.0,"enemies":"Slavers","floor":24.0,"turns":2.0},{"damage":0.0,"enemies":"Spheric Guardian","floor":25.0,"turns":1.0},{"damage":19.0,"enemies":"Snake Plant","floor":27.0,"turns":3.0},{"damage":0.0,"enemies":"3 Cultists","floor":28.0,"turns":1.0},{"damage":1.0,"enemies":"Centurion and Healer","floor":29.0,"turns":2.0},{"damage":0.0,"enemies":"Book of Stabbing","floor":30.0,"turns":4.0},{"damage":0.0,"enemies":"Chosen and Byrds","floor":31.0,"turns":3.0},{"damage":0.0,"enemies":"Collector","floor":33.0,"turns":4.0},{"damage":0.0,"enemies":"3 Darklings","floor":35.0,"turns":2.0},{"damage":3.0,"enemies":"3 Shapes","floor":37.0,"turns":1.0},{"damage":1.0,"enemies":"3 Darklings","floor":38.0,"turns":3.0},{"damage":4.0,"enemies":"Mind Bloom Boss Battle","floor":39.0,"turns":4.0},{"damage":0.0,"enemies":"Nemesis","floor":40.0,"turns":3.0},{"damage":0.0,"enemies":"Giant Head","floor":42.0,"turns":5.0},{"damage":0.0,"enemies":"Reptomancer","floor":44.0,"turns":3.0},{"damage":0.0,"enemies":"Nemesis","floor":46.0,"turns":2.0},{"damage":20.0,"enemies":"Time Eater","floor":50.0,"turns":5.0},{"damage":1.0,"enemies":"Donu and Deca","floor":51.0,"turns":4.0},{"damage":0.0,"enemies":"Shield and Spear","floor":55.0,"turns":2.0},{"damage":51,"enemies":"The Heart","floor":56,"turns":6}],"seed_played":"8180009999670050842","potions_obtained":[{"floor":5.0,"key":"Block Potion"},{"floor":7.0,"key":"Regen Potion"},{"floor":24.0,"key":"SteroidPotion"},{"floor":25.0,"key":"SteroidPotion"},{"floor":27.0,"key":"DuplicationPotion"}],"is_trial":false,"path_per_floor":["M","?","?","?","M","R","E","R","T","?","$","M","E","M","R","B",null,"M","$","T","?","?","R","E","M","T","M","M","M","E","M","R","B",null,"M","?","M","M","?","E","R","E","T","E","R","E","?","$","R","B","B",null,"R","$","E","B",null],"character_chosen":"THE_SILENT","items_purchased":["Orrery","Calculated Gamble+1","Crippling Poison+1","PreservedInsect","Blue Candle","PiercingWail+1","Adrenaline+1"],"campfire_rested":6,"item_purchase_floors":[11,19,19,48,48,48,54],"current_hp_per_floor":[59,59,41,30,30,30,30,49,49,42,42,42,42,42,42,42,60,55,55,55,55,55,55,52,52,52,33,33,32,32,44,63,63,65,65,53,50,49,45,45,64,64,64,71,73,73,73,73,73,53,72,73,73,73,73,34],"gold":62,"neow_bonus":"THREE_ENEMY_KILL","is_daily":false,"chose_seed":false,"campfire_upgraded":2,"win_rate":0.0,"timestamp":1612674089,"path_taken":["M","?","?","?","M","R","E","R","T","?","?","M","E","M","R","BOSS","M","?","?","?","?","R","E","M","T","M","M","M","E","?","R","BOSS","M","?","M","M","?","E","R","E","T","E","R","E","?","$","R","BOSS","BOSS","R","$","E","BOSS"],"items_purchased_type":["Relic","Card","Card","Relic","Relic","Card","Card"],"build_version":"2020-12-22","purchased_purges":2,"victory":true,"max_hp_per_floor":[66,66,66,66,66,66,66,66,66,66,66,66,66,66,66,66,66,66,66,66,66,66,66,66,66,66,66,66,66,66,66,66,66,66,66,66,66,66,66,66,66,66,66,73,73,73,73,73,73,73,73,73,73,73,73,73],"relic_stats":{"Torii":29,"Happy Flower":[5],"counters":[28,80],"Astrolabe":["Bullet Time","Flechettes","Endless Agony"],"CeramicFish":27,"Blue Candle":[0],"StoneCalendar":[0],"Snake Skull":[350],"Pen Nib":[19],"PreservedInsect":77,"Bag of Preparation":[10],"Orichalcum":[0],"Boot":[186],"Lizard Tail":0,"Mummified Hand":[72],"Ornamental Fan":[220],"Sundial":[4],"Pantograph":20,"Pandora\u0027s Box":["Bullet Time","Night Terror","Blade Dance","A Thousand Cuts","Backstab","Noxious Fumes","Storm of Steel","Envenom"],"Black Star":9,"obtain_stats":[{"Lantern":24,"Torii":7,"CeramicFish":42,"Vajra":42,"StoneCalendar":40,"Snake Skull":0,"Bag of Preparation":44,"Boot":13,"Ancient Tea Set":46,"Lizard Tail":39,"Mummified Hand":0,"Sundial":55,"Pantograph":43,"Strawberry":44,"Toxic Egg 2":0,"Ring of the Snake":0,"NeowsBlessing":0,"The Specimen":24,"Happy Flower":46,"Astrolabe":34,"Blue Candle":48,"The Courier":0,"Pen Nib":26,"PreservedInsect":48,"Omamori":40,"Frozen Egg 2":0,"Orichalcum":55,"Akabeko":9,"White Beast Statue":30,"CaptainsWheel":3,"Ornamental Fan":13,"Orrery":11,"Molten Egg 2":0,"Pandora\u0027s Box":17,"Black Star":0,"Pocketwatch":7,"Meat on the Bone":30},{"Lantern":9,"Torii":3,"CeramicFish":22,"Vajra":22,"StoneCalendar":21,"Snake Skull":0,"Bag of Preparation":23,"Boot":5,"Ancient Tea Set":24,"Lizard Tail":20,"Mummified Hand":0,"Sundial":27,"Pantograph":22,"Strawberry":23,"Toxic Egg 2":0,"Ring of the Snake":0,"NeowsBlessing":0,"The Specimen":9,"Happy Flower":24,"Astrolabe":16,"Blue Candle":24,"The Courier":0,"Pen Nib":10,"PreservedInsect":24,"Omamori":21,"Frozen Egg 2":0,"Orichalcum":27,"Akabeko":3,"White Beast Statue":14,"CaptainsWheel":1,"Ornamental Fan":5,"Orrery":3,"Molten Egg 2":0,"Pandora\u0027s Box":7,"Black Star":0,"Pocketwatch":3,"Meat on the Bone":14},{"Lantern":22,"Torii":3,"CeramicFish":58,"Vajra":58,"StoneCalendar":53,"Snake Skull":0,"Bag of Preparation":61,"Boot":7,"Ancient Tea Set":63,"Lizard Tail":50,"Mummified Hand":0,"Sundial":74,"Pantograph":58,"Strawberry":61,"Toxic Egg 2":0,"Ring of the Snake":0,"NeowsBlessing":0,"The Specimen":22,"Happy Flower":63,"Astrolabe":40,"Blue Candle":63,"The Courier":0,"Pen Nib":23,"PreservedInsect":63,"Omamori":53,"Frozen Egg 2":0,"Orichalcum":74,"Akabeko":3,"White Beast Statue":33,"CaptainsWheel":1,"Ornamental Fan":7,"Orrery":3,"Molten Egg 2":0,"Pandora\u0027s Box":17,"Black Star":0,"Pocketwatch":3,"Meat on the Bone":33}],"Ring of the Snake":[57],"Pocketwatch":[27],"Meat on the Bone":24},"card_choices":[{"not_picked":["Deadly Poison+1","Sucker Punch+1"],"picked":"Well Laid Plans+1","floor":1.0},{"not_picked":["Quick Slash+1","Dodge and Roll+1"],"picked":"Backflip+1","floor":5.0},{"not_picked":["Expertise+1","Prepared+1"],"picked":"Reflex+1","floor":7.0},{"not_picked":["Backflip+1","Crippling Poison+1"],"picked":"Grand Finale+1","floor":11.0},{"not_picked":["Caltrops+1","Infinite Blades+1"],"picked":"Predator+1","floor":11.0},{"not_picked":["Terror+1","Finisher+1"],"picked":"Dagger Throw+1","floor":11.0},{"not_picked":["Dagger Spray+1","Cloak And Dagger+1"],"picked":"Prepared+1","floor":12.0},{"not_picked":["Tools of the Trade+1","Setup+1","Poisoned Stab+1"],"picked":"SKIP","floor":13.0},{"not_picked":["Dagger Throw+1","Infinite Blades+1"],"picked":"Blur+1","floor":14.0},{"not_picked":["Sucker Punch+1","Cloak And Dagger+1"],"picked":"Reflex+1","floor":18.0},{"not_picked":["Terror+1","Poisoned Stab+1","Backstab+1"],"picked":"SKIP","floor":24.0},{"not_picked":["Poisoned Stab+1","Noxious Fumes+1","Quick Slash+1"],"picked":"SKIP","floor":25.0},{"not_picked":["Endless Agony+1","Blade Dance+1","Prepared+1"],"picked":"SKIP","floor":27.0},{"not_picked":["Deflect+1","Dodge and Roll+1","Dagger Spray+1"],"picked":"SKIP","floor":28.0},{"not_picked":["Bane+1","Flechettes+1"],"picked":"Acrobatics+1","floor":29.0},{"not_picked":["Backflip+1","Dodge and Roll+1","Dagger Spray+1"],"picked":"SKIP","floor":30.0},{"not_picked":["Backflip+1","Dodge and Roll+1","Dagger Spray+1"],"picked":"SKIP","floor":30.0},{"not_picked":["Corpse Explosion+1","Dash+1","Dagger Throw+1"],"picked":"SKIP","floor":31.0},{"not_picked":["Dagger Spray+1","Catalyst+1","Backstab+1"],"picked":"SKIP","floor":35.0},{"not_picked":["Blade Dance+1","Outmaneuver+1"],"picked":"Calculated Gamble+1","floor":37.0},{"not_picked":["Endless Agony+1","Flechettes+1","Cloak And Dagger+1"],"picked":"SKIP","floor":38.0},{"not_picked":["Flying Knee+1","Distraction+1"],"picked":"Blur+1","floor":40.0},{"not_picked":["Noxious Fumes+1","Cloak And Dagger+1","Flying Knee+1"],"picked":"SKIP","floor":42.0},{"not_picked":["Endless Agony+1","Poisoned Stab+1","Backstab+1"],"picked":"SKIP","floor":44.0},{"not_picked":["Noxious Fumes+1","Outmaneuver+1"],"picked":"Dodge and Roll+1","floor":46.0},{"not_picked":["Expertise+1","Grand Finale+1","Poisoned Stab+1"],"picked":"SKIP","floor":55.0}],"player_experience":1518234,"relics_obtained":[{"floor":7.0,"key":"Pocketwatch"},{"floor":7.0,"key":"Torii"},{"floor":9.0,"key":"Akabeko"},{"floor":13.0,"key":"Ornamental Fan"},{"floor":13.0,"key":"Boot"},{"floor":24.0,"key":"The Specimen"},{"floor":24.0,"key":"Lantern"},{"floor":26.0,"key":"Pen Nib"},{"floor":30.0,"key":"White Beast Statue"},{"floor":30.0,"key":"Meat on the Bone"},{"floor":39.0,"key":"Lizard Tail"},{"floor":40.0,"key":"StoneCalendar"},{"floor":40.0,"key":"Omamori"},{"floor":42.0,"key":"Vajra"},{"floor":42.0,"key":"CeramicFish"},{"floor":43.0,"key":"Pantograph"},{"floor":44.0,"key":"Strawberry"},{"floor":44.0,"key":"Bag of Preparation"},{"floor":46.0,"key":"Happy Flower"},{"floor":46.0,"key":"Ancient Tea Set"},{"floor":55.0,"key":"Sundial"},{"floor":55.0,"key":"Orichalcum"}],"event_choices":[{"cards_removed":["Defend_G"],"damage_healed":0.0,"max_hp_gain":0.0,"max_hp_loss":0.0,"gold_gain":0.0,"event_name":"The Cleric","player_choice":"Card Removal","floor":2.0,"gold_loss":75.0,"damage_taken":0.0},{"damage_healed":0.0,"max_hp_gain":0.0,"max_hp_loss":0.0,"gold_gain":0.0,"event_name":"Scrap Ooze","player_choice":"Success","floor":3.0,"gold_loss":0.0,"damage_taken":18.0,"relics_obtained":["CaptainsWheel"]},{"damage_healed":0.0,"max_hp_gain":0.0,"max_hp_loss":0.0,"gold_gain":75.0,"event_name":"World of Goop","player_choice":"Gather Gold","floor":4.0,"gold_loss":0.0,"damage_taken":11.0},{"cards_removed":["Strike_G"],"damage_healed":0.0,"max_hp_gain":0.0,"max_hp_loss":0.0,"gold_gain":0.0,"event_name":"Golden Wing","player_choice":"Card Removal","floor":10.0,"gold_loss":0.0,"damage_taken":7.0},{"damage_healed":0.0,"max_hp_gain":0.0,"max_hp_loss":0.0,"gold_gain":0.0,"event_name":"The Mausoleum","player_choice":"Ignored","floor":21.0,"gold_loss":0.0,"damage_taken":0.0},{"damage_healed":0.0,"max_hp_gain":0.0,"max_hp_loss":0.0,"gold_gain":0.0,"event_name":"The Library","player_choice":"Read","floor":22.0,"gold_loss":0.0,"damage_taken":0.0,"cards_obtained":["Acrobatics"]},{"damage_healed":0.0,"max_hp_gain":0.0,"max_hp_loss":0.0,"gold_gain":0.0,"event_name":"Winding Halls","player_choice":"Embrace Madness","floor":36.0,"gold_loss":0.0,"damage_taken":12.0,"cards_obtained":["Madness","Madness"]},{"damage_healed":0.0,"max_hp_gain":0.0,"max_hp_loss":0.0,"gold_gain":0.0,"event_name":"MindBloom","player_choice":"Fight","floor":39.0,"gold_loss":0.0,"damage_taken":0.0},{"damage_healed":0.0,"max_hp_gain":0.0,"max_hp_loss":0.0,"gold_gain":0.0,"event_name":"Accursed Blacksmith","player_choice":"Ignored","floor":47.0,"gold_loss":0.0,"damage_taken":0.0}],"is_beta":false,"boss_relics":[{"not_picked":["Snecko Eye","Calling Bell"],"picked":"Pandora\u0027s Box"},{"not_picked":["Velvet Choker","Black Star"],"picked":"Astrolabe"}],"items_purged_floors":[48,54],"is_endless":false,"potions_floor_spawned":[5,7,12,13,24,25,27,30,31,33,35,37,38,39,40,42,44,46,55],"ascension_level":20}}