{"host":"fdip6nj211smoxvi","time":1612724979,"event":{"mods":["BaseMod","BetterRewards","Colored Map","Downfall","Hermit","Minty Spire (QoL Compilation)","Shop Mod","StSLib","The Hierophant","The Servant 0.9.4"],"gold_per_floor":[118,94,114,114,114,148,175,187,199,240,252,283,320,358,370,481,493,505,432,444,456,393,420,420,420,420,420,58,85,105,118,118,219,219,231,246,258,269,269,269,301,321,321,321,321,321,321,350,350,350],"floor_reached":51,"language":"DEU","playtime":7070,"items_purged":["Berserk","Sever Soul"],"score":1109,"play_id":"5268a6ca-5d98-41c7-bb71-e5625f32f5da","local_time":"20210207200939","is_ascension_mode":true,"campfire_choices":[{"floor":8.0,"key":"REST"},{"floor":11.0,"key":"REST"},{"floor":15.0,"key":"REST"},{"data":"Ghostly","floor":24.0,"key":"SMITH"},{"data":"Ghostly","floor":27.0,"key":"SMITH"},{"floor":32.0,"key":"REST"},{"floor":40,"key":"REST"},{"floor":45,"key":"REST"},{"floor":47,"key":"REST"},{"data":"Ghostly","floor":49,"key":"SMITH"}],"circlet_count":0,"master_deck":["Bash+1","Cleave+1","Shrug It Off","Shrug It Off","Dropkick","Spot Weakness","Uppercut","Ghostly Armor","Inflame","Battle Trance","Limit Break","Ghostly Armor","Heavy Blade","Sword Boomerang","Bloodletting","Heavy Blade","Whirlwind","Ghostly+1","Ghostly+1","Ghostly+1","Ghostly","Ghostly","J.A.X.","Wild Strike+1","Blood for Blood+1","Battle Trance+1","Sentinel+1","Immolate","Spot Weakness","Headbutt+1","Shockwave+1","Shrug It Off","Heavy Blade+1","Blood for Blood+1"],"relics":["Black Star","Ancient Tea Set","MawBank","InkBottle","Oddly Smooth Stone","Bottled Lightning","Odd Mushroom","Question Card","Bottled Tornado","Pandora\u0027s Box","CaptainsWheel","Prayer Wheel","Omamori","Vajra","Centennial Puzzle","Gremlin Horn","Pantograph","Thread and Needle","SlaversCollar","Magic Flower","Boot","StoneCalendar","Regal Pillow","Lizard Tail"],"acts_visited":["Exordium","TheCity","TheBeyond"],"potions_floor_usage":[38,42,48,50],"damage_taken":[{"damage":4.0,"enemies":"2 Louse","floor":1.0,"turns":4.0},{"damage":11.0,"enemies":"Cultist","floor":3.0,"turns":4.0},{"damage":26.0,"enemies":"Gremlin Nob","floor":6.0,"turns":4.0},{"damage":2.0,"enemies":"Jaw Worm","floor":7.0,"turns":3.0},{"damage":24.0,"enemies":"3 Sentries","floor":10.0,"turns":6.0},{"damage":0.0,"enemies":"Looter","floor":12.0,"turns":2.0},{"damage":0.0,"enemies":"The Mushroom Lair","floor":13.0,"turns":5.0},{"damage":16.0,"enemies":"Gremlin Nob","floor":14.0,"turns":4.0},{"damage":48.0,"enemies":"Hexaghost","floor":16.0,"turns":9.0},{"damage":6.0,"enemies":"3 Byrds","floor":18.0,"turns":2.0},{"damage":10.0,"enemies":"Book of Stabbing","floor":23.0,"turns":6.0},{"damage":4.0,"enemies":"Slavers","floor":29.0,"turns":2.0},{"damage":1.0,"enemies":"Spheric Guardian","floor":30.0,"turns":5.0},{"damage":0.0,"enemies":"Chosen and Byrds","floor":31.0,"turns":5.0},{"damage":4.0,"enemies":"Collector","floor":33.0,"turns":5.0},{"damage":6.0,"enemies":"3 Shapes","floor":35.0,"turns":4.0},{"damage":13.0,"enemies":"3 Darklings","floor":36.0,"turns":3.0},{"damage":12.0,"enemies":"Writhing Mass","floor":37.0,"turns":5.0},{"damage":0,"enemies":"Spire Growth","floor":38,"turns":5},{"damage":2,"enemies":"Reptomancer","floor":41,"turns":3},{"damage":4,"enemies":"Sphere and 2 Shapes","floor":42,"turns":4},{"damage":4,"enemies":"Giant Head","floor":48,"turns":7},{"damage":33,"enemies":"Time Eater","floor":50,"turns":9}],"seed_played":"644366130951741861","potions_obtained":[{"floor":7.0,"key":"SmokeBomb"},{"floor":10.0,"key":"SpeedPotion"},{"floor":16.0,"key":"BlessingOfTheForge"},{"floor":23.0,"key":"DuplicationPotion"},{"floor":30.0,"key":"hexamod:SoulburnPotion"},{"floor":33.0,"key":"SkillPotion"},{"floor":36.0,"key":"EntropicBrew"},{"floor":38,"key":"Weak Potion"},{"floor":42,"key":"champ:CounterPotion"}],"is_trial":false,"path_per_floor":["M","$","M","?","?","E","M","R","T","E","R","M","?","E","R","B",null,"M","?","?","T","$","E","R","?","T","R","$","E","M","M","R","B",null,"M","M","M","M","?","R","E","M","T","?","R","?","R","E","R","B",null],"character_chosen":"IRONCLAD","items_purchased":["Shrug It Off","Gremlin Horn"],"campfire_rested":7,"item_purchase_floors":[2,28],"current_hp_per_floor":[68,68,57,57,57,31,29,53,53,29,53,53,53,37,61,13,63,57,57,40,40,40,30,30,30,30,30,30,26,25,25,37,36,39,33,20,8,8,8,20,18,14,14,14,26,26,37,33,33,5],"gold":350,"neow_bonus":"BOSS_RELIC","is_daily":false,"chose_seed":false,"campfire_upgraded":3,"win_rate":0.0,"timestamp":1612724979,"path_taken":["M","$","M","?","?","E","?","R","T","E","R","M","?","E","R","BOSS","M","?","?","?","$","E","R","?","T","R","$","E","M","M","R","BOSS","M","M","M","M","?","R","E","M","T","?","R","?","R","E","R","BOSS"],"items_purchased_type":["Card","Relic"],"build_version":"2020-12-22","purchased_purges":2,"victory":true,"max_hp_per_floor":[80,80,80,80,80,80,80,80,80,80,80,80,80,80,80,80,80,80,80,40,40,40,40,40,40,40,40,40,40,40,40,40,40,40,40,40,40,40,40,40,40,40,40,40,40,38,38,38,38,38],"card_choices":[{"not_picked":["Thunderclap","True Grit"],"picked":"Cleave","floor":1.0},{"not_picked":["Twin Strike","Body Slam"],"picked":"Shrug It Off","floor":3.0},{"not_picked":["Disarm","Cleave"],"picked":"Dropkick","floor":6.0},{"not_picked":["Dropkick","Clash"],"picked":"Spot Weakness","floor":7.0},{"not_picked":["Pommel Strike","Sentinel"],"picked":"Uppercut","floor":10.0},{"not_picked":["Infernal Blade","Clash"],"picked":"Ghostly Armor","floor":12.0},{"not_picked":["Iron Wave","Perfected Strike"],"picked":"Inflame","floor":13.0},{"not_picked":["Perfected Strike","Shockwave"],"picked":"Battle Trance","floor":14.0},{"not_picked":["Offering","Bludgeon","Corruption"],"picked":"Limit Break","floor":16.0},{"not_picked":["Disarm","Infernal Blade","Sever Soul+1","Pommel Strike"],"picked":"SKIP","floor":23.0},{"not_picked":["Rage","Body Slam","Rupture"],"picked":"Wild Strike+1","floor":29.0},{"not_picked":["Twin Strike","Thunderclap","Dropkick"],"picked":"Blood for Blood+1","floor":30.0},{"not_picked":["Dark Embrace","Iron Wave","Perfected Strike+1"],"picked":"Battle Trance+1","floor":30.0},{"not_picked":["Armaments","Whirlwind","Intimidate"],"picked":"Sentinel+1","floor":31.0},{"not_picked":["Hemokinesis+1","Headbutt","Ghostly Armor","Twin Strike"],"picked":"SKIP","floor":31.0},{"not_picked":["Bludgeon","Reaper","Barricade"],"picked":"Immolate","floor":33.0},{"not_picked":["Pommel Strike","Heavy Blade+1","Twin Strike"],"picked":"Spot Weakness","floor":35.0},{"not_picked":["Clothesline","Power Through","Clash","Twin Strike+1"],"picked":"SKIP","floor":35.0},{"not_picked":["Perfected Strike+1","Thunderclap+1","Sentinel+1","Havoc+1"],"picked":"SKIP","floor":36.0},{"not_picked":["Disarm","Iron Wave","Evolve+1","Clash+1"],"picked":"SKIP","floor":36.0},{"not_picked":["Thunderclap","Feel No Pain+1","Iron Wave+1"],"picked":"Headbutt+1","floor":37.0},{"not_picked":["Juggernaut","Bloodletting+1","True Grit"],"picked":"Shockwave+1","floor":37.0},{"not_picked":["Second Wind+1","Perfected Strike+1","Anger+1"],"picked":"Shrug It Off","floor":38},{"not_picked":["Uppercut","Whirlwind","Body Slam","Headbutt+1"],"picked":"SKIP","floor":38},{"not_picked":["Disarm","Ghostly Armor","Heavy Blade","Rampage"],"picked":"SKIP","floor":41},{"not_picked":["Shockwave","Corruption","Clash+1"],"picked":"Heavy Blade+1","floor":42},{"not_picked":["Spot Weakness","Ghostly Armor+1","Thunderclap","Rampage"],"picked":"SKIP","floor":42},{"not_picked":["Infernal Blade","Twin Strike","Pommel Strike+1"],"picked":"Blood for Blood+1","floor":48}],"player_experience":250322,"relics_obtained":[{"floor":6.0,"key":"Ancient Tea Set"},{"floor":6.0,"key":"MawBank"},{"floor":9.0,"key":"InkBottle"},{"floor":10.0,"key":"Oddly Smooth Stone"},{"floor":10.0,"key":"Bottled Lightning"},{"floor":13.0,"key":"Odd Mushroom"},{"floor":14.0,"key":"Question Card"},{"floor":14.0,"key":"Bottled Tornado"},{"floor":21.0,"key":"Prayer Wheel"},{"floor":23.0,"key":"Omamori"},{"floor":23.0,"key":"Vajra"},{"floor":26.0,"key":"Centennial Puzzle"},{"floor":29.0,"key":"Pantograph"},{"floor":29.0,"key":"Thread and Needle"},{"floor":41,"key":"Magic Flower"},{"floor":41,"key":"Boot"},{"floor":43,"key":"StoneCalendar"},{"floor":48,"key":"Regal Pillow"},{"floor":48,"key":"Lizard Tail"}],"event_choices":[{"damage_healed":0.0,"max_hp_gain":0.0,"max_hp_loss":0.0,"gold_gain":0.0,"event_name":"Living Wall","player_choice":"Grow","floor":4.0,"gold_loss":0.0,"damage_taken":0.0,"cards_upgraded":["Bash"]},{"damage_healed":0.0,"max_hp_gain":0.0,"max_hp_loss":0.0,"gold_gain":0.0,"event_name":"Accursed Blacksmith","player_choice":"Forge","floor":5.0,"gold_loss":0.0,"damage_taken":0.0,"cards_upgraded":["Cleave"]},{"damage_healed":0.0,"max_hp_gain":0.0,"max_hp_loss":0.0,"gold_gain":0.0,"event_name":"Mushrooms","player_choice":"Fought Mushrooms","floor":13.0,"gold_loss":0.0,"damage_taken":0.0},{"damage_healed":0.0,"max_hp_gain":0.0,"max_hp_loss":0.0,"gold_gain":0.0,"event_name":"Addict","player_choice":"Obtained Relic","floor":19.0,"gold_loss":85.0,"damage_taken":0.0,"relics_obtained":["CaptainsWheel"]},{"damage_healed":0.0,"max_hp_gain":0.0,"max_hp_loss":40.0,"gold_gain":0.0,"event_name":"Ghosts","player_choice":"Became a Ghost","floor":20.0,"gold_loss":0.0,"damage_taken":0.0,"cards_obtained":["Ghostly","Ghostly","Ghostly","Ghostly","Ghostly"]},{"damage_healed":0.0,"max_hp_gain":0.0,"max_hp_loss":0.0,"gold_gain":0.0,"event_name":"Drug Dealer","player_choice":"Obtain J.A.X.","floor":25.0,"gold_loss":0.0,"damage_taken":0.0,"cards_obtained":["J.A.X."]},{"cards_removed":["Fire Breathing"],"damage_healed":0,"gold_gain":0,"player_choice":"Removed Power","damage_taken":0,"max_hp_gain":0,"max_hp_loss":0,"event_name":"Falling","floor":39,"gold_loss":0},{"damage_healed":0,"gold_gain":0,"player_choice":"Memory 1","damage_taken":0,"max_hp_gain":0,"max_hp_loss":0,"event_name":"SensoryStone","floor":44,"gold_loss":0},{"damage_healed":0,"gold_gain":0,"player_choice":"Max HP","damage_taken":0,"max_hp_gain":0,"max_hp_loss":2,"event_name":"Winding Halls","floor":46,"gold_loss":0}],"is_beta":false,"boss_relics":[{"not_picked":["Empty Cage","Snecko Eye"],"picked":"Pandora\u0027s Box"},{"not_picked":["Philosopher\u0027s Stone","SacredBark"],"picked":"SlaversCollar"}],"items_purged_floors":[22,28],"is_endless":false,"potions_floor_spawned":[7,10,16,18,23,30,33,36,38,42],"ascension_level":6}}