{"host":"dmtlrev5pkc1867p","time":1612668268,"event":{"mods":["BaseMod","Colored Map","Downfall","Hermit","Marisa¡]Ãú«B¡@Å]²z¨F¡^","Minty Spire (QoL Compilation)","Replay The Spire","StSLib","SuperFastMode","The Cursed","The Disciple","The Necromancer","The Runesmith","The Servant 0.9.4"],"gold_per_floor":[116,127,137,5,16,116,116,216,116,136,136,35,35,53,53,153,153,165,176,190,221,240,240,240],"floor_reached":23,"language":"ZHS","playtime":1252,"items_purged":[],"score":219,"play_id":"d74998b0-ab57-4223-bc17-ae665e975cd0","local_time":"20210207112428","is_ascension_mode":true,"campfire_choices":[{"floor":9.0,"key":"REST"},{"floor":13.0,"key":"RECALL"},{"data":"Summon_Undead","floor":15.0,"key":"SMITH"}],"circlet_count":0,"master_deck":["Strike_W","Strike_W","Strike_W","Strike_W","Defend_W","Defend_W","Defend_W","Defend_W","Negative_Energy_Arrows","Bone_Wall","Pandemic","Negative_Energy_Sphere","Negative_Energy_Burst","Shackles_Of_Pain+1","Bone_Armory+1","Life_Drain","Bone_Spikes","Bones_to_Steel","Blood_Magic","expansioncontent:Chronoboost","Summon_Undead+1","Cloudkill","Shade_Step","Bone_Bullets","Blood_for_Blood+1","Negative_Energy_Sphere","Finger_Of_Death+1"],"relics":["Vampire_Amulet","downfall:HeartBlessingBlue","Painkiller Herb","Red Mask"],"acts_visited":["Exordium","TheCity"],"potions_floor_usage":[21,21,21],"damage_taken":[{"damage":1.0,"enemies":"2 Louse","floor":1.0,"turns":3.0},{"damage":2.0,"enemies":"Jaw Worm","floor":2.0,"turns":4.0},{"damage":15.0,"enemies":"Small Slimes","floor":3.0,"turns":4.0},{"damage":0.0,"enemies":"downfall:FleeingMerchant","floor":4.0,"turns":4.0},{"damage":25.0,"enemies":"Exordium Thugs","floor":5.0,"turns":5.0},{"damage":8.0,"enemies":"Lots of Slimes","floor":10.0,"turns":2.0},{"damage":5.0,"enemies":"downfall:FleeingMerchant","floor":12.0,"turns":4.0},{"damage":0.0,"enemies":"3 Louse","floor":14.0,"turns":1.0},{"damage":44.0,"enemies":"SI_SHIV_ARCHETYPE","floor":16.0,"turns":18.0},{"damage":37.0,"enemies":"Spheric Guardian","floor":18.0,"turns":6.0},{"damage":19.0,"enemies":"3 Byrds","floor":19.0,"turns":4.0},{"damage":55.0,"enemies":"Snake Plant","floor":20.0,"turns":4.0},{"damage":15,"enemies":"Masked Bandits","floor":21,"turns":3},{"damage":31,"enemies":"Cultist and Chosen","floor":22,"turns":5},{"damage":12,"enemies":"Snecko","floor":23,"turns":4}],"seed_played":"4463529423435683831","potions_obtained":[{"floor":2.0,"key":"Dexterity Potion"},{"floor":3.0,"key":"DuplicationPotion"},{"floor":19.0,"key":"Dexterity Potion"},{"floor":20.0,"key":"Regen Potion"}],"is_trial":false,"path_per_floor":["M","M","M","$","M","?","T","?","R","M","?","$","R","M","R","B",null,"?","?","?","?","?","?"],"character_chosen":"NECROMANCER","items_purchased":["Bone_Armory+1","Life_Drain","expansioncontent:Chronoboost"],"campfire_rested":1,"item_purchase_floors":[4,4,12],"current_hp_per_floor":[71,71,60,60,49,49,49,49,88,90,90,91,91,97,97,63,99,73,66,19,28,7,1,1],"gold":240,"neow_bonus":"TWENTY_PERCENT_HP_BONUS","is_daily":false,"chose_seed":false,"campfire_upgraded":1,"win_rate":0.0,"timestamp":1612668268,"path_taken":["M","M","M","$","M","?","T","?","R","?","?","?","R","M","R","BOSS","?","?","?","?","?","?"],"items_purchased_type":["Card","Card","Card"],"build_version":"2020-12-22","purchased_purges":0,"victory":false,"max_hp_per_floor":[89,89,89,89,89,89,89,89,99,99,99,99,99,99,99,99,99,99,99,99,99,99,99,99],"card_choices":[{"not_picked":["Death_Coil","Exploit"],"picked":"Pandemic","floor":1.0},{"not_picked":["Blood_Whip","Finger_Of_Death"],"picked":"Negative_Energy_Sphere","floor":2.0},{"not_picked":["Toxic_Smoke_Screen","Bone_Armor"],"picked":"Negative_Energy_Burst","floor":3.0},{"not_picked":["Blood_Curse","Negative_Energy_Mist"],"picked":"Shackles_Of_Pain","floor":4.0},{"not_picked":["Pandemic","Blood_Whip"],"picked":"Bone_Spikes","floor":5.0},{"not_picked":["Negative_Energy_Shield","Shackles_Of_Pain"],"picked":"Bones_to_Steel","floor":10.0},{"not_picked":["Blood_Whip","Blood_Curse"],"picked":"Blood_Magic","floor":12.0},{"not_picked":["Negative_Energy_Javelin","Death_March_Dance"],"picked":"Summon_Undead","floor":14.0},{"not_picked":["Requiem","Hellfire"],"picked":"Cloudkill","floor":16.0},{"not_picked":["Bone_Bullets","Bone_Spikes"],"picked":"Shade_Step","floor":18.0},{"not_picked":["Bone_Spikes","Blood_Curse"],"picked":"Bone_Bullets","floor":19.0},{"not_picked":["Toxic_Smoke_Screen","Chill_Blood+1"],"picked":"Blood_for_Blood+1","floor":20.0},{"not_picked":["Blood_for_Blood+1","Reap_The_Weak"],"picked":"Negative_Energy_Sphere","floor":21},{"not_picked":["Negative_Energy_Sphere","Toxic_Smoke_Screen"],"picked":"Finger_Of_Death+1","floor":22}],"player_experience":623615,"relics_obtained":[{"floor":21,"key":"Red Mask"}],"event_choices":[{"damage_healed":0.0,"max_hp_gain":0.0,"max_hp_loss":0.0,"gold_gain":0.0,"event_name":"Accursed Blacksmith","player_choice":"Forge","floor":11.0,"gold_loss":0.0,"damage_taken":0.0,"cards_upgraded":["Shackles_Of_Pain"]},{"damage_healed":0,"gold_gain":0,"player_choice":"Fought Bandits","damage_taken":0,"max_hp_gain":0,"max_hp_loss":0,"event_name":"Masked Bandits","floor":21,"gold_loss":0}],"is_beta":false,"boss_relics":[{"not_picked":["Black Star","Replay:Ancient Bell"],"picked":"Painkiller Herb"}],"items_purged_floors":[],"is_endless":false,"potions_floor_spawned":[2,3,19,20],"killed_by":"Snecko","ascension_level":1}}