{"host":"0r2yuz9akuqaukjg","time":1612661443,"event":{"mods":["2.2 Compatiblity","AchievementEnabler","BaseMod","Downfall","Hermit","Infinite Spire","Jorbs\u0027s Wanderer Trilogy","Lobotomy","LobotomyExtend","Minty Spire (QoL Compilation)","Reliquary","Replay The Spire","Spicy Shops","StSLib","The Bug Knight","The Construct","The Cursed","The Disciple","The Hierophant","The Jungle","The Marked","The Mystic","The Runesmith","The Servant 0.9.4"],"gold_per_floor":[110,110,110,124,83,83,109,109,132,163,175,187,187,187,187,286,286,305,305,315,315,50,61,61,88,113,113,129,129,147,166,166,270,270,285,295,47,47,57,57,75,75,98,98,131,142,170,170,170,170],"floor_reached":51,"language":"ENG","playtime":4155,"items_purged":[],"score":871,"play_id":"41cb23fb-dbb8-46ab-a944-6b98a5c16a6a","local_time":"20210206193043","daily_mods":["Draft"],"is_ascension_mode":true,"campfire_choices":[{"data":"infinitespire:Starlight","floor":6,"key":"SMITH"},{"data":"TheCursedMod:ManaBullet","floor":8,"key":"SMITH"},{"data":"TheCursedMod:CursedSpellbook","floor":13,"key":"SMITH"},{"data":"TheCursedMod:ReleasedStrength","floor":15,"key":"SMITH"},{"data":"infinitespire:FutureSight","floor":27,"key":"SMITH"},{"data":"TheCursedMod:LuckyCharm","floor":29,"key":"SMITH"},{"data":"TheCursedMod:ShockAndAwe","floor":32,"key":"SMITH"},{"data":"TheCursedMod:AbyssShockwave","floor":40,"key":"SMITH"},{"data":"TheCursedMod:AbyssShockwave","floor":42,"key":"SMITH"},{"floor":49,"key":"DIG"}],"circlet_count":0,"master_deck":["TheCursedMod:CursedShiv","TheCursedMod:CursedSpellbook+1","TheCursedMod:SpitefulStrike","TheCursedMod:CursedMace","TheCursedMod:ManaBullet","TheCursedMod:AbyssShockwave","TheCursedMod:CursedAmulet","TheCursedMod:CursedAmulet","TheCursedMod:AbyssShockwave+1","TheCursedMod:TroublousMinions","TheCursedMod:CursedMace","TheCursedMod:ReleasedStrength+1","TheCursedMod:CursedMace","TheCursedMod:CursedShiv","TheCursedMod:ReleasedStrength+1","infinitespire:Starlight+1","TheCursedMod:CursedAmulet","TheCursedMod:ManaBullet+1","TheCursedMod:CursedAmulet","TheCursedMod:ShockAndAwe+1","TheCursedMod:LuckyCharm+1","Pain","TheCursedMod:Dregs","TheCursedMod:AbyssShockwave+1","infinitespire:FutureSight+1","CurseOfTheBell","downfall:Aged","Clumsy","Shame","TheCursedMod:Hemoplague+1","TheCursedMod:WearCloak","TheCursedMod:HellfireBreathing+1","TheCursedMod:HellfireBreathing+1"],"relics":["TheCursedMod:BlackMagicAdvanced","The Courier","ReplayTheSpireMod:Lightbulb","reliquary:HotPoker","WarpedTongs","hexamod:BolsterEngine","ReplayTheSpireMod:CursedCoin","Onion Ring","Eternal Feather","infinitespire:EmpoweringShard","Ice Cream","Nunchaku","Replay:Ancient Bell","Happy Flower","Matryoshka","Lizard Tail","Pet Ghost","Runesmith:Nanobots","Kunai","Guardian:PocketSentry","reliquary:RoseTintedGlasses","Gremlin Food","reliquary:FerryPass"],"acts_visited":["Exordium","TheCity","TheBeyond"],"potions_floor_usage":[7,16,31,33,50],"damage_taken":[{"damage":1,"enemies":"Jaw Worm","floor":1,"turns":2},{"damage":0,"enemies":"2 Louse","floor":4,"turns":2},{"damage":18,"enemies":"Lagavulin","floor":7,"turns":3},{"damage":1,"enemies":"HollowMod:MossKnight","floor":10,"turns":3},{"damage":0,"enemies":"Small Slimes","floor":11,"turns":3},{"damage":0,"enemies":"Exordium Thugs","floor":12,"turns":2},{"damage":12,"enemies":"The Guardian","floor":16,"turns":11},{"damage":0,"enemies":"3 Byrds","floor":18,"turns":3},{"damage":5,"enemies":"Spheric Guardian","floor":20,"turns":3},{"damage":0,"enemies":"3 Cultists","floor":23,"turns":2},{"damage":21,"enemies":"Gremlin Leader","floor":25,"turns":4},{"damage":0,"enemies":"Centurion and Healer","floor":28,"turns":2},{"damage":1,"enemies":"Sentry and Sphere","floor":30,"turns":3},{"damage":0,"enemies":"Snake Plant","floor":31,"turns":1},{"damage":14,"enemies":"Collector","floor":33,"turns":3},{"damage":5,"enemies":"Orb Walker","floor":35,"turns":2},{"damage":11,"enemies":"3 Darklings","floor":36,"turns":2},{"damage":12,"enemies":"4 Shapes","floor":39,"turns":1},{"damage":4,"enemies":"Transient","floor":41,"turns":5},{"damage":0,"enemies":"R_Hoarder","floor":45,"turns":3},{"damage":0,"enemies":"Spire Growth","floor":46,"turns":3},{"damage":2,"enemies":"Reptomancer","floor":47,"turns":4},{"damage":25,"enemies":"Time Eater","floor":50,"turns":4}],"seed_played":"6779321194706534810","potions_obtained":[{"floor":4,"key":"FearPotion"},{"floor":11,"key":"Adrenaline Potion"},{"floor":20,"key":"Regen Potion"},{"floor":23,"key":"TheCursedMod:DregsPotion"},{"floor":31,"key":"SteroidPotion"},{"floor":36,"key":"Fire Potion"},{"floor":39,"key":"Swift Potion"},{"floor":45,"key":"TheCursedMod:DregsPotion"}],"is_trial":true,"path_per_floor":["M","?","?","M","?","R","E","R","T","E","M","M","R","?","R","B",null,"M","?","M","?","$","M","AVR","E","T","R","M","R","M","M","R","B",null,"M","M","$","?","M","R","M","R","T","?","E","M","E","?","R","B",null],"character_chosen":"THE_CURSED","items_purchased":["ReplayTheSpireMod:CursedCoin","Onion Ring","Eternal Feather","Pet Ghost","Runesmith:Nanobots"],"campfire_rested":0,"item_purchase_floors":[22,22,22,37,37],"current_hp_per_floor":[74,74,57,67,67,67,57,57,57,71,71,71,71,71,71,63,75,75,75,70,70,70,70,70,64,64,75,75,75,74,74,75,61,75,70,59,59,59,47,62,58,75,75,75,75,75,73,73,75,50],"gold":170,"neow_bonus":"","is_daily":false,"chose_seed":false,"campfire_upgraded":9,"win_rate":0.0,"timestamp":1612661443,"path_taken":["M","?","?","M","?","R","E","R","T","E","M","M","R","?","R","BOSS","M","?","?","?","?","M","AVR","E","T","R","M","R","M","M","R","BOSS","M","M","$","?","M","R","?","R","T","?","E","M","E","?","R","BOSS"],"items_purchased_type":["Relic","Relic","Relic","Relic","Relic"],"build_version":"2020-12-22","purchased_purges":0,"victory":true,"max_hp_per_floor":[75,75,75,75,75,75,75,75,75,75,75,75,75,75,75,75,75,75,75,75,75,75,75,75,75,75,75,75,75,75,75,75,75,75,75,75,75,75,75,75,75,75,75,75,75,75,75,75,75,75],"card_choices":[{"not_picked":["TheCursedMod:ReleasedStrength","TheCursedMod:CursedAmulet"],"picked":"TheCursedMod:CursedShiv","floor":0},{"not_picked":["TheCursedMod:CircleOfFlame","TheCursedMod:RapidMovement"],"picked":"TheCursedMod:CursedSpellbook","floor":0},{"not_picked":["TheCursedMod:FleshFromBone","TheCursedMod:Stretching"],"picked":"TheCursedMod:RapidMovement","floor":0},{"not_picked":["TheCursedMod:RapidMovement","TheCursedMod:SpitefulPray"],"picked":"TheCursedMod:SpitefulStrike","floor":0},{"not_picked":["TheCursedMod:RapidMovement","TheCursedMod:CircleOfFlame"],"picked":"TheCursedMod:CursedMace","floor":0},{"not_picked":["TheCursedMod:SmokeScreen","TheCursedMod:PrepareRite"],"picked":"TheCursedMod:ManaBullet","floor":0},{"not_picked":["TheCursedMod:BlessingInDisguise","TheCursedMod:BloodBarrier"],"picked":"TheCursedMod:AbyssShockwave","floor":0},{"not_picked":["TheCursedMod:RavingStaff","TheCursedMod:SmokeScreen"],"picked":"TheCursedMod:CursedAmulet","floor":0},{"not_picked":["TheCursedMod:VitalStrike","TheCursedMod:SurpriseAttack"],"picked":"TheCursedMod:CursedAmulet","floor":0},{"not_picked":["TheCursedMod:CircleOfFlame","TheCursedMod:CircleOfCorruption"],"picked":"TheCursedMod:AbyssShockwave","floor":0},{"not_picked":["TheCursedMod:FuryStrike","TheCursedMod:VitalStrike"],"picked":"TheCursedMod:TroublousMinions","floor":0},{"not_picked":["TheCursedMod:ReleasedKnowledge","TheCursedMod:Stretching"],"picked":"TheCursedMod:CursedMace","floor":0},{"not_picked":["TheCursedMod:TacticalStrike","TheCursedMod:Torture"],"picked":"TheCursedMod:ReleasedStrength","floor":0},{"not_picked":["TheCursedMod:RavingStaff","TheCursedMod:Hemoplague"],"picked":"TheCursedMod:CursedMace","floor":0},{"not_picked":["TheCursedMod:SurpriseAttack","TheCursedMod:SpitefulPray"],"picked":"TheCursedMod:CursedShiv","floor":0},{"not_picked":["TheCursedMod:CircleOfFocus","TheCursedMod:SurpriseAttack"],"picked":"TheCursedMod:ReleasedStrength","floor":1},{"not_picked":["infinitespire:Punishment","infinitespire:TheBestDefense"],"picked":"infinitespire:Starlight","floor":3},{"not_picked":["TheCursedMod:CircleOfFlame","TheCursedMod:CursedStaff"],"picked":"TheCursedMod:CursedAmulet","floor":4},{"not_picked":["TheCursedMod:Wield","TheCursedMod:DoubleShield"],"picked":"TheCursedMod:ManaBullet","floor":7},{"not_picked":["TheCursedMod:SurpriseAttack","TheCursedMod:CircleOfCorruption"],"picked":"TheCursedMod:CursedAmulet","floor":10},{"not_picked":["TheCursedMod:TacticalStrike","TheCursedMod:FleshFromBone","TheCursedMod:CursedAmulet"],"picked":"SKIP","floor":11},{"not_picked":["TheCursedMod:Obscuration","TheCursedMod:CursedBlade","TheCursedMod:AshesToAshes"],"picked":"SKIP","floor":12},{"not_picked":["TheCursedMod:ManaCirculation","TheCursedMod:CircleOfAbyss"],"picked":"TheCursedMod:ShockAndAwe","floor":16},{"not_picked":["TheCursedMod:Torture+1","TheCursedMod:CursedBlade"],"picked":"TheCursedMod:LuckyCharm","floor":18},{"not_picked":["TheCursedMod:Torture","TheCursedMod:EmpowerCircles","TheCursedMod:RavingStaff+1"],"picked":"SKIP","floor":20},{"not_picked":["TheCursedMod:FleshFromBone","TheCursedMod:ManaCirculation"],"picked":"TheCursedMod:AbyssShockwave","floor":23},{"not_picked":["TheCursedMod:SaltUponWound","TheCursedMod:CircleOfCorruption","TheCursedMod:VitalStrike"],"picked":"SKIP","floor":25},{"not_picked":["TheCursedMod:TacticalStrike","TheCursedMod:CursedAmulet","TheCursedMod:TroublousMinions"],"picked":"SKIP","floor":28},{"not_picked":["TheCursedMod:SpitefulStrike+1","TheCursedMod:CursedMace","TheCursedMod:CursedBlade"],"picked":"SKIP","floor":30},{"not_picked":["TheCursedMod:SoulReap","TheCursedMod:Obscuration","TheCursedMod:Wield"],"picked":"SKIP","floor":31},{"not_picked":["Sickly","downfall:Malfunctioning"],"picked":"CurseOfTheBell","floor":34},{"not_picked":["AbeCurse","Overencumbered"],"picked":"downfall:Aged","floor":34},{"not_picked":["infinitespire:Pacifist","Doubt"],"picked":"Clumsy","floor":34},{"not_picked":["TheCursedMod:AbyssShockwave+1","TheCursedMod:ManaCirculation","TheCursedMod:PrepareRite+1"],"picked":"SKIP","floor":35},{"not_picked":["TheCursedMod:CursedArmor","TheCursedMod:TacticalStrike+1","TheCursedMod:CircleOfFlame"],"picked":"SKIP","floor":36},{"not_picked":["TheCursedMod:Obscuration","TheCursedMod:SoulCrush","TheCursedMod:CursedMace+1"],"picked":"SKIP","floor":39},{"not_picked":["TheCursedMod:UltimatePain","TheCursedMod:TacticalStrike+1"],"picked":"TheCursedMod:Hemoplague+1","floor":41},{"not_picked":["TheCursedMod:SurpriseAttack","TheCursedMod:CircleOfCorruption+1","TheCursedMod:CursedArmor+1"],"picked":"SKIP","floor":45},{"not_picked":["TheCursedMod:Obscuration","TheCursedMod:SmokeScreen"],"picked":"TheCursedMod:WearCloak","floor":46},{"not_picked":["TheCursedMod:CircleOfAmplification+1","TheCursedMod:FleshFromBone+1"],"picked":"TheCursedMod:HellfireBreathing+1","floor":47}],"player_experience":44817,"relics_obtained":[{"floor":7,"key":"The Courier"},{"floor":9,"key":"ReplayTheSpireMod:Lightbulb"},{"floor":10,"key":"reliquary:HotPoker"},{"floor":25,"key":"Ice Cream"},{"floor":26,"key":"Nunchaku"},{"floor":43,"key":"Kunai"},{"floor":43,"key":"Guardian:PocketSentry"},{"floor":45,"key":"reliquary:RoseTintedGlasses"},{"floor":47,"key":"Gremlin Food"},{"floor":49,"key":"reliquary:FerryPass"}],"event_choices":[{"damage_healed":0,"gold_gain":0,"player_choice":"Left Gold","damage_taken":0,"max_hp_gain":0,"max_hp_loss":0,"event_name":"World of Goop","floor":5,"gold_loss":41},{"cards_removed":["TheCursedMod:RapidMovement"],"damage_healed":0,"gold_gain":0,"player_choice":"Purged","damage_taken":0,"max_hp_gain":0,"max_hp_loss":0,"event_name":"Purifier","floor":14,"gold_loss":0},{"damage_healed":0,"gold_gain":0,"player_choice":"Rummage","damage_taken":0,"relics_obtained":["WarpedTongs"],"max_hp_gain":0,"max_hp_loss":0,"event_name":"Accursed Blacksmith","floor":19,"gold_loss":0,"cards_obtained":["Pain"]},{"damage_healed":0,"gold_gain":0,"player_choice":"Gave Potion","damage_taken":0,"relics_obtained":["hexamod:BolsterEngine"],"max_hp_gain":0,"max_hp_loss":0,"event_name":"WeMeetAgain","floor":21,"gold_loss":0},{"damage_healed":0,"gold_gain":0,"player_choice":"0 cards matched","damage_taken":0,"max_hp_gain":0,"max_hp_loss":0,"event_name":"Match and Keep!","floor":38,"gold_loss":0,"cards_obtained":[]},{"damage_healed":0,"gold_gain":0,"player_choice":"Memory 1","damage_taken":0,"max_hp_gain":0,"max_hp_loss":0,"event_name":"SensoryStone","floor":44,"gold_loss":0},{"damage_healed":0,"gold_gain":0,"player_choice":"Copied","damage_taken":0,"max_hp_gain":0,"max_hp_loss":0,"event_name":"Duplicator","floor":48,"gold_loss":0,"cards_obtained":["TheCursedMod:HellfireBreathing"]}],"is_beta":false,"boss_relics":[{"not_picked":["Black Star","Snecko Heart"],"picked":"TheCursedMod:BlackMagicAdvanced"},{"not_picked":["Coffee Dripper","Astrolabe"],"picked":"Replay:Ancient Bell"},{"not_picked":["Pen Nib","MawBank"],"picked":"Happy Flower"},{"not_picked":["reliquary:IridiumChain","Pear"],"picked":"Matryoshka"},{"not_picked":["Unceasing Top","Shovel"],"picked":"Lizard Tail"}],"items_purged_floors":[],"is_endless":false,"potions_floor_spawned":[4,11,20,23,31,36,39,41,45],"ascension_level":1}}