{"host":"06gxn1c1bsk424jw","time":1612667645,"event":{"mods":["BaseMod","DeckTracker","Minty Spire (QoL Compilation)","SuperFastMode"],"gold_per_floor":[112,124,124,124,9,9,39,49,74,94,113,130,130,146,146,224,224,236,236,416,121,132,161,161,171,221,221,221],"floor_reached":27,"language":"KOR","playtime":2350,"items_purged":["Pain"],"score":435,"play_id":"659b1ca6-2a34-427d-b0c9-cc552e8006a9","local_time":"20210207121405","is_ascension_mode":true,"campfire_choices":[{"floor":6,"key":"REST"},{"floor":13,"key":"REST"},{"data":"Perfected Strike","floor":15,"key":"SMITH"},{"floor":24,"key":"REST"}],"circlet_count":0,"master_deck":["AscendersBane","Strike_R+1","Strike_R","Strike_R","Strike_R","Strike_R","Defend_R","Defend_R","Defend_R+1","Defend_R+1","Bash","Metallicize","Evolve","Whirlwind","Perfected Strike+1","Wild Strike","Wild Strike","Pommel Strike","Double Tap","Offering","Power Through","Shame","Fire Breathing","Shrug It Off","Uppercut+1","Armaments+1"],"relics":["Burning Blood","Calipers","Centennial Puzzle","WarpedTongs","Turnip","War Paint","Runic Cube","Matryoshka","Sling","Happy Flower","Whetstone","Anchor"],"acts_visited":["TheCity"],"potions_floor_usage":[16,23],"damage_taken":[{"damage":14,"enemies":"Small Slimes","floor":1,"turns":6},{"damage":4,"enemies":"Jaw Worm","floor":2,"turns":5},{"damage":29,"enemies":"3 Sentries","floor":7,"turns":6},{"damage":0,"enemies":"Cultist","floor":8,"turns":3},{"damage":6,"enemies":"Blue Slaver","floor":10,"turns":4},{"damage":0,"enemies":"3 Louse","floor":11,"turns":1},{"damage":23,"enemies":"Exordium Thugs","floor":12,"turns":4},{"damage":8,"enemies":"Blue Slaver","floor":14,"turns":2},{"damage":36,"enemies":"Slime Boss","floor":16,"turns":7},{"damage":2,"enemies":"Chosen","floor":18,"turns":4},{"damage":17,"enemies":"Spheric Guardian","floor":22,"turns":4},{"damage":47,"enemies":"Book of Stabbing","floor":23,"turns":5},{"damage":37,"enemies":"Shelled Parasite and Fungi","floor":25,"turns":4},{"damage":26,"enemies":"3 Cultists","floor":27,"turns":4}],"seed_played":"-1743369660973956678","potions_obtained":[{"floor":1,"key":"FairyPotion"},{"floor":7,"key":"FearPotion"},{"floor":14,"key":"CultistPotion"},{"floor":18,"key":"SkillPotion"}],"is_trial":false,"path_per_floor":["M","M","?","?","$","R","E","M","T","M","M","M","R","M","R","B",null,"M","?","?","$","M","E","R","M","T","M"],"character_chosen":"IRONCLAD","items_purchased":["Whirlwind","Sling","Fire Breathing","Shrug It Off"],"campfire_rested":3,"item_purchase_floors":[5,21,21,21],"current_hp_per_floor":[42,44,33,33,33,55,32,38,38,38,44,27,49,47,47,17,61,65,65,46,46,35,28,50,19,19,0,0],"gold":221,"neow_bonus":"ONE_RARE_RELIC","is_daily":false,"chose_seed":false,"campfire_upgraded":1,"win_rate":0.0,"timestamp":1612667645,"path_taken":["M","M","?","?","$","R","E","?","T","M","M","M","R","M","R","BOSS","M","?","?","$","M","E","R","M","T","M"],"items_purchased_type":["Card","Relic","Card","Card"],"build_version":"2020-12-22","purchased_purges":1,"victory":false,"max_hp_per_floor":[75,75,75,75,75,75,75,75,75,75,75,75,75,75,75,75,75,75,75,75,75,75,75,75,75,75,75,75],"card_choices":[{"not_picked":["Seeing Red","Carnage"],"picked":"Metallicize","floor":1},{"not_picked":["Flex","Perfected Strike"],"picked":"Evolve","floor":2},{"not_picked":["Clash","Dark Embrace"],"picked":"Perfected Strike","floor":7},{"not_picked":["Flex","Cleave"],"picked":"Wild Strike","floor":8},{"not_picked":["Ghostly Armor","Burning Pact"],"picked":"Wild Strike","floor":10},{"not_picked":["Cleave","Metallicize"],"picked":"Pommel Strike","floor":11},{"not_picked":["Warcry","Thunderclap","Headbutt"],"picked":"SKIP","floor":12},{"not_picked":["Shrug It Off","Heavy Blade"],"picked":"Double Tap","floor":14},{"not_picked":["Berserk","Feed"],"picked":"Offering","floor":16},{"not_picked":["Spot Weakness","Perfected Strike"],"picked":"Power Through","floor":18},{"not_picked":["Body Slam","Havoc","Flex"],"picked":"SKIP","floor":22},{"not_picked":["Clothesline","Iron Wave"],"picked":"Uppercut","floor":23},{"not_picked":["Double Tap","Pommel Strike+1"],"picked":"Armaments+1","floor":25}],"player_experience":779921,"relics_obtained":[{"floor":7,"key":"Turnip"},{"floor":9,"key":"War Paint"},{"floor":23,"key":"Happy Flower"},{"floor":26,"key":"Whetstone"},{"floor":26,"key":"Anchor"}],"event_choices":[{"damage_healed":0,"gold_gain":0,"player_choice":"Success","damage_taken":11,"relics_obtained":["Centennial Puzzle"],"max_hp_gain":0,"max_hp_loss":0,"event_name":"Scrap Ooze","floor":3,"gold_loss":0},{"damage_healed":0,"gold_gain":0,"player_choice":"Rummage","damage_taken":0,"relics_obtained":["WarpedTongs"],"max_hp_gain":0,"max_hp_loss":0,"event_name":"Accursed Blacksmith","floor":4,"gold_loss":0,"cards_obtained":["Pain"]},{"damage_healed":0,"gold_gain":0,"player_choice":"Stole Relic","damage_taken":0,"relics_obtained":["Matryoshka"],"max_hp_gain":0,"max_hp_loss":0,"event_name":"Addict","floor":19,"gold_loss":0,"cards_obtained":["Shame"]},{"damage_healed":0,"gold_gain":180,"player_choice":"GOLD GOLD ","damage_taken":19,"max_hp_gain":0,"max_hp_loss":0,"event_name":"Knowing Skull","floor":20,"potions_obtained":[],"gold_loss":0,"cards_obtained":[]}],"is_beta":false,"boss_relics":[{"not_picked":["Coffee Dripper","Snecko Eye"],"picked":"Runic Cube"}],"items_purged_floors":[5],"is_endless":false,"potions_floor_spawned":[1,7,11,14,18],"killed_by":"3 Cultists","ascension_level":17}}