{"host":"hzswyuuwdl03wwzr","time":1612711679,"event":{"mods":["100% Spire Juice","ATMod(∞¢Ë™Mod)","AchievementEnabler","Act Like it!","BaseMod","Bossed Relics","CapriCore","Gensokyo","Hallownest","Marisa£®ÏF”Í°°ƒß¿Ì…≥£©","Minty Spire (QoL Compilation)","Reliquary","Remilia_Scarlet Moed£®¿Ÿ√◊¿Ú—«°§Àπø®¿◊Ãÿ£©3.3.5","Replay The Spire","StSLib","The Alterego","The Cursed","The Immortal","Yakumo Yukari mod","Youmu£®ªÍ∆«—˝√Œ£©","Yuyuko","°æπ¶ƒ‹Mod°øªÏ„Á÷Æª∑–ﬁ∏¥≤π∂°","°æ“≈ŒÔø®≈∆°øREMEMod"],"gold_per_floor":[113,113,113,113,125,125,135,147,147,166,166,166,166,166,166,166,166,166],"floor_reached":16,"language":"ZHS","playtime":369,"items_purged":[],"score":92,"play_id":"4a7e52a7-d6f5-4e0b-a1a5-e5c57c0e77f6","local_time":"20210207232759","is_ascension_mode":false,"campfire_choices":[{"data":"MokouMod:AdaptivePyromancy","floor":6,"key":"SMITH"},{"data":"MokouMod:Refresh","floor":11,"key":"SMITH"},{"data":"MokouMod:HeatSpark","floor":15,"key":"SMITH"}],"circlet_count":0,"master_deck":["MokouMod:Strike","MokouMod:Strike","MokouMod:Strike","MokouMod:Strike","MokouMod:Defend","MokouMod:Defend","MokouMod:Defend","MokouMod:Defend","MokouMod:HeatSpark+1","MokouMod:AdaptivePyromancy+1","MokouMod:FlareStarter","MokouMod:Refresh+1"],"relics":["MokouMod:PhoenixFeather","AT_ATBox","REME_ComplimentaryCards","NeowsBlessing","Golden Egg","Strawberry","Bottled Lightning"],"acts_visited":["Gensokyo:Gensokyo"],"potions_floor_usage":[],"damage_taken":[{"damage":0,"enemies":"Gensokyo:3_Fairies","floor":1,"turns":2},{"damage":0,"enemies":"Gensokyo:Gryphon","floor":2,"turns":1},{"damage":0,"enemies":"Gensokyo:Python","floor":5,"turns":1},{"damage":15,"enemies":"Gensokyo:5_Fairies","floor":7,"turns":8},{"damage":12,"enemies":"Gensokyo:VengefulSpirit","floor":8,"turns":6},{"damage":15,"enemies":"Gensokyo:CorruptedTreant","floor":10,"turns":4},{"damage":42,"enemies":"Gensokyo:Yukari","floor":16,"turns":6}],"seed_played":"847935661730782063","potions_obtained":[{"floor":1,"key":"Energy Potion"},{"floor":10,"key":"FearPotion"}],"is_trial":false,"path_per_floor":["M","M","?","?","M","R","M","M","T","M","R","?","?","T","R","B"],"character_chosen":"MKU","items_purchased":[],"campfire_rested":0,"item_purchase_floors":[],"current_hp_per_floor":[75,75,75,75,75,75,60,48,48,33,33,30,55,55,55,13,13,13],"gold":166,"neow_bonus":"THREE_ENEMY_KILL","is_daily":false,"chose_seed":false,"campfire_upgraded":3,"win_rate":0.0,"timestamp":1612711679,"path_taken":["M","?","?","?","M","R","?","M","T","M","R","?","?","?","R","BOSS"],"items_purchased_type":[],"build_version":"2020-12-22","purchased_purges":0,"victory":false,"max_hp_per_floor":[75,75,75,75,75,75,75,75,75,75,75,82,82,82,82,82,82,82],"card_choices":[{"not_picked":["MokouMod:IgnitionBlast","MokouMod:SearingShot"],"picked":"MokouMod:AdaptivePyromancy","floor":1},{"not_picked":["MokouMod:IndiscriminateIgnition","MokouMod:ImperishableFlame","MokouMod:AdaptivePyromancy"],"picked":"SKIP","floor":2},{"not_picked":["MokouMod:Fireball","MokouMod:RoaringFlare"],"picked":"MokouMod:FlareStarter","floor":5},{"not_picked":["MokouMod:Burn","MokouMod:Sear","MokouMod:SearingShot"],"picked":"SKIP","floor":7},{"not_picked":["MokouMod:FujiyamaVolcano","MokouMod:RoaringFlare","MokouMod:ShiftIgnition"],"picked":"SKIP","floor":8},{"not_picked":["MokouMod:FusionFlare","MokouMod:ExplosiveFlame"],"picked":"MokouMod:Refresh","floor":10}],"player_experience":40029,"relics_obtained":[{"floor":9,"key":"Golden Egg"},{"floor":14,"key":"Bottled Lightning"}],"event_choices":[],"is_beta":false,"boss_relics":[],"items_purged_floors":[],"is_endless":false,"potions_floor_spawned":[1,10],"killed_by":"Gensokyo:Yukari","ascension_level":0}}