{"host":"Jinnai","time":1612673096,"event":{"mods":["BaseMod","Bestiary","Block Reminder","Colored Map","Colored Powertips","Curses Come First","Highlight Path","Minty Spire (QoL Compilation)","Permanent Neow","Potion Indicator Mod","Quick Restart","Relic Stats","Slay-I","StSLib","ojb\u0027s Info Mod"],"gold_per_floor":[109,122,141,141,30,59,79,79,79],"floor_reached":8,"language":"ENG","playtime":301,"items_purged":["Defend_B"],"score":116,"play_id":"82259140-5698-4e19-8166-1ae0aa653fec","local_time":"20210206234456","is_ascension_mode":true,"campfire_choices":[],"circlet_count":0,"master_deck":["AscendersBane","Strike_B","Strike_B","Strike_B","Strike_B","Defend_B","Defend_B","Defend_B","Zap+1","Dualcast","Auto Shields","Ball Lightning","Genetic Algorithm","Defragment","Sunder","Loop"],"relics":["Cracked Core","WingedGreaves","Pen Nib"],"acts_visited":["Exordium"],"potions_floor_usage":[6,7,8],"damage_taken":[{"damage":0,"enemies":"2 Louse","floor":1,"turns":2},{"damage":0,"enemies":"Cultist","floor":2,"turns":3},{"damage":6,"enemies":"Small Slimes","floor":3,"turns":3},{"damage":17,"enemies":"Lagavulin","floor":6,"turns":7},{"damage":0,"enemies":"Gremlin Gang","floor":7,"turns":2},{"damage":45,"enemies":"Gremlin Nob","floor":8,"turns":3}],"seed_played":"-2099285630190687992","potions_obtained":[{"floor":1,"key":"Explosive Potion"},{"floor":2,"key":"EssenceOfSteel"},{"floor":7,"key":"Explosive Potion"}],"is_trial":false,"path_per_floor":["M","M","M","?","$","E","M","E"],"character_chosen":"DEFECT","items_purchased":["Defragment"],"campfire_rested":0,"item_purchase_floors":[5],"current_hp_per_floor":[64,64,58,58,58,41,41,0,0],"gold":79,"neow_bonus":"ONE_RARE_RELIC","is_daily":false,"chose_seed":false,"campfire_upgraded":0,"win_rate":0.0,"timestamp":1612673096,"path_taken":["M","M","M","?","$","E","M","E"],"items_purchased_type":["Card"],"build_version":"2020-12-18","purchased_purges":1,"victory":false,"max_hp_per_floor":[64,64,64,64,64,64,64,64,64],"relic_stats":{"counters":[6,20],"Pen Nib":[0],"obtain_stats":[{"WingedGreaves":0,"Pen Nib":6,"Cracked Core":0},{"WingedGreaves":0,"Pen Nib":4,"Cracked Core":0},{"WingedGreaves":0,"Pen Nib":15,"Cracked Core":0}]},"card_choices":[{"not_picked":["Consume","Hologram"],"picked":"Auto Shields","floor":1},{"not_picked":["Conserve Battery","Steam"],"picked":"Ball Lightning","floor":2},{"not_picked":["Steam","Heatsinks"],"picked":"Genetic Algorithm","floor":3},{"not_picked":["Reprogram","Hologram"],"picked":"Sunder","floor":6},{"not_picked":["Turbo","Ball Lightning"],"picked":"Loop","floor":7}],"player_experience":1671787,"relics_obtained":[{"floor":6,"key":"Pen Nib"}],"event_choices":[{"damage_healed":0,"gold_gain":0,"player_choice":"Upgraded","damage_taken":0,"max_hp_gain":0,"max_hp_loss":0,"event_name":"Upgrade Shrine","floor":4,"gold_loss":0,"cards_upgraded":["Zap"]}],"is_beta":true,"boss_relics":[],"items_purged_floors":[5],"is_endless":false,"potions_floor_spawned":[1,2,7],"killed_by":"Gremlin Nob","ascension_level":20}}