{"host":"eaiphzh066bwqdh7","time":1612740878,"event":{"mods":["BaseMod","Better Note","Halation","Hubris","Minty Spire (QoL Compilation)","Reliquary","Replay The Spire","StSLib"],"gold_per_floor":[118,135,145,145,145,145,177,177,177,177,189,199,199,210,210,311,311,324,98,98,121,121,121,132,148,226,243,243,243,254,254,254],"floor_reached":31,"language":"ENG","playtime":831,"items_purged":["Strike_G"],"score":284,"play_id":"d670ac46-9225-4e91-a310-3315f8584003","local_time":"20210207183438","is_ascension_mode":true,"campfire_choices":[{"floor":6,"key":"REST"},{"floor":8,"key":"REST"},{"floor":10,"key":"REST"},{"data":"Corpse Explosion","floor":15,"key":"SMITH"},{"floor":23,"key":"REST"},{"floor":29,"key":"REST"}],"circlet_count":0,"master_deck":["Strike_G","Strike_G","Strike_G","Defend_G","Defend_G","Defend_G","Defend_G","Defend_G","Survivor","Neutralize","Corpse Explosion+1","Slice","Catalyst","Hidden Blade","Envenom+1","CurseOfTheBell","Backflip+1","Poison Darts"],"relics":["Ring of the Snake","halation:EternalFortune","Eternal Feather","Replay:Baseball","Letter Opener","Calling Bell","Pet Ghost","halation:Trompette","Replay:Bottled Snecko","Omamori","reliquary:TatteredRug","Frozen Egg 2"],"acts_visited":["Exordium","TheCity"],"potions_floor_usage":[11,14,16],"damage_taken":[{"damage":2,"enemies":"Small Slimes","floor":1,"turns":3},{"damage":7,"enemies":"Jaw Worm","floor":2,"turns":4},{"damage":0,"enemies":"Cultist","floor":3,"turns":3},{"damage":62,"enemies":"Gremlin Nob","floor":7,"turns":5},{"damage":1,"enemies":"Exordium Wildlife","floor":11,"turns":3},{"damage":0,"enemies":"3 Louse","floor":12,"turns":1},{"damage":0,"enemies":"Exordium Thugs","floor":14,"turns":4},{"damage":61,"enemies":"Slime Boss","floor":16,"turns":13},{"damage":42,"enemies":"Spheric Guardian","floor":18,"turns":6},{"damage":1,"enemies":"2 Thieves","floor":24,"turns":2},{"damage":18,"enemies":"Snake Plant","floor":25,"turns":5},{"damage":17,"enemies":"Centurion and Healer","floor":27,"turns":3},{"damage":25,"enemies":"Chosen and Byrds","floor":30,"turns":5},{"damage":26,"enemies":"Shelled Parasite and Fungi","floor":31,"turns":3}],"seed_played":"3247874247809479001","potions_obtained":[{"floor":3,"key":"DistilledChaos"},{"floor":7,"key":"Reflective Coating"},{"floor":12,"key":"Weak Potion"},{"floor":16,"key":"SpeedPotion"},{"floor":24,"key":"Elixir"}],"is_trial":false,"path_per_floor":["M","M","M","?","?","R","E","R","T","R","M","M","T","M","R","B",null,"M","$","?","T","?","R","M","M","T","M","?","R","M","M"],"character_chosen":"THE_SILENT","items_purchased":["Omamori"],"campfire_rested":5,"item_purchase_floors":[19],"current_hp_per_floor":[47,40,40,43,43,64,2,32,32,62,61,61,61,61,70,12,76,34,34,20,20,20,53,52,34,34,17,17,50,25,0,0],"gold":254,"neow_bonus":"THREE_RARE_CARDS","is_daily":false,"chose_seed":false,"campfire_upgraded":1,"win_rate":0.0,"timestamp":1612740878,"path_taken":["M","M","M","?","?","R","E","R","T","R","M","?","?","M","R","BOSS","M","$","?","?","?","R","M","M","T","?","?","R","M","M"],"items_purchased_type":["Relic"],"build_version":"2020-12-22","purchased_purges":1,"victory":false,"max_hp_per_floor":[70,70,70,73,73,73,73,73,73,73,73,73,73,73,73,76,76,76,76,81,81,81,81,81,81,81,81,81,81,81,81,81],"card_choices":[{"not_picked":["Glass Knife","Venomology"],"picked":"Corpse Explosion","floor":0},{"not_picked":["Leg Sweep","Calculated Gamble"],"picked":"Slice","floor":1},{"not_picked":["Dagger Throw","Bane"],"picked":"Catalyst","floor":2},{"not_picked":["Setup","Predator","Blur"],"picked":"SKIP","floor":3},{"not_picked":["Escape Plan","Masterful Stab"],"picked":"Hidden Blade","floor":7},{"not_picked":["Dodge and Roll","Tactician","ReplayTheSpireMod:The Works"],"picked":"SKIP","floor":11},{"not_picked":["PiercingWail","Predator","hubris:SlightOfHand"],"picked":"SKIP","floor":12},{"not_picked":["Outmaneuver","Deflect","Dodge and Roll"],"picked":"SKIP","floor":14},{"not_picked":["Die Die Die","Night Terror"],"picked":"Envenom","floor":16},{"not_picked":["Blur","Outmaneuver+1","Predator"],"picked":"SKIP","floor":18},{"not_picked":["Calculated Gamble","Leg Sweep","Flying Knee"],"picked":"SKIP","floor":24},{"not_picked":["Underhanded Strike","Blade Dance"],"picked":"Backflip+1","floor":25},{"not_picked":["Quick Slash","Deflect+1"],"picked":"Poison Darts","floor":27},{"not_picked":["Quick Slash","Masterful Stab","Sneak Up"],"picked":"SKIP","floor":30}],"player_experience":277889,"relics_obtained":[{"floor":7,"key":"Eternal Feather"},{"floor":9,"key":"Replay:Baseball"},{"floor":13,"key":"Letter Opener"},{"floor":16,"key":"halation:EternalFortune"},{"floor":17,"key":"Pet Ghost"},{"floor":17,"key":"halation:Trompette"},{"floor":17,"key":"Replay:Bottled Snecko"},{"floor":21,"key":"reliquary:TatteredRug"},{"floor":26,"key":"Frozen Egg 2"}],"event_choices":[{"cards_removed":["Strike_G"],"damage_healed":0,"gold_gain":0,"player_choice":"Offered Basic","damage_taken":0,"max_hp_gain":0,"max_hp_loss":0,"event_name":"Bonfire Elementals","floor":5,"gold_loss":0},{"damage_healed":0,"gold_gain":0,"player_choice":"Shed Blood","damage_taken":19,"max_hp_gain":5,"max_hp_loss":0,"event_name":"Forgotten Altar","floor":20,"gold_loss":0},{"damage_healed":0,"gold_gain":0,"player_choice":"Forge","damage_taken":0,"max_hp_gain":0,"max_hp_loss":0,"event_name":"Accursed Blacksmith","floor":22,"gold_loss":0,"cards_upgraded":["Envenom"]}],"is_beta":false,"boss_relics":[{"not_picked":["Honey Jar","hubris:GrandSneckoEye"],"picked":"Calling Bell"}],"items_purged_floors":[19],"is_endless":false,"potions_floor_spawned":[3,7,12,16,24],"killed_by":"Shelled Parasite and Fungi","ascension_level":4}}