{"host":"jl7epezt8u9c37lt","time":1612672516,"event":{"mods":["2.2 Compatiblity","Aspiration","Astrologer","Bard","BaseMod","Beaked The Cultist","Better Third Choice","Conspire","DeckTracker","Downfall","Energized Spire","GifTheSpireLib","Glutton Mod","Halation","Hermit","HexUI Lib","Hubris","Lobotomy","LobotomyExtend","Minty Spire (QoL Compilation)","Quick Restart","Reliquary","Replay The Spire","Spikes Relics","StSLib","Stuff the Spire","The Animator","The Bladedancer","The Blue Laboratory","The Disciple","The Judge","The Jungle","The Runesmith","Wandering Minibosses","egg"],"gold_per_floor":[99,129,174,174,222,222,222,322,122,122,26,74,127,292,352,352,352,352],"floor_reached":16,"language":"ENG","playtime":495,"items_purged":[],"score":115,"play_id":"bde129a4-3286-477f-9d15-a70f318458ff","local_time":"20210206223516","daily_mods":["Hoarder","Heirloom","Time Dilation","Flight","Lethality","Midas"],"is_ascension_mode":false,"campfire_choices":[{"floor":1,"key":"RECALL"},{"floor":9,"key":"REST"}],"circlet_count":0,"master_deck":["Slimebound:Strike_Slimebound","Slimebound:Strike_Slimebound","Slimebound:Tackle","Slimebound:Defend_Slimebound","Slimebound:Defend_Slimebound","Slimebound:Defend_Slimebound","Slimebound:Defend_Slimebound","Slimebound:Split","Slimebound:CorrosiveSpit","Runesmith:HeatedChisel","Runesmith:HeatedChisel","Runesmith:HeatedChisel","Slimebound:LivingWall","Slimebound:LivingWall","Slimebound:LivingWall","Slimebound:SamplingLick","Slimebound:SamplingLick","Slimebound:SamplingLick","Slimebound:SplitMire","Slimebound:SplitMire","Slimebound:SplitMire","Replay:SS_fish_1","Replay:SS_fish_1","Replay:SS_fish_1","Slimebound:MegaLick","Slimebound:MegaLick","Slimebound:MegaLick","Runesmith:CraftMagma","Runesmith:CraftMagma","Runesmith:CraftMagma","Runesmith:PerfectChisel","Runesmith:PerfectChisel","Runesmith:PerfectChisel"],"relics":["Slimebound:AbsorbEndCombat","Runesmith:Locket","LetterFromLob","halation:PinkSoulGem","halation:EternalFortune","downfall:HeartBlessingBlue","downfall:HeartBlessingRed","Dream Catcher","halation:LettersToHer","wanderingMiniBosses:CarrionFlame"],"acts_visited":["Exordium"],"potions_floor_usage":[14,16,16],"damage_taken":[{"damage":13,"enemies":"2 Louse","floor":2,"turns":2},{"damage":3,"enemies":"Small Slimes","floor":3,"turns":2},{"damage":3,"enemies":"Cultist","floor":5,"turns":2},{"damage":12,"enemies":"downfall:FleeingMerchant","floor":11,"turns":4},{"damage":21,"enemies":"Exordium Wildlife","floor":12,"turns":3},{"damage":35,"enemies":"Lagavulin Event","floor":14,"turns":4},{"damage":19,"enemies":"3 Louse","floor":15,"turns":6},{"damage":18,"enemies":"DF_ARCHETYPE_STREAMLINE","floor":16,"turns":4}],"seed_played":"3960504241237685715","potions_obtained":[{"floor":12,"key":"AttackPotion"},{"floor":14,"key":"Venom Potion"},{"floor":15,"key":"SpeedPotion"}],"is_trial":true,"path_per_floor":["R","M","M","?","M","?","T","?","R","?","$","M","T","?","M","B"],"character_chosen":"SLIMEBOUND","items_purchased":["Replay:SS_fish_1"],"campfire_rested":1,"item_purchase_floors":[11],"current_hp_per_floor":[65,54,53,53,50,53,53,53,78,78,68,53,53,25,14,0,0,0],"gold":352,"neow_bonus":"","is_daily":false,"chose_seed":false,"campfire_upgraded":0,"win_rate":0.0,"timestamp":1612672516,"path_taken":["R","M","M","?","M","?","T","?","R","?","$","?","?","?","M","BOSS"],"items_purchased_type":["Card"],"build_version":"2020-12-22","purchased_purges":0,"victory":false,"max_hp_per_floor":[65,65,65,65,65,68,68,68,78,78,78,78,78,81,81,81,81,81],"card_choices":[{"not_picked":["Runesmith:ChiselStab","Runesmith:Grindstone"],"picked":"Runesmith:HeatedChisel","floor":2},{"not_picked":["Slimebound:RollThrough","Runesmith:Empowerment"],"picked":"Slimebound:LivingWall","floor":3},{"not_picked":["Slimebound:LivingWall","Runesmith:OneForEveryone"],"picked":"Slimebound:SamplingLick","floor":5},{"not_picked":["Slimebound:GrowthPunch","Slimebound:SelfFormingGoo"],"picked":"Slimebound:SplitMire","floor":11},{"not_picked":["Runesmith:HeatedChisel","Slimebound:FlameTackle"],"picked":"Slimebound:MegaLick","floor":12},{"not_picked":["Slimebound:ViciousTackle","Slimebound:SplitSpecialist"],"picked":"Runesmith:CraftMagma","floor":14},{"not_picked":["Slimebound:LeadByExample","Slimebound:FlameTackle"],"picked":"Runesmith:PerfectChisel","floor":15}],"player_experience":216979,"relics_obtained":[{"floor":2,"key":"LetterFromLob"},{"floor":13,"key":"Dream Catcher"},{"floor":14,"key":"halation:LettersToHer"},{"floor":14,"key":"halation:EternalFortune"},{"floor":15,"key":"wanderingMiniBosses:CarrionFlame"}],"event_choices":[],"is_beta":false,"boss_relics":[],"items_purged_floors":[],"is_endless":false,"potions_floor_spawned":[12,14,15],"killed_by":"DF_ARCHETYPE_STREAMLINE","ascension_level":0}}