{"host":"yg1n0qads92lo9wl","time":1612672137,"event":{"mods":["BaseMod","Downfall","Luminous","Minty Spire (QoL Compilation)","StSLib","Warlord Emblem"],"gold_per_floor":[99,109,121,121,46,46,46,146,166,116,133,151,101,134,147,250,250,200,210,230,11,21,6,6,26,38,65,75,86,106,106,124,226,226,176,195,210,210,225,259,333,283,317,329,340,106,56,72,84,84],"floor_reached":51,"language":"ZHS","playtime":3229,"items_purged":[],"score":833,"play_id":"557cf2b6-5176-4316-889e-daf96bee99c3","local_time":"20210207122857","is_ascension_mode":true,"campfire_choices":[{"data":"Slimebound:TagTeam","floor":1.0,"key":"SMITH"},{"data":"Slimebound:SamplingLick","floor":6.0,"key":"SMITH"},{"data":"Slimebound:MinionMaster","floor":10.0,"key":"SMITH"},{"data":"Slimebound:SlimeBrawl","floor":13.0,"key":"SMITH"},{"data":"Slimebound:MassRepurpose","floor":18.0,"key":"SMITH"},{"data":"Slimebound:PressTheAttack","floor":35.0,"key":"SMITH"},{"data":"Slimebound:Repurpose","floor":42.0,"key":"SMITH"},{"data":"Slimebound:DivideAndConquer","floor":47,"key":"SMITH"}],"circlet_count":0,"master_deck":["Slimebound:Strike_Slimebound","Slimebound:Strike_Slimebound","Slimebound:Defend_Slimebound","Slimebound:Defend_Slimebound","Slimebound:Defend_Slimebound","Slimebound:Split","Slimebound:CorrosiveSpit","Slimebound:TagTeam+1","Slimebound:SamplingLick+1","Slimebound:MinionMaster+1","Slimebound:SlimeBrawl+1","Slimebound:SplitAcid","Slimebound:Repurpose+1","Slimebound:SplitMire","Slimebound:MassRepurpose+1","Slimebound:ServeAndProtect","Slimebound:SplitMire+1","Slimebound:RejuvenatingLick+1","Slimebound:PressTheAttack+1","Slimebound:Nibble+1","Slimebound:Equalize+1","Slimebound:FormOfPuddle","Slimebound:RejuvenatingLick+1","Slimebound:DivideAndConquer+1"],"relics":["Slimebound:AbsorbEndCombat","Slimebound:GreedOozeRelic","Letter Opener","downfall:GremlinWheel","Question Card","Potion Belt","Busted Crown","MealTicket","Pantograph","Oddly Smooth Stone","Blue Candle","Coffee Dripper","Anchor","Singing Bowl","Molten Egg 2","OrangePellets","Bag of Preparation","Bottled Flame"],"acts_visited":["Exordium","TheCity","TheBeyond"],"potions_floor_usage":[50],"damage_taken":[{"damage":1.0,"enemies":"Cultist","floor":2.0,"turns":3.0},{"damage":0.0,"enemies":"Small Slimes","floor":3.0,"turns":2.0},{"damage":17.0,"enemies":"Small Slimes","floor":8.0,"turns":4.0},{"damage":0.0,"enemies":"2 Louse","floor":9.0,"turns":3.0},{"damage":9.0,"enemies":"Lots of Slimes","floor":11.0,"turns":3.0},{"damage":7.0,"enemies":"2 Fungi Beasts","floor":12.0,"turns":3.0},{"damage":17.0,"enemies":"3 Sentries","floor":14.0,"turns":4.0},{"damage":9.0,"enemies":"Red Slaver","floor":15.0,"turns":3.0},{"damage":1.0,"enemies":"DF_ARCHETYPE_STREAMLINE","floor":16.0,"turns":6.0},{"damage":6.0,"enemies":"3 Byrds","floor":19.0,"turns":2.0},{"damage":14.0,"enemies":"Shell Parasite","floor":20.0,"turns":4.0},{"damage":1.0,"enemies":"downfall:FleeingMerchant","floor":21.0,"turns":4.0},{"damage":13.0,"enemies":"Snecko","floor":22.0,"turns":3.0},{"damage":0.0,"enemies":"downfall:FleeingMerchant","floor":23.0,"turns":4.0},{"damage":0.0,"enemies":"Snake Plant","floor":25.0,"turns":2.0},{"damage":9.0,"enemies":"Shelled Parasite and Fungi","floor":26.0,"turns":3.0},{"damage":33.0,"enemies":"Gremlin Leader","floor":27.0,"turns":4.0},{"damage":6.0,"enemies":"3 Cultists","floor":28.0,"turns":3.0},{"damage":0.0,"enemies":"Snecko","floor":29.0,"turns":2.0},{"damage":8.0,"enemies":"Shelled Parasite and Fungi","floor":30.0,"turns":3.0},{"damage":14.0,"enemies":"Chosen and Byrds","floor":32.0,"turns":3.0},{"damage":23.0,"enemies":"IC_MUSHROOM_ARCHETYPE","floor":33.0,"turns":6.0},{"damage":10.0,"enemies":"3 Shapes","floor":36.0,"turns":2.0},{"damage":5.0,"enemies":"Orb Walker","floor":37.0,"turns":2.0},{"damage":22.0,"enemies":"4 Shapes","floor":39.0,"turns":3.0},{"damage":2.0,"enemies":"Giant Head","floor":40.0,"turns":7.0},{"damage":19.0,"enemies":"Reptomancer","floor":43.0,"turns":5.0},{"damage":0.0,"enemies":"Sphere and 2 Shapes","floor":44.0,"turns":3.0},{"damage":0.0,"enemies":"Transient","floor":45.0,"turns":5.0},{"damage":0.0,"enemies":"downfall:FleeingMerchant","floor":46.0,"turns":2.0},{"damage":26,"enemies":"Nemesis","floor":48,"turns":5},{"damage":8,"enemies":"Maw","floor":49,"turns":4},{"damage":38,"enemies":"WA_ARCHETYPE_DIVINITY","floor":50,"turns":6}],"seed_played":"2886770643414747566","potions_obtained":[{"floor":11.0,"key":"PowerPotion"},{"floor":12.0,"key":"Fire Potion"},{"floor":15.0,"key":"Fruit Juice"},{"floor":16.0,"key":"SteroidPotion"},{"floor":19.0,"key":"FairyPotion"},{"floor":22.0,"key":"Fire Potion"},{"floor":25.0,"key":"champ:CounterPotion"},{"floor":27.0,"key":"Fire Potion"},{"floor":30.0,"key":"AttackPotion"},{"floor":32.0,"key":"Weak Potion"},{"floor":39.0,"key":"LiquidMemories"}],"is_trial":false,"path_per_floor":["R","M","M","?","?","R","T","?","M","R","M","M","R","E","M","B",null,"R","M","M","$","M","$","T","M","M","E","M","M","M","?","M","B",null,"R","M","M","?","M","E","T","R","E","M","M","$","R","E","M","B",null],"character_chosen":"SLIMEBOUND","items_purchased":["MealTicket","PowerPotion","OrangePellets","Bag of Preparation","Bottled Flame"],"campfire_rested":0,"item_purchase_floors":[21,21,46,46,46],"current_hp_per_floor":[65,65,65,65,65,65,65,50,52,52,45,40,40,23,18,26,70,70,64,54,59,52,70,70,70,69,56,64,70,70,65,55,67,70,70,66,65,65,54,70,70,70,66,74,76,76,76,66,78,50],"gold":84,"neow_bonus":"TRANSFORM_CARD","is_daily":false,"chose_seed":false,"campfire_upgraded":8,"win_rate":0.0,"timestamp":1612672137,"path_taken":["R","M","M","?","?","R","T","?","M","R","M","M","R","E","M","BOSS","R","M","M","$","M","?","T","M","M","E","M","M","M","?","M","BOSS","R","M","M","?","?","E","T","R","E","M","M","$","R","E","M","BOSS"],"items_purchased_type":["Relic","Potion","Relic","Relic","Relic"],"build_version":"2020-12-22","purchased_purges":0,"victory":true,"max_hp_per_floor":[65,65,65,65,65,65,65,65,65,65,65,65,65,65,65,70,70,70,70,70,70,70,70,70,70,70,70,70,70,70,70,70,70,70,70,70,70,70,70,70,70,70,72,74,76,76,76,78,80,80],"card_choices":[{"not_picked":["Slimebound:GoopSpray","Slimebound:GoopTackle","Slimebound:FinishingTackle"],"picked":"SKIP","floor":2.0},{"not_picked":["Slimebound:LeechEnergy","Slimebound:GoopTackle"],"picked":"Slimebound:SamplingLick","floor":3.0},{"not_picked":["Slimebound:Chomp","Slimebound:Prepare"],"picked":"Slimebound:MinionMaster","floor":9.0},{"not_picked":["Slimebound:ForwardTackle","Slimebound:LeechEnergy","Slimebound:ItLooksTasty"],"picked":"Slimebound:SlimeBrawl","floor":11.0},{"not_picked":["Slimebound:TongueLash","Slimebound:ComboTackle","Slimebound:Schlurp"],"picked":"Slimebound:SplitAcid","floor":12.0},{"not_picked":["Slimebound:LeechingTouch","Slimebound:RainOfGoop","Slimebound:MegaLick"],"picked":"Slimebound:Repurpose","floor":14.0},{"not_picked":["Slimebound:Prepare","Slimebound:LeechingTouch","Slimebound:Recollect"],"picked":"Slimebound:SplitMire","floor":15.0},{"not_picked":["Slimebound:MassFeed","Slimebound:MinionMaster","Slimebound:WasteNot"],"picked":"Slimebound:MassRepurpose","floor":16.0},{"not_picked":["Slimebound:MegaLick"],"picked":"Slimebound:ServeAndProtect","floor":19.0},{"not_picked":["Slimebound:LeechEnergy+1"],"picked":"Slimebound:SplitMire+1","floor":20.0},{"not_picked":["Slimebound:ComboTackle"],"picked":"Slimebound:RejuvenatingLick+1","floor":21.0},{"not_picked":["Slimebound:Grow"],"picked":"Slimebound:PressTheAttack","floor":22.0},{"not_picked":["Slimebound:FinishingTackle"],"picked":"Slimebound:Nibble+1","floor":23.0},{"not_picked":["Slimebound:Prepare+1","Slimebound:HauntingLick"],"picked":"SKIP","floor":25.0},{"not_picked":["Slimebound:LeechEnergy+1"],"picked":"Slimebound:Equalize+1","floor":26.0},{"not_picked":["Slimebound:GoopTackle"],"picked":"Slimebound:FormOfPuddle","floor":27.0},{"not_picked":["Slimebound:Recollect","Slimebound:LeechingTouch"],"picked":"SKIP","floor":28.0},{"not_picked":["Slimebound:Prepare","Slimebound:ViciousTackle"],"picked":"SKIP","floor":29.0},{"not_picked":["Slimebound:GrowthPunch"],"picked":"Slimebound:RejuvenatingLick+1","floor":30.0},{"not_picked":["Slimebound:MegaLick","Slimebound:LeechEnergy"],"picked":"SKIP","floor":32.0},{"not_picked":["Slimebound:GoopTackle+1","Slimebound:SplitMire"],"picked":"SKIP","floor":36.0},{"not_picked":["Slimebound:FormOfPuddle","Slimebound:LivingWall+1"],"picked":"SKIP","floor":37.0},{"not_picked":["Slimebound:GoopSpray","Slimebound:FinishingTackle"],"picked":"SKIP","floor":39.0},{"not_picked":["Slimebound:SamplingLick"],"picked":"Slimebound:DivideAndConquer","floor":40.0},{"not_picked":["Slimebound:ServeAndProtect+1","Slimebound:SplitLeeching+1"],"picked":"Singing Bowl","floor":43.0},{"not_picked":["Slimebound:Dissolve+1","Slimebound:SlimeSpikes+1"],"picked":"Singing Bowl","floor":44.0},{"not_picked":["Slimebound:ItLooksTasty+1","Slimebound:SamplingLick"],"picked":"Singing Bowl","floor":45.0},{"not_picked":["Slimebound:GoopTackle+1","Slimebound:MassFeed+1"],"picked":"Singing Bowl","floor":48},{"not_picked":["Slimebound:Dissolve+1","Slimebound:SplitMire"],"picked":"Singing Bowl","floor":49}],"player_experience":383133,"relics_obtained":[{"floor":7.0,"key":"Letter Opener"},{"floor":8.0,"key":"downfall:GremlinWheel"},{"floor":10.0,"key":"Question Card"},{"floor":14.0,"key":"Potion Belt"},{"floor":24.0,"key":"Pantograph"},{"floor":27.0,"key":"Oddly Smooth Stone"},{"floor":40.0,"key":"Anchor"},{"floor":41.0,"key":"Singing Bowl"},{"floor":43.0,"key":"Molten Egg 2"}],"event_choices":[{"cards_removed":["Slimebound:Strike_Slimebound"],"damage_healed":0.0,"max_hp_gain":0.0,"max_hp_loss":0.0,"gold_gain":0.0,"event_name":"The Cleric","player_choice":"Card Removal","floor":4.0,"gold_loss":0.0,"damage_taken":0.0},{"damage_healed":0.0,"max_hp_gain":0.0,"max_hp_loss":0.0,"gold_gain":0.0,"event_name":"Wheel of Change","player_choice":"Relic","floor":10.0,"gold_loss":0.0,"damage_taken":0.0}],"is_beta":false,"boss_relics":[{"not_picked":["Tiny House","Philosopher\u0027s Stone"],"picked":"Busted Crown"},{"not_picked":["Runic Dome","Pandora\u0027s Box"],"picked":"Coffee Dripper"}],"items_purged_floors":[],"is_endless":false,"potions_floor_spawned":[11,12,15,16,19,22,25,27,30,32,39,40,43],"ascension_level":2}}