{"host":"lwpvkgc6ydwupigp","time":1612716409,"event":{"mods":["AchievementEnabler","BaseMod","Bestiary","Minty Spire (QoL Compilation)","Quick Restart","Relic Stats"],"gold_per_floor":[112,159,159,177,191,191,191],"floor_reached":6,"language":"ENG","playtime":240,"items_purged":[],"score":36,"play_id":"587194b0-96bb-409b-babd-ee6b3363a4dd","local_time":"20210207174649","is_ascension_mode":false,"campfire_choices":[],"circlet_count":0,"master_deck":["Strike_G","Strike_G","Strike_G","Strike_G","Strike_G","Defend_G","Defend_G","Defend_G","Defend_G","Defend_G","Survivor","Neutralize","Deflect","Caltrops","PiercingWail"],"relics":["Ring of the Snake","NeowsBlessing","Tiny Chest","CultistMask"],"acts_visited":["Exordium"],"potions_floor_usage":[6],"damage_taken":[{"damage":0,"enemies":"Cultist","floor":1,"turns":1},{"damage":0,"enemies":"Jaw Worm","floor":4,"turns":1},{"damage":0,"enemies":"Small Slimes","floor":5,"turns":1},{"damage":93,"enemies":"Gremlin Nob","floor":6,"turns":6}],"seed_played":"5642843314716299348","potions_obtained":[{"floor":5,"key":"Strength Potion"}],"is_trial":false,"path_per_floor":["M","T","?","M","M","E"],"character_chosen":"THE_SILENT","items_purchased":[],"campfire_rested":0,"item_purchase_floors":[],"current_hp_per_floor":[70,70,70,70,70,0,0],"gold":191,"neow_bonus":"THREE_ENEMY_KILL","is_daily":false,"chose_seed":false,"campfire_upgraded":0,"win_rate":0.0,"timestamp":1612716409,"path_taken":["M","?","?","M","M","E"],"items_purchased_type":[],"build_version":"2020-12-22","purchased_purges":0,"victory":false,"max_hp_per_floor":[70,70,70,70,70,70,70],"relic_stats":{"counters":[4,9],"Tiny Chest":0,"obtain_stats":[{"NeowsBlessing":0,"Tiny Chest":2,"CultistMask":3,"Ring of the Snake":0},{"NeowsBlessing":0,"Tiny Chest":1,"CultistMask":1,"Ring of the Snake":0},{"NeowsBlessing":0,"Tiny Chest":1,"CultistMask":1,"Ring of the Snake":0}],"Ring of the Snake":[8]},"card_choices":[{"not_picked":["Heel Hook","Blur"],"picked":"Deflect","floor":1},{"not_picked":["Endless Agony","Underhanded Strike"],"picked":"Caltrops","floor":4},{"not_picked":["Footwork","Cloak And Dagger"],"picked":"PiercingWail","floor":5}],"player_experience":48069,"relics_obtained":[{"floor":2,"key":"Tiny Chest"}],"event_choices":[{"damage_healed":0,"gold_gain":0,"player_choice":"Trade","damage_taken":0,"relics_obtained":["CultistMask"],"max_hp_gain":0,"max_hp_loss":0,"event_name":"FaceTrader","floor":3,"gold_loss":0}],"is_beta":false,"boss_relics":[],"items_purged_floors":[],"is_endless":false,"potions_floor_spawned":[5],"killed_by":"Gremlin Nob","ascension_level":0}}