{"host":"rwmcmr2m88k7tuzm","time":1612739604,"event":{"mods":["A Magickal Journey","Aspiration","BaseMod","BetterRewards","Conspire","Downfall","Hubris","Infinite Spire","Minty Spire (QoL Compilation)","Quick Restart","Replay The Spire","Shop Mod","StSLib","SuperFastMode","The Hayseed","The Necromancer"],"gold_per_floor":[112,112,287,287,287,287,305,335,335,354,384,384,4,17,17,118,168,133,133,133,133,33,64,82,98,123,123,154,27,27,47,47,146,146,165,184,217,234,260,286,286,43,67,67,87,87,106,136,136,440,440,447,447,447,453,467,467,467,467,491,491,491,491,540,550,550,638,638,647,647,655,655,655,655,653,653,676,726,744,744],"floor_reached":79,"language":"ENG","playtime":2350,"items_purged":["Doubt","downfall:Bewildered","TheSimpletonMod:Gnats","Strike_R"],"score":1205,"play_id":"5bdf9e51-be9c-4f89-85ae-a83472b54c7e","local_time":"20210207231324","is_ascension_mode":false,"campfire_choices":[{"floor":6,"key":"REST"},{"data":"ReplayTheSpireMod:Limb From Limb","floor":12,"key":"SMITH"},{"data":"ReplayTheSpireMod:Limb From Limb","floor":15,"key":"SMITH"},{"floor":27,"key":"REST"},{"data":"Juggernaut","floor":30,"key":"SMITH"},{"data":"Seeing Red","floor":32,"key":"SMITH"},{"floor":41,"key":"REST"},{"data":"Parasite","floor":49,"key":"PURGE"},{"data":"Offering","floor":57,"key":"SMITH"},{"data":"Uppercut","floor":66,"key":"SMITH"},{"data":"Demon Form","floor":74,"key":"SMITH"},{"data":"ReplayTheSpireMod:Haul","floor":76,"key":"SMITH"},{"data":"Metallicize","floor":78,"key":"SMITH"}],"circlet_count":0,"master_deck":["Strike_R","Strike_R+1","Strike_R+1","Defend_R+1","Defend_R+1","Defend_R+1","Bash+1","Metallicize+1","Twin Strike","ReplayTheSpireMod:Limb From Limb+1","ReplayTheSpireMod:Limb From Limb+1","Bludgeon","Pommel Strike+1","ReplayTheSpireMod:Book of Names+1","ReplayTheSpireMod:Haul+1","Juggernaut+1","Seeing Red+1","Offering+1","Replay:Undeath\u0027s Touch+1","Spot Weakness+1","Reaper+1","Demon Form+1","Uppercut+1"],"relics":["Burning Blood","hubris:EmptyBottle","hubris:MobiusCoin","Snack Pack","Toy Ornithopter","Regal Pillow","infinitespire:EmpoweringShard","Chameleon Ring","Lee\u0027s Waffle","MerchantsRug","Tiny House","sneckomod:BabySnecko","Mirror","PreservedInsect","hubris:DisguiseKit","infinitespire:PuzzleCube","ReplayTheSpireMod:TigerMarble","Vajra","hubris:Backtick","ReplayTheSpireMod:Shallot","aspiration:TomeofQuesting","Unceasing Top","MealTicket","Paper Frog","Boot","Anchor","aspiration:PoetsPen_weak","aspiration:BabyByrd","War Paint","conspire:GiftBox","Sundial","Blue Doll"],"acts_visited":["Exordium","TheCity","TheBeyond","Exordium","TheCity"],"potions_floor_usage":[8,8,11,11,16,16,16,18,18,23,23,23,25,31,33,37,47,48,50,50,79,79,79,79],"damage_taken":[{"damage":6,"enemies":"Cultist","floor":1,"turns":3},{"damage":7,"enemies":"2 Louse","floor":7,"turns":3},{"damage":20,"enemies":"Replay:BlueRogue","floor":8,"turns":7},{"damage":2,"enemies":"Small Slimes","floor":10,"turns":4},{"damage":26,"enemies":"3 Sentries","floor":11,"turns":10},{"damage":13,"enemies":"Red Slaver","floor":14,"turns":3},{"damage":51,"enemies":"Fading Forest","floor":16,"turns":11},{"damage":7,"enemies":"2 Thieves","floor":18,"turns":5},{"damage":22,"enemies":"conspire:Head Lice","floor":23,"turns":3},{"damage":5,"enemies":"Chosen","floor":24,"turns":2},{"damage":26,"enemies":"conspire:HollyBat","floor":25,"turns":4},{"damage":26,"enemies":"Replay:Snechameleon","floor":28,"turns":4},{"damage":0,"enemies":"Snake Plant","floor":31,"turns":3},{"damage":34,"enemies":"Automaton","floor":33,"turns":6},{"damage":37,"enemies":"3 Darklings","floor":35,"turns":5},{"damage":6,"enemies":"Orb Walker","floor":36,"turns":2},{"damage":18,"enemies":"conspire:MimicChest","floor":37,"turns":4},{"damage":26,"enemies":"Writhing Mass","floor":38,"turns":4},{"damage":43,"enemies":"Nightmare","floor":40,"turns":5},{"damage":24,"enemies":"Jaw Worm Horde","floor":45,"turns":3},{"damage":15,"enemies":"Sphere and 2 Shapes","floor":47,"turns":2},{"damage":34,"enemies":"Reptomancer","floor":48,"turns":3},{"damage":67,"enemies":"Time Eater","floor":50,"turns":8},{"damage":0,"enemies":"Jaw Worm","floor":52,"turns":1},{"damage":6,"enemies":"Cultist","floor":55,"turns":1},{"damage":0,"enemies":"2 Louse","floor":56,"turns":1},{"damage":0,"enemies":"3 Sentries","floor":64,"turns":1},{"damage":0,"enemies":"Looter","floor":65,"turns":1},{"damage":6,"enemies":"Slime Boss","floor":67,"turns":2},{"damage":0,"enemies":"Chosen","floor":69,"turns":2},{"damage":0,"enemies":"Shell Parasite","floor":71,"turns":1},{"damage":0,"enemies":"Centurion and Healer","floor":75,"turns":3},{"damage":239,"enemies":"Nightmare_Alpha","floor":79,"turns":6}],"seed_played":"-3745888616810223220","potions_obtained":[{"floor":10,"key":"SpeedPotion"},{"floor":11,"key":"Swift Potion"},{"floor":14,"key":"Dexterity Potion"},{"floor":16,"key":"FairyPotion"},{"floor":17,"key":"EssenceOfSteel"},{"floor":18,"key":"Adrenaline Potion"},{"floor":24,"key":"Weak Potion"},{"floor":25,"key":"Flashbang"},{"floor":31,"key":"SteroidPotion"},{"floor":35,"key":"GamblersBrew"},{"floor":47,"key":"Block Potion"},{"floor":52,"key":"SpeedPotion"},{"floor":56,"key":"Adrenaline Potion"}],"is_trial":false,"path_per_floor":["M","?","?","?","?","R","M","E","T","M","E","R","$","M","R","B",null,"M","?","?","AVR","$","E","M","M","T","R","E","$","R","M","R","B",null,"M","M","?","M","?","NM","R","$","T","?","M","?","M","E","R","B",null,"M","?","?","M","M","R","?","AVR","T","?","?","T","?","M","R","B",null,"M","?","M","?","?","R","M","R","T","R","NM"],"character_chosen":"IRONCLAD","items_purchased":["hubris:EmptyBottle","hubris:MobiusCoin","Snack Pack","Toy Ornithopter","DuplicationPotion","Lee\u0027s Waffle","MerchantsRug","Vajra","Paper Frog"],"campfire_rested":3,"item_purchase_floors":[0,0,0,0,0,13,13,29,42],"current_hp_per_floor":[48,48,48,48,48,72,71,69,69,73,63,63,87,80,80,47,92,91,91,91,91,91,76,79,66,66,92,72,72,72,83,83,64,92,63,63,73,59,36,43,85,93,93,93,75,75,75,67,67,22,90,90,90,83,90,90,90,90,90,90,90,72,72,82,90,90,90,90,90,90,90,90,90,90,90,90,90,90,0,0],"gold":744,"neow_bonus":"","is_daily":false,"chose_seed":false,"campfire_upgraded":9,"win_rate":0.0,"timestamp":1612739604,"path_taken":["M","?","?","?","?","R","?","E","T","M","E","R","$","M","R","BOSS","M","?","?","AVR","?","E","M","M","T","R","E","$","R","M","R","BOSS","M","M","?","?","?","NM","R","?","T","?","?","?","M","E","R","BOSS","M","?","?","M","?","R","?","AVR","T","?","?","?","?","M","R","BOSS","M","?","M","?","?","R","?","R","T","R","NM"],"items_purchased_type":["Relic","Relic","Relic","Relic","Potion","Relic","Relic","Relic","Relic"],"build_version":"2020-12-22","purchased_purges":4,"victory":false,"max_hp_per_floor":[80,80,80,80,80,80,80,80,80,80,80,80,87,87,87,87,92,92,92,92,92,92,92,92,92,92,92,92,92,92,92,92,92,92,92,92,92,92,92,93,93,93,93,93,93,93,93,93,90,90,90,90,90,90,90,90,90,90,90,90,90,90,90,90,90,90,90,90,90,90,90,90,90,90,90,90,90,90,90,90],"card_choices":[{"not_picked":["Armaments","Havoc","Clash"],"picked":"SKIP","floor":1},{"not_picked":["Body Slam","Sword Boomerang"],"picked":"Metallicize","floor":7},{"not_picked":["Sword Boomerang","Anger"],"picked":"Twin Strike","floor":8},{"not_picked":["Combust","Replay:Many Hands"],"picked":"ReplayTheSpireMod:Limb From Limb","floor":10},{"not_picked":["Sword Boomerang","Iron Wave"],"picked":"ReplayTheSpireMod:Limb From Limb","floor":11},{"not_picked":["Perfected Strike","Armaments","Clothesline"],"picked":"SKIP","floor":14},{"not_picked":["Hemogenesis","Feed"],"picked":"Bludgeon","floor":16},{"not_picked":["Iron Wave","Body Slam"],"picked":"Pommel Strike+1","floor":18},{"not_picked":["hubris:SharpeningStone","Feel No Pain"],"picked":"Juggernaut","floor":23},{"not_picked":["hubris:ReadiedAction","Replay:Undeath\u0027s Touch+1","Sword Boomerang","BowlingBash"],"picked":"SKIP","floor":24},{"not_picked":["Headbutt","Perfected Strike","FollowUp"],"picked":"Seeing Red","floor":25},{"not_picked":["Demonic Infusion","True Grit+1","Heavy Blade","FlyingSleeves"],"picked":"SKIP","floor":28},{"not_picked":["Sword Boomerang","Heavy Blade","Flex","TalkToTheHand"],"picked":"SKIP","floor":31},{"not_picked":["Impervious","Eclipse","Omniscience"],"picked":"Offering","floor":33},{"not_picked":["Havoc","Warcry+1","ReplayTheSpireMod:Strike From Hell","SashWhip"],"picked":"SKIP","floor":35},{"not_picked":["Havoc+1","Anger+1","Run Through","JustLucky"],"picked":"SKIP","floor":36},{"not_picked":["Burning Pact+1","Havoc+1","Replay:ManipulateFuture"],"picked":"Replay:Undeath\u0027s Touch+1","floor":38},{"not_picked":["Abandon+1","Clash+1","ConjureBlade"],"picked":"Spot Weakness+1","floor":40},{"not_picked":["Combust+1","Pommel Strike","Run Through","Evaluate"],"picked":"SKIP","floor":45},{"not_picked":["Bloodletting+1","Shrug It Off+1","Iron Wave","FollowUp"],"picked":"SKIP","floor":47},{"not_picked":["Bloodletting+1","hubris:ReadiedAction","Flame Barrier+1","EmptyBody"],"picked":"SKIP","floor":48},{"not_picked":["Barricade","Brutality","Scrawl"],"picked":"Reaper","floor":50},{"not_picked":["ReplayTheSpireMod:Limb From Limb","Clash","Thunderclap","JustLucky"],"picked":"SKIP","floor":52},{"not_picked":["Headbutt","Clothesline","Pommel Strike","ClearTheMind"],"picked":"SKIP","floor":55},{"not_picked":["Reckless Charge","ReplayTheSpireMod:Corrosion Curse","Iron Wave","Pray"],"picked":"SKIP","floor":56},{"not_picked":["Barricade","Impervious"],"picked":"Demon Form","floor":63},{"not_picked":["Intimidate","Perfected Strike","FlurryOfBlows"],"picked":"Uppercut","floor":64},{"not_picked":["Defy Death","Armaments","Clothesline","Study"],"picked":"SKIP","floor":65},{"not_picked":["conspire:ExplosiveBarrier","Clothesline+1","Pommel Strike","Vengeance"],"picked":"SKIP","floor":69},{"not_picked":["Shrug It Off+1","Iron Wave","Twin Strike","Crescendo"],"picked":"SKIP","floor":71},{"not_picked":["Clothesline","Sword Boomerang","Barricade","JustLucky"],"picked":"SKIP","floor":75}],"player_experience":242089,"relics_obtained":[{"floor":8,"key":"Regal Pillow"},{"floor":9,"key":"infinitespire:EmpoweringShard"},{"floor":11,"key":"Chameleon Ring"},{"floor":23,"key":"hubris:DisguiseKit"},{"floor":26,"key":"infinitespire:PuzzleCube"},{"floor":28,"key":"ReplayTheSpireMod:TigerMarble"},{"floor":37,"key":"aspiration:TomeofQuesting"},{"floor":39,"key":"Unceasing Top"},{"floor":40,"key":"MealTicket"},{"floor":43,"key":"Boot"},{"floor":48,"key":"Anchor"},{"floor":60,"key":"War Paint"},{"floor":63,"key":"conspire:GiftBox"},{"floor":64,"key":"Sundial"},{"floor":77,"key":"Blue Doll"}],"event_choices":[{"damage_healed":0,"gold_gain":175,"player_choice":"AGREE","damage_taken":0,"max_hp_gain":0,"max_hp_loss":0,"event_name":"Liars Game","floor":3,"gold_loss":0,"cards_obtained":["Doubt"]},{"cards_removed":["Strike_R"],"damage_healed":0,"gold_gain":0,"player_choice":"Offered Basic","damage_taken":0,"max_hp_gain":0,"max_hp_loss":0,"event_name":"Bonfire Elementals","floor":5,"gold_loss":0},{"damage_healed":0,"gold_gain":0,"player_choice":"Ignored","damage_taken":0,"max_hp_gain":0,"max_hp_loss":0,"event_name":"NoteForYourself","floor":44,"gold_loss":0},{"damage_healed":0,"gold_gain":0,"player_choice":"Leave","damage_taken":0,"max_hp_gain":0,"max_hp_loss":0,"event_name":"conspire:Investor","floor":46,"gold_loss":0},{"cards_removed":["Defend_R"],"damage_healed":0,"gold_gain":0,"player_choice":"Card Removal","damage_taken":7,"max_hp_gain":0,"max_hp_loss":0,"event_name":"Golden Wing","floor":54,"gold_loss":0},{"damage_healed":0,"gold_gain":0,"player_choice":"Grow","damage_taken":0,"max_hp_gain":0,"max_hp_loss":0,"event_name":"Living Wall","floor":58,"gold_loss":0,"cards_upgraded":["ReplayTheSpireMod:Book of Names"]},{"damage_healed":0,"gold_gain":0,"player_choice":"Entered Light","damage_taken":18,"max_hp_gain":0,"max_hp_loss":0,"event_name":"Shining Light","floor":62,"gold_loss":0,"cards_upgraded":["Strike_R","Defend_R"]},{"damage_healed":0,"gold_gain":0,"player_choice":"Searched \u00272\u0027 times","damage_taken":0,"max_hp_gain":0,"max_hp_loss":0,"event_name":"Dead Adventurer","floor":64,"gold_loss":0},{"damage_healed":0,"gold_gain":0,"player_choice":"Ignored","damage_taken":0,"max_hp_gain":0,"max_hp_loss":0,"event_name":"Ghosts","floor":70,"gold_loss":0},{"damage_healed":0,"gold_gain":0,"player_choice":"Ignored","damage_taken":0,"max_hp_gain":0,"max_hp_loss":0,"event_name":"Vampires","floor":72,"gold_loss":0}],"is_beta":false,"boss_relics":[{"not_picked":["Ectoplasm","conspire:RunicOctahedron"],"picked":"Tiny House"},{"not_picked":["hubris:Stopwatch","conspire:SlowCooker"],"picked":"hubris:Backtick"},{"not_picked":["Painkiller Herb","conspire:RoyalGoblet"],"picked":"aspiration:PoetsPen_weak"},{"not_picked":["Calling Bell","aspiration:RunicSpoon","Runic Cube"]}],"items_purged_floors":[13,21,22,59],"is_endless":true,"potions_floor_spawned":[10,11,14,16,18,24,25,31,35,40,47,48,52,56,65,71],"killed_by":"Nightmare_Alpha","ascension_level":0}}