{"host":"w8xisjf5mgmfjvmt","time":1612681299,"event":{"mods":["BaseMod","BetterRewards","Challenge The Spire","Conspire","Energized Spire","Filter the Spire","Minty Spire (QoL Compilation)","Quarter Circle Forward PUNCH!","Quick Restart","Relic Filter Mod","Relic Stats","Reliquary","Replay The Spire","Shop Mod","Spicy Shops","StSLib","Thieving Mod","¡¾ÒÅÎï¿¨ÅÆ¡¿REMEMod","óô»ðÖ¸ÄÏ"],"gold_per_floor":[116,126,141,66,77,102,102,135,135,135,164,180,191,221,221,325,325,342,342,342,342],"floor_reached":20,"language":"ZHS","playtime":704,"items_purged":["ReplayTheSpireMod:Restless Dread"],"score":408,"play_id":"86b9a82f-48cd-47c5-ac75-6f5d73bfc9bd","local_time":"20210207150139","is_ascension_mode":true,"campfire_choices":[{"data":"REME_Flogging","floor":7.0,"key":"SMITH"},{"floor":10.0,"key":"REST"},{"data":"Fission","floor":15.0,"key":"SMITH"}],"circlet_count":0,"master_deck":["AscendersBane","Strike_B","Strike_B","Strike_B","Strike_B","Defend_B","Defend_B","Defend_B","Defend_B","Zap","Dualcast","Core Surge","REME_Flogging+1","Coolheaded","Undo","Compile Driver","Cold Snap","Ball Lightning","Fission+1","Hologram","Panic Button","Buffer","FTL","Mirror Shield"],"relics":["Cracked Core","REME_ComplimentaryCards","Happy Flower","Snack Pack","CaptainsWheel","Turnip","qcfpunch:Lotus_Statue","reliquary:WritOfMandamus"],"acts_visited":["Exordium","TheCity"],"potions_floor_usage":[18],"damage_taken":[{"damage":2.0,"enemies":"Jaw Worm","floor":1.0,"turns":2.0},{"damage":0.0,"enemies":"Cultist","floor":2.0,"turns":3.0},{"damage":4.0,"enemies":"2 Louse","floor":3.0,"turns":3.0},{"damage":5.0,"enemies":"Lots of Slimes","floor":5.0,"turns":4.0},{"damage":25.0,"enemies":"Gremlin Nob","floor":6.0,"turns":4.0},{"damage":22.0,"enemies":"3 Sentries","floor":8.0,"turns":5.0},{"damage":3.0,"enemies":"Lagavulin","floor":11.0,"turns":6.0},{"damage":0.0,"enemies":"Large Slime","floor":12.0,"turns":4.0},{"damage":7.0,"enemies":"Gremlin Gang","floor":13.0,"turns":2.0},{"damage":6.0,"enemies":"Gremlin Nob","floor":14.0,"turns":3.0},{"damage":27.0,"enemies":"Fading Forest","floor":16.0,"turns":13.0},{"damage":20,"enemies":"Shell Parasite","floor":18,"turns":3},{"damage":0,"enemies":"3 Byrds","floor":20,"turns":1}],"seed_played":"241526304005603664","potions_obtained":[{"floor":1.0,"key":"LifebloodPotion"},{"floor":6.0,"key":"Ancient Potion"},{"floor":12.0,"key":"BlessingOfTheForge"},{"floor":13.0,"key":"Energy Potion"},{"floor":14.0,"key":"REME_GoldPotion"},{"floor":16.0,"key":"Swift Potion"}],"is_trial":false,"path_per_floor":["M","M","M","$","M","E","R","E","T","R","E","M","M","E","R","B",null,"M","?","M"],"character_chosen":"DEFECT","items_purchased":[],"campfire_rested":1,"item_purchase_floors":[],"current_hp_per_floor":[62,62,58,58,53,28,28,6,6,27,26,28,21,19,19,6,55,35,35,35,35],"gold":342,"neow_bonus":"THREE_RARE_CARDS","is_daily":false,"chose_seed":false,"campfire_upgraded":2,"win_rate":0.0,"timestamp":1612681299,"path_taken":["M","M","M","$","M","E","R","E","T","R","E","M","M","E","R","BOSS","M","?","M"],"items_purchased_type":[],"build_version":"2020-12-22","purchased_purges":1,"victory":false,"max_hp_per_floor":[71,71,71,71,71,71,71,71,71,71,71,71,71,71,71,71,71,71,71,71,71],"relic_stats":{"Happy Flower":[12],"counters":[13,53],"Turnip":[7],"obtain_stats":[{"CaptainsWheel":9,"Happy Flower":6,"qcfpunch:Lotus_Statue":14,"Turnip":11,"Snack Pack":8,"reliquary:WritOfMandamus":17,"Cracked Core":0,"REME_ComplimentaryCards":0},{"CaptainsWheel":6,"Happy Flower":5,"qcfpunch:Lotus_Statue":10,"Turnip":7,"Snack Pack":6,"reliquary:WritOfMandamus":11,"Cracked Core":0,"REME_ComplimentaryCards":0},{"CaptainsWheel":21,"Happy Flower":16,"qcfpunch:Lotus_Statue":36,"Turnip":27,"Snack Pack":21,"reliquary:WritOfMandamus":49,"Cracked Core":0,"REME_ComplimentaryCards":0}]},"card_choices":[{"not_picked":["Seek","Rainbow"],"picked":"Core Surge","floor":0.0},{"not_picked":["Panic Button","Compile Driver"],"picked":"Coolheaded","floor":1.0},{"not_picked":["Double Energy","Rebound"],"picked":"Undo","floor":2.0},{"not_picked":["ReplayTheSpireMod:System Scan","BasicCrystalCard"],"picked":"Compile Driver","floor":3.0},{"not_picked":["Streamline","Crystallizer"],"picked":"Cold Snap","floor":5.0},{"not_picked":["Chaos","Steam"],"picked":"Ball Lightning","floor":6.0},{"not_picked":["Barrage","Sweeping Beam"],"picked":"Fission","floor":8.0},{"not_picked":["BasicCrystalCard","Beam Cell"],"picked":"Hologram","floor":11.0},{"not_picked":["Leap","Gash"],"picked":"Panic Button","floor":12.0},{"not_picked":["REME_Whirling","ReplaySort","Compile Driver"],"picked":"SKIP","floor":13.0},{"not_picked":["Multi-Cast","Double Energy","Tempest"],"picked":"SKIP","floor":14.0},{"not_picked":["ReplayRNGCard","Seek"],"picked":"Buffer","floor":16.0},{"not_picked":["Streamline","REME_DataAnalysis"],"picked":"FTL","floor":18}],"player_experience":1302393,"relics_obtained":[{"floor":6.0,"key":"Happy Flower"},{"floor":8.0,"key":"Snack Pack"},{"floor":9.0,"key":"CaptainsWheel"},{"floor":11.0,"key":"Turnip"},{"floor":14.0,"key":"qcfpunch:Lotus_Statue"}],"event_choices":[{"damage_healed":0,"gold_gain":0,"player_choice":"1 cards matched","damage_taken":0,"max_hp_gain":0,"max_hp_loss":0,"event_name":"Match and Keep!","floor":19,"gold_loss":0,"cards_obtained":["Mirror Shield"]}],"is_beta":false,"boss_relics":[{"not_picked":["Sozu","conspire:SpecialSausage"],"picked":"reliquary:WritOfMandamus"}],"items_purged_floors":[4],"is_endless":false,"potions_floor_spawned":[1,6,12,13,14,16],"killed_by":"3 Byrds","ascension_level":20}}