{"host":"p0hktren06injwdf","time":1612724007,"event":{"mods":["AchievementEnabler","BaseMod","Colored Map","DeckTracker","Minty Spire (QoL Compilation)","Permanent Neow","StSLib","SuperFastMode"],"gold_per_floor":[211,211,0,13,28,28,58,58,83,98,126,126,145,27,27,27,27],"floor_reached":16,"language":"KOR","playtime":239,"items_purged":["Strike_B"],"score":220,"play_id":"750590e5-416f-43bc-8f7f-30406a0b2ba7","local_time":"20210208035327","is_ascension_mode":true,"campfire_choices":[{"data":"Zap","floor":6.0,"key":"SMITH"},{"floor":8.0,"key":"REST"},{"data":"1","floor":15.0,"key":"LIFT"}],"circlet_count":0,"master_deck":["AscendersBane","Strike_B","Strike_B+1","Strike_B","Defend_B","Defend_B","Defend_B","Defend_B","Zap+1","Dualcast","Coolheaded","BootSequence","Streamline+1","Steam","Seek","Leap","Hologram"],"relics":["Cracked Core","Membership Card","Whetstone","MealTicket","Girya","Vajra"],"acts_visited":["Exordium"],"potions_floor_usage":[16,16],"damage_taken":[{"damage":1.0,"enemies":"Cultist","floor":1.0,"turns":3.0},{"damage":0.0,"enemies":"Jaw Worm","floor":4.0,"turns":4.0},{"damage":1.0,"enemies":"2 Louse","floor":5.0,"turns":3.0},{"damage":57.0,"enemies":"Gremlin Nob","floor":7.0,"turns":5.0},{"damage":1.0,"enemies":"Blue Slaver","floor":10.0,"turns":3.0},{"damage":10.0,"enemies":"3 Sentries","floor":11.0,"turns":9.0},{"damage":0.0,"enemies":"Red Slaver","floor":13.0,"turns":2.0},{"damage":30,"enemies":"Slime Boss","floor":16,"turns":6}],"seed_played":"-2662113148946482526","potions_obtained":[{"floor":4.0,"key":"Swift Potion"},{"floor":7.0,"key":"Energy Potion"},{"floor":11.0,"key":"DistilledChaos"},{"floor":13.0,"key":"Strength Potion"}],"is_trial":false,"path_per_floor":["M","?","$","M","M","R","E","R","T","M","E","?","M","$","R","B"],"character_chosen":"DEFECT","items_purchased":["Membership Card","BootSequence","Vajra"],"campfire_rested":1,"item_purchase_floors":[3,3,14],"current_hp_per_floor":[63,63,63,63,62,62,5,26,26,25,15,15,15,30,30,0,0],"gold":27,"neow_bonus":"HUNDRED_GOLD","is_daily":false,"chose_seed":false,"campfire_upgraded":1,"win_rate":0.0,"timestamp":1612724007,"path_taken":["M","?","$","M","M","R","E","R","T","?","E","?","M","$","R","BOSS"],"items_purchased_type":["Relic","Card","Relic"],"build_version":"2020-12-22","purchased_purges":1,"victory":false,"max_hp_per_floor":[71,71,71,71,71,71,71,71,71,71,71,71,71,71,71,71,71],"card_choices":[{"not_picked":["Turbo","Rip and Tear"],"picked":"Coolheaded","floor":1.0},{"not_picked":["Stack","Auto Shields"],"picked":"Streamline","floor":4.0},{"not_picked":["Undo","Coolheaded"],"picked":"Steam","floor":5.0},{"not_picked":["Coolheaded","Stack"],"picked":"Seek","floor":7.0},{"not_picked":["Stack","Hello World"],"picked":"Leap","floor":10.0},{"not_picked":["Beam Cell","Undo"],"picked":"Hologram","floor":11.0},{"not_picked":["Stack","Redo","Auto Shields"],"picked":"SKIP","floor":13.0}],"player_experience":1030616,"relics_obtained":[{"floor":7.0,"key":"Whetstone"},{"floor":9.0,"key":"MealTicket"},{"floor":11.0,"key":"Girya"}],"event_choices":[{"damage_healed":0.0,"max_hp_gain":0.0,"max_hp_loss":0.0,"gold_gain":0.0,"event_name":"Match and Keep!","player_choice":"0 cards matched","floor":2.0,"gold_loss":0.0,"damage_taken":0.0,"cards_obtained":[]},{"damage_healed":0.0,"max_hp_gain":0.0,"max_hp_loss":0.0,"gold_gain":0.0,"event_name":"Liars Game","player_choice":"Ignored","floor":12.0,"gold_loss":0.0,"damage_taken":0.0}],"is_beta":false,"boss_relics":[],"items_purged_floors":[14],"is_endless":false,"potions_floor_spawned":[4,7,11,13],"killed_by":"Slime Boss","ascension_level":20}}