{"host":"q79dm2j0pr18ov08","time":1612707608,"event":{"mods":["Act Like it!","BaseMod","CapriCore","Colored Powertips","Gensokyo","Googly Eyes","Koishi","Marisa£¨ìFÓê¡¡Ä§ÀíÉ³£©","Minty Spire (QoL Compilation)","MostiFishMod","Pale of the Ancients","Reimu£¨²©ÀöÁéÃÎ£©","Replay The Spire","RumiaBox-Â¶Ã×æ«µÄÉñÃØºÐ×Ó","StSLib","TestMod","The Administrix","The Construct","The Immortal","The IronCluck","The Jungle","The Servant 0.9.4","UnlockEverythingMod","Waifu the Spire","[IsaacMod]ÒÔÈö¼âËþ","¡¾ÒÅÎï¿¨ÅÆ¡¿REMEMod"],"gold_per_floor":[113,130,55,105,125,155,167,177,177,177,192,192,218,231,231,327,327,345,260,279,279,289,289,321,335,407,407,439,399,427,451,506,610,610,622,184,198,198,211,237,122,151,151,186,196,596,596,596,610,625,638,648,664,694,706,718,730,742,779,869,894,934,946,958,970,982,10,37,37],"floor_reached":56,"language":"ZHS","playtime":3769,"items_purged":["Strike_MRS","Strike_MRS","FinalSpark","FinalSpark"],"score":1738,"play_id":"d3faaad6-f530-4d25-800a-1891764010b1","local_time":"20210207222008","is_ascension_mode":true,"campfire_choices":[{"floor":10.0,"key":"RECALL"},{"data":"CollectingQuirk","floor":15.0,"key":"SMITH"},{"data":"Chill","floor":23.0,"key":"SMITH"},{"data":"PropBag","floor":27.0,"key":"SMITH"},{"data":"CollectingQuirk","floor":41,"key":"SMITH"},{"data":"AbsoluteMagnitude","floor":44,"key":"SMITH"}],"circlet_count":0,"master_deck":["Chill+1","GasGiant","Parasite","Parasite","PropBag+1","AsteroidBelt","CollectingQuirk+1","TreasureHunter","FinalSpark+1","MaximisePower+1","AbsoluteMagnitude+1","StarDustReverie+1","SatelliteIllusion","CollectingQuirk+1"],"relics":["MiniHakkero","HushsDoor","DaveBox","REME_ComplimentaryCards","Nloth\u0027s Gift","testmod-SaigiyounoYou","Damocles","NeowsBlessing","TungstenRod","SynthV:TestCard","Kunai","TuHaoJin","Happy Flower","Whetstone","Divine Protection","Dream Catcher","ShroomBag","Pantograph","InkBottle","GodSword6","Mirror","UnicornStump","testmod-ObsoleteBoomerang","BookOfRevelations","ChiXiaoBlade","JudasShadow","Lantern","testmod-ConstraintPeriapt","Shuriken","The Courier","MagicDraw1","testmod-Justice","Toxic Egg 2","Mastiff:ReiMu","Ornamental Fan","Onion Ring","CrazyTorch:ReiMu","AnarchistCookbook","MealTicket","ZunR:ReiMu","SumBook","testmod-Hope","ReplayTheSpireMod:Lightbulb","PatriotShield","GuppysTail","DeathBook","Anchor","ReplayFunnel","BelialBook","Ancient Tea Set","Singing Bowl","Strawberry","Gremlin Horn","ZombieArmy","ChiLing","Chi","Ling","Meat on the Bone","Quantum Egg","Boot","RuthlessExorcism:ReiMu","Gremlin Food","Replay:PocketPolymizer","Mummified Hand","TheBean","Replay:Accelerometer","Replay:Mystery Machine","PillsDrop","REME_HourglassOfDeath","MawBank","Blood Vial","Pear","Molten Egg 2","Chameleon Ring","MagicDraw2","ReplayTheSpireMod:TigerMarble","Replay:Rubber Ducky","YumHeart","testmod-OneHitWonder","Sundial","Centennial Puzzle","Bag of Marbles","testmod-TurbochargingSystem","TheBattery","testmod-ArcanaOfDestiny","Replay:Wax Seal"],"acts_visited":["Exordium","TheCity","TheBeyond","TheEnding"],"potions_floor_usage":[53,55,55],"damage_taken":[{"damage":0.0,"enemies":"2 Louse","floor":1.0,"turns":1.0},{"damage":0.0,"enemies":"Cultist","floor":2.0,"turns":1.0},{"damage":0.0,"enemies":"Hiden Room Battle","floor":4.0,"turns":1.0},{"damage":0.0,"enemies":"Small Slimes","floor":5.0,"turns":4.0},{"damage":14.0,"enemies":"Replay:BlueRogue","floor":6.0,"turns":4.0},{"damage":0.0,"enemies":"Exordium Thugs","floor":7.0,"turns":4.0},{"damage":7.0,"enemies":"Large Slime","floor":8.0,"turns":8.0},{"damage":0.0,"enemies":"2 Fungi Beasts","floor":11.0,"turns":5.0},{"damage":0.0,"enemies":"Lagavulin","floor":13.0,"turns":10.0},{"damage":0.0,"enemies":"Exordium Thugs","floor":14.0,"turns":2.0},{"damage":0.0,"enemies":"Slime Boss","floor":16.0,"turns":7.0},{"damage":0.0,"enemies":"Chosen","floor":18.0,"turns":2.0},{"damage":0.0,"enemies":"3 Byrds","floor":20.0,"turns":3.0},{"damage":0.0,"enemies":"Snake Plant","floor":22.0,"turns":2.0},{"damage":0.0,"enemies":"Slavers","floor":24.0,"turns":3.0},{"damage":0.0,"enemies":"3 Cultists","floor":25.0,"turns":3.0},{"damage":0.0,"enemies":"Book of Stabbing","floor":28.0,"turns":4.0},{"damage":0.0,"enemies":"Replay:Snechameleon","floor":30.0,"turns":1.0},{"damage":0.0,"enemies":"Automaton","floor":33.0,"turns":1.0},{"damage":0.0,"enemies":"3 Shapes","floor":35.0,"turns":2.0},{"damage":0.0,"enemies":"Orb Walker","floor":37.0,"turns":1.0},{"damage":0.0,"enemies":"Spire Growth","floor":39.0,"turns":1.0},{"damage":0.0,"enemies":"R_Hoarder","floor":40.0,"turns":1.0},{"damage":0.0,"enemies":"Nemesis","floor":42.0,"turns":4.0},{"damage":0.0,"enemies":"R_Hoarder","floor":44.0,"turns":1.0},{"damage":0.0,"enemies":"4 Shapes","floor":45.0,"turns":1.0},{"damage":0.0,"enemies":"3 Darklings","floor":35.0,"turns":1.0},{"damage":0,"enemies":"Transient","floor":36,"turns":1},{"damage":0,"enemies":"Sphere and 2 Shapes","floor":37,"turns":1},{"damage":0,"enemies":"Spire Growth","floor":38,"turns":1},{"damage":0,"enemies":"4 Shapes","floor":39,"turns":1},{"damage":0,"enemies":"Giant Head","floor":40,"turns":1},{"damage":0,"enemies":"Nemesis","floor":45,"turns":1},{"damage":0,"enemies":"Writhing Mass","floor":47,"turns":1},{"damage":0,"enemies":"R_Hoarder","floor":48,"turns":1},{"damage":0,"enemies":"Replay:Hell Engine","floor":50,"turns":1},{"damage":0,"enemies":"Shield and Spear","floor":54,"turns":1},{"damage":0,"enemies":"Delirium","floor":55,"turns":4}],"seed_played":"3257331519536872540","potions_obtained":[{"floor":2.0,"key":"Venom Potion"},{"floor":5.0,"key":"SteroidPotion"},{"floor":7.0,"key":"Toxic Potion"},{"floor":11.0,"key":"Explosive Potion"},{"floor":47,"key":"construct:ShiftPotion"},{"floor":49,"key":"LiquidBronze"},{"floor":49,"key":"AttackPotion"}],"is_trial":false,"path_per_floor":["M","M","$","?","M","E","M","M","T","R","M","T","E","M","R","B",null,"M","?","M","T","M","R","E","M","T","R","E","?","E","T","R","B",null,"M","$","M","?","M","E","$","E","T","E","M","?","?","M","M","M","M","M","M","E","R","?","T","R","E","T","M","E","R","B",null,"R","$","E","B",null],"character_chosen":"MARISA","items_purchased":["JudasShadow","GuppysTail","DeathBook","ReplayFunnel","BelialBook","Ancient Tea Set","ChiLing","testmod-OneHitWonder","Sundial","Centennial Puzzle","Bag of Marbles","testmod-TurbochargingSystem","TheBattery","PowerPotion","Energy Potion","testmod-SpacePotion","SkillPotion"],"campfire_rested":0,"item_purchase_floors":[17,34,34,36,36,36,41,53,53,53,53,53,53,53,53,53,53],"current_hp_per_floor":[75,75,75,75,75,63,74,72,72,72,75,75,75,75,75,75,57,57,57,57,57,57,57,57,57,57,57,57,57,57,57,57,57,30,30,30,32,32,41,43,43,45,45,47,49,49,49,49,51,53,55,57,59,61,61,61,71,71,73,73,75,77,77,77,77,77,77,70,70],"gold":37,"neow_bonus":"THREE_ENEMY_KILL","is_daily":false,"chose_seed":false,"campfire_upgraded":5,"win_rate":0.0,"timestamp":1612707608,"path_taken":["M","M","$","?","?","E","?","M","T","R","M","?","E","M","R","BOSS","M","?","M","?","M","R","E","M","T","R","E","?","E","?","R","BOSS","M","$","M","?","?","E","$","E","T","E","M","?","?","M","M","M","M","M","M","E","R","?","T","R","E","?","?","E","R","BOSS","R","$","E","BOSS"],"items_purchased_type":["Relic","Relic","Relic","Relic","Relic","Relic","Relic","Relic","Relic","Relic","Relic","Relic","Relic","Potion","Potion","Potion","Potion"],"build_version":"2020-12-22","purchased_purges":4,"victory":true,"max_hp_per_floor":[75,75,75,75,75,75,75,75,75,75,75,75,75,75,75,75,57,57,57,57,57,57,57,57,57,57,57,57,57,57,57,57,57,30,30,30,32,32,41,43,43,45,45,47,49,49,49,49,51,53,55,57,59,61,61,61,71,71,73,73,75,77,77,77,77,77,77,70,70],"card_choices":[{"not_picked":[],"picked":"Bomb","floor":0.0},{"not_picked":["MysteriousBeam","LuminesStrike","SuperPerseids"],"picked":"SKIP","floor":1.0},{"not_picked":["MaximisePower","WitchLeyline","LuminesStrike","IllusionStar"],"picked":"Bomb","floor":2.0},{"not_picked":["SprinkleStarSeal","StarBarrage","NonDirectionalLaser","Singularity"],"picked":"GasGiant","floor":5.0},{"not_picked":["SuperPerseids","OrrerysSun","BlazeAway","MaximisePower","EscapeVelocity"],"picked":"SKIP","floor":6.0},{"not_picked":["GalacticHalo","NonDirectionalLaser","SuperPerseids","EventHorizon"],"picked":"PropBag","floor":7.0},{"not_picked":["NonDirectionalLaser","MilkyWay","ChargingUp","GravityBeat"],"picked":"AsteroidBelt","floor":8.0},{"not_picked":["AsteroidBelt","DeepEcoloBomb","DC","IllusionStar","DarkSpark"],"picked":"SKIP","floor":11.0},{"not_picked":["MaximisePower","NonDirectionalLaser","WitchLeyline","ManaRampage"],"picked":"CollectingQuirk","floor":13.0},{"not_picked":["MysteriousBeam","DoubleSpark","PulseMagic","SprinkleStarSeal","ShootTheMoon"],"picked":"SKIP","floor":14.0},{"not_picked":["UltimateShortwave","EscapeVelocity","SatelliteIllusion","StarDustReverie"],"picked":"TreasureHunter","floor":16.0},{"not_picked":["WitchOfGreed","MagicChant","DC","BinaryStars","DoubleSpark"],"picked":"SKIP","floor":18.0},{"not_picked":["LuminesStrike+1","WitchOfGreed+1","GalacticHalo+1","DC","StarlightTyphoon"],"picked":"SKIP","floor":20.0},{"not_picked":["Robbery","MysteriousBeam","DoubleSpark","EnergyFlow","IllusionStar+1"],"picked":"SKIP","floor":22.0},{"not_picked":["UltimateShortwave+1","AbsoluteMagnitude","GravityBeat+1","PulseMagic+1","StarDustReverie+1"],"picked":"SKIP","floor":24.0},{"not_picked":["GalacticHalo+1","OortCloud","MysteriousBeam","ShootingEcho","EventHorizon"],"picked":"SKIP","floor":25.0},{"not_picked":["Acceleration+1","CasketOfStar","ShootingEcho+1","EarthLightRay+1","SuperNova"],"picked":"SKIP","floor":28.0},{"not_picked":["MagicChant+1","IllusionStar+1","PulseMagic+1","GrandCross","FinalSpark"],"picked":"SKIP","floor":30.0},{"not_picked":["NonDirectionalLaser+1","WitchOfGreed","OortCloud+1","SprinkleStarSeal+1","ChargeUpSpray"],"picked":"SKIP","floor":35.0},{"not_picked":["Orbital+1","GalacticHalo+1","NonDirectionalLaser","WitchLeyline+1","GravityBeat"],"picked":"Singing Bowl","floor":37.0},{"not_picked":["AsteroidBelt+1","BlazingStar","DC+1","ChargingUp+1","EnergyFlow+1"],"picked":"Singing Bowl","floor":39.0},{"not_picked":["StarBarrage+1","Acceleration+1","EnergyRecoil+1","ShootTheMoon","UnstableBomb+1"],"picked":"Singing Bowl","floor":40.0},{"not_picked":["CasketOfStar","MilkyWay+1","ShootingEcho","EventHorizon","BinaryStars+1"],"picked":"Singing Bowl","floor":42.0},{"not_picked":["GrandCross","PulseMagic+1","IllusionStar+1","UltimateShortwave+1","GalacticHalo+1"],"picked":"Singing Bowl","floor":44.0},{"not_picked":["AlicesGift","MysteriousBeam","DoubleSpark","SporeBomb+1","ShootTheMoon+1"],"picked":"Singing Bowl","floor":45.0},{"not_picked":["ShootTheMoon+1","PowerUp+1","StarBarrage","GravityBeat+1","DC"],"picked":"Singing Bowl","floor":35.0},{"not_picked":["GasGiant+1","Occultation+1","GalacticHalo+1","MilkyWay+1","EnergyRecoil+1"],"picked":"Singing Bowl","floor":36},{"not_picked":["RefractionSpark+1","MeteoricShower","PowerUp+1","DoubleSpark+1","SporeBomb+1"],"picked":"Singing Bowl","floor":37},{"not_picked":["OpenUniverse+1","UnstableBomb+1","ManaRampage+1","6A","WitchLeyline"],"picked":"Singing Bowl","floor":38},{"not_picked":["GalacticHalo+1","EscapeVelocity","DeepEcoloBomb+1","GravityBeat+1","ShootTheMoon"],"picked":"Singing Bowl","floor":39},{"not_picked":["BigCrunch+1","CasketOfStar","SuperPerseids+1","EventHorizon+1","MaximisePower+1"],"picked":"Singing Bowl","floor":40},{"not_picked":["EscapeVelocity","Orbital+1","GrandCross+1","TreasureHunter+1","CollectingQuirk+1"],"picked":"Singing Bowl","floor":45},{"not_picked":["OpenUniverse+1","AsteroidBelt+1","GalacticHalo+1","DoubleSpark+1","6A+1"],"picked":"Singing Bowl","floor":47},{"not_picked":["PulseMagic+1","ShootingEcho+1","UnstableBomb+1","AbsoluteMagnitude+1","MillisecondPulsars"],"picked":"Singing Bowl","floor":48},{"not_picked":["EnergyRecoil+1","SatelliteIllusion","ChargingUp+1","MaximisePower+1","DragonMeteor+1"],"picked":"Singing Bowl","floor":54}],"player_experience":310720,"relics_obtained":[{"floor":1.0,"key":"TungstenRod"},{"floor":1.0,"key":"SynthV:TestCard"},{"floor":2.0,"key":"Kunai"},{"floor":4.0,"key":"TuHaoJin"},{"floor":4.0,"key":"Happy Flower"},{"floor":4.0,"key":"Whetstone"},{"floor":5.0,"key":"Divine Protection"},{"floor":6.0,"key":"Dream Catcher"},{"floor":6.0,"key":"ShroomBag"},{"floor":7.0,"key":"Pantograph"},{"floor":8.0,"key":"InkBottle"},{"floor":11.0,"key":"GodSword6"},{"floor":12.0,"key":"Mirror"},{"floor":13.0,"key":"UnicornStump"},{"floor":13.0,"key":"testmod-ObsoleteBoomerang"},{"floor":14.0,"key":"BookOfRevelations"},{"floor":18.0,"key":"Lantern"},{"floor":20.0,"key":"Shuriken"},{"floor":21.0,"key":"The Courier"},{"floor":22.0,"key":"MagicDraw1"},{"floor":24.0,"key":"testmod-Justice"},{"floor":24.0,"key":"Toxic Egg 2"},{"floor":24.0,"key":"Mastiff:ReiMu"},{"floor":25.0,"key":"Ornamental Fan"},{"floor":26.0,"key":"Onion Ring"},{"floor":28.0,"key":"CrazyTorch:ReiMu"},{"floor":28.0,"key":"AnarchistCookbook"},{"floor":28.0,"key":"MealTicket"},{"floor":30.0,"key":"SumBook"},{"floor":30.0,"key":"testmod-Hope"},{"floor":31.0,"key":"ReplayTheSpireMod:Lightbulb"},{"floor":35.0,"key":"Anchor"},{"floor":37.0,"key":"Singing Bowl"},{"floor":39.0,"key":"Strawberry"},{"floor":40.0,"key":"Gremlin Horn"},{"floor":40.0,"key":"ZombieArmy"},{"floor":42.0,"key":"Meat on the Bone"},{"floor":42.0,"key":"ForgetMeNow"},{"floor":43.0,"key":"Quantum Egg"},{"floor":44.0,"key":"Boot"},{"floor":44.0,"key":"RuthlessExorcism:ReiMu"},{"floor":44.0,"key":"Gremlin Food"},{"floor":45.0,"key":"Replay:PocketPolymizer"},{"floor":35.0,"key":"TheBean"},{"floor":36,"key":"Replay:Accelerometer"},{"floor":37,"key":"Replay:Mystery Machine"},{"floor":38,"key":"PillsDrop"},{"floor":39,"key":"REME_HourglassOfDeath"},{"floor":40,"key":"MawBank"},{"floor":40,"key":"Blood Vial"},{"floor":43,"key":"Pear"},{"floor":45,"key":"Molten Egg 2"},{"floor":45,"key":"Chameleon Ring"},{"floor":46,"key":"MagicDraw2"},{"floor":47,"key":"ReplayTheSpireMod:TigerMarble"},{"floor":48,"key":"Replay:Rubber Ducky"},{"floor":48,"key":"YumHeart"},{"floor":54,"key":"testmod-ArcanaOfDestiny"},{"floor":54,"key":"Replay:Wax Seal"}],"event_choices":[{"damage_healed":0.0,"max_hp_gain":0.0,"max_hp_loss":0.0,"gold_gain":0.0,"event_name":"HidenRoomEvent","player_choice":"Fight","floor":4.0,"gold_loss":0.0,"damage_taken":0.0},{"damage_healed":0.0,"max_hp_gain":0.0,"max_hp_loss":0.0,"gold_gain":0.0,"event_name":"Addict","player_choice":"Obtained Relic","floor":19.0,"gold_loss":85.0,"damage_taken":0.0,"relics_obtained":["testmod-ConstraintPeriapt"]},{"damage_healed":0.0,"max_hp_gain":0.0,"max_hp_loss":0.0,"gold_gain":0.0,"event_name":"ZunEvent","player_choice":"¹ºÂòÉñ¾Æ","floor":29.0,"gold_loss":40.0,"damage_taken":0.0,"relics_obtained":["ZunR:ReiMu"]},{"damage_healed":0.0,"max_hp_gain":0.0,"max_hp_loss":0.0,"gold_gain":400.0,"event_name":"¶÷ÂåË¹µÄÅÌ×Ó","player_choice":"Sell","floor":46.0,"relics_lost":["testmod-TestBox"],"gold_loss":0.0,"damage_taken":0.0},{"damage_healed":0,"gold_gain":0,"player_choice":"Ignored","damage_taken":0,"max_hp_gain":0,"max_hp_loss":0,"event_name":"Tomb of Lord Red Mask","floor":42,"gold_loss":0}],"is_beta":false,"boss_relics":[{"not_picked":["testmod-NegativeEmotionEnhancer","BloodWine"],"picked":"ChiXiaoBlade"},{"not_picked":[]},{"not_picked":["Painkiller Herb","FeatherPendant"],"picked":"PatriotShield"},{"not_picked":[]}],"items_purged_floors":[3,17,34,36],"is_endless":false,"potions_floor_spawned":[2,5,7,11,16,18,22,33,39,40,42,35,36,40,47],"ascension_level":4}}