{"host":"m1r1dnnd0bbi4qb9","time":1612673673,"event":{"mods":["BaseMod","Minty Spire (QoL Compilation)","SuperFastMode"],"gold_per_floor":[118,118,193,207,223,223,240,240,240,240,36,100,135,135,135,237,237,255,255,270,196,214,214,245,245,245,265,265,293,102,114,114,218,218,232,232,248,264,264,264],"floor_reached":39,"language":"ENG","playtime":1708,"items_purged":["Defend_R"],"score":629,"play_id":"8dd798ed-5061-45a6-b566-1aaf2ef583a9","local_time":"20210207025433","is_ascension_mode":true,"campfire_choices":[{"data":"Armaments","floor":6.0,"key":"SMITH"},{"data":"Armaments","floor":8.0,"key":"SMITH"},{"data":"Perfected Strike","floor":10.0,"key":"SMITH"},{"data":"Dual Wield","floor":15.0,"key":"SMITH"},{"floor":23.0,"key":"REST"},{"floor":25.0,"key":"REST"},{"data":"Blind","floor":28.0,"key":"SMITH"},{"floor":32.0,"key":"REST"}],"circlet_count":0,"master_deck":["AscendersBane","Strike_R","Strike_R","Strike_R","Strike_R","Strike_R","Defend_R+1","Defend_R","Defend_R","Bash","Perfected Strike+1","Armaments+1","Armaments+1","Perfected Strike+1","Cleave","Metallicize","Dual Wield+1","Clothesline","Impervious","Blind+1","Iron Wave","Twin Strike","Headbutt+1","Shrug It Off","CurseOfTheBell","Warcry","Perfected Strike","Wild Strike+1","Inflame"],"relics":["Burning Blood","Orichalcum","Bottled Flame","Art of War","Busted Crown","Bronze Scales","Paper Frog","Turnip","Sling","Calling Bell","Tiny Chest","Shuriken","Prayer Wheel","Peace Pipe"],"acts_visited":["Exordium","TheCity","TheBeyond"],"potions_floor_usage":[33,33,33,33,39],"damage_taken":[{"damage":5.0,"enemies":"Small Slimes","floor":1.0,"turns":4.0},{"damage":0.0,"enemies":"2 Louse","floor":4.0,"turns":2.0},{"damage":0.0,"enemies":"Cultist","floor":5.0,"turns":4.0},{"damage":8.0,"enemies":"Blue Slaver","floor":7.0,"turns":4.0},{"damage":14.0,"enemies":"Lagavulin Event","floor":12.0,"turns":5.0},{"damage":17.0,"enemies":"Gremlin Nob","floor":13.0,"turns":4.0},{"damage":25.0,"enemies":"Slime Boss","floor":16.0,"turns":12.0},{"damage":8.0,"enemies":"Shell Parasite","floor":18.0,"turns":5.0},{"damage":41.0,"enemies":"3 Byrds","floor":20.0,"turns":7.0},{"damage":5.0,"enemies":"Snake Plant","floor":22.0,"turns":2.0},{"damage":17.0,"enemies":"Gremlin Leader","floor":24.0,"turns":9.0},{"damage":2.0,"enemies":"Snecko","floor":27.0,"turns":4.0},{"damage":13.0,"enemies":"Slavers","floor":29.0,"turns":6.0},{"damage":4.0,"enemies":"Centurion and Healer","floor":31.0,"turns":6.0},{"damage":61,"enemies":"Automaton","floor":33,"turns":12},{"damage":8,"enemies":"Orb Walker","floor":35,"turns":3},{"damage":33,"enemies":"3 Shapes","floor":37,"turns":4},{"damage":28,"enemies":"Maw","floor":38,"turns":8},{"damage":49,"enemies":"Spire Growth","floor":39,"turns":5}],"seed_played":"7361150536277620275","potions_obtained":[{"floor":0.0,"key":"Swift Potion"},{"floor":0.0,"key":"ColorlessPotion"},{"floor":0.0,"key":"SpeedPotion"},{"floor":13.0,"key":"Dexterity Potion"},{"floor":16.0,"key":"GamblersBrew"},{"floor":24.0,"key":"Block Potion"},{"floor":27.0,"key":"FairyPotion"},{"floor":29.0,"key":"Strength Potion"},{"floor":31.0,"key":"EntropicBrew"},{"floor":35,"key":"ElixirPotion"},{"floor":38,"key":"DuplicationPotion"}],"is_trial":false,"path_per_floor":["M","?","?","M","M","R","M","R","T","R","$","?","E","?","R","B",null,"M","?","M","$","M","R","E","R","T","M","R","E","$","M","R","B",null,"M","?","M","M","M"],"character_chosen":"IRONCLAD","items_purchased":["Cleave","Metallicize","DuplicationPotion","Sling","Shrug It Off"],"campfire_rested":3,"item_purchase_floors":[11,11,21,30,30],"current_hp_per_floor":[73,57,46,52,58,58,56,56,56,56,56,48,37,63,63,44,71,69,51,16,16,17,41,30,54,54,58,58,51,51,53,77,22,66,64,64,37,15,0,0],"gold":264,"neow_bonus":"THREE_SMALL_POTIONS","is_daily":false,"chose_seed":false,"campfire_upgraded":5,"win_rate":0.0,"timestamp":1612673673,"path_taken":["M","?","?","M","M","R","M","R","T","R","$","?","E","?","R","BOSS","M","?","M","$","?","R","E","R","T","M","R","E","$","M","R","BOSS","M","?","M","M","?"],"items_purchased_type":["Card","Card","Potion","Relic","Card"],"build_version":"2020-12-22","purchased_purges":1,"victory":false,"max_hp_per_floor":[80,80,80,80,80,80,80,80,80,80,80,80,80,80,80,80,80,80,80,80,80,80,80,80,80,80,80,80,80,80,80,80,80,80,80,80,80,80,80,80],"card_choices":[{"not_picked":["Wild Strike","Uppercut"],"picked":"Perfected Strike","floor":1.0},{"not_picked":["Anger","Metallicize"],"picked":"Armaments","floor":4.0},{"not_picked":["Sentinel","Uppercut"],"picked":"Armaments","floor":5.0},{"not_picked":["Armaments","Shrug It Off"],"picked":"Perfected Strike","floor":7.0},{"not_picked":["Intimidate","Bludgeon"],"picked":"Dual Wield","floor":12.0},{"not_picked":["Bloodletting","Burning Pact"],"picked":"Clothesline","floor":13.0},{"not_picked":["Brutality","Offering"],"picked":"Impervious","floor":16.0},{"not_picked":["Clothesline"],"picked":"SKIP","floor":18.0},{"not_picked":[],"picked":"Iron Wave","floor":20.0},{"not_picked":["Warcry"],"picked":"SKIP","floor":22.0},{"not_picked":[],"picked":"Twin Strike","floor":24.0},{"not_picked":[],"picked":"Headbutt+1","floor":27.0},{"not_picked":["Warcry"],"picked":"SKIP","floor":29.0},{"not_picked":["Headbutt"],"picked":"SKIP","floor":31.0},{"not_picked":[],"picked":"Fiend Fire","floor":33},{"not_picked":[],"picked":"Warcry","floor":35},{"not_picked":["Anger"],"picked":"SKIP","floor":35},{"not_picked":[],"picked":"Perfected Strike","floor":37},{"not_picked":[],"picked":"Wild Strike+1","floor":37},{"not_picked":[],"picked":"Inflame","floor":38},{"not_picked":["Dual Wield"],"picked":"SKIP","floor":38}],"player_experience":597996,"relics_obtained":[{"floor":9.0,"key":"Orichalcum"},{"floor":12.0,"key":"Bottled Flame"},{"floor":13.0,"key":"Art of War"},{"floor":24.0,"key":"Bronze Scales"},{"floor":26.0,"key":"Paper Frog"},{"floor":29.0,"key":"Turnip"},{"floor":34,"key":"Tiny Chest"},{"floor":34,"key":"Shuriken"},{"floor":34,"key":"Prayer Wheel"}],"event_choices":[{"damage_healed":0.0,"max_hp_gain":0.0,"max_hp_loss":0.0,"gold_gain":0.0,"event_name":"Shining Light","player_choice":"Entered Light","floor":2.0,"gold_loss":0.0,"damage_taken":16.0,"cards_upgraded":["Defend_R","Perfected Strike"]},{"damage_healed":0.0,"max_hp_gain":0.0,"max_hp_loss":0.0,"gold_gain":75.0,"event_name":"World of Goop","player_choice":"Gather Gold","floor":3.0,"gold_loss":0.0,"damage_taken":11.0},{"damage_healed":0.0,"max_hp_gain":0.0,"max_hp_loss":0.0,"gold_gain":0.0,"event_name":"Dead Adventurer","player_choice":"Searched \u00272\u0027 times","floor":12.0,"gold_loss":0.0,"damage_taken":0.0},{"damage_healed":26.0,"max_hp_gain":0.0,"max_hp_loss":0.0,"gold_gain":0.0,"event_name":"Big Fish","player_choice":"Banana","floor":14.0,"gold_loss":0.0,"damage_taken":0.0},{"damage_healed":0.0,"max_hp_gain":0.0,"max_hp_loss":0.0,"gold_gain":0.0,"event_name":"Knowing Skull","player_choice":"CARD POTION ","floor":19.0,"potions_obtained":["Ancient Potion"],"gold_loss":0.0,"damage_taken":18.0,"cards_obtained":["Blind"]},{"cards_removed":["Fiend Fire"],"damage_healed":0,"gold_gain":0,"player_choice":"Gave Card","damage_taken":0,"relics_obtained":["Peace Pipe"],"max_hp_gain":0,"max_hp_loss":0,"event_name":"WeMeetAgain","floor":36,"gold_loss":0}],"is_beta":false,"boss_relics":[{"not_picked":["Philosopher\u0027s Stone","SlaversCollar"],"picked":"Busted Crown"},{"not_picked":["SacredBark","Cursed Key"],"picked":"Calling Bell"}],"items_purged_floors":[11],"is_endless":false,"potions_floor_spawned":[1,4,13,16,24,27,29,31,35,38],"killed_by":"Spire Growth","ascension_level":10}}