{"host":"ewn058xs2vaj5uc6","time":1612710551,"event":{"mods":["ATMod(??Mod)","Act Like it!","Aspiration","BaseMod","BetterRewards","Colored Map","Colored Powertips","Downfall","Highlight Path","Minty Spire (QoL Compilation)","Quick Restart","Relic Filter Mod","Reliquary","Replay The Spire","Shop Mod","StSLib","SuperFastMode","TestMod","UnlockEverythingMod","[IsaacMod]????","??????REMEMod","????"],"gold_per_floor":[99,119,88888,88888,87774,87090,87090,86367,86386,85890,85910,84941,84961,84961,84977,85079,85079,84126,84134,84120,84103,83261,83326,83376,83023,82606,82682,82705,82689,82685,82715,82732,82842,82842,82187,82200,82210,82275,81965,81965,81974,81993,82019,81490,81502,81060,80743,80743,80761,80775,80794,80812,80812,80248,80278,80292,79785,79785,79557,79587,79597,79597],"floor_reached":51,"language":"ZHS","playtime":2179,"items_purged":["Slimebound:CorrosiveSpit","Slimebound:Tackle","Slimebound:Defend_Slimebound","Slimebound:Strike_Slimebound","Slimebound:SlimeBrawl","Slimebound:Darklings+1","downfall:Malfunctioning","testmod-Recap","Slimebound:Defend_Slimebound","Slimebound:SplitMire","Slimebound:Repurpose+1","sneckomod:Unknown1Cost","expansioncontent:YouAreMine","expansioncontent:InvincibleStrength"],"score":1076,"play_id":"d8fc5b62-697d-49e4-924f-741a47d8a4c9","local_time":"20210207230911","is_ascension_mode":true,"campfire_choices":[{"floor":1.0,"key":"DIG"}],"circlet_count":0,"master_deck":["Slimebound:Strike_Slimebound","Slimebound:Defend_Slimebound","REME_BodyOfCthun+1","Life Link+1","expansioncontent:DashGenerateEvil+1","expansioncontent:DashGenerateEvil+1","expansioncontent:QuickStudy","expansioncontent:StudyTheSpire","Parasite"],"relics":["testmod-TestBox","AT_ATBox","HushsDoor","REME_ComplimentaryCards","GuppysPaw","testmod-ObsoleteBoomerang","Runic Pyramid","aspiration:SeaSaltIceCream","aspiration:DSix","Juzu Bracelet","Kunai","REME_CardOfGreed","MerchantsRug","AT_ImmortalShieldbow","reliquary:Stiletto","BFFS","downfall:HeartBlessingBlue","Tiny Chest","AT_SeraphEmbrace","PrismaticShard","PreservedInsect","Centennial Puzzle","D6","ClockworkSouvenir","testmod-GoldenSoul","Oddly Smooth Stone","Simple Rune","SteamSale","Pondfish Scales","Nunchaku","testmod-ThousandKnives","OrangePellets","testmod-IndustrialRevolution","reliquary:RoseTintedGlasses","HowToJump","TheAbacus","SalivaCoin","REME_HourglassOfDeath","Guide Book","Bottled Lightning","Darkstone Periapt","Enchiridion","AT_RedTearstoneRing","Empty Cage","downfall:HeartBlessingGreen","Matryoshka","Gremlin Horn","REME_OnlineShoppingPlatform","Bag of Marbles","BookOfRevelations","downfall:TeleportStone","Letter Opener","reliquary:SharkskinSheath","GuppysTail","testmod-Register","reliquary:FeatherDuster","testmod-ConstraintPeriapt","Onion Ring","reliquary:Bookmark","REME_PuzzleBoxRelic","testmod-Antiphasic","Habit","Slimebound:SlimedSkullRelic","Mummified Hand","Gremlin Food","Strange Spoon","Thread and Needle","ReplayTheSpireMod:Ninjato","Pet Ghost","Slimebound:SelfDamagePreventRelic","Anchor","Bag of Preparation","Chemical X","aspiration:Lifesprig"],"acts_visited":["Exordium","TheCity","TheBeyond"],"potions_floor_usage":[33,33,33],"damage_taken":[{"damage":0.0,"enemies":"Cultist","floor":2.0,"turns":1.0},{"damage":7.0,"enemies":"2 Louse","floor":3.0,"turns":2.0},{"damage":0.0,"enemies":"downfall:FleeingMerchant","floor":5.0,"turns":4.0},{"damage":10.0,"enemies":"Jaw Worm","floor":9.0,"turns":4.0},{"damage":11.0,"enemies":"2 Fungi Beasts","floor":11.0,"turns":3.0},{"damage":2.0,"enemies":"downfall:FleeingMerchant","floor":12.0,"turns":4.0},{"damage":13.0,"enemies":"Exordium Thugs","floor":13.0,"turns":2.0},{"damage":0.0,"enemies":"Large Slime","floor":15.0,"turns":3.0},{"damage":22.0,"enemies":"DF_ARCHETYPE_STREAMLINE","floor":16.0,"turns":7.0},{"damage":17.0,"enemies":"3 Byrds","floor":19.0,"turns":5.0},{"damage":0.0,"enemies":"Sentry and Sphere","floor":20.0,"turns":5.0},{"damage":1.0,"enemies":"Shelled Parasite and Fungi","floor":21.0,"turns":4.0},{"damage":8.0,"enemies":"downfall:FleeingMerchant","floor":22.0,"turns":4.0},{"damage":11.0,"enemies":"downfall:FleeingMerchant","floor":25.0,"turns":4.0},{"damage":7.0,"enemies":"Gremlin Leader","floor":28.0,"turns":4.0},{"damage":0.0,"enemies":"Centurion and Healer","floor":30.0,"turns":5.0},{"damage":1.0,"enemies":"Slavers","floor":31.0,"turns":2.0},{"damage":0.0,"enemies":"Chosen and Byrds","floor":32.0,"turns":3.0},{"damage":5,"enemies":"SI_MIRROR_ARCHETYPE","floor":33,"turns":9},{"damage":0,"enemies":"3 Darklings","floor":36,"turns":1},{"damage":0,"enemies":"3 Shapes","floor":37,"turns":1},{"damage":6,"enemies":"Giant Head","floor":41,"turns":7},{"damage":5,"enemies":"Writhing Mass","floor":42,"turns":4},{"damage":0,"enemies":"4 Shapes","floor":45,"turns":3},{"damage":0,"enemies":"Orb Walker","floor":37,"turns":2},{"damage":0,"enemies":"3 Shapes","floor":38,"turns":1},{"damage":0,"enemies":"Jaw Worm Horde","floor":39,"turns":3},{"damage":0,"enemies":"Spire Growth","floor":40,"turns":2},{"damage":0,"enemies":"R_Hoarder","floor":43,"turns":1},{"damage":0,"enemies":"Writhing Mass","floor":44,"turns":2},{"damage":0,"enemies":"Reptomancer","floor":48,"turns":1},{"damage":0,"enemies":"4 Shapes","floor":49,"turns":1},{"damage":0,"enemies":"Time Eater","floor":50,"turns":4}],"seed_played":"-4758914280771361902","potions_obtained":[{"floor":2.0,"key":"PowerPotion"},{"floor":16.0,"key":"BlessingOfTheForge"},{"floor":30.0,"key":"testmod-SpacePotion"},{"floor":31.0,"key":"Fruit Juice"},{"floor":33,"key":"Adrenaline Potion"}],"is_trial":false,"path_per_floor":["R_BF","M","M","?","$","R","T","R","M","R","M","$","M","?","M","B",null,"R_BF","M","M","M","$","?","T","$","R","T","E","?","M","E","M","B",null,"R_BF","M","M","?","$","?","E","M","T","R","M","$","R_BF","?","M","M","M","M","T","R","E","M","R","?","R","E","M","B",null],"character_chosen":"SLIMEBOUND","items_purchased":["Juzu Bracelet","Kunai","REME_CardOfGreed","Slimebound:Darklings","Slimebound:SplitSpecialist","Explosive Potion","bronze:BurnAndBuffPotion","Milkshake","MerchantsRug","AT_ImmortalShieldbow","reliquary:Stiletto","BFFS","Slimebound:SplitMire","Tiny Chest","AT_ArchangelStaff","PrismaticShard","Slimebound:SplitMire","PreservedInsect","reliquary:FerryPass","Slimebound:SplitBruiser","Centennial Puzzle","D6","ClockworkSouvenir","testmod-Recap","Oddly Smooth Stone","Simple Rune","SteamSale","REME_BodyOfCthun","Fire Potion","Fire Potion","Slimebound:Repurpose","Nunchaku","testmod-ThousandKnives","OrangePellets","reliquary:RoseTintedGlasses","HowToJump","TheAbacus","SalivaCoin","REME_HourglassOfDeath","Guide Book","Matryoshka","Gremlin Horn","REME_OnlineShoppingPlatform","expansioncontent:DashGenerateEvil+1","Bag of Marbles","BookOfRevelations","testmod-Register","reliquary:FeatherDuster","ForgetMeNow","testmod-ConstraintPeriapt","Onion Ring","reliquary:Bookmark","expansioncontent:DashGenerateEvil+1","REME_PuzzleBoxRelic","testmod-Antiphasic","Habit","expansioncontent:QuickStudy","Mummified Hand","Gremlin Food","Strange Spoon","expansioncontent:StudyTheSpire","ReplayTheSpireMod:Ninjato","Pet Ghost","Slimebound:SelfDamagePreventRelic","Anchor","Bag of Preparation","Chemical X"],"campfire_rested":0,"item_purchase_floors":[5,5,5,5,5,5,5,5,5,6,6,6,6,8,8,8,8,10,10,10,12,12,12,12,18,18,18,18,18,18,18,22,22,22,25,25,25,26,26,26,35,35,35,35,39,39,44,44,44,46,46,46,46,35,35,35,35,42,42,42,42,45,45,45,47,47,47],"current_hp_per_floor":[65,65,58,58,58,58,58,68,58,58,47,45,32,32,32,27,18,18,3,3,11,13,13,13,12,12,12,5,5,5,10,10,10,23,23,23,23,8,8,8,23,18,18,18,18,23,23,23,23,23,23,23,23,23,23,29,29,29,29,29,29,29],"gold":79597,"neow_bonus":"BOSS_RELIC","is_daily":false,"chose_seed":false,"campfire_upgraded":0,"win_rate":0.0,"timestamp":1612710551,"path_taken":["R_BF","M","M","?","$","R","T","R","M","R","M","$","M","?","M","BOSS","R_BF","M","M","M","$","?","T","?","R","?","E","?","M","E","M","BOSS","R_BF","M","M","?","$","?","E","M","?","R","M","$","R_BF","?","M","M","M","M","T","R","E","M","R","?","R","E","M","BOSS"],"items_purchased_type":["Relic","Relic","Relic","Card","Card","Potion","Potion","Potion","Relic","Relic","Relic","Relic","Card","Relic","Relic","Relic","Card","Relic","Relic","Card","Relic","Relic","Relic","Card","Relic","Relic","Relic","Card","Potion","Potion","Card","Relic","Relic","Relic","Relic","Relic","Relic","Relic","Relic","Relic","Relic","Relic","Relic","Card","Relic","Relic","Relic","Relic","Relic","Relic","Relic","Relic","Card","Relic","Relic","Relic","Card","Relic","Relic","Relic","Card","Relic","Relic","Relic","Relic","Relic","Relic"],"build_version":"2020-12-22","purchased_purges":14,"victory":true,"max_hp_per_floor":[65,65,65,65,65,65,65,75,75,75,75,75,75,75,75,75,18,18,18,18,18,18,18,18,18,18,18,18,18,18,18,18,23,23,23,23,23,23,23,23,23,23,23,23,23,23,23,23,23,23,23,23,23,23,23,29,29,29,29,29,29,29],"card_choices":[{"not_picked":[],"picked":"Bomb","floor":0.0},{"not_picked":["Slimebound:GoopTackle","Slimebound:SplitMire","Slimebound:Chomp"],"picked":"SKIP","floor":2.0},{"not_picked":["Slimebound:ComboTackle","Slimebound:CheckThePlaybook"],"picked":"Bomb","floor":3.0},{"not_picked":["Slimebound:RejuvenatingLick","Slimebound:SplitAcid"],"picked":"Slimebound:SlimeBrawl","floor":5.0},{"not_picked":["Dagger Throw","Prepared","Guardian:PiercingHide"],"picked":"SKIP","floor":9.0},{"not_picked":["champ:RecklessLeap","expansioncontent:AwakenDeath","Replay:Sssssssssshield"],"picked":"SKIP","floor":11.0},{"not_picked":["PanicButton","hexamod:SwordOfDarkness","Warcry"],"picked":"SKIP","floor":12.0},{"not_picked":["Storm","champ:Haymaker","Cold Snap"],"picked":"SKIP","floor":13.0},{"not_picked":["Guardian:EvasiveProtocol","Flex","ReplayTheSpireMod:Strike From Hell"],"picked":"SKIP","floor":15.0},{"not_picked":["champ:CrownThrow","Guardian:TimeCapacitor","Halt"],"picked":"SKIP","floor":19.0},{"not_picked":["Pummel+1","True Grit"],"picked":"Life Link+1","floor":20.0},{"not_picked":["BowlingBash","Replay:ManipulateFuture","DoctorFetus"],"picked":"SKIP","floor":21.0},{"not_picked":["Adaptation","Armaments+1"],"picked":"sneckomod:UnknownDraw","floor":22.0},{"not_picked":["hexamod:EtherealExpedition","hexamod:SearingWound","hexamod:BacktrackSmack"],"picked":"SKIP","floor":25.0},{"not_picked":["sneckomod:SoulRoll","Compile Driver","REME_Repentance"],"picked":"SKIP","floor":28.0},{"not_picked":["champ:PerfectedStrike+1","Slimebound:MassFeed"],"picked":"sneckomod:Unknown1Cost","floor":30.0},{"not_picked":["testmod-Collector","Slimebound:SlimeSpikes","expansioncontent:HyperBeam+1"],"picked":"SKIP","floor":31.0},{"not_picked":["expansioncontent:AwakenDeath","hexamod:GhostOfSpireFuture","FTL"],"picked":"SKIP","floor":32.0},{"not_picked":["Reflex+1","ReplayTheSpireMod:Stacked","Slimebound:GoopTackle+1"],"picked":"SKIP","floor":36},{"not_picked":["Replay:BluntJabs","AT_EMC2"],"picked":"sneckomod:UnknownBlock+1","floor":37},{"not_picked":["ReplaySolidLightProjector","sneckomod:SnakeSap","REME_Repentance"],"picked":"SKIP","floor":41},{"not_picked":["Guardian:VentSteam+1","SignatureMove+1","AT_CelerityRune+1"],"picked":"SKIP","floor":42},{"not_picked":["bronze:ChildClass+1","hexamod:RadiantFlame+1","Feel No Pain+1"],"picked":"SKIP","floor":45},{"not_picked":["Finisher","sneckomod:DefensiveFlair+1","testmod-Collector"],"picked":"SKIP","floor":37},{"not_picked":["Guardian:RefractedBeam","bronze:Frontload","Devotion"],"picked":"SKIP","floor":38},{"not_picked":["hexamod:Hexaguard+1","ReplayTheSpireMod:The Works","sneckomod:CheapStock+1"],"picked":"SKIP","floor":39},{"not_picked":["Guardian:ArmoredProtocol","Guardian:TemporalStrike+1","Clothesline"],"picked":"SKIP","floor":40},{"not_picked":["sneckomod:UnknownClassTHE_CHAMP_GRAY+1","Slimebound:ItLooksTasty+1","hexamod:PhantomFireball"],"picked":"SKIP","floor":43},{"not_picked":["Slimebound:LeechingTouch+1","sneckomod:UnknownCommonAttack+1","Guardian:PrimingBeam+1"],"picked":"SKIP","floor":44},{"not_picked":["Twin Strike+1","hexamod:RecurringNightmare","Havoc+1"],"picked":"SKIP","floor":48},{"not_picked":["BettingIsNotGood","expansioncontent:Hexaburn","Prepared"],"picked":"SKIP","floor":49}],"player_experience":117103,"relics_obtained":[{"floor":1.0,"key":"aspiration:SeaSaltIceCream"},{"floor":19.0,"key":"Pondfish Scales"},{"floor":24.0,"key":"testmod-IndustrialRevolution"},{"floor":27.0,"key":"Bottled Lightning"},{"floor":28.0,"key":"Darkstone Periapt"},{"floor":29.0,"key":"Enchiridion"},{"floor":31.0,"key":"AT_RedTearstoneRing"},{"floor":41,"key":"Letter Opener"},{"floor":43,"key":"reliquary:SharkskinSheath"},{"floor":43,"key":"GuppysTail"},{"floor":41,"key":"Slimebound:SlimedSkullRelic"},{"floor":43,"key":"Thread and Needle"},{"floor":48,"key":"aspiration:Lifesprig"}],"event_choices":[{"damage_healed":0,"gold_gain":0,"player_choice":"Got Potions","damage_taken":0,"max_hp_gain":0,"max_hp_loss":0,"event_name":"Lab","floor":46,"gold_loss":0}],"is_beta":false,"boss_relics":[{"not_picked":["reliquary:KinkedSpring","Kintsugi"],"picked":"testmod-GoldenSoul"},{"not_picked":[]},{"not_picked":["testmod-Prudence","reliquary:RedPaperclip"],"picked":"Empty Cage"},{"not_picked":[]}],"items_purged_floors":[5,6,8,10,12,18,22,25,26,35,39,44,42,45],"is_endless":false,"potions_floor_spawned":[2,11,15,16,19,30,31,33,36,37,42,37,38,39],"ascension_level":3}}