{"host":"mal0jdk4f6ubgyb8","time":1612689478,"event":{"mods":["100% Spire Juice","Act Like it!","Aspiration","BaseMod","CapriCore","Gensokyo","KinomotoSakuraMod(ƒæ÷Æ±æ”£)","Koishi","Luminous","Marisa£®ÏF”Í°°ƒß¿Ì…≥£©","Minty Spire (QoL Compilation)","Pale of the Ancients","Quick Restart","Reimu£®≤©¿ˆ¡È√Œ£©","Relic Stats","Reliquary","Remilia£®¿Ÿ√◊¿Ú—«£©","Replay The Spire","Spicy Shops","StSLib","The Immortal","WarShipGirlsR/’ΩΩ¢…Ÿ≈ÆR mod","Yakumo Yukari mod","Youmu£®ªÍ∆«—˝√Œ£©","Yuri Mod","Yuyuko"],"gold_per_floor":[114,114,133,133,154,187,205,236,236,261,296,321,37,71,71,199,199,214,214,68,76,76,402,416,416,416,427,466,485,58,71,71,177,177,191,211,211,225,238,269,269,298,598,598,626,626,591,609,609,594,604,613,613,20,20,30,30,55,55,35],"floor_reached":61,"language":"ZHS","playtime":5221,"items_purged":["Pain"],"score":1368,"play_id":"596603c6-2ae4-4e3f-8a5b-2766b524a54a","local_time":"20210207171758","is_ascension_mode":true,"campfire_choices":[{"floor":15.0,"key":"RECALL"},{"data":"Koishi:Catatonia","floor":25.0,"key":"SMITH"},{"floor":32.0,"key":"DIG"},{"data":"Koishi:HauntingSlash","floor":41.0,"key":"SMITH"},{"data":"Koishi:JumpScare","floor":46.0,"key":"SMITH"},{"data":"Koishi:YoukaiPolygraph","floor":49.0,"key":"SMITH"},{"floor":55,"key":"REST"},{"floor":57,"key":"REST"}],"circlet_count":0,"master_deck":["Koishi:BasicDefend+1","Koishi:BasicDefend+1","Koishi:BasicDefend+1","Koishi:BasicDefend+1","Koishi:Provoke+1","Koishi:HauntingSlash+1","Koishi:ParalyzingFear+1","Koishi:DreadfulBlow+1","Koishi:YoukaiPolygraph+1","Koishi:MindNumbingTerror+1","Koishi:DreadfulBlow+1","Koishi:Catatonia+1","Koishi:SilentAndRestless+1","Koishi:JumpScare+1","Koishi:SilentAndRestless+1","Koishi:HeartStoppingHorror+1","Koishi:VengefulSpirit+1","Koishi:RollingInRichesHeart+1","Koishi:RacingHeart+1","Koishi:RacingHeart+1","Koishi:UnansweredLove+1","Koishi:FleetingPhantom+1","Koishi:SpiritedAway+1","Koishi:RollingInRichesHeart+1","Koishi:MentalBreakdown+1","Koishi:EmbersOfLove+1","Koishi:JumpScare+1","Koishi:DreadfulBlow+1","Koishi:ReleaseOfTheId+1","Parasite","Koishi:YoukaiPolygraph+1","Koishi:PhilosophyOfTheDespised","Koishi:RacingHeart+1","Doubt","Koishi:ReleaseOfTheId+1"],"relics":["Koishi:ImaginaryFriend","NeowsBlessing","Golden Idol","Golden Egg","reliquary:BallBearing","aspiration:AnachronicSnailShell","Frozen Egg 2","Odd Mushroom","Replay:Drink Me","Guide Book","Old Coin","The Courier","FossilizedHelix","Sling","DollysMirror","Strange Spoon","aspiration:HummingbirdHeart","SlaversCollar","MealTicket","Lizard Tail","aspiration:SeaSaltIceCream","Old Coin","Gambling Chip","paleoftheancients:Timepiece","paleoftheancients:KeyRelic","Sozu","Bronze Scales","paleoftheancients:SoulOfTheWokeBloke","Ring of Peace","ReplayTheSpireMod:Ring of Exchange","Cauldron","Snack Pack","Mirror","ReplayTheSpireMod:Shallot","Gremlin Food"],"acts_visited":["Exordium","Exordium","TheBeyond","TheBeyond"],"potions_floor_usage":[60],"damage_taken":[{"damage":0.0,"enemies":"Cultist","floor":1.0,"turns":1.0},{"damage":0.0,"enemies":"Small Slimes","floor":3.0,"turns":1.0},{"damage":0.0,"enemies":"Jaw Worm","floor":5.0,"turns":1.0},{"damage":6.0,"enemies":"Replay:BlueRogue","floor":6.0,"turns":6.0},{"damage":0.0,"enemies":"2 Fungi Beasts","floor":7.0,"turns":2.0},{"damage":13.0,"enemies":"Lagavulin","floor":8.0,"turns":6.0},{"damage":4.0,"enemies":"Exordium Thugs","floor":10.0,"turns":5.0},{"damage":4.0,"enemies":"3 Sentries","floor":11.0,"turns":9.0},{"damage":4.0,"enemies":"Red Slaver","floor":12.0,"turns":3.0},{"damage":17.0,"enemies":"The Mushroom Lair","floor":14.0,"turns":4.0},{"damage":10.0,"enemies":"Fading Forest","floor":16.0,"turns":11.0},{"damage":11.0,"enemies":"Gensokyo:AngelMirror","floor":18.0,"turns":4.0},{"damage":1.0,"enemies":"Gensokyo:CosmicMonolith","floor":21.0,"turns":3.0},{"damage":3.0,"enemies":"Gensokyo:Tenshi","floor":23.0,"turns":4.0},{"damage":2.0,"enemies":"Gensokyo:Swordslinger","floor":24.0,"turns":4.0},{"damage":6.0,"enemies":"Gensokyo:Monolith_and_Dog","floor":27.0,"turns":5.0},{"damage":8.0,"enemies":"Gensokyo:Reisen","floor":28.0,"turns":5.0},{"damage":10.0,"enemies":"Gensokyo:Slime_Group","floor":29.0,"turns":4.0},{"damage":18.0,"enemies":"Gensokyo:Mirror_and_Dog","floor":31.0,"turns":4.0},{"damage":13.0,"enemies":"Gensokyo:Kaguya","floor":33.0,"turns":9.0},{"damage":6.0,"enemies":"3 Darklings","floor":35.0,"turns":4.0},{"damage":1.0,"enemies":"Orb Walker","floor":36.0,"turns":3.0},{"damage":1.0,"enemies":"Transient","floor":38.0,"turns":5.0},{"damage":7.0,"enemies":"3 Darklings","floor":39.0,"turns":6.0},{"damage":0.0,"enemies":"R_Hoarder","floor":40.0,"turns":6.0},{"damage":0.0,"enemies":"Giant Head","floor":42.0,"turns":4.0},{"damage":0.0,"enemies":"Nemesis","floor":45.0,"turns":4.0},{"damage":50.0,"enemies":"Nemesis","floor":47.0,"turns":20.0},{"damage":6.0,"enemies":"Writhing Mass","floor":48.0,"turns":3.0},{"damage":6.0,"enemies":"Replay:Hell Engine","floor":50.0,"turns":7.0},{"damage":4.0,"enemies":"Replay:Hell Engine","floor":51.0,"turns":10.0},{"damage":4,"enemies":"","floor":52,"turns":5},{"damage":13,"enemies":"","floor":56,"turns":7},{"damage":7,"enemies":"paleoftheancients:N","floor":60,"turns":8}],"seed_played":"7454900403821735335","potions_obtained":[{"floor":1.0,"key":"ColorlessPotion"},{"floor":7.0,"key":"Regen Potion"},{"floor":11.0,"key":"MagicPotion:ReiMu"},{"floor":14.0,"key":"Languid Potion"},{"floor":16.0,"key":"Ancient Potion"},{"floor":23.0,"key":"PowerPotion"},{"floor":24.0,"key":"Swift Potion"},{"floor":31.0,"key":"GrandPatriotsElixir:ReiMu"},{"floor":39.0,"key":"SkillPotion"},{"floor":40.0,"key":"SkillPotion"},{"floor":45.0,"key":"GrandPatriotsElixir:ReiMu"}],"is_trial":false,"path_per_floor":["M","?","M","?","M","E","M","E","T","M","E","M","$","?","R","B",null,"M","?","$","M","?","E","M","R","T","M","E","M","COS","M","R","B",null,"M","M","?","M","M","E","R","E","T","?","E","R","?","M","R","B","M","M","?","$","R","M","R","T","?","B",null],"character_chosen":"KOISHI","items_purchased":["Koishi:SilentAndRestless+1","Koishi:HeartStoppingHorror+1","Guide Book","Cauldron","Snack Pack","Mirror","ReplayTheSpireMod:Shallot"],"campfire_rested":2,"item_purchase_floors":[13,13,20,54,54,54,54],"current_hp_per_floor":[60,45,45,45,45,45,47,52,52,51,48,48,48,36,36,40,45,35,40,40,41,41,45,45,45,45,45,45,37,37,26,26,30,45,44,45,45,45,45,45,45,45,45,45,45,45,45,45,45,45,45,45,45,45,45,45,45,45,45,44],"gold":35,"neow_bonus":"THREE_ENEMY_KILL","is_daily":false,"chose_seed":false,"campfire_upgraded":4,"win_rate":0.0,"timestamp":1612689478,"path_taken":["M","?","M","?","M","E","?","E","T","M","E","M","$","?","R","BOSS","M","?","?","?","?","E","M","R","T","M","E","M","COS","?","R","BOSS","M","M","?","?","M","E","R","E","T","?","E","R","?","M","R","BOSS","M","M","?","$","R","M","R","T","?","BOSS"],"items_purchased_type":["Card","Card","Relic","Relic","Relic","Relic","Relic"],"build_version":"2020-12-22","purchased_purges":1,"victory":true,"max_hp_per_floor":[60,60,60,60,60,60,60,60,60,60,60,60,60,60,60,60,45,45,45,45,45,45,45,45,45,45,45,45,45,45,45,45,45,45,45,45,45,45,45,45,45,45,45,45,45,45,45,45,45,45,45,45,45,45,45,45,45,45,45,45],"relic_stats":{"Sozu":7,"Strange Spoon":[51],"Lizard Tail":0,"counters":[34,183],"Golden Idol":254,"Gambling Chip":[11],"Bronze Scales":[168],"MealTicket":0,"obtain_stats":[{"Golden Egg":4,"ReplayTheSpireMod:Ring of Exchange":53,"Sling":30,"Old Coin":23,"Sozu":50,"Lizard Tail":42,"DollysMirror":30,"aspiration:AnachronicSnailShell":8,"Gambling Chip":45,"Ring of Peace":53,"MealTicket":40,"Replay:Drink Me":17,"Gremlin Food":58,"paleoftheancients:KeyRelic":50,"NeowsBlessing":0,"Golden Idol":2,"Guide Book":20,"The Courier":26,"aspiration:HummingbirdHeart":32,"aspiration:SeaSaltIceCream":43,"Frozen Egg 2":11,"Odd Mushroom":14,"paleoftheancients:Timepiece":50,"Strange Spoon":30,"SlaversCollar":34,"Cauldron":54,"ReplayTheSpireMod:Shallot":54,"paleoftheancients:SoulOfTheWokeBloke":51,"Bronze Scales":50,"reliquary:BallBearing":6,"Snack Pack":54,"Mirror":54,"FossilizedHelix":28,"Koishi:ImaginaryFriend":0},{"Golden Egg":2,"ReplayTheSpireMod:Ring of Exchange":32,"Sling":18,"Old Coin":14,"Sozu":30,"Lizard Tail":26,"DollysMirror":18,"aspiration:AnachronicSnailShell":6,"Gambling Chip":27,"Ring of Peace":32,"MealTicket":25,"Replay:Drink Me":11,"Gremlin Food":33,"paleoftheancients:KeyRelic":30,"NeowsBlessing":0,"Golden Idol":1,"Guide Book":12,"The Courier":15,"aspiration:HummingbirdHeart":19,"aspiration:SeaSaltIceCream":26,"Frozen Egg 2":8,"Odd Mushroom":10,"paleoftheancients:Timepiece":30,"Strange Spoon":18,"SlaversCollar":20,"Cauldron":32,"ReplayTheSpireMod:Shallot":32,"paleoftheancients:SoulOfTheWokeBloke":31,"Bronze Scales":30,"reliquary:BallBearing":4,"Snack Pack":32,"Mirror":32,"FossilizedHelix":17,"Koishi:ImaginaryFriend":0},{"Golden Egg":2,"ReplayTheSpireMod:Ring of Exchange":168,"Sling":78,"Old Coin":60,"Sozu":153,"Lizard Tail":119,"DollysMirror":78,"aspiration:AnachronicSnailShell":17,"Gambling Chip":123,"Ring of Peace":168,"MealTicket":115,"Replay:Drink Me":49,"Gremlin Food":175,"paleoftheancients:KeyRelic":153,"NeowsBlessing":0,"Golden Idol":1,"Guide Book":53,"The Courier":64,"aspiration:HummingbirdHeart":82,"aspiration:SeaSaltIceCream":119,"Frozen Egg 2":31,"Odd Mushroom":38,"paleoftheancients:Timepiece":153,"Strange Spoon":78,"SlaversCollar":91,"Cauldron":168,"ReplayTheSpireMod:Shallot":168,"paleoftheancients:SoulOfTheWokeBloke":163,"Bronze Scales":153,"reliquary:BallBearing":9,"Snack Pack":168,"Mirror":168,"FossilizedHelix":74,"Koishi:ImaginaryFriend":0}]},"card_choices":[{"not_picked":["Koishi:Untouchable","Koishi:ReflexRadar"],"picked":"Koishi:ParalyzingFear","floor":1.0},{"not_picked":["Koishi:ParalyzingFear","Koishi:PhantomBarrier"],"picked":"Koishi:DreadfulBlow","floor":3.0},{"not_picked":["Koishi:Prune","Koishi:CatchAndRose"],"picked":"Koishi:YoukaiPolygraph","floor":5.0},{"not_picked":["Koishi:EmbryosDream","Koishi:UnansweredLove"],"picked":"Koishi:MindNumbingTerror","floor":6.0},{"not_picked":["Koishi:StingingMind","Koishi:StrangeCloudFist"],"picked":"Koishi:DreadfulBlow","floor":7.0},{"not_picked":["Koishi:Jaunt","Koishi:SpiritedAway"],"picked":"Koishi:Catatonia","floor":8.0},{"not_picked":["Koishi:SprinkleStarAndHeart","Koishi:JumpScare"],"picked":"Koishi:SilentAndRestless","floor":10.0},{"not_picked":["Koishi:IdleWhim","Koishi:PhantomBarrier"],"picked":"Koishi:JumpScare","floor":11.0},{"not_picked":["Koishi:SubterraneanRose","Koishi:ParalyzingFear","Koishi:SubconsciousSweep"],"picked":"SKIP","floor":12.0},{"not_picked":["Koishi:IdleWhim","Koishi:FidgetySnatcher+1"],"picked":"Koishi:VengefulSpirit+1","floor":14.0},{"not_picked":["Koishi:GrowingPain","Koishi:Ego+1"],"picked":"Koishi:RollingInRichesHeart","floor":16.0},{"not_picked":["Koishi:Prune","Koishi:BloodcurdlingScream","Koishi:SubconsciousSweep"],"picked":"SKIP","floor":18.0},{"not_picked":["Koishi:ParalyzingFear","Koishi:IdleWhim+1"],"picked":"Koishi:RacingHeart+1","floor":21.0},{"not_picked":["Koishi:PhantomBarrier+1","Koishi:Possession","Koishi:Jaunt"],"picked":"SKIP","floor":23.0},{"not_picked":["Koishi:Untouchable+1","Koishi:UnansweredLove"],"picked":"Koishi:RacingHeart+1","floor":24.0},{"not_picked":["Koishi:SilentAndRestless","Koishi:GeneticsOfTheUnconscious"],"picked":"Koishi:UnansweredLove","floor":27.0},{"not_picked":["Koishi:FadingMemory","Koishi:SprinkleStarAndHeart"],"picked":"Koishi:FleetingPhantom+1","floor":28.0},{"not_picked":["Koishi:PhantomBarrier","Koishi:FreudianInstinct+1"],"picked":"Koishi:SpiritedAway+1","floor":29.0},{"not_picked":["Koishi:PhantomBarrier","Koishi:FidgetySnatcher+1","Koishi:RorschachInDanmaku"],"picked":"SKIP","floor":31.0},{"not_picked":["Koishi:ImGoingToCallYouNow","Koishi:SilentAndRestless"],"picked":"Koishi:MentalBreakdown","floor":33.0},{"not_picked":["Koishi:UnseenTerror","Koishi:HeartfeltFancy+1"],"picked":"Koishi:EmbersOfLove+1","floor":35.0},{"not_picked":["Koishi:VengefulSpirit+1","Koishi:StingingMind+1"],"picked":"Koishi:JumpScare+1","floor":36.0},{"not_picked":["Koishi:SubterraneanRose+1","Koishi:EmbryosDream+1"],"picked":"Koishi:DreadfulBlow+1","floor":38.0},{"not_picked":["Koishi:UnconsciousUrges+1","Koishi:DanmakuParanoia+1","Koishi:Prune+1"],"picked":"SKIP","floor":39.0},{"not_picked":["Koishi:PhantomStrike","Koishi:TremblingHands","Koishi:BloodcurdlingScream+1"],"picked":"SKIP","floor":40.0},{"not_picked":["Koishi:MentalBreakdown","Koishi:Catatonia"],"picked":"Koishi:ReleaseOfTheId+1","floor":42.0},{"not_picked":["Koishi:UnansweredLove","Koishi:BramblyRoseGarden+1","Koishi:Prune"],"picked":"SKIP","floor":45.0},{"not_picked":["Koishi:HeartfeltFancy","Koishi:ReflexRadar+1"],"picked":"Koishi:YoukaiPolygraph","floor":48.0},{"not_picked":["Koishi:Vanish","Koishi:EmbryosDream"],"picked":"Koishi:PhilosophyOfTheDespised","floor":51.0},{"not_picked":["Koishi:RorschachInDanmaku+1","Koishi:FadingMemory"],"picked":"Koishi:RacingHeart+1","floor":52},{"not_picked":["Koishi:Prune+1","Koishi:PhantomStrike"],"picked":"Koishi:ReleaseOfTheId+1","floor":56}],"player_experience":395750,"relics_obtained":[{"floor":6.0,"key":"reliquary:BallBearing"},{"floor":8.0,"key":"aspiration:AnachronicSnailShell"},{"floor":11.0,"key":"Frozen Egg 2"},{"floor":14.0,"key":"Odd Mushroom"},{"floor":23.0,"key":"Old Coin"},{"floor":26.0,"key":"The Courier"},{"floor":28.0,"key":"FossilizedHelix"},{"floor":32.0,"key":"aspiration:HummingbirdHeart"},{"floor":40.0,"key":"MealTicket"},{"floor":42.0,"key":"Lizard Tail"},{"floor":43.0,"key":"aspiration:SeaSaltIceCream"},{"floor":45.0,"key":"Gambling Chip"},{"floor":51.0,"key":"paleoftheancients:SoulOfTheWokeBloke"},{"floor":52,"key":"paleoftheancients:SoulOfTheTimeEater"},{"floor":53,"key":"Ring of Peace"},{"floor":53,"key":"ReplayTheSpireMod:Ring of Exchange"},{"floor":58,"key":"Gremlin Food"}],"event_choices":[{"damage_healed":0.0,"max_hp_gain":0.0,"max_hp_loss":0.0,"gold_gain":0.0,"event_name":"Golden Idol","player_choice":"Take Damage","floor":2.0,"gold_loss":0.0,"damage_taken":15.0,"relics_obtained":["Golden Idol"]},{"damage_healed":0.0,"max_hp_gain":0.0,"max_hp_loss":0.0,"gold_gain":0.0,"event_name":"WeMeetAgain","player_choice":"Gave Potion","floor":4.0,"gold_loss":0.0,"damage_taken":0.0,"relics_obtained":["Golden Egg"]},{"damage_healed":0.0,"max_hp_gain":0.0,"max_hp_loss":0.0,"gold_gain":0.0,"event_name":"Mushrooms","player_choice":"Fought Mushrooms","floor":14.0,"gold_loss":0.0,"damage_taken":0.0},{"cards_removed":["Koishi:BasicStrike"],"damage_healed":0.0,"max_hp_gain":0.0,"max_hp_loss":0.0,"gold_gain":0.0,"event_name":"Purifier","player_choice":"Purged","floor":37.0,"gold_loss":0.0,"damage_taken":0.0},{"damage_healed":0.0,"max_hp_gain":0.0,"max_hp_loss":0.0,"gold_gain":0.0,"event_name":"Tomb of Lord Red Mask","player_choice":"Ignored","floor":44.0,"gold_loss":0.0,"damage_taken":0.0}],"is_beta":false,"boss_relics":[{"not_picked":["Runic Dome","Fusion Hammer"],"picked":"Replay:Drink Me"},{"not_picked":["reliquary:Ember","aspiration:PoetsPen_weak"],"picked":"SlaversCollar"}],"items_purged_floors":[54],"is_endless":false,"potions_floor_spawned":[1,7,11,14,16,23,24,31,39,40,45,47,52,56],"ascension_level":1}}