{"host":"dhlnk6yox2l1s6up","time":1612725689,"event":{"mods":["BaseMod","Minty Spire (QoL Compilation)","Relic Stats","StSLib","ojb\u0027s Info Mod"],"gold_per_floor":[112,112,132,149,249,275,275,306,352,352,387,53,70,87,87,192,192,202,215,215,233,233,233,57,57,57,57,57],"floor_reached":27,"language":"ENG","playtime":1476,"items_purged":[],"score":347,"play_id":"9b5e0f3c-b724-49c8-816c-d66c7919731c","local_time":"20210207132129","is_ascension_mode":true,"campfire_choices":[{"data":"Streamline","floor":7,"key":"SMITH"},{"floor":10,"key":"REST"},{"data":"Stack","floor":15,"key":"SMITH"},{"data":"RitualDagger","floor":23,"key":"SMITH"},{"floor":25,"key":"REST"}],"circlet_count":0,"master_deck":["AscendersBane","Strike_B","Strike_B","Strike_B","Strike_B","Defend_B","Defend_B","Defend_B","Defend_B","Zap","Dualcast","Beam Cell","Steam","Compile Driver","Streamline+1","Defragment","Stack+1","Self Repair","Hologram","Creative AI","CurseOfTheBell","Loop","Leap","Ball Lightning","Beam Cell+1","RitualDagger+1","Apotheosis"],"relics":["Cracked Core","Potion Belt","Symbiotic Virus","Pen Nib","Vajra","StrikeDummy","Mummified Hand","Calling Bell","Omamori","Letter Opener","CaptainsWheel"],"acts_visited":["Exordium","TheCity"],"potions_floor_usage":[11,11,21,27,27,27],"damage_taken":[{"damage":4,"enemies":"Jaw Worm","floor":1,"turns":4},{"damage":0,"enemies":"2 Louse","floor":3,"turns":3},{"damage":1,"enemies":"Cultist","floor":4,"turns":3},{"damage":35,"enemies":"3 Sentries","floor":6,"turns":8},{"damage":10,"enemies":"Lagavulin","floor":8,"turns":4},{"damage":20,"enemies":"Gremlin Nob","floor":11,"turns":4},{"damage":2,"enemies":"2 Fungi Beasts","floor":13,"turns":2},{"damage":1,"enemies":"3 Louse","floor":14,"turns":2},{"damage":6,"enemies":"The Guardian","floor":16,"turns":7},{"damage":22,"enemies":"Shell Parasite","floor":18,"turns":5},{"damage":4,"enemies":"Spheric Guardian","floor":19,"turns":4},{"damage":26,"enemies":"Shelled Parasite and Fungi","floor":21,"turns":5},{"damage":52,"enemies":"Book of Stabbing","floor":27,"turns":4}],"seed_played":"-6699398097615413974","potions_obtained":[{"floor":3,"key":"Swift Potion"},{"floor":4,"key":"Weak Potion"},{"floor":13,"key":"PowerPotion"},{"floor":16,"key":"Dexterity Potion"},{"floor":18,"key":"FocusPotion"},{"floor":19,"key":"SkillPotion"}],"is_trial":false,"path_per_floor":["M","?","M","M","?","E","R","E","T","R","E","$","M","M","R","B",null,"M","M","?","M","?","R","$","R","T","E"],"character_chosen":"DEFECT","items_purchased":["Mummified Hand","Self Repair","Apotheosis"],"campfire_rested":2,"item_purchase_floors":[12,12,24],"current_hp_per_floor":[64,64,64,63,63,28,28,18,18,40,20,20,25,31,31,32,64,49,52,52,33,27,27,27,49,49,0,0],"gold":57,"neow_bonus":"RANDOM_COMMON_RELIC","is_daily":false,"chose_seed":false,"campfire_upgraded":3,"win_rate":0.0,"timestamp":1612725689,"path_taken":["M","?","M","M","?","E","R","E","T","R","E","$","M","?","R","BOSS","M","M","?","M","?","R","?","R","T","E"],"items_purchased_type":["Relic","Card","Card"],"build_version":"2020-12-22","purchased_purges":0,"victory":false,"max_hp_per_floor":[75,75,75,75,75,75,75,75,75,75,75,75,75,75,75,75,75,75,75,75,75,75,75,75,75,75,75,75],"relic_stats":{"counters":[13,55],"Mummified Hand":[16],"Pen Nib":[5],"Letter Opener":[5],"obtain_stats":[{"Potion Belt":0,"Calling Bell":17,"CaptainsWheel":17,"Mummified Hand":12,"Vajra":9,"Pen Nib":8,"Omamori":17,"Letter Opener":17,"Cracked Core":0,"Symbiotic Virus":6,"StrikeDummy":11},{"Potion Belt":0,"Calling Bell":9,"CaptainsWheel":9,"Mummified Hand":6,"Vajra":5,"Pen Nib":5,"Omamori":9,"Letter Opener":9,"Cracked Core":0,"Symbiotic Virus":4,"StrikeDummy":6},{"Potion Belt":0,"Calling Bell":37,"CaptainsWheel":37,"Mummified Hand":26,"Vajra":22,"Pen Nib":22,"Omamori":37,"Letter Opener":37,"Cracked Core":0,"Symbiotic Virus":18,"StrikeDummy":26}]},"card_choices":[{"not_picked":["Stack","Leap"],"picked":"Beam Cell","floor":1},{"not_picked":["Beam Cell","Aggregate"],"picked":"Steam","floor":3},{"not_picked":["Turbo","Heatsinks"],"picked":"Compile Driver","floor":4},{"not_picked":["Coolheaded","Reinforced Body"],"picked":"Streamline","floor":6},{"not_picked":["Coolheaded","Skim"],"picked":"Defragment","floor":8},{"not_picked":["Hello World","Meteor Strike"],"picked":"Stack","floor":11},{"not_picked":["Sweeping Beam","Doom and Gloom"],"picked":"Hologram","floor":13},{"not_picked":["Sweeping Beam","Gash","Beam Cell"],"picked":"SKIP","floor":14},{"not_picked":["Biased Cognition","Machine Learning"],"picked":"Creative AI","floor":16},{"not_picked":["Streamline+1","Leap"],"picked":"Loop","floor":18},{"not_picked":["Rebound","Sweeping Beam"],"picked":"Leap","floor":19},{"not_picked":["Aggregate","Force Field"],"picked":"Beam Cell+1","floor":21}],"player_experience":6132841,"relics_obtained":[{"floor":6,"key":"Symbiotic Virus"},{"floor":8,"key":"Pen Nib"},{"floor":9,"key":"Vajra"},{"floor":11,"key":"StrikeDummy"},{"floor":17,"key":"Omamori"},{"floor":17,"key":"Letter Opener"},{"floor":17,"key":"CaptainsWheel"}],"event_choices":[{"damage_healed":0,"gold_gain":0,"player_choice":"Ignored","damage_taken":0,"max_hp_gain":0,"max_hp_loss":0,"event_name":"Liars Game","floor":2,"gold_loss":0},{"damage_healed":0,"gold_gain":100,"player_choice":"Pray","damage_taken":0,"max_hp_gain":0,"max_hp_loss":0,"event_name":"Golden Shrine","floor":5,"gold_loss":0},{"damage_healed":0,"gold_gain":0,"player_choice":"Read","damage_taken":0,"max_hp_gain":0,"max_hp_loss":0,"event_name":"The Library","floor":20,"gold_loss":0,"cards_obtained":["Ball Lightning"]},{"damage_healed":0,"gold_gain":0,"player_choice":"Joined the Cult","damage_taken":6,"max_hp_gain":0,"max_hp_loss":0,"event_name":"Nest","floor":22,"gold_loss":0,"cards_obtained":["RitualDagger"]}],"is_beta":false,"boss_relics":[{"not_picked":["Fusion Hammer","Ectoplasm"],"picked":"Calling Bell"}],"items_purged_floors":[],"is_endless":false,"potions_floor_spawned":[3,4,13,16,18,19],"killed_by":"Book of Stabbing","ascension_level":10}}