{"host":"JIN","time":1612668521,"event":{"mods":["BaseMod","Custom Start","DeckTracker","Minty Spire (QoL Compilation)","Shop Mod","StSLib","SuperFastMode"],"gold_per_floor":[114,164,265,315,356,356,388,438,438,488,1,28,64,12,12,108,108,151,176,198,231,281,322,322,362,434,434,484,534,558,597,597,702,765,798,379,412,35,116,157,157,200,200,245,265,265,315,343,343,343,343,343,343,93,145,145],"floor_reached":57,"language":"KOR","playtime":2760,"items_purged":["Defend_G","Defend_G","Strike_G"],"score":3607,"play_id":"d6396082-4060-4d63-9490-691a4030aa6d","local_time":"20210207122841","is_ascension_mode":true,"campfire_choices":[{"data":"Terror","floor":6.0,"key":"SMITH"},{"data":"Calculated Gamble","floor":15.0,"key":"SMITH"},{"data":"Tactician","floor":24.0,"key":"SMITH"},{"data":"Envenom","floor":27.0,"key":"SMITH"},{"data":"Eviscerate","floor":32.0,"key":"SMITH"},{"data":"Acrobatics","floor":41.0,"key":"SMITH"},{"data":"A Thousand Cuts","floor":46.0,"key":"SMITH"},{"floor":49.0,"key":"RECALL"},{"data":"Neutralize","floor":53.0,"key":"SMITH"}],"circlet_count":0,"master_deck":["Strike_G","Strike_G+1","Defend_G+1","Defend_G","Defend_G","Survivor","Neutralize+1","All Out Attack+1","Eviscerate+1","Acrobatics+1","Terror+1","Reflex","Calculated Gamble+1","Dagger Throw","After Image","Envenom+1","Underhanded Strike","Reflex+1","Acrobatics+1","Tactician+1","A Thousand Cuts+1","Footwork","After Image","Acrobatics+1","Footwork","Deflect+1","Outmaneuver+1","Quick Slash","Impatience","Acrobatics+1"],"relics":["Ring of the Snake","Question Card","Prayer Wheel","The Courier","Membership Card","Smiling Mask","Golden Idol","SsserpentHead","Omamori","CeramicFish","Black Star","Art of War","Turnip","Eternal Feather","Snake Skull","Ornamental Fan","Tough Bandages","Bird Faced Urn","Strawberry","FossilizedHelix","Orichalcum","Darkstone Periapt","SacredBark","Anchor","Juzu Bracelet","Bag of Preparation","Unceasing Top","Matryoshka","Lantern","Singing Bowl","Tiny House","Bag of Marbles","War Paint","InkBottle","Pantograph","Lee\u0027s Waffle","Sling","TungstenRod","Nunchaku","PreservedInsect","Ginger","The Specimen","Bronze Scales","Oddly Smooth Stone","Mercury Hourglass","Whetstone","Gremlin Horn","Vajra","OrangePellets","Happy Flower","Pen Nib","Ninja Scroll"],"acts_visited":["Exordium","TheCity","TheBeyond","TheEnding"],"potions_floor_usage":[56,56,56,56],"damage_taken":[{"damage":8.0,"enemies":"Jaw Worm","floor":1.0,"turns":6.0},{"damage":0.0,"enemies":"2 Louse","floor":5.0,"turns":2.0},{"damage":0.0,"enemies":"Cultist","floor":7.0,"turns":3.0},{"damage":29.0,"enemies":"Lagavulin","floor":8.0,"turns":6.0},{"damage":9.0,"enemies":"3 Sentries","floor":10.0,"turns":9.0},{"damage":0.0,"enemies":"Gremlin Gang","floor":12.0,"turns":2.0},{"damage":0.0,"enemies":"Gremlin Nob","floor":13.0,"turns":3.0},{"damage":0.0,"enemies":"Hexaghost","floor":16.0,"turns":9.0},{"damage":6.0,"enemies":"Chosen","floor":18.0,"turns":5.0},{"damage":0.0,"enemies":"2 Thieves","floor":19.0,"turns":4.0},{"damage":0.0,"enemies":"Snake Plant","floor":20.0,"turns":2.0},{"damage":9.0,"enemies":"Centurion and Healer","floor":21.0,"turns":5.0},{"damage":0.0,"enemies":"Book of Stabbing","floor":23.0,"turns":4.0},{"damage":8.0,"enemies":"Slavers","floor":25.0,"turns":5.0},{"damage":0.0,"enemies":"Shelled Parasite and Fungi","floor":30.0,"turns":3.0},{"damage":0.0,"enemies":"Gremlin Leader","floor":31.0,"turns":5.0},{"damage":0.0,"enemies":"Collector","floor":33.0,"turns":7.0},{"damage":0.0,"enemies":"Orb Walker","floor":35.0,"turns":5.0},{"damage":0.0,"enemies":"3 Darklings","floor":37.0,"turns":5.0},{"damage":0.0,"enemies":"Mind Bloom Boss Battle","floor":39.0,"turns":7.0},{"damage":0.0,"enemies":"Reptomancer","floor":40.0,"turns":3.0},{"damage":0.0,"enemies":"Nemesis","floor":42.0,"turns":3.0},{"damage":4.0,"enemies":"Giant Head","floor":44.0,"turns":5.0},{"damage":3.0,"enemies":"Spire Growth","floor":45.0,"turns":6.0},{"damage":0.0,"enemies":"Maw","floor":48.0,"turns":5.0},{"damage":56.0,"enemies":"Time Eater","floor":50.0,"turns":11.0},{"damage":12.0,"enemies":"Awakened One","floor":51.0,"turns":13.0},{"damage":0,"enemies":"Shield and Spear","floor":55,"turns":3},{"damage":0,"enemies":"The Heart","floor":56,"turns":6}],"seed_played":"-487724506960991703","potions_obtained":[{"floor":7.0,"key":"Dexterity Potion"},{"floor":8.0,"key":"Poison Potion"},{"floor":10.0,"key":"Poison Potion"},{"floor":19.0,"key":"Fire Potion"},{"floor":20.0,"key":"SkillPotion"},{"floor":31.0,"key":"DistilledChaos"},{"floor":40.0,"key":"Ancient Potion"},{"floor":45.0,"key":"Explosive Potion"}],"is_trial":false,"path_per_floor":["M","?","T","?","M","R","M","E","T","E","$","M","E","$","R","B",null,"M","M","M","M","?","E","R","E","T","R","?","?","M","E","R","B",null,"M","$","M","$","?","E","R","E","T","E","M","R","?","M","R","B","B",null,"R","$","E","B",null],"character_chosen":"THE_SILENT","items_purchased":["Tough Bandages","Bird Faced Urn","Strawberry","FossilizedHelix","Envenom","Bag of Marbles","War Paint","InkBottle","Pantograph","Footwork","Lee\u0027s Waffle","Sling","TungstenRod","Nunchaku","PreservedInsect","OrangePellets","Happy Flower","Impatience","EntropicBrew"],"campfire_rested":0,"item_purchase_floors":[11,11,11,11,14,36,36,36,36,36,36,38,38,38,38,54,54,54,54],"current_hp_per_floor":[57,57,57,50,50,50,50,21,21,12,19,19,21,21,30,34,68,66,68,70,65,65,69,79,71,71,79,79,79,79,81,81,81,88,90,97,97,97,99,101,101,103,103,99,102,105,105,105,105,55,80,99,105,105,105,105],"gold":145,"neow_bonus":"TEN_PERCENT_HP_BONUS","is_daily":false,"chose_seed":false,"campfire_upgraded":8,"win_rate":0.0,"timestamp":1612668521,"path_taken":["M","?","?","?","M","R","M","E","T","E","$","M","E","$","R","BOSS","M","M","M","M","?","E","R","E","T","R","?","?","M","E","R","BOSS","M","$","M","$","?","E","R","E","T","E","M","R","?","M","R","BOSS","BOSS","R","$","E","BOSS"],"items_purchased_type":["Relic","Relic","Relic","Relic","Card","Relic","Relic","Relic","Relic","Card","Relic","Relic","Relic","Relic","Relic","Relic","Relic","Card","Potion"],"build_version":"2020-12-18","purchased_purges":3,"victory":true,"max_hp_per_floor":[72,72,72,72,72,72,72,72,72,72,79,79,79,79,79,79,79,79,79,79,79,79,79,79,79,79,79,79,79,79,81,81,81,88,90,97,97,97,99,101,101,103,103,103,105,105,105,105,105,105,105,105,105,105,105,105],"card_choices":[{"not_picked":["Cloak And Dagger","Underhanded Strike","Dagger Spray"],"picked":"All Out Attack","floor":1.0},{"not_picked":["Deflect","Poisoned Stab","Dagger Throw"],"picked":"Eviscerate","floor":1.0},{"not_picked":["PiercingWail","Choke","Flying Knee"],"picked":"Acrobatics","floor":5.0},{"not_picked":["Dagger Spray","Accuracy","Slice"],"picked":"Terror","floor":5.0},{"not_picked":["Phantasmal Killer","Cloak And Dagger","Escape Plan"],"picked":"Reflex","floor":7.0},{"not_picked":["Blade Dance","Concentrate","Poisoned Stab","Outmaneuver"],"picked":"SKIP","floor":7.0},{"not_picked":["PiercingWail","Terror","Deflect"],"picked":"Calculated Gamble","floor":8.0},{"not_picked":["Poisoned Stab","Well Laid Plans","All Out Attack"],"picked":"Dagger Throw","floor":10.0},{"not_picked":["Calculated Gamble","All Out Attack","Masterful Stab"],"picked":"After Image","floor":12.0},{"not_picked":["Crippling Poison","Cloak And Dagger","Poisoned Stab","Dagger Spray"],"picked":"SKIP","floor":12.0},{"not_picked":["Crippling Poison","Cloak And Dagger","Poisoned Stab","Dagger Spray"],"picked":"SKIP","floor":12.0},{"not_picked":["Riddle With Holes","Setup","Poisoned Stab","Deflect"],"picked":"SKIP","floor":13.0},{"not_picked":["Dodge and Roll","Caltrops","PiercingWail"],"picked":"Underhanded Strike","floor":18.0},{"not_picked":["Escape Plan","Dash","Accuracy"],"picked":"Reflex","floor":18.0},{"not_picked":["Dodge and Roll","Finisher","Setup","Flying Knee"],"picked":"SKIP","floor":19.0},{"not_picked":["Dash","Deflect","Underhanded Strike","Outmaneuver"],"picked":"SKIP","floor":19.0},{"not_picked":["Quick Slash","Sucker Punch","Choke"],"picked":"Acrobatics","floor":20.0},{"not_picked":["Backflip","Leg Sweep","Bouncing Flask","Flying Knee"],"picked":"SKIP","floor":20.0},{"not_picked":["Dodge and Roll","Dash","Leg Sweep"],"picked":"Tactician","floor":21.0},{"not_picked":["Cloak And Dagger","Quick Slash","Slice","Flying Knee"],"picked":"SKIP","floor":21.0},{"not_picked":["Deadly Poison","Dodge and Roll","Bane","Escape Plan"],"picked":"SKIP","floor":23.0},{"not_picked":["Quick Slash","All Out Attack","PiercingWail"],"picked":"A Thousand Cuts","floor":25.0},{"not_picked":["PiercingWail+1","Cloak And Dagger","Sucker Punch"],"picked":"Footwork","floor":30.0},{"not_picked":["Well Laid Plans","PiercingWail","Catalyst","Dagger Spray"],"picked":"SKIP","floor":30.0},{"not_picked":["Poisoned Stab","Dodge and Roll","Crippling Poison","Backstab"],"picked":"Singing Bowl","floor":31.0},{"not_picked":["Die Die Die","Malaise","Envenom"],"picked":"After Image","floor":33.0},{"not_picked":["Deadly Poison","Blur","Reflex","Blade Dance"],"picked":"Singing Bowl","floor":34.0},{"not_picked":["Dagger Spray","Riddle With Holes+1","Underhanded Strike"],"picked":"Acrobatics+1","floor":35.0},{"not_picked":["Leg Sweep","Bane","Cloak And Dagger+1","Slice"],"picked":"Singing Bowl","floor":35.0},{"not_picked":["PiercingWail","Glass Knife","Flying Knee+1"],"picked":"Deflect+1","floor":37.0},{"not_picked":["Backflip","Poisoned Stab+1","Underhanded Strike","Acrobatics"],"picked":"SKIP","floor":37.0},{"not_picked":["PiercingWail+1","Escape Plan","Quick Slash","Endless Agony"],"picked":"Singing Bowl","floor":39.0},{"not_picked":["Poisoned Stab","Acrobatics","Deflect","Expertise+1"],"picked":"Singing Bowl","floor":40.0},{"not_picked":["Flying Knee","All Out Attack+1","Dagger Throw","Distraction+1"],"picked":"Singing Bowl","floor":42.0},{"not_picked":["Terror+1","Night Terror","Blade Dance"],"picked":"Outmaneuver+1","floor":44.0},{"not_picked":["Accuracy","Leg Sweep+1","Bane+1","Dagger Spray"],"picked":"Singing Bowl","floor":45.0},{"not_picked":["Choke","Night Terror","Deflect+1","Cloak And Dagger"],"picked":"SKIP","floor":45.0},{"not_picked":["Deflect","Dagger Throw","PiercingWail+1"],"picked":"Quick Slash","floor":48.0},{"not_picked":["Poisoned Stab","Flying Knee","Masterful Stab+1","Outmaneuver"],"picked":"SKIP","floor":48.0},{"not_picked":["Dodge and Roll","Reflex+1","Cloak And Dagger+1"],"picked":"Acrobatics+1","floor":55}],"player_experience":1221996,"relics_obtained":[{"floor":3.0,"key":"CeramicFish"},{"floor":8.0,"key":"Art of War"},{"floor":8.0,"key":"Turnip"},{"floor":9.0,"key":"Eternal Feather"},{"floor":10.0,"key":"Snake Skull"},{"floor":10.0,"key":"Ornamental Fan"},{"floor":13.0,"key":"Orichalcum"},{"floor":13.0,"key":"Darkstone Periapt"},{"floor":23.0,"key":"Anchor"},{"floor":23.0,"key":"Juzu Bracelet"},{"floor":25.0,"key":"Bag of Preparation"},{"floor":25.0,"key":"Unceasing Top"},{"floor":26.0,"key":"Matryoshka"},{"floor":31.0,"key":"Singing Bowl"},{"floor":39.0,"key":"Ginger"},{"floor":40.0,"key":"The Specimen"},{"floor":40.0,"key":"Bronze Scales"},{"floor":42.0,"key":"Oddly Smooth Stone"},{"floor":42.0,"key":"Mercury Hourglass"},{"floor":43.0,"key":"Whetstone"},{"floor":44.0,"key":"Gremlin Horn"},{"floor":44.0,"key":"Vajra"},{"floor":55,"key":"Pen Nib"},{"floor":55,"key":"Ninja Scroll"}],"event_choices":[{"cards_removed":["Strike_G"],"damage_healed":0.0,"max_hp_gain":0.0,"max_hp_loss":0.0,"gold_gain":0.0,"event_name":"Living Wall","player_choice":"Forget","floor":2.0,"gold_loss":0.0,"damage_taken":0.0},{"cards_removed":["Strike_G"],"damage_healed":0.0,"max_hp_gain":0.0,"max_hp_loss":0.0,"gold_gain":0.0,"event_name":"Golden Wing","player_choice":"Card Removal","floor":4.0,"gold_loss":0.0,"damage_taken":7.0},{"damage_healed":0.0,"max_hp_gain":0.0,"max_hp_loss":0.0,"gold_gain":0.0,"event_name":"Ghosts","player_choice":"Ignored","floor":22.0,"gold_loss":0.0,"damage_taken":0.0},{"damage_healed":0.0,"max_hp_gain":0.0,"max_hp_loss":0.0,"gold_gain":0.0,"event_name":"Addict","player_choice":"Stole Relic","floor":28.0,"gold_loss":0.0,"damage_taken":0.0,"relics_obtained":["Lantern"],"cards_obtained":["Shame"]},{"damage_healed":0.0,"max_hp_gain":0.0,"max_hp_loss":0.0,"gold_gain":0.0,"event_name":"Vampires","player_choice":"Ignored","floor":29.0,"gold_loss":0.0,"damage_taken":0.0},{"damage_healed":0.0,"max_hp_gain":0.0,"max_hp_loss":0.0,"gold_gain":0.0,"event_name":"MindBloom","player_choice":"Fight","floor":39.0,"gold_loss":0.0,"damage_taken":0.0},{"damage_healed":0.0,"max_hp_gain":0.0,"max_hp_loss":0.0,"gold_gain":0.0,"event_name":"Tomb of Lord Red Mask","player_choice":"Ignored","floor":47.0,"gold_loss":0.0,"damage_taken":0.0}],"is_beta":true,"boss_relics":[{"not_picked":["Philosopher\u0027s Stone","Ectoplasm"],"picked":"SacredBark"},{"not_picked":["Cursed Key","WristBlade"],"picked":"Tiny House"}],"items_purged_floors":[11,38,54],"is_endless":false,"potions_floor_spawned":[7,8,10,12,19,20,25,31,40,45,48,55],"ascension_level":20}}