{"host":"Jinnai","time":1612673974,"event":{"mods":["BaseMod","Bestiary","Block Reminder","Colored Map","Colored Powertips","Curses Come First","Highlight Path","Minty Spire (QoL Compilation)","Permanent Neow","Potion Indicator Mod","Quick Restart","Relic Stats","Slay-I","StSLib","ojb\u0027s Info Mod"],"gold_per_floor":[17,36,49,62,75,75,89,89,165,176,176,205,205,205,205,299,299,313,353,32,55,75,75,94,94,145,168,168,168],"floor_reached":28,"language":"ENG","playtime":872,"items_purged":["Strike_B"],"score":448,"play_id":"c587be02-e8a5-4bbf-b0cc-bd5c439c5335","local_time":"20210206235934","is_ascension_mode":true,"campfire_choices":[{"floor":6,"key":"REST"},{"floor":8,"key":"REST"},{"data":"Sweeping Beam","floor":11,"key":"SMITH"},{"data":"Static Discharge","floor":15,"key":"SMITH"},{"data":"Defragment","floor":23,"key":"SMITH"},{"data":"Fission","floor":25,"key":"SMITH"}],"circlet_count":0,"master_deck":["AscendersBane","Strike_B","Strike_B","Strike_B","Defend_B","Defend_B","Defend_B","Defend_B","Zap","Dualcast","Creative AI","Ball Lightning","Ball Lightning","Cold Snap","Sweeping Beam+1","Hologram","Electrodynamics","Cold Snap","Static Discharge+1","Fission+1","White Noise","Genetic Algorithm","Static Discharge","Hologram","Defragment+1","Turbo","Self Repair","Stack+1","Conserve Battery"],"relics":["Cracked Core","Art of War","Golden Idol","Coffee Dripper","Red Mask","Orrery","Nunchaku"],"acts_visited":["Exordium","TheCity"],"potions_floor_usage":[7,16,24,27,28,28,28],"damage_taken":[{"damage":7,"enemies":"Cultist","floor":1,"turns":4},{"damage":12,"enemies":"Small Slimes","floor":2,"turns":3},{"damage":7,"enemies":"Jaw Worm","floor":3,"turns":3},{"damage":2,"enemies":"Blue Slaver","floor":4,"turns":3},{"damage":15,"enemies":"3 Louse","floor":5,"turns":4},{"damage":18,"enemies":"Gremlin Gang","floor":7,"turns":3},{"damage":8,"enemies":"Looter","floor":10,"turns":2},{"damage":8,"enemies":"Gremlin Nob","floor":12,"turns":3},{"damage":9,"enemies":"Hexaghost","floor":16,"turns":5},{"damage":23,"enemies":"2 Thieves","floor":18,"turns":3},{"damage":10,"enemies":"Masked Bandits","floor":19,"turns":2},{"damage":9,"enemies":"Spheric Guardian","floor":21,"turns":3},{"damage":0,"enemies":"3 Cultists","floor":22,"turns":2},{"damage":5,"enemies":"Centurion and Healer","floor":24,"turns":5},{"damage":16,"enemies":"Snake Plant","floor":27,"turns":2},{"damage":10,"enemies":"Slavers","floor":28,"turns":1}],"seed_played":"-1289124576499347616","potions_obtained":[{"floor":3,"key":"DistilledChaos"},{"floor":4,"key":"EntropicBrew"},{"floor":12,"key":"DuplicationPotion"},{"floor":24,"key":"LiquidBronze"}],"is_trial":false,"path_per_floor":["M","M","M","M","M","R","M","R","T","M","R","E","?","?","R","B",null,"M","?","$","M","M","R","M","R","T","M","E"],"character_chosen":"DEFECT","items_purchased":["Orrery","EssenceOfSteel"],"campfire_rested":2,"item_purchase_floors":[20,20],"current_hp_per_floor":[57,45,38,36,21,42,24,45,45,37,37,29,29,29,29,20,53,30,20,20,11,18,18,20,20,20,4,0,0],"gold":168,"neow_bonus":"THREE_RARE_CARDS","is_daily":false,"chose_seed":false,"campfire_upgraded":4,"win_rate":0.0,"timestamp":1612673974,"path_taken":["M","M","M","M","?","R","M","R","T","M","R","E","?","?","R","BOSS","M","?","$","M","M","R","M","R","T","M","E"],"items_purchased_type":["Relic","Potion"],"build_version":"2020-12-18","purchased_purges":1,"victory":false,"max_hp_per_floor":[71,71,71,71,71,71,71,71,71,71,71,71,64,64,64,64,64,64,64,64,64,64,64,64,64,64,64,64,64],"relic_stats":{"Nunchaku":[0],"counters":[16,48],"Golden Idol":48,"Art of War":[3],"obtain_stats":[{"Nunchaku":26,"Golden Idol":13,"Orrery":20,"Art of War":12,"Coffee Dripper":17,"Red Mask":19,"Cracked Core":0},{"Nunchaku":14,"Golden Idol":8,"Orrery":11,"Art of War":8,"Coffee Dripper":9,"Red Mask":11,"Cracked Core":0},{"Nunchaku":45,"Golden Idol":25,"Orrery":35,"Art of War":25,"Coffee Dripper":30,"Red Mask":35,"Cracked Core":0}]},"card_choices":[{"not_picked":["Core Surge","Reboot"],"picked":"Creative AI","floor":0},{"not_picked":["Barrage","BootSequence"],"picked":"Ball Lightning","floor":1},{"not_picked":["Streamline","Barrage"],"picked":"Ball Lightning","floor":2},{"not_picked":["Steam","Ball Lightning"],"picked":"Cold Snap","floor":3},{"not_picked":["Streamline","Redo"],"picked":"Sweeping Beam","floor":4},{"not_picked":["Ball Lightning","Gash"],"picked":"Hologram","floor":5},{"not_picked":["Tempest","Leap"],"picked":"Electrodynamics","floor":7},{"not_picked":["Steam","Beam Cell"],"picked":"Cold Snap","floor":10},{"not_picked":["Auto Shields","Meteor Strike"],"picked":"Static Discharge","floor":12},{"not_picked":["Rainbow","Multi-Cast"],"picked":"Fission","floor":16},{"not_picked":["Reprogram","Lockon"],"picked":"White Noise","floor":18},{"not_picked":["Machine Learning","Conserve Battery"],"picked":"Genetic Algorithm","floor":20},{"not_picked":["Go for the Eyes","Ball Lightning"],"picked":"Static Discharge","floor":20},{"not_picked":["Compile Driver","Tempest"],"picked":"Hologram","floor":20},{"not_picked":["Sweeping Beam","Leap"],"picked":"Defragment","floor":20},{"not_picked":["Chaos","Conserve Battery"],"picked":"Turbo","floor":20},{"not_picked":["Sweeping Beam","Steam+1"],"picked":"Self Repair","floor":21},{"not_picked":["Reprogram","Undo"],"picked":"Stack+1","floor":22},{"not_picked":["Heatsinks","Beam Cell","Hologram"],"picked":"SKIP","floor":24},{"not_picked":["Streamline","Amplify"],"picked":"Conserve Battery","floor":27}],"player_experience":1671787,"relics_obtained":[{"floor":12,"key":"Art of War"},{"floor":19,"key":"Red Mask"},{"floor":26,"key":"Nunchaku"}],"event_choices":[{"damage_healed":0,"gold_gain":0,"player_choice":"Lose Max HP","damage_taken":0,"relics_obtained":["Golden Idol"],"max_hp_gain":0,"max_hp_loss":7,"event_name":"Golden Idol","floor":13,"gold_loss":0},{"damage_healed":0,"gold_gain":0,"player_choice":"Fled","damage_taken":0,"max_hp_gain":0,"max_hp_loss":0,"event_name":"Scrap Ooze","floor":14,"gold_loss":0},{"damage_healed":0,"gold_gain":0,"player_choice":"Fought Bandits","damage_taken":0,"max_hp_gain":0,"max_hp_loss":0,"event_name":"Masked Bandits","floor":19,"gold_loss":0}],"is_beta":true,"boss_relics":[{"not_picked":["SacredBark","Philosopher\u0027s Stone"],"picked":"Coffee Dripper"}],"items_purged_floors":[20],"is_endless":false,"potions_floor_spawned":[3,4,12,24],"killed_by":"Slavers","ascension_level":20}}