{"host":"i70yit5z0kpl303k","time":1612680407,"event":{"mods":["2.2 Compatiblity","Act Like it!","BaseMod","BetterRewards","Infinite Spire","Ironclad Rager","Koishi","Marked Mod","Minty Spire (QoL Compilation)","Relic Stats","Replay The Spire","StSLib","The Marked"],"gold_per_floor":[115,131,148,148,167,167,194,214,214,230,249,249,261,275,275,380,380,390,441,441,108,94,94,125,144,171,182,182,192,192,210,210,210,210],"floor_reached":33,"language":"ENG","playtime":1638,"items_purged":[],"score":275,"play_id":"363cdfe5-eafd-45ff-80ec-ebbc155bc58c","local_time":"20210206224647","is_ascension_mode":false,"campfire_choices":[{"data":"Koishi:FidgetySnatcher","floor":6,"key":"SMITH"},{"floor":12,"key":"REST"},{"floor":15,"key":"DIG"},{"data":"Koishi:MindStellarRelief","floor":23,"key":"SMITH"}],"circlet_count":0,"master_deck":["Koishi:BasicStrike","Koishi:BasicStrike","Koishi:BasicStrike","Koishi:BasicStrike","Koishi:BasicDefend","Koishi:BasicDefend","Koishi:BasicDefend","Koishi:BasicDefend","Koishi:HauntingSlash+1","Koishi:DreadfulBlow","Koishi:PhilosophyOfTheDespised","Koishi:DreadfulBlow","Koishi:FidgetySnatcher+1","Koishi:SubterraneanRose","Koishi:EmbersOfLove","Koishi:PredatoryInstincts","Koishi:YoukaiPolygraph","Koishi:DreadfulBlow","Koishi:TremblingHands","Koishi:MindStellarRelief+1","Koishi:UnconsciousUrges+1","Koishi:FidgetySnatcher","Koishi:StingingMind","Koishi:SubterraneanRose+1","Koishi:RuptureMind+1","Koishi:JumpScare"],"relics":["Koishi:ImaginaryFriend","Anchor","Toy Ornithopter","Vajra","infinitespire:Cupcake","infinitespire:Bottled Soul","Singing Bowl","Tiny Chest","Pet Ghost"],"acts_visited":["Exordium","TheCity"],"potions_floor_usage":[7,11,11,16,24,27,27,33,33,33],"damage_taken":[{"damage":1,"enemies":"Cultist","floor":1,"turns":4},{"damage":9,"enemies":"Jaw Worm","floor":2,"turns":4},{"damage":2,"enemies":"Small Slimes","floor":3,"turns":3},{"damage":23,"enemies":"Exordium Thugs","floor":5,"turns":7},{"damage":40,"enemies":"3 Sentries","floor":7,"turns":9},{"damage":2,"enemies":"Looter","floor":8,"turns":4},{"damage":0,"enemies":"3 Louse","floor":10,"turns":4},{"damage":17,"enemies":"Gremlin Gang","floor":11,"turns":4},{"damage":0,"enemies":"Large Slime","floor":13,"turns":7},{"damage":9,"enemies":"Blue Slaver","floor":14,"turns":4},{"damage":27,"enemies":"Slime Boss","floor":16,"turns":7},{"damage":8,"enemies":"Shell Parasite","floor":18,"turns":6},{"damage":18,"enemies":"2 Thieves","floor":22,"turns":4},{"damage":34,"enemies":"Book of Stabbing","floor":24,"turns":6},{"damage":0,"enemies":"Centurion and Healer","floor":25,"turns":5},{"damage":12,"enemies":"Sentry and Sphere","floor":27,"turns":4},{"damage":11,"enemies":"3 Cultists","floor":29,"turns":6},{"damage":6,"enemies":"Snake Plant","floor":31,"turns":4},{"damage":64,"enemies":"Automaton","floor":33,"turns":6}],"seed_played":"668929289508335202","potions_obtained":[{"floor":1,"key":"Weak Potion"},{"floor":5,"key":"ColorlessPotion"},{"floor":8,"key":"Adrenaline Potion"},{"floor":11,"key":"ColorlessPotion"},{"floor":14,"key":"SkillPotion"},{"floor":18,"key":"PowerPotion"},{"floor":25,"key":"SkillPotion"},{"floor":27,"key":"Fire Potion"},{"floor":32,"key":"Milkshake"},{"floor":32,"key":"LifebloodPotion"}],"is_trial":false,"path_per_floor":["M","M","M","?","M","R","E","M","T","M","M","R","M","M","R","B",null,"M","T","?","$","M","R","E","M","T","M","?","M","T","M","R","B"],"character_chosen":"KOISHI","items_purchased":["infinitespire:Bottled Soul","Koishi:FidgetySnatcher"],"campfire_rested":1,"item_purchase_floors":[21,21],"current_hp_per_floor":[60,56,57,57,44,44,14,18,18,19,27,45,48,45,45,26,60,60,60,60,60,44,44,23,42,42,45,45,52,52,55,55,0,0],"gold":210,"neow_bonus":"UPGRADE_CARD","is_daily":false,"chose_seed":false,"campfire_upgraded":2,"win_rate":0.0,"timestamp":1612680407,"path_taken":["M","M","?","?","M","R","E","M","T","M","M","R","M","M","R","BOSS","M","?","?","?","M","R","E","M","T","?","?","?","?","M","R","BOSS"],"items_purchased_type":["Relic","Card"],"build_version":"2020-12-22","purchased_purges":0,"victory":false,"max_hp_per_floor":[60,60,60,60,60,60,60,60,60,60,60,60,60,60,60,60,60,60,60,60,60,60,60,60,62,62,62,62,64,64,64,64,64,64],"relic_stats":{"Singing Bowl":4,"counters":[19,94],"Tiny Chest":1,"obtain_stats":[{"Anchor":7,"Singing Bowl":24,"infinitespire:Bottled Soul":21,"Vajra":15,"Tiny Chest":26,"Toy Ornithopter":9,"Pet Ghost":30,"Koishi:ImaginaryFriend":0,"infinitespire:Cupcake":17},{"Anchor":5,"Singing Bowl":14,"infinitespire:Bottled Soul":12,"Vajra":10,"Tiny Chest":15,"Toy Ornithopter":6,"Pet Ghost":17,"Koishi:ImaginaryFriend":0,"infinitespire:Cupcake":11},{"Anchor":26,"Singing Bowl":70,"infinitespire:Bottled Soul":61,"Vajra":48,"Tiny Chest":75,"Toy Ornithopter":30,"Pet Ghost":84,"Koishi:ImaginaryFriend":0,"infinitespire:Cupcake":55}],"Toy Ornithopter":39},"card_choices":[{"not_picked":["Koishi:FleetingPhantom","Koishi:SubconsciousSweep"],"picked":"Koishi:DreadfulBlow","floor":1},{"not_picked":["Koishi:DanmakuParanoia","Koishi:RorschachInDanmaku"],"picked":"Koishi:PhilosophyOfTheDespised","floor":2},{"not_picked":["Koishi:GeneticsOfTheUnconscious","Koishi:BloodcurdlingScream"],"picked":"Koishi:DreadfulBlow","floor":3},{"not_picked":["Koishi:FourthEye","Koishi:BloodcurdlingScream"],"picked":"Koishi:FidgetySnatcher","floor":5},{"not_picked":["Koishi:ConfinedInnocent","Koishi:UnseenTerror"],"picked":"Koishi:SubterraneanRose","floor":7},{"not_picked":["Koishi:HeartfeltFancy","Koishi:SprinkleStarAndHeart"],"picked":"Koishi:EmbersOfLove","floor":8},{"not_picked":["Koishi:SubterraneanRose","Koishi:UnansweredLove"],"picked":"Koishi:PredatoryInstincts","floor":10},{"not_picked":["Koishi:Prune","Koishi:RorschachInDanmaku"],"picked":"Koishi:YoukaiPolygraph","floor":11},{"not_picked":["Koishi:EmbryosDream","Koishi:Prune"],"picked":"Koishi:DreadfulBlow","floor":13},{"not_picked":["Koishi:YoukaiPolygraph","Koishi:Possession"],"picked":"Koishi:TremblingHands","floor":14},{"not_picked":["Koishi:ImGoingToCallYouNow","Koishi:GrowingPain"],"picked":"Koishi:MindStellarRelief","floor":16},{"not_picked":["Koishi:PhantomBarrier+1","Koishi:HeartfeltFancy"],"picked":"Koishi:UnconsciousUrges+1","floor":18},{"not_picked":["Koishi:SubterraneanRose","Koishi:ReflexRadar"],"picked":"Koishi:StingingMind","floor":22},{"not_picked":["Koishi:DreadfulBlow","Koishi:FleetingPhantom"],"picked":"Koishi:SubterraneanRose+1","floor":24},{"not_picked":["Koishi:HeartAttack","Koishi:BloodcurdlingScream","Koishi:SubconsciousSweep"],"picked":"Singing Bowl","floor":25},{"not_picked":["Koishi:RorschachInDanmaku","Koishi:SubconsciousSweep"],"picked":"Koishi:RuptureMind","floor":27},{"not_picked":["Koishi:SubconsciousSweep","Koishi:DNAsFlaw","Koishi:Possession+1"],"picked":"Singing Bowl","floor":29},{"not_picked":["Koishi:DreadfulBlow","Koishi:RacingHeart"],"picked":"Koishi:JumpScare","floor":31}],"player_experience":248369,"relics_obtained":[{"floor":7,"key":"Anchor"},{"floor":9,"key":"Toy Ornithopter"},{"floor":15,"key":"Vajra"},{"floor":24,"key":"Singing Bowl"},{"floor":26,"key":"Tiny Chest"},{"floor":30,"key":"Pet Ghost"}],"event_choices":[{"cards_removed":["Koishi:Provoke"],"damage_healed":0,"gold_gain":0,"player_choice":"Offered Basic","damage_taken":0,"max_hp_gain":0,"max_hp_loss":0,"event_name":"Bonfire Elementals","floor":4,"gold_loss":0},{"damage_healed":0,"gold_gain":0,"player_choice":"Ignored","damage_taken":0,"max_hp_gain":0,"max_hp_loss":0,"event_name":"Beggar","floor":20,"gold_loss":0},{"damage_healed":0,"gold_gain":0,"player_choice":"Forge","damage_taken":0,"max_hp_gain":0,"max_hp_loss":0,"event_name":"Accursed Blacksmith","floor":28,"gold_loss":0,"cards_upgraded":["Koishi:RuptureMind"]}],"is_beta":false,"boss_relics":[{"not_picked":["Replay:Wanted Poster","Sozu"],"picked":"infinitespire:Cupcake"}],"items_purged_floors":[],"is_endless":false,"potions_floor_spawned":[1,5,8,11,14,18,25,27],"killed_by":"Automaton","ascension_level":0}}