{"host":"p0hktren06injwdf","time":1612724537,"event":{"mods":["AchievementEnabler","BaseMod","Colored Map","DeckTracker","Minty Spire (QoL Compilation)","Permanent Neow","StSLib","SuperFastMode"],"gold_per_floor":[112,124,124,137,137,167,167,180,204,232,246,38,38,38,38,115,115,131,131,145,45,56,56,72,72,72,91,91,91],"floor_reached":28,"language":"KOR","playtime":496,"items_purged":["Defend_B","Strike_B"],"score":460,"play_id":"d7d6c0a9-2a1a-494a-8c87-775d80cbf2e2","local_time":"20210208040217","is_ascension_mode":true,"campfire_choices":[{"data":"Zap","floor":7.0,"key":"SMITH"},{"floor":13,"key":"REST"},{"data":"Beam Cell","floor":15,"key":"SMITH"},{"data":"Go for the Eyes","floor":23,"key":"SMITH"},{"data":"Auto Shields","floor":25,"key":"SMITH"}],"circlet_count":0,"master_deck":["AscendersBane","Strike_B","Strike_B","Defend_B","Defend_B","Defend_B","Zap+1","Dualcast","Gash","Rebound","Beam Cell+1","Sweeping Beam","White Noise","Gash","Leap","Reinforced Body","Go for the Eyes+1","All For One","Conserve Battery","Self Repair","Gash","Auto Shields+1"],"relics":["Cracked Core","FossilizedHelix","MealTicket","Bag of Marbles","Juzu Bracelet","Molten Egg 2"],"acts_visited":["Exordium","TheCity"],"potions_floor_usage":[16,20],"damage_taken":[{"damage":0.0,"enemies":"Jaw Worm","floor":1.0,"turns":2.0},{"damage":0.0,"enemies":"2 Louse","floor":2.0,"turns":3.0},{"damage":0.0,"enemies":"Cultist","floor":4.0,"turns":3.0},{"damage":28.0,"enemies":"Gremlin Nob","floor":6.0,"turns":4.0},{"damage":6.0,"enemies":"Exordium Thugs","floor":8.0,"turns":3.0},{"damage":10,"enemies":"Lagavulin","floor":10,"turns":5},{"damage":15,"enemies":"3 Louse","floor":11,"turns":3},{"damage":22,"enemies":"Hexaghost","floor":16,"turns":8},{"damage":0,"enemies":"Spheric Guardian","floor":18,"turns":3},{"damage":19,"enemies":"Chosen","floor":20,"turns":7},{"damage":20,"enemies":"3 Cultists","floor":22,"turns":5},{"damage":20,"enemies":"Shelled Parasite and Fungi","floor":24,"turns":6},{"damage":6,"enemies":"Centurion and Healer","floor":27,"turns":6},{"damage":30,"enemies":"Slavers","floor":28,"turns":3}],"seed_played":"859628090522920719","potions_obtained":[{"floor":2.0,"key":"CultistPotion"},{"floor":4.0,"key":"SpeedPotion"},{"floor":16,"key":"SkillPotion"}],"is_trial":false,"path_per_floor":["M","M","?","M","?","E","R","M","T","E","M","$","R","$","R","B",null,"M","?","M","$","M","R","M","R","T","M","E"],"character_chosen":"DEFECT","items_purchased":["Reinforced Body","Go for the Eyes"],"campfire_rested":1,"item_purchase_floors":[12,12],"current_hp_per_floor":[64,64,64,64,64,36,36,30,30,20,5,20,39,54,54,32,56,56,56,44,59,46,46,33,33,33,34,4,4],"gold":91,"neow_bonus":"ONE_RARE_RELIC","is_daily":false,"chose_seed":false,"campfire_upgraded":4,"win_rate":0.0,"timestamp":1612724537,"path_taken":["M","M","?","M","?","E","R","?","T","E","M","$","R","?","R","BOSS","M","?","M","$","M","R","M","R","T","M","E"],"items_purchased_type":["Card","Card"],"build_version":"2020-12-22","purchased_purges":2,"victory":false,"max_hp_per_floor":[64,64,64,64,64,64,64,64,64,64,64,64,64,64,64,64,64,64,64,64,64,64,64,64,64,64,64,64,64],"card_choices":[{"not_picked":["Barrage","Compile Driver"],"picked":"Gash","floor":1.0},{"not_picked":["Steam","Undo"],"picked":"Rebound","floor":2.0},{"not_picked":["Redo","Static Discharge"],"picked":"Beam Cell","floor":4.0},{"not_picked":["Redo","Machine Learning"],"picked":"White Noise","floor":6.0},{"not_picked":["Go for the Eyes","Beam Cell"],"picked":"Gash","floor":8.0},{"not_picked":["Blizzard","Melter","Barrage"],"picked":"SKIP","floor":10},{"not_picked":["Leap","Darkness","Machine Learning"],"picked":"SKIP","floor":11},{"not_picked":["Darkness","Machine Learning"],"picked":"Leap","floor":11},{"not_picked":["Meteor Strike","Thunder Strike"],"picked":"All For One","floor":16},{"not_picked":["Consume","Glacier+1"],"picked":"Conserve Battery","floor":18},{"not_picked":["Conserve Battery","Stack+1"],"picked":"Gash","floor":20},{"not_picked":["Genetic Algorithm","Force Field","Tempest"],"picked":"SKIP","floor":22},{"not_picked":["Darkness+1","Sunder"],"picked":"Auto Shields","floor":24},{"not_picked":["Redo","Coolheaded","Leap"],"picked":"SKIP","floor":27}],"player_experience":1030855,"relics_obtained":[{"floor":6.0,"key":"MealTicket"},{"floor":9.0,"key":"Bag of Marbles"},{"floor":10,"key":"Juzu Bracelet"},{"floor":26,"key":"Molten Egg 2"}],"event_choices":[{"damage_healed":0.0,"max_hp_gain":0.0,"max_hp_loss":0.0,"gold_gain":0.0,"event_name":"Shining Light","player_choice":"Ignored","floor":3.0,"gold_loss":0.0,"damage_taken":0.0},{"damage_healed":0.0,"max_hp_gain":0.0,"max_hp_loss":0.0,"gold_gain":0.0,"cards_transformed":["Strike_B"],"event_name":"Transmorgrifier","player_choice":"Transformed","floor":5.0,"gold_loss":0.0,"damage_taken":0.0,"cards_obtained":["Sweeping Beam"]},{"damage_healed":0,"gold_gain":0,"player_choice":"Read","damage_taken":0,"max_hp_gain":0,"max_hp_loss":0,"event_name":"The Library","floor":19,"gold_loss":0,"cards_obtained":["Self Repair"]}],"is_beta":false,"boss_relics":[{"not_picked":["Snecko Eye","Ectoplasm","Velvet Choker"]}],"items_purged_floors":[12,21],"is_endless":false,"potions_floor_spawned":[2,4,6,16,18],"killed_by":"Slavers","ascension_level":20}}