{"host":"xw7092rw7wabncmm","time":1612729555,"event":{"mods":["AchievementEnabler","BaseMod","Bestiary","Block Reminder","Minty Spire (QoL Compilation)","Quick Restart","Relic Stats","Slay-I","Weighted Paths"],"gold_per_floor":[318,468,483,483,499,499,499,499],"floor_reached":7,"language":"ENG","playtime":273,"items_purged":[],"score":82,"play_id":"55bf421e-d1f1-41fc-bd75-06dfe6c6eb49","local_time":"20210207152555","is_ascension_mode":true,"campfire_choices":[{"data":"Armaments","floor":6,"key":"SMITH"}],"circlet_count":0,"master_deck":["AscendersBane","Strike_R","Strike_R","Strike_R","Strike_R","Strike_R","Defend_R","Defend_R","Defend_R","Defend_R","Bash","Spot Weakness","Doubt","Cleave","Armaments+1"],"relics":["Burning Blood","Old Coin","Smiling Mask"],"acts_visited":["Exordium"],"potions_floor_usage":[5],"damage_taken":[{"damage":16,"enemies":"Jaw Worm","floor":1,"turns":5},{"damage":9,"enemies":"2 Louse","floor":3,"turns":4},{"damage":12,"enemies":"Small Slimes","floor":5,"turns":3},{"damage":32,"enemies":"3 Sentries","floor":7,"turns":6}],"seed_played":"-2956189231162602687","potions_obtained":[{"floor":1,"key":"SpeedPotion"}],"is_trial":false,"path_per_floor":["M","?","M","?","M","R","E"],"character_chosen":"IRONCLAD","items_purchased":[],"campfire_rested":0,"item_purchase_floors":[],"current_hp_per_floor":[58,58,55,37,31,31,0,0],"gold":499,"neow_bonus":"ONE_RARE_RELIC","is_daily":false,"chose_seed":false,"campfire_upgraded":1,"win_rate":0.0,"timestamp":1612729555,"path_taken":["M","?","M","?","M","R","E"],"items_purchased_type":[],"build_version":"2020-12-22","purchased_purges":0,"victory":false,"max_hp_per_floor":[75,75,75,75,75,75,75,75],"relic_stats":{"counters":[4,18],"Smiling Mask":0,"obtain_stats":[{"Smiling Mask":4,"Burning Blood":0,"Old Coin":0},{"Smiling Mask":2,"Burning Blood":0,"Old Coin":0},{"Smiling Mask":9,"Burning Blood":0,"Old Coin":0}],"Burning Blood":18},"card_choices":[{"not_picked":["Rampage","Anger"],"picked":"Spot Weakness","floor":1},{"not_picked":["Clothesline","Havoc"],"picked":"Cleave","floor":3},{"not_picked":["Rampage","Thunderclap"],"picked":"Armaments","floor":5}],"player_experience":1604163,"relics_obtained":[],"event_choices":[{"damage_healed":0,"gold_gain":150,"player_choice":"AGREE","damage_taken":0,"max_hp_gain":0,"max_hp_loss":0,"event_name":"Liars Game","floor":2,"gold_loss":0,"cards_obtained":["Doubt"]},{"damage_healed":0,"gold_gain":0,"player_choice":"Success","damage_taken":18,"relics_obtained":["Smiling Mask"],"max_hp_gain":0,"max_hp_loss":0,"event_name":"Scrap Ooze","floor":4,"gold_loss":0}],"is_beta":false,"boss_relics":[],"items_purged_floors":[],"is_endless":false,"potions_floor_spawned":[1],"killed_by":"3 Sentries","ascension_level":20}}