{"host":"bx8ylsmj2ob6hd5u","time":1612715378,"event":{"mods":["AchievementEnabler","Act Like it!","Aspiration","BaseMod","Colored Map","Downfall","Duelist Mod","Friendly Minions","Gensokyo","GifTheSpireLib","Hallownest","Hermit","HololiveMod","Hubris","Infinite Spire","Jorbs\u0027s Wanderer Trilogy","KinomotoSakuraMod(????)","Kiyohime????","Koishi","KomeijiMod","Lobotomy","LobotomyExtend","Marisa????????","Minty Spire (QoL Compilation)","Prisma Mod","Rare Cards Sparkle","Reimu??????","Remilia??????","Replay The Spire","StSLib","Td1madao Mod","The Administrix","The Animator","The Bug Knight","The Construct","The Cursed","The Disciple","The Hierophant","The Necromancer","The Poker Player","The Runesmith","The Senshi","The Servant 0.9.4","WarShipGirlsR/????R mod"],"gold_per_floor":[116,116,130,130,147,147,164,164,188,198,216,71,71,86,86,185,185,201,201,201,221,137,137,169,169,248,248,265,283,303,338,338,439,439,551,568,578,578,595,595,608,608,608,10,24,39,15,15,15,15],"floor_reached":51,"language":"ENG","playtime":3655,"items_purged":[],"score":640,"play_id":"a77e6eea-e070-4255-a323-f8430558b919","local_time":"20210207182938","is_ascension_mode":false,"campfire_choices":[{"data":"rmod:basicallowance","floor":6.0,"key":"SMITH"},{"data":"rmod:maintain","floor":8.0,"key":"SMITH"},{"data":"rmod:fuelsupply","floor":15.0,"key":"SMITH"},{"data":"Bandage Up","floor":23.0,"key":"SMITH"},{"floor":25.0,"key":"REST"},{"data":"rmod:secretscript","floor":27.0,"key":"SMITH"},{"data":"rmod:robin","floor":32.0,"key":"SMITH"},{"data":"rmod:ridicule","floor":40.0,"key":"SMITH"},{"floor":42.0,"key":"REST"},{"floor":49,"key":"REST"}],"circlet_count":0,"master_deck":["ReplayTheSpireMod:Book of Names+1","rmod:strick","rmod:strick","rmod:strick","rmod:strick","rmod:defend","rmod:defend","rmod:defend","rmod:defend","rmod:basicallowance+1","rmod:maingunfire","rmod:fuelsupply+1","rmod:ring+1","rmod:aviationdawn","rmod:aggressivemary","rmod:unsinkable","rmod:maintain+1","rmod:fletcher+1","rmod:advancebysurprise+1","rmod:firesupport","rmod:secretscript+1","AbeCurse","rmod:supportescort","RitualDagger","rmod:victimresponsibility+1","Bandage Up+1","rmod:ridicule+1","rmod:robin+1","rmod:firesupport","rmod:heivgo+1","rmod:sl+1","rmod:windflower","rmod:lonelyqueen+1","rmod:luckystar+1","rmod:firesupport+1","rmod:overbreakdown+1","rmod:intelligenceanalysis","Gensokyo:MissMary","Gensokyo:BlemishedSteel","Gensokyo:LockedMedkit","Gensokyo:MysteriousEgg","Gensokyo:ReactiveArmor","rmod:wolves+1","rmod:ridicule","rmod:fletcherpendant+1","rmod:fletcherpendant","rmod:diaomin+1"],"relics":["rmod:firstchargereward","NeowsBlessing","LetterFromLob","Simple Rune","Guide Book","Abe\u0027s Treasure","hubris:Icosahedron","infinitespire:Beetle Shell","Replay:Bottled Snecko","Red Mask","rmod:monthlycard","Lantern"],"acts_visited":["Exordium","TheCity","TheCity"],"potions_floor_usage":[47,50,50],"damage_taken":[{"damage":0.0,"enemies":"Small Slimes","floor":1.0,"turns":1.0},{"damage":0.0,"enemies":"infinitespire:Voidling","floor":3.0,"turns":1.0},{"damage":0.0,"enemies":"2 Louse","floor":5.0,"turns":1.0},{"damage":5.0,"enemies":"Blue Slaver","floor":7.0,"turns":4.0},{"damage":0.0,"enemies":"Large Slime","floor":10.0,"turns":5.0},{"damage":5.0,"enemies":"Exordium Wildlife","floor":11.0,"turns":4.0},{"damage":0.0,"enemies":"2 Fungi Beasts","floor":14.0,"turns":4.0},{"damage":10.0,"enemies":"The Guardian","floor":16.0,"turns":8.0},{"damage":24.0,"enemies":"Shell Parasite","floor":18.0,"turns":6.0},{"damage":0.0,"enemies":"2 Thieves","floor":21.0,"turns":4.0},{"damage":10.0,"enemies":"HollowMod:Nosk","floor":24.0,"turns":5.0},{"damage":0.0,"enemies":"Snecko","floor":28.0,"turns":4.0},{"damage":0.0,"enemies":"3 Cultists","floor":29.0,"turns":5.0},{"damage":6.0,"enemies":"Cultist and Chosen","floor":30.0,"turns":6.0},{"damage":1.0,"enemies":"Masked Bandits","floor":31.0,"turns":3.0},{"damage":53.0,"enemies":"hubris:MusketHawk","floor":33.0,"turns":8.0},{"damage":9.0,"enemies":"Gensokyo:3_Bats","floor":35.0,"turns":5.0},{"damage":35.0,"enemies":"Gensokyo:3_Boulders","floor":36.0,"turns":6.0},{"damage":0.0,"enemies":"Gensokyo:SeedOfUnknown","floor":37.0,"turns":4.0},{"damage":12.0,"enemies":"Gensokyo:Sharpion","floor":39.0,"turns":6.0},{"damage":24.0,"enemies":"Gensokyo:Rafflesia","floor":41.0,"turns":8.0},{"damage":0.0,"enemies":"Gensokyo:SeedOfUnknown","floor":45.0,"turns":5.0},{"damage":33.0,"enemies":"Gensokyo:3_Boulders","floor":46.0,"turns":7.0},{"damage":37,"enemies":"Gensokyo:AtlasGolem","floor":47,"turns":4},{"damage":11,"enemies":"Gensokyo:Yuyuko","floor":50,"turns":9}],"seed_played":"-4248465309806895641","potions_obtained":[{"floor":1.0,"key":"sneckomod:MuddlingPotion"},{"floor":3.0,"key":"Dexterity Potion"},{"floor":7.0,"key":"Dexterity Potion"},{"floor":10.0,"key":"Adrenaline Potion"},{"floor":18.0,"key":"Block Potion"},{"floor":28.0,"key":"Block Potion"},{"floor":29.0,"key":"Weak Potion"},{"floor":30.0,"key":"Slimebound:ThreeZeroPotion"},{"floor":33.0,"key":"Venom Potion"},{"floor":35.0,"key":"Regen Potion"},{"floor":39.0,"key":"Venom Potion"},{"floor":46.0,"key":"SteroidPotion"}],"is_trial":false,"path_per_floor":["M","?","M","?","M","R","M","R","T","M","M","$","?","M","R","B",null,"M","?","?","M","$","R","E","R","T","R","M","M","M","?","R","B",null,"M","M","M","?","M","R","M","R","T","COS","M","M","M","$","R","B",null],"character_chosen":"PRAEFECT","items_purchased":["Guide Book","Bandage Up"],"campfire_rested":3,"item_purchase_floors":[12,22],"current_hp_per_floor":[75,75,75,75,75,75,70,70,70,70,65,65,73,73,73,63,75,51,51,45,45,45,45,41,63,63,63,69,75,69,74,74,27,75,72,49,55,55,49,49,31,53,53,53,59,32,1,1,23,23],"gold":15,"neow_bonus":"THREE_ENEMY_KILL","is_daily":false,"chose_seed":false,"campfire_upgraded":7,"win_rate":0.0,"timestamp":1612715378,"path_taken":["M","?","M","?","?","R","M","R","T","M","M","$","?","M","R","BOSS","M","?","?","M","?","R","E","R","T","R","M","M","M","?","R","BOSS","M","M","M","?","M","R","M","R","T","COS","M","M","M","?","R","BOSS"],"items_purchased_type":["Relic","Card"],"build_version":"2020-12-22","purchased_purges":0,"victory":true,"max_hp_per_floor":[75,75,75,75,75,75,75,75,75,75,75,75,75,75,75,75,75,75,75,75,75,75,75,75,75,75,75,75,75,75,75,75,75,75,75,75,75,75,75,75,75,75,75,75,75,75,75,75,75,75],"card_choices":[{"not_picked":["rmod:tearstotiara","rmod:steelsupply"],"picked":"rmod:fuelsupply","floor":1.0},{"not_picked":["rmod:intelligenceanalysis","rmod:tearstotiara"],"picked":"rmod:ring","floor":3.0},{"not_picked":["rmod:rockthrower","rmod:aviationdawn"],"picked":"rmod:unsinkable","floor":5.0},{"not_picked":["rmod:sl","rmod:steelsupply"],"picked":"rmod:maintain","floor":7.0},{"not_picked":["rmod:rockthrower","rmod:aviationdawn"],"picked":"rmod:fletcher","floor":10.0},{"not_picked":["rmod:intelligenceanalysis","rmod:tearstotiara"],"picked":"rmod:advancebysurprise","floor":11.0},{"not_picked":["rmod:bulid","rmod:ammunitionsupply"],"picked":"rmod:firesupport","floor":14.0},{"not_picked":["rmod:stealaluminum","rmod:fletcher"],"picked":"rmod:secretscript","floor":16.0},{"not_picked":["rmod:fuelsupply","rmod:rockthrower"],"picked":"rmod:supportescort","floor":18.0},{"not_picked":["rmod:aggressivemary","rmod:circuitoustactics"],"picked":"rmod:victimresponsibility+1","floor":21.0},{"not_picked":["rmod:aggressivemary","rmod:aluminumsupply"],"picked":"rmod:ridicule","floor":24.0},{"not_picked":["rmod:intelligenceanalysis","rmod:spoils"],"picked":"rmod:robin","floor":28.0},{"not_picked":["rmod:overbreakdown+1","rmod:intelligenceanalysis"],"picked":"rmod:firesupport","floor":29.0},{"not_picked":["rmod:circuitoustactics","rmod:openingtorpedo"],"picked":"rmod:heivgo+1","floor":30.0},{"not_picked":["rmod:intelligenceanalysis","rmod:shuttlebombing"],"picked":"rmod:sl+1","floor":31.0},{"not_picked":["rmod:abidefaith","rmod:expeditionaryescort"],"picked":"rmod:windflower","floor":33.0},{"not_picked":["rmod:openingtorpedo+1","rmod:supportescort"],"picked":"rmod:lonelyqueen+1","floor":35.0},{"not_picked":["rmod:firesupport+1","rmod:aluminumsupply+1"],"picked":"rmod:luckystar+1","floor":36.0},{"not_picked":["rmod:aviationdawn","rmod:ammunitionsupply+1"],"picked":"rmod:firesupport+1","floor":37.0},{"not_picked":["rmod:guardianhero","rmod:unsinkable"],"picked":"rmod:overbreakdown+1","floor":39.0},{"not_picked":["rmod:supportescort","rmod:firesupport+1"],"picked":"rmod:intelligenceanalysis","floor":41.0},{"not_picked":["rmod:aluminumsupply","rmod:tearstotiara"],"picked":"rmod:wolves+1","floor":45.0},{"not_picked":["rmod:auspiciousomen","rmod:secretscript"],"picked":"rmod:ridicule","floor":46.0},{"not_picked":["rmod:capitalist+1","rmod:intelligenceanalysis+1"],"picked":"rmod:fletcherpendant+1","floor":46.0},{"not_picked":["rmod:selfconfidence+1","rmod:supriseattacks"],"picked":"rmod:fletcherpendant","floor":46.0},{"not_picked":["rmod:aluminumsupply+1","rmod:tearstotiara"],"picked":"rmod:diaomin+1","floor":47}],"player_experience":1556928,"relics_obtained":[{"floor":1.0,"key":"LetterFromLob"},{"floor":9.0,"key":"Simple Rune"},{"floor":24.0,"key":"infinitespire:Beetle Shell"},{"floor":26.0,"key":"Replay:Bottled Snecko"},{"floor":31.0,"key":"Red Mask"},{"floor":43.0,"key":"Lantern"}],"event_choices":[{"damage_healed":0.0,"max_hp_gain":0.0,"max_hp_loss":0.0,"gold_gain":0.0,"event_name":"Match and Keep!","player_choice":"2 cards matched","floor":4.0,"gold_loss":0.0,"damage_taken":0.0,"cards_obtained":["rmod:aviationdawn","rmod:aggressivemary"]},{"damage_healed":0.0,"max_hp_gain":0.0,"max_hp_loss":0.0,"gold_gain":0.0,"event_name":"Nest","player_choice":"Joined the Cult","floor":20.0,"gold_loss":0.0,"damage_taken":6.0,"cards_obtained":["RitualDagger"]},{"damage_healed":0.0,"max_hp_gain":0.0,"max_hp_loss":0.0,"gold_gain":0.0,"event_name":"Masked Bandits","player_choice":"Fought Bandits","floor":31.0,"gold_loss":0.0,"damage_taken":0.0}],"is_beta":false,"boss_relics":[{"not_picked":["construct:ClawGrip","Ectoplasm"],"picked":"Abe\u0027s Treasure"},{"not_picked":["Black Star","hubris:Backtick"],"picked":"rmod:monthlycard"}],"items_purged_floors":[],"is_endless":false,"potions_floor_spawned":[1,3,7,10,18,28,29,30,33,35,39,46],"ascension_level":0}}