{"host":"3qkmyeoym75lj4wn","time":1612700922,"event":{"mods":["2.2 Compatiblity","BaseMod","Block Reminder","Colored Powertips","Highlight Path","Minty Spire (QoL Compilation)","Permanent Neow","Potion Indicator Mod","Rare Cards Sparkle","Relic Stats","StSLib","Unceasing Turn Reminder"],"gold_per_floor":[117,43,54,54,67,67,94,94,119,119,145,145,166,210,210,210,210],"floor_reached":16,"language":"ENG","playtime":537,"items_purged":[],"score":236,"play_id":"6f9ed622-beab-4c78-b34f-ba2da6459329","local_time":"20210207122842","is_ascension_mode":true,"campfire_choices":[{"data":"Carnage","floor":6.0,"key":"SMITH"},{"data":"Metallicize","floor":8.0,"key":"SMITH"},{"data":"Berserk","floor":10.0,"key":"SMITH"},{"floor":15.0,"key":"REST"}],"circlet_count":0,"master_deck":["AscendersBane","Strike_R","Strike_R","Strike_R","Strike_R","Defend_R","Defend_R","Defend_R","Defend_R","Bash","Carnage+1","Metallicize+1","Twin Strike","Berserk+1","Flame Barrier"],"relics":["Burning Blood","Omamori","PreservedInsect","Pen Nib","Orichalcum","Golden Idol","Regal Pillow"],"acts_visited":["Exordium"],"potions_floor_usage":[16],"damage_taken":[{"damage":8.0,"enemies":"Jaw Worm","floor":1.0,"turns":6.0},{"damage":0.0,"enemies":"Cultist","floor":3.0,"turns":3.0},{"damage":0.0,"enemies":"Small Slimes","floor":5.0,"turns":4.0},{"damage":24.0,"enemies":"3 Sentries","floor":7.0,"turns":9.0},{"damage":40.0,"enemies":"Lagavulin","floor":11.0,"turns":7.0},{"damage":0.0,"enemies":"Gremlin Gang","floor":13.0,"turns":4.0},{"damage":7.0,"enemies":"Gremlin Nob","floor":14.0,"turns":3.0},{"damage":68,"enemies":"Slime Boss","floor":16,"turns":9}],"seed_played":"8838579187080210465","potions_obtained":[{"floor":1.0,"key":"Block Potion"},{"floor":13.0,"key":"Swift Potion"}],"is_trial":false,"path_per_floor":["M","$","M","?","M","R","E","R","T","R","E","?","M","E","R","B"],"character_chosen":"IRONCLAD","items_purchased":["Metallicize"],"campfire_rested":1,"item_purchase_floors":[2],"current_hp_per_floor":[66,66,72,72,75,75,57,57,57,57,23,23,29,28,63,0,0],"gold":210,"neow_bonus":"RANDOM_COMMON_RELIC","is_daily":false,"chose_seed":false,"campfire_upgraded":3,"win_rate":0.0,"timestamp":1612700922,"path_taken":["M","$","M","?","?","R","E","R","T","R","E","?","M","E","R","BOSS"],"items_purchased_type":["Card"],"build_version":"2020-12-22","purchased_purges":0,"victory":false,"max_hp_per_floor":[75,75,75,75,75,75,75,75,75,75,75,68,68,68,68,68,68],"relic_stats":{"Regal Pillow":15,"counters":[8,45],"Golden Idol":13,"PreservedInsect":50,"Pen Nib":[3],"Orichalcum":[54],"obtain_stats":[{"Regal Pillow":14,"Golden Idol":12,"PreservedInsect":7,"Pen Nib":9,"Omamori":0,"Orichalcum":11,"Burning Blood":0},{"Regal Pillow":7,"Golden Idol":5,"PreservedInsect":4,"Pen Nib":4,"Omamori":0,"Orichalcum":5,"Burning Blood":0},{"Regal Pillow":36,"Golden Idol":29,"PreservedInsect":22,"Pen Nib":22,"Omamori":0,"Orichalcum":29,"Burning Blood":0}],"Burning Blood":39},"card_choices":[{"not_picked":["Spot Weakness","Disarm"],"picked":"Carnage","floor":1.0},{"not_picked":["Flex","Heavy Blade","Pommel Strike"],"picked":"SKIP","floor":3.0},{"not_picked":["Sword Boomerang","Flex"],"picked":"Twin Strike","floor":5.0},{"not_picked":["Rage","Warcry"],"picked":"Berserk","floor":7.0},{"not_picked":["Sever Soul","Second Wind","Bloodletting"],"picked":"SKIP","floor":11.0},{"not_picked":["Shockwave","Pommel Strike"],"picked":"Flame Barrier","floor":13.0},{"not_picked":["Warcry","Headbutt","Anger"],"picked":"SKIP","floor":14.0}],"player_experience":1734057,"relics_obtained":[{"floor":7.0,"key":"PreservedInsect"},{"floor":9.0,"key":"Pen Nib"},{"floor":11.0,"key":"Orichalcum"},{"floor":14.0,"key":"Regal Pillow"}],"event_choices":[{"cards_removed":["Strike_R"],"damage_healed":0.0,"max_hp_gain":0.0,"max_hp_loss":0.0,"gold_gain":0.0,"event_name":"Bonfire Elementals","player_choice":"Offered Basic","floor":4.0,"gold_loss":0.0,"damage_taken":0.0},{"damage_healed":0.0,"max_hp_gain":0.0,"max_hp_loss":7.0,"gold_gain":0.0,"event_name":"Golden Idol","player_choice":"Lose Max HP","floor":12.0,"gold_loss":0.0,"damage_taken":0.0,"relics_obtained":["Golden Idol"]}],"is_beta":false,"boss_relics":[],"items_purged_floors":[],"is_endless":false,"potions_floor_spawned":[1,13],"killed_by":"Slime Boss","ascension_level":20}}