{"host":"3po7ngt2j61s4rmj","time":1612724561,"event":{"mods":["Act Like it!","BaseMod","Elementarium","Minty Spire (QoL Compilation)","Relic Stats","Shade Mod","StSLib","The Cursed"],"gold_per_floor":[110,123,123,123,12,37,37,69,69,69,99,113,113,131,131,234,234,249,260,280,36,36,64,64,97,97,130,130,163,178,178,178,275,275,286,286,286,303,350,350,350,350,425,453,453,54,54,71,71,71,71,71,2,29,29],"floor_reached":56,"language":"ENG","playtime":6964,"items_purged":["TheCursedMod:Strike_TheCursed"],"score":1379,"play_id":"4ceae31b-82a7-4052-bebf-c9847e072d13","local_time":"20210207120241","is_ascension_mode":true,"campfire_choices":[{"data":"TheCursedMod:CircleOfCorruption","floor":7.0,"key":"SMITH"},{"data":"TheCursedMod:SoulReap","floor":10.0,"key":"SMITH"},{"data":"TheCursedMod:SpitefulPlan","floor":13.0,"key":"SMITH"},{"data":"TheCursedMod:HellfireBreathing","floor":15.0,"key":"SMITH"},{"data":"TheCursedMod:CursedSpellbook","floor":24.0,"key":"SMITH"},{"data":"TheCursedMod:Neurasthenia","floor":28.0,"key":"SMITH"},{"floor":32.0,"key":"RECALL"},{"data":"TheCursedMod:Stigma","floor":40,"key":"SMITH"},{"data":"TheCursedMod:CursedArmor","floor":42,"key":"SMITH"},{"data":"TheCursedMod:Defend_TheCursed","floor":45,"key":"SMITH"},{"data":"Secret Weapon","floor":49,"key":"SMITH"},{"data":"TheCursedMod:DemonSword","floor":52,"key":"SMITH"}],"circlet_count":0,"master_deck":["TheCursedMod:Strike_TheCursed","TheCursedMod:Strike_TheCursed","TheCursedMod:Defend_TheCursed+1","TheCursedMod:Defend_TheCursed","TheCursedMod:Defend_TheCursed+1","TheCursedMod:Defend_TheCursed+1","TheCursedMod:CleanUpWorkshop+1","TheCursedMod:Dregs","TheCursedMod:Stigma+1","TheCursedMod:CircleOfCorruption+1","TheCursedMod:SoulReap+1","TheCursedMod:CursedShiv","TheCursedMod:Stigma+1","TheCursedMod:SpitefulPlan+1","TheCursedMod:CursedSpellbook+1","TheCursedMod:HellfireBreathing+1","TheCursedMod:Neurasthenia+1","TheCursedMod:LuckyCharm+1","TheCursedMod:Wield+1","TheCursedMod:SpitefulPray+1","TheCursedMod:CircleOfWindfury+1","TheCursedMod:Stretching+1","TheCursedMod:CursedArmor+1","TheCursedMod:CursedBlade+1","TheCursedMod:DemonSword+1","TheCursedMod:FleshFromBone+1","TheCursedMod:Wield+1","Secret Weapon+1","TheCursedMod:SpitefulPlan","TheCursedMod:RapidMovement+1"],"relics":["TheCursedMod:BlackMagic101","Unceasing Top","Ancient Tea Set","Gremlin Horn","Anchor","Sozu","Eternal Feather","Torii","Mercury Hourglass","InkBottle","Whetstone","Mummified Hand","Elementarium:FlickeringLantern","Elementarium:ElementariumTrophy","Coffee Dripper","Calipers","Blue Candle","Sundial","Kunai","ClockworkSouvenir","Bronze Scales"],"acts_visited":["Exordium","Exordium","TheBeyond","TheEnding"],"potions_floor_usage":[55],"damage_taken":[{"damage":0.0,"enemies":"Jaw Worm","floor":1.0,"turns":3.0},{"damage":4.0,"enemies":"2 Louse","floor":2.0,"turns":3.0},{"damage":16.0,"enemies":"Lagavulin","floor":6.0,"turns":9.0},{"damage":19.0,"enemies":"3 Sentries","floor":8.0,"turns":9.0},{"damage":1.0,"enemies":"Gremlin Nob","floor":11.0,"turns":3.0},{"damage":0.0,"enemies":"Cultist","floor":12.0,"turns":3.0},{"damage":0.0,"enemies":"3 Louse","floor":14.0,"turns":1.0},{"damage":24.0,"enemies":"Hexaghost","floor":16.0,"turns":7.0},{"damage":22.0,"enemies":"Elementarium:2_ELEMENTALS","floor":18.0,"turns":4.0},{"damage":5.0,"enemies":"Elementarium:VoidCorruption","floor":19.0,"turns":5.0},{"damage":0.0,"enemies":"Elementarium:3_ELEMENTALS","floor":20.0,"turns":3.0},{"damage":22.0,"enemies":"Elementarium:WarGolem","floor":23.0,"turns":3.0},{"damage":24.0,"enemies":"Elementarium:ElementalPortal","floor":25.0,"turns":8.0},{"damage":20.0,"enemies":"Elementarium:WarGolem","floor":27.0,"turns":4.0},{"damage":7.0,"enemies":"Elementarium:FIRE_NOBILITY","floor":29.0,"turns":5.0},{"damage":0.0,"enemies":"Elementarium:VOID_CORRUPTION_AND_ORB_OF_FIRE","floor":30.0,"turns":4.0},{"damage":20.0,"enemies":"Elementarium:PHOENIXES","floor":33.0,"turns":8.0},{"damage":0,"enemies":"3 Darklings","floor":35,"turns":3},{"damage":0,"enemies":"3 Shapes","floor":38,"turns":2},{"damage":8,"enemies":"2 Orb Walkers","floor":39,"turns":4},{"damage":0,"enemies":"Reptomancer","floor":44,"turns":3},{"damage":0,"enemies":"Maw","floor":48,"turns":5},{"damage":20,"enemies":"Awakened One","floor":50,"turns":9},{"damage":40,"enemies":"Shield and Spear","floor":54,"turns":6},{"damage":19,"enemies":"The Heart","floor":55,"turns":8}],"seed_played":"4329130077569021475","potions_obtained":[{"floor":1.0,"key":"Regen Potion"},{"floor":6.0,"key":"Swift Potion"},{"floor":8.0,"key":"SpeedPotion"}],"is_trial":false,"path_per_floor":["M","M","?","?","$","E","R","E","T","R","E","M","R","M","R","B",null,"M","M","M","$","?","E","R","E","T","E","R","E","M","?","R","B",null,"M","?","?","M","?","R","?","R","T","E","R","$","?","M","R","B",null,"R","$","E","B",null],"character_chosen":"THE_CURSED","items_purchased":["TheCursedMod:SoulReap","Eternal Feather","Kunai","ClockworkSouvenir","TheCursedMod:SpitefulPlan"],"campfire_rested":0,"item_purchase_floors":[5,21,46,46,53],"current_hp_per_floor":[75,71,56,56,56,59,59,45,45,45,51,58,58,65,65,48,75,57,59,66,66,66,51,63,43,43,30,42,42,49,49,64,49,75,75,75,75,75,75,75,75,75,75,75,75,75,75,75,75,63,75,75,75,44,36],"gold":29,"neow_bonus":"UPGRADE_CARD","is_daily":false,"chose_seed":false,"campfire_upgraded":11,"win_rate":0.0,"timestamp":1612724561,"path_taken":["M","M","?","?","$","E","R","E","T","R","E","M","R","M","R","BOSS","M","M","M","$","?","E","R","E","T","E","R","E","?","?","R","BOSS","M","?","?","?","?","R","?","R","T","E","R","$","?","M","R","BOSS","R","$","E","BOSS"],"items_purchased_type":["Card","Relic","Relic","Relic","Card"],"build_version":"2020-12-22","purchased_purges":1,"victory":true,"max_hp_per_floor":[75,75,75,75,75,75,75,75,75,75,75,75,75,75,75,75,75,75,75,75,75,75,75,75,75,75,75,75,75,75,75,75,75,75,75,75,75,75,75,75,75,75,75,75,75,75,75,75,75,75,75,75,75,75,75],"relic_stats":{"Gremlin Horn":[28,27],"Torii":26,"counters":[25,121],"Blue Candle":[1],"Eternal Feather":39,"Whetstone":["TheCursedMod:Stigma","TheCursedMod:Wield"],"Mercury Hourglass":[295],"Sozu":6,"Mummified Hand":[30],"Sundial":[12],"Bronze Scales":[83],"Kunai":[24],"obtain_stats":[{"TheCursedMod:BlackMagic101":0,"Calipers":39,"Gremlin Horn":9,"Torii":22,"Blue Candle":43,"Eternal Feather":21,"Whetstone":27,"Ancient Tea Set":8,"Mercury Hourglass":23,"ClockworkSouvenir":46,"Sozu":17,"Anchor":11,"Elementarium:ElementariumTrophy":33,"Mummified Hand":29,"Sundial":44,"Bronze Scales":54,"Coffee Dripper":34,"Kunai":46,"Unceasing Top":6,"InkBottle":25,"Elementarium:FlickeringLantern":31},{"TheCursedMod:BlackMagic101":0,"Calipers":20,"Gremlin Horn":4,"Torii":11,"Blue Candle":20,"Eternal Feather":11,"Whetstone":14,"Ancient Tea Set":4,"Mercury Hourglass":12,"ClockworkSouvenir":21,"Sozu":8,"Anchor":5,"Elementarium:ElementariumTrophy":17,"Mummified Hand":15,"Sundial":21,"Bronze Scales":24,"Coffee Dripper":17,"Kunai":21,"Unceasing Top":3,"InkBottle":13,"Elementarium:FlickeringLantern":16},{"TheCursedMod:BlackMagic101":0,"Calipers":90,"Gremlin Horn":24,"Torii":50,"Blue Candle":90,"Eternal Feather":50,"Whetstone":64,"Ancient Tea Set":24,"Mercury Hourglass":53,"ClockworkSouvenir":93,"Sozu":38,"Anchor":27,"Elementarium:ElementariumTrophy":81,"Mummified Hand":69,"Sundial":93,"Bronze Scales":113,"Coffee Dripper":81,"Kunai":93,"Unceasing Top":15,"InkBottle":60,"Elementarium:FlickeringLantern":73}],"Unceasing Top":[17],"InkBottle":[49]},"card_choices":[{"not_picked":["TheCursedMod:RavingStaff","TheCursedMod:SoulCrush"],"picked":"TheCursedMod:Stigma","floor":1.0},{"not_picked":["TheCursedMod:DoubleShield","TheCursedMod:Stretching"],"picked":"TheCursedMod:CircleOfCorruption","floor":2.0},{"not_picked":["TheCursedMod:CursedAmulet","TheCursedMod:FleshFromBone"],"picked":"TheCursedMod:CursedShiv","floor":6.0},{"not_picked":["TheCursedMod:CircleOfBlood","TheCursedMod:RapidMovement"],"picked":"TheCursedMod:Stigma","floor":8.0},{"not_picked":["TheCursedMod:SurpriseAttack","TheCursedMod:CircleOfCorruption"],"picked":"TheCursedMod:SpitefulPlan","floor":11.0},{"not_picked":["TheCursedMod:SmokeScreen","TheCursedMod:Hemoplague"],"picked":"TheCursedMod:CursedSpellbook","floor":12.0},{"not_picked":["TheCursedMod:Obscuration","TheCursedMod:CursedShiv"],"picked":"TheCursedMod:HellfireBreathing","floor":14.0},{"not_picked":["TheCursedMod:CircleOfAbyss","TheCursedMod:ShockAndAwe"],"picked":"TheCursedMod:Neurasthenia","floor":16.0},{"not_picked":["TheCursedMod:CircleOfWindfury+1","TheCursedMod:RavingStaff+1"],"picked":"TheCursedMod:LuckyCharm+1","floor":18.0},{"not_picked":["TheCursedMod:CursedArmor","TheCursedMod:Stigma"],"picked":"TheCursedMod:Wield","floor":19.0},{"not_picked":["TheCursedMod:EmpowerCircles","TheCursedMod:AshesToAshes","TheCursedMod:Wield"],"picked":"SKIP","floor":20.0},{"not_picked":["TheCursedMod:CircleOfBlood","TheCursedMod:ReleasedStrength"],"picked":"TheCursedMod:SpitefulPray+1","floor":23.0},{"not_picked":["TheCursedMod:SmokeScreen","TheCursedMod:CursedMace"],"picked":"TheCursedMod:CircleOfWindfury+1","floor":25.0},{"not_picked":["TheCursedMod:CircleOfFlame","TheCursedMod:SurpriseAttack"],"picked":"TheCursedMod:Stretching+1","floor":27.0},{"not_picked":["TheCursedMod:Evocation","TheCursedMod:SoulReap"],"picked":"TheCursedMod:CursedArmor","floor":29.0},{"not_picked":["TheCursedMod:Wield","TheCursedMod:CursedMace"],"picked":"TheCursedMod:CursedBlade+1","floor":30.0},{"not_picked":["TheCursedMod:UltimatePain","TheCursedMod:ForbiddenAlchemy"],"picked":"TheCursedMod:DemonSword","floor":33.0},{"not_picked":["TheCursedMod:CursedShiv","TheCursedMod:AbyssShockwave","TheCursedMod:HellsGateOpen+1"],"picked":"SKIP","floor":35},{"not_picked":["TheCursedMod:CursedShiv","TheCursedMod:SpitefulStrike+1"],"picked":"TheCursedMod:FleshFromBone+1","floor":38},{"not_picked":["TheCursedMod:CircleOfBlood","TheCursedMod:AbyssShockwave+1"],"picked":"TheCursedMod:Wield+1","floor":39},{"not_picked":["TheCursedMod:SpitefulStrike+1","TheCursedMod:DemonicPact","TheCursedMod:SurpriseAttack+1"],"picked":"SKIP","floor":44},{"not_picked":["HandOfGreed","Enlightenment"],"picked":"Secret Weapon","floor":47},{"not_picked":["TheCursedMod:Stretching","TheCursedMod:CursedShiv","TheCursedMod:CursedBlade+1"],"picked":"SKIP","floor":48},{"not_picked":["TheCursedMod:SpitefulStrike","TheCursedMod:Stigma+1"],"picked":"TheCursedMod:RapidMovement+1","floor":54}],"player_experience":1059510,"relics_obtained":[{"floor":6.0,"key":"Unceasing Top"},{"floor":8.0,"key":"Ancient Tea Set"},{"floor":9.0,"key":"Gremlin Horn"},{"floor":11.0,"key":"Anchor"},{"floor":23.0,"key":"Mercury Hourglass"},{"floor":25.0,"key":"InkBottle"},{"floor":27.0,"key":"Whetstone"},{"floor":29.0,"key":"Mummified Hand"},{"floor":39,"key":"Calipers"},{"floor":43,"key":"Blue Candle"},{"floor":44,"key":"Sundial"},{"floor":54,"key":"Bronze Scales"}],"event_choices":[{"damage_healed":0.0,"max_hp_gain":0.0,"max_hp_loss":0.0,"gold_gain":0.0,"event_name":"Shining Light","player_choice":"Entered Light","floor":3.0,"gold_loss":0.0,"damage_taken":15.0,"cards_upgraded":["TheCursedMod:Defend_TheCursed","TheCursedMod:Defend_TheCursed"]},{"damage_healed":0.0,"max_hp_gain":0.0,"max_hp_loss":0.0,"gold_gain":0.0,"event_name":"Living Wall","player_choice":"Grow","floor":4.0,"gold_loss":0.0,"damage_taken":0.0,"cards_upgraded":["TheCursedMod:CleanUpWorkshop"]},{"damage_healed":0.0,"max_hp_gain":0.0,"max_hp_loss":0.0,"gold_gain":0.0,"event_name":"Elementarium:TarCoveredCasket","player_choice":"Open","floor":22.0,"gold_loss":0.0,"damage_taken":0.0,"relics_obtained":["Torii"],"cards_obtained":["Elementarium:StickyTar"]},{"damage_healed":0.0,"max_hp_gain":0.0,"max_hp_loss":0.0,"gold_gain":0.0,"event_name":"Elementarium:HeartOfTheVoid","player_choice":"Take","floor":31.0,"gold_loss":0.0,"damage_taken":0.0,"relics_obtained":["Elementarium:FlickeringLantern"]},{"cards_removed":["TheCursedMod:CursedWand"],"damage_healed":0,"gold_gain":0,"player_choice":"Removed Attack","damage_taken":0,"max_hp_gain":0,"max_hp_loss":0,"event_name":"Falling","floor":36,"gold_loss":0},{"cards_removed":["TheCursedMod:Strike_TheCursed"],"damage_healed":0,"gold_gain":0,"player_choice":"Purged","damage_taken":0,"max_hp_gain":0,"max_hp_loss":0,"event_name":"Purifier","floor":37,"gold_loss":0},{"damage_healed":0,"gold_gain":0,"player_choice":"Fight","damage_taken":0,"max_hp_gain":0,"max_hp_loss":0,"event_name":"Mysterious Sphere","floor":39,"gold_loss":0},{"damage_healed":0,"gold_gain":0,"player_choice":"Ignored","damage_taken":0,"max_hp_gain":0,"max_hp_loss":0,"event_name":"Elementarium:ChestOfTheGoldenMirage","floor":41,"gold_loss":0},{"damage_healed":0,"gold_gain":0,"player_choice":"Memory 1","damage_taken":0,"max_hp_gain":0,"max_hp_loss":0,"event_name":"SensoryStone","floor":47,"gold_loss":0}],"is_beta":false,"boss_relics":[{"not_picked":["Pandora\u0027s Box","Snecko Eye"],"picked":"Sozu"},{"not_picked":["TheCursedMod:BlackMagicAdvanced","Empty Cage"],"picked":"Coffee Dripper"}],"items_purged_floors":[5],"is_endless":false,"potions_floor_spawned":[1,6,8,19,23,27,30,39,44],"ascension_level":3}}