{"host":"dm3der2z84gf27js","time":1612687081,"event":{"mods":["AchievementEnabler","BaseMod","Bestiary","Better Note","Better Third Choice","Colored Map","Colored Powertips","Marisa????????","Minty Spire (QoL Compilation)","Onozuka Komachi Mod","StSLib","The Marked","The Servant 0.9.4"],"gold_per_floor":[114,114,124,136,148,148,175,175,175,203,263,274,344,354,354,453,453,466,479,479,479,170,170,16,46,46,65,110,127,158,158,158,254,254,269,279,293,293,293],"floor_reached":38,"language":"ENG","playtime":2584,"items_purged":[],"score":520,"play_id":"ca6c33f5-7d5c-4b99-bc95-c478446f1bc1","local_time":"20210207033801","is_ascension_mode":true,"campfire_choices":[{"floor":6,"key":"RECALL"},{"floor":8,"key":"REST"},{"data":"PowerUp","floor":15,"key":"SMITH"},{"data":"EscapeVelocity","floor":23,"key":"SMITH"},{"floor":32,"key":"REST"}],"circlet_count":0,"master_deck":["Strike_MRS","Strike_MRS","Strike_MRS","Strike_MRS","Defend_MRS","Defend_MRS","Defend_MRS","MasterSpark","UpSweep","MysteriousBeam","GalacticHalo","PowerUp+1","WitchLeyline","MilkyWay","MysteriousBeam","SporeBomb","WitchLeyline","IllusionStar","EscapeVelocity+1","MilkyWay","WitchOfGreed","PowerUp","ShootingEcho","EnergyFlow","PropBag+1","DragonMeteor+1","ShootingEcho+1","AsteroidBelt","BinaryStars","ManaRampage","UnstableBomb+1","WitchLeyline+1","OortCloud+1"],"relics":["BewitchedHakkero","Orichalcum","Lantern","Thread and Needle","Potion Belt","RampagingMagicTools","Sling","Pen Nib","Pear","Bottled Lightning","Toy Ornithopter","Omamori","WarpedTongs","Meat on the Bone"],"acts_visited":["Exordium","TheCity","TheBeyond"],"potions_floor_usage":[16,25,25,27,27,28,29,30,38],"damage_taken":[{"damage":4,"enemies":"2 Louse","floor":1,"turns":2},{"damage":0,"enemies":"Cultist","floor":3,"turns":2},{"damage":1,"enemies":"Jaw Worm","floor":4,"turns":3},{"damage":0,"enemies":"Blue Slaver","floor":5,"turns":1},{"damage":13,"enemies":"Lagavulin","floor":7,"turns":4},{"damage":12,"enemies":"3 Sentries","floor":10,"turns":7},{"damage":2,"enemies":"3 Sentries","floor":11,"turns":5},{"damage":0,"enemies":"Exordium Wildlife","floor":12,"turns":2},{"damage":0,"enemies":"Lots of Slimes","floor":14,"turns":2},{"damage":31,"enemies":"The Guardian","floor":16,"turns":5},{"damage":0,"enemies":"Chosen","floor":18,"turns":4},{"damage":0,"enemies":"3 Byrds","floor":19,"turns":3},{"damage":13,"enemies":"Slavers","floor":25,"turns":4},{"damage":20,"enemies":"Snake Plant","floor":27,"turns":3},{"damage":21,"enemies":"Book of Stabbing","floor":28,"turns":4},{"damage":3,"enemies":"Snecko","floor":29,"turns":2},{"damage":30,"enemies":"Slavers","floor":30,"turns":4},{"damage":37,"enemies":"Collector","floor":33,"turns":8},{"damage":9,"enemies":"3 Darklings","floor":35,"turns":2},{"damage":12,"enemies":"Orb Walker","floor":36,"turns":3},{"damage":46,"enemies":"Jaw Worm Horde","floor":37,"turns":3},{"damage":20,"enemies":"Sphere and 2 Shapes","floor":38,"turns":3}],"seed_played":"8427900265490185637","potions_obtained":[{"floor":5,"key":"Fruit Juice"},{"floor":11,"key":"Weak Potion"},{"floor":12,"key":"Block Potion"},{"floor":14,"key":"Swift Potion"},{"floor":19,"key":"BottledSpark"},{"floor":25,"key":"PowerPotion"},{"floor":27,"key":"CultistPotion"},{"floor":28,"key":"Swift Potion"},{"floor":37,"key":"Energy Potion"}],"is_trial":false,"path_per_floor":["M","?","M","M","M","R","E","R","T","E","?","M","?","M","R","B",null,"M","M","?","?","$","R","$","E","T","M","E","M","E","?","R","B",null,"M","M","M","M"],"character_chosen":"MARISA","items_purchased":["PowerUp","Sling","ShootingEcho","EnergyFlow","Pen Nib"],"campfire_rested":2,"item_purchase_floors":[22,22,22,22,24],"current_hp_per_floor":[71,71,71,70,70,70,57,75,75,63,61,61,61,61,61,30,75,75,75,75,75,75,75,75,72,72,52,31,38,13,13,40,3,90,81,69,23,8,8],"gold":293,"neow_bonus":"RANDOM_COMMON_RELIC","is_daily":false,"chose_seed":false,"campfire_upgraded":2,"win_rate":0.0,"timestamp":1612687081,"path_taken":["M","?","?","M","M","R","E","R","T","E","?","M","?","M","R","BOSS","M","M","?","?","$","R","$","E","T","M","E","M","E","?","R","BOSS","M","?","?","M"],"items_purchased_type":["Card","Relic","Card","Card","Relic"],"build_version":"2020-12-22","purchased_purges":0,"victory":false,"max_hp_per_floor":[75,75,75,75,75,75,75,75,75,75,75,75,75,75,75,75,75,75,75,75,75,75,75,75,85,85,85,85,90,90,90,90,90,90,90,90,90,90,90],"card_choices":[{"not_picked":["DoubleSpark","Acceleration"],"picked":"MysteriousBeam","floor":1},{"not_picked":["OneTimeOff","Acceleration"],"picked":"GalacticHalo","floor":3},{"not_picked":["BlazeAway","FairyDestructionRay"],"picked":"PowerUp","floor":4},{"not_picked":["GalacticHalo","RefractionSpark"],"picked":"WitchLeyline","floor":5},{"not_picked":["NonDirectionalLaser","StarDustReverie"],"picked":"MilkyWay","floor":7},{"not_picked":["Occultation","Acceleration"],"picked":"MysteriousBeam","floor":10},{"not_picked":["GalacticHalo","UnstableBomb"],"picked":"SporeBomb","floor":11},{"not_picked":["GravityBeat","NonDirectionalLaser"],"picked":"WitchLeyline","floor":12},{"not_picked":["UnstableBomb","AsteroidBelt"],"picked":"IllusionStar","floor":14},{"not_picked":["MillisecondPulsars","BigCrunch"],"picked":"EscapeVelocity","floor":16},{"not_picked":["SporeBomb","DC+1"],"picked":"MilkyWay","floor":18},{"not_picked":["MysteriousBeam","SporeBomb"],"picked":"WitchOfGreed","floor":19},{"not_picked":["UnstableBomb+1","PowerUp"],"picked":"PropBag+1","floor":25},{"not_picked":["Orbital","6A"],"picked":"DragonMeteor+1","floor":27},{"not_picked":["FinalSpark","MagicAbsorber"],"picked":"ShootingEcho+1","floor":28},{"not_picked":["PropBag+1","LuminesStrike"],"picked":"AsteroidBelt","floor":29},{"not_picked":["6A+1","GasGiant+1"],"picked":"BinaryStars","floor":30},{"not_picked":["FinalSpark","MaximisePower"],"picked":"ManaRampage","floor":33},{"not_picked":["MysteriousBeam","ShootTheMoon"],"picked":"UnstableBomb+1","floor":35},{"not_picked":["PropBag+1","WitchOfGreed+1"],"picked":"WitchLeyline+1","floor":36},{"not_picked":["6A","Acceleration+1"],"picked":"OortCloud+1","floor":37}],"player_experience":195571,"relics_obtained":[{"floor":7,"key":"Lantern"},{"floor":10,"key":"Thread and Needle"},{"floor":11,"key":"Potion Belt"},{"floor":25,"key":"Pear"},{"floor":26,"key":"Bottled Lightning"},{"floor":28,"key":"Toy Ornithopter"},{"floor":30,"key":"Omamori"}],"event_choices":[{"cards_removed":["Defend_MRS"],"damage_healed":0,"gold_gain":0,"player_choice":"Purged","damage_taken":0,"max_hp_gain":0,"max_hp_loss":0,"event_name":"Purifier","floor":2,"gold_loss":0},{"damage_healed":0,"gold_gain":30,"player_choice":"Searched \u00272\u0027 times","damage_taken":0,"max_hp_gain":0,"max_hp_loss":0,"event_name":"Dead Adventurer","floor":11,"gold_loss":0},{"damage_healed":0,"gold_gain":70,"player_choice":"Gained Gold","damage_taken":0,"max_hp_gain":0,"max_hp_loss":0,"event_name":"Golden Wing","floor":13,"gold_loss":0},{"cards_removed":["Strike_MRS"],"damage_healed":0,"gold_gain":0,"player_choice":"Give","damage_taken":0,"max_hp_gain":0,"max_hp_loss":0,"event_name":"betterNote:BetterNote","floor":20,"gold_loss":0,"cards_obtained":["Defend_MRS"]},{"damage_healed":0,"gold_gain":0,"player_choice":"Ignored","damage_taken":0,"max_hp_gain":0,"max_hp_loss":0,"event_name":"Vampires","floor":21,"gold_loss":0},{"damage_healed":0,"gold_gain":0,"player_choice":"Rummage","damage_taken":0,"relics_obtained":["WarpedTongs"],"max_hp_gain":0,"max_hp_loss":0,"event_name":"Accursed Blacksmith","floor":31,"gold_loss":0,"cards_obtained":["Pain"]}],"is_beta":false,"boss_relics":[{"not_picked":["Ectoplasm","Tiny House"],"picked":"RampagingMagicTools"},{"not_picked":["SacredBark","Coffee Dripper"],"picked":"BewitchedHakkero"}],"items_purged_floors":[],"is_endless":false,"potions_floor_spawned":[5,11,12,14,19,25,27,37],"killed_by":"Sphere and 2 Shapes","ascension_level":1}}