{"host":"jwbw4f4imxd0v0b0","time":1612670526,"event":{"mods":["BaseMod","Colored Map","Highlight Path","Minty Spire (QoL Compilation)","Relic Stats","StSLib"],"gold_per_floor":[114,114,133,152,38,38,57,95,170,170,208,208,227,246,246,371,371,390,409,109,109,128,166,185,185,185,185,204,242,261,299,299,424,424,443,462,481,122,141,141,179,179,179,179,179,15,34,53,53,53],"floor_reached":51,"language":"ENG","playtime":2388,"items_purged":["Strike_G"],"score":901,"play_id":"1855df9f-5bf1-450e-b954-837fc19d86ea","local_time":"20210206220206","daily_mods":["Heirloom","ControlledChaos","Lethality"],"is_ascension_mode":false,"campfire_choices":[{"data":"Eviscerate","floor":6,"key":"SMITH"},{"data":"Deflect","floor":10,"key":"SMITH"},{"data":"Accuracy","floor":15,"key":"SMITH"},{"data":"Wraith Form v2","floor":25,"key":"SMITH"},{"data":"A Thousand Cuts","floor":27,"key":"SMITH"},{"data":"Riddle With Holes","floor":32,"key":"SMITH"},{"data":"Backstab","floor":40,"key":"SMITH"},{"data":"Acrobatics","floor":42,"key":"SMITH"},{"data":"PiercingWail","floor":44,"key":"SMITH"},{"data":"Accuracy","floor":49,"key":"SMITH"}],"circlet_count":0,"master_deck":["Defend_G","Defend_G","Defend_G","Defend_G","Defend_G","Survivor","Neutralize","Deflect+1","Eviscerate+1","PiercingWail+1","Accuracy+1","Acrobatics+1","A Thousand Cuts+1","Backstab+1","Wraith Form v2+1","Cloak And Dagger+1","PiercingWail+1","Cloak And Dagger+1","Riddle With Holes+1","Accuracy+1","Blade Dance+1","PiercingWail+1","Adrenaline+1","All Out Attack+1","Adrenaline+1","Noxious Fumes+1","PiercingWail+1","Riddle With Holes+1","Blade Dance+1","Blade Dance+1","Venomology+1","Good Instincts+1","Prepared+1","Accuracy+1","Expertise+1","Prepared+1","After Image"],"relics":["Ring of the Snake","Frozen Eye","Thread and Needle","Golden Idol","Bird Faced Urn","Matryoshka","Boot","Philosopher\u0027s Stone","Potion Belt","Orichalcum","Vajra","Toxic Egg 2","InkBottle","Dream Catcher","Nunchaku","The Courier","Astrolabe","Happy Flower","Akabeko","Lizard Tail"],"acts_visited":["Exordium","TheCity","TheBeyond"],"potions_floor_usage":[11,13,23,24,33,39,50,50,50,50,50,50,50,50,50],"damage_taken":[{"damage":0,"enemies":"2 Louse","floor":1,"turns":2},{"damage":0,"enemies":"Jaw Worm","floor":3,"turns":3},{"damage":0,"enemies":"Cultist","floor":4,"turns":2},{"damage":0,"enemies":"Looter","floor":7,"turns":2},{"damage":12,"enemies":"Lagavulin","floor":8,"turns":5},{"damage":0,"enemies":"Gremlin Nob","floor":11,"turns":2},{"damage":3,"enemies":"Gremlin Gang","floor":13,"turns":2},{"damage":0,"enemies":"Red Slaver","floor":14,"turns":2},{"damage":28,"enemies":"The Guardian","floor":16,"turns":7},{"damage":0,"enemies":"Spheric Guardian","floor":18,"turns":3},{"damage":4,"enemies":"Chosen","floor":19,"turns":5},{"damage":9,"enemies":"Snake Plant","floor":22,"turns":5},{"damage":11,"enemies":"Book of Stabbing","floor":23,"turns":3},{"damage":1,"enemies":"Cultist and Chosen","floor":24,"turns":5},{"damage":0,"enemies":"Snecko","floor":28,"turns":3},{"damage":0,"enemies":"Gremlin Leader","floor":29,"turns":6},{"damage":0,"enemies":"Sentry and Sphere","floor":30,"turns":3},{"damage":0,"enemies":"Book of Stabbing","floor":31,"turns":6},{"damage":37,"enemies":"Champ","floor":33,"turns":8},{"damage":0,"enemies":"Orb Walker","floor":35,"turns":2},{"damage":0,"enemies":"3 Darklings","floor":36,"turns":3},{"damage":0,"enemies":"Sphere and 2 Shapes","floor":37,"turns":1},{"damage":0,"enemies":"Jaw Worm Horde","floor":39,"turns":3},{"damage":0,"enemies":"Giant Head","floor":41,"turns":4},{"damage":0,"enemies":"3 Darklings","floor":47,"turns":1},{"damage":0,"enemies":"Sphere and 2 Shapes","floor":48,"turns":1},{"damage":34,"enemies":"Time Eater","floor":50,"turns":5}],"seed_played":"8884597751285247366","potions_obtained":[{"floor":3,"key":"SneckoOil"},{"floor":7,"key":"DuplicationPotion"},{"floor":14,"key":"CultistPotion"},{"floor":16,"key":"SpeedPotion"},{"floor":23,"key":"Fire Potion"},{"floor":24,"key":"PowerPotion"},{"floor":29,"key":"Energy Potion"},{"floor":31,"key":"PowerPotion"},{"floor":39,"key":"SteroidPotion"},{"floor":48,"key":"Strength Potion"}],"is_trial":false,"path_per_floor":["M","?","M","M","$","R","M","E","T","R","E","?","M","M","R","B",null,"M","M","$","?","M","E","M","R","T","R","M","E","M","E","R","B",null,"M","M","M","$","M","R","E","R","T","R","?","$","M","M","R","B",null],"character_chosen":"THE_SILENT","items_purchased":["Accuracy","CunningPotion","Potion Belt","Orichalcum","Blade Dance+1","Venomology+1","EntropicBrew","Good Instincts+1","Accuracy","Expertise+1","Prepared+1"],"campfire_rested":0,"item_purchase_floors":[5,5,20,20,38,38,38,38,46,46,46],"current_hp_per_floor":[70,65,65,65,65,65,65,53,53,53,53,53,54,54,54,38,65,65,65,65,65,58,51,56,56,56,56,58,64,65,65,65,42,65,65,65,65,65,65,65,65,65,65,65,65,65,65,65,65,36],"gold":53,"neow_bonus":"","is_daily":true,"chose_seed":false,"campfire_upgraded":10,"win_rate":0.0,"timestamp":1612670526,"path_taken":["M","?","M","M","$","R","M","E","T","R","E","?","M","?","R","BOSS","M","M","$","?","M","E","M","R","T","R","M","E","M","E","R","BOSS","M","M","M","$","M","R","E","R","T","R","?","$","M","?","R","BOSS"],"items_purchased_type":["Card","Potion","Relic","Relic","Card","Card","Potion","Card","Card","Card","Card"],"build_version":"2020-12-22","purchased_purges":1,"victory":true,"max_hp_per_floor":[70,65,65,65,65,65,65,65,65,65,65,65,65,65,65,65,65,65,65,65,65,65,65,65,65,65,65,65,65,65,65,65,65,65,65,65,65,65,65,65,65,65,65,65,65,65,65,65,65,65],"relic_stats":{"Happy Flower":[2],"counters":[27,94],"Golden Idol":191,"Astrolabe":["All Out Attack","Adrenaline","Noxious Fumes"],"Orichalcum":[96],"Boot":[22],"Dream Catcher":0,"Nunchaku":[12],"Lizard Tail":0,"Bird Faced Urn":[60],"obtain_stats":[{"Potion Belt":20,"Happy Flower":41,"Golden Idol":2,"Astrolabe":34,"Vajra":21,"Thread and Needle":0,"The Courier":31,"Orichalcum":20,"Boot":11,"Akabeko":43,"Frozen Eye":0,"Dream Catcher":26,"Nunchaku":29,"Lizard Tail":43,"Matryoshka":9,"Bird Faced Urn":8,"Philosopher\u0027s Stone":17,"Toxic Egg 2":23,"InkBottle":26,"Ring of the Snake":0},{"Potion Belt":11,"Happy Flower":24,"Golden Idol":1,"Astrolabe":19,"Vajra":11,"Thread and Needle":0,"The Courier":18,"Orichalcum":11,"Boot":6,"Akabeko":24,"Frozen Eye":0,"Dream Catcher":14,"Nunchaku":16,"Lizard Tail":24,"Matryoshka":5,"Bird Faced Urn":5,"Philosopher\u0027s Stone":9,"Toxic Egg 2":13,"InkBottle":14,"Ring of the Snake":0},{"Potion Belt":35,"Happy Flower":87,"Golden Idol":2,"Astrolabe":74,"Vajra":35,"Thread and Needle":0,"The Courier":66,"Orichalcum":35,"Boot":16,"Akabeko":87,"Frozen Eye":0,"Dream Catcher":48,"Nunchaku":57,"Lizard Tail":87,"Matryoshka":14,"Bird Faced Urn":14,"Philosopher\u0027s Stone":27,"Toxic Egg 2":43,"InkBottle":48,"Ring of the Snake":0}],"InkBottle":[26],"Ring of the Snake":[54]},"card_choices":[{"not_picked":["Prepared","Dodge and Roll"],"picked":"Deflect","floor":1},{"not_picked":["Prepared","Deflect"],"picked":"Eviscerate","floor":3},{"not_picked":["Dodge and Roll","Outmaneuver"],"picked":"PiercingWail","floor":4},{"not_picked":["Dagger Throw","Sucker Punch"],"picked":"Acrobatics","floor":7},{"not_picked":["Flying Knee","Deflect","Quick Slash"],"picked":"SKIP","floor":8},{"not_picked":["Reflex","Underhanded Strike"],"picked":"A Thousand Cuts","floor":11},{"not_picked":["Choke","Flying Knee"],"picked":"Backstab","floor":13},{"not_picked":["Flying Knee","Acrobatics","Quick Slash"],"picked":"SKIP","floor":14},{"not_picked":["Corpse Explosion","Die Die Die"],"picked":"Wraith Form v2","floor":16},{"not_picked":["All Out Attack","Outmaneuver","Backflip"],"picked":"SKIP","floor":18},{"not_picked":["PiercingWail","Acrobatics"],"picked":"Cloak And Dagger+1","floor":19},{"not_picked":["Heel Hook","PiercingWail","Noxious Fumes"],"picked":"SKIP","floor":22},{"not_picked":["Expertise+1","Acrobatics+1"],"picked":"PiercingWail+1","floor":23},{"not_picked":["Outmaneuver+1","Quick Slash+1"],"picked":"Cloak And Dagger+1","floor":24},{"not_picked":["Dagger Spray","Prepared+1"],"picked":"Riddle With Holes","floor":28},{"not_picked":["Underhanded Strike","Die Die Die"],"picked":"Accuracy+1","floor":29},{"not_picked":["Cloak And Dagger+1","Heel Hook+1"],"picked":"Blade Dance+1","floor":30},{"not_picked":["Blur+1","Noxious Fumes"],"picked":"PiercingWail+1","floor":31},{"not_picked":["Storm of Steel+1","A Thousand Cuts"],"picked":"Adrenaline+1","floor":33},{"not_picked":["Quick Slash","Flying Knee"],"picked":"PiercingWail+1","floor":35},{"not_picked":["Expertise+1","Heel Hook"],"picked":"Riddle With Holes+1","floor":36},{"not_picked":["Bane+1","Leg Sweep+1"],"picked":"Blade Dance+1","floor":37},{"not_picked":["Terror+1","Flying Knee"],"picked":"Prepared+1","floor":39},{"not_picked":["Choke","Envenom","Sucker Punch+1"],"picked":"SKIP","floor":41},{"not_picked":["Poisoned Stab+1","Dagger Spray+1","Backflip+1"],"picked":"SKIP","floor":47},{"not_picked":["Outmaneuver+1","Noxious Fumes+1"],"picked":"After Image","floor":48}],"player_experience":1236803,"relics_obtained":[{"floor":8,"key":"Bird Faced Urn"},{"floor":9,"key":"Matryoshka"},{"floor":11,"key":"Boot"},{"floor":23,"key":"Toxic Egg 2"},{"floor":26,"key":"InkBottle"},{"floor":26,"key":"Dream Catcher"},{"floor":29,"key":"Nunchaku"},{"floor":31,"key":"The Courier"},{"floor":41,"key":"Happy Flower"},{"floor":43,"key":"Akabeko"},{"floor":43,"key":"Lizard Tail"}],"event_choices":[{"damage_healed":0,"gold_gain":0,"player_choice":"Lose Max HP","damage_taken":0,"relics_obtained":["Golden Idol"],"max_hp_gain":0,"max_hp_loss":5,"event_name":"Golden Idol","floor":2,"gold_loss":0},{"damage_healed":0,"gold_gain":0,"player_choice":"Ignored","damage_taken":0,"max_hp_gain":0,"max_hp_loss":0,"event_name":"Liars Game","floor":12,"gold_loss":0},{"damage_healed":0,"gold_gain":0,"player_choice":"Opened","damage_taken":0,"relics_obtained":["Vajra"],"max_hp_gain":0,"max_hp_loss":0,"event_name":"The Mausoleum","floor":21,"gold_loss":0},{"cards_removed":["Strike_G"],"damage_healed":0,"gold_gain":0,"player_choice":"Purged","damage_taken":0,"max_hp_gain":0,"max_hp_loss":0,"event_name":"Purifier","floor":45,"gold_loss":0}],"is_beta":false,"boss_relics":[{"not_picked":["Ring of the Serpent","Black Star"],"picked":"Philosopher\u0027s Stone"},{"not_picked":["Calling Bell","Busted Crown"],"picked":"Astrolabe"}],"items_purged_floors":[38],"is_endless":false,"potions_floor_spawned":[3,7,14,16,23,24,29,31,39,41,47,48],"ascension_level":0}}