{"host":"avjwtc49fhlk6kym","time":1612729165,"event":{"mods":["AchievementEnabler","BaseMod","Better Match","Better Note","Better Third Choice","Colored Map","Colored Powertips","Displayed Cursed Tome","Highlight Path","Minty Spire (QoL Compilation)","Permanent Neow","Quick Restart","StSLib"],"gold_per_floor":[111,75,75,95,114,149,168,168,217,217,232,244,282,310,310,310,310],"floor_reached":16,"language":"ENG","playtime":680,"items_purged":[],"score":114,"play_id":"b01e6d04-d0bd-4edf-a015-7f1f519ebf2b","local_time":"20210207151925","is_ascension_mode":false,"campfire_choices":[{"floor":8,"key":"REST"},{"floor":15,"key":"REST"}],"circlet_count":0,"master_deck":["Strike_P","Strike_P","Strike_P","Strike_P","Defend_P","Defend_P","Defend_P","Eruption","Vigilance","PathToVictory","WindmillStrike","WheelKick","Judgement","Protect+1","Consecrate","Choke+1","CutThroughFate","FlurryOfBlows","LessonLearned","WheelKick"],"relics":["PureWater","Blood Vial","Mummified Hand","Omamori","Centennial Puzzle","CeramicFish"],"acts_visited":["Exordium"],"potions_floor_usage":[6,11,13,13,16],"damage_taken":[{"damage":0,"enemies":"Jaw Worm","floor":1,"turns":5},{"damage":7,"enemies":"Cultist","floor":4,"turns":3},{"damage":6,"enemies":"2 Louse","floor":5,"turns":3},{"damage":28,"enemies":"Lagavulin","floor":6,"turns":6},{"damage":3,"enemies":"Lots of Slimes","floor":7,"turns":4},{"damage":0,"enemies":"2 Fungi Beasts","floor":11,"turns":1},{"damage":5,"enemies":"Looter","floor":12,"turns":2},{"damage":6,"enemies":"Gremlin Nob","floor":13,"turns":4},{"damage":6,"enemies":"Exordium Wildlife","floor":14,"turns":4},{"damage":53,"enemies":"The Guardian","floor":16,"turns":11}],"seed_played":"-3362389470178385836","potions_obtained":[{"floor":5,"key":"Weak Potion"},{"floor":7,"key":"SteroidPotion"},{"floor":11,"key":"Block Potion"},{"floor":12,"key":"SkillPotion"},{"floor":14,"key":"AttackPotion"}],"is_trial":false,"path_per_floor":["M","$","?","M","M","E","M","R","T","?","M","M","E","M","R","B"],"character_chosen":"WATCHER","items_purchased":["WindmillStrike"],"campfire_rested":2,"item_purchase_floors":[2],"current_hp_per_floor":[72,72,72,65,61,35,34,55,55,35,37,34,30,26,47,0,0],"gold":310,"neow_bonus":"RANDOM_COMMON_RELIC","is_daily":false,"chose_seed":false,"campfire_upgraded":0,"win_rate":0.0,"timestamp":1612729165,"path_taken":["M","$","?","M","?","E","M","R","T","?","M","M","E","M","R","BOSS"],"items_purchased_type":["Card"],"build_version":"2020-12-22","purchased_purges":0,"victory":false,"max_hp_per_floor":[72,72,72,72,72,72,72,72,72,72,72,72,72,72,72,72,72],"card_choices":[{"not_picked":["FlyingSleeves","Halt"],"picked":"PathToVictory","floor":1},{"not_picked":["ClearTheMind","ReachHeaven"],"picked":"WheelKick","floor":4},{"not_picked":["Crescendo","ThirdEye"],"picked":"Judgement","floor":5},{"not_picked":["Worship","FlurryOfBlows"],"picked":"Protect","floor":6},{"not_picked":["Halt","TalkToTheHand"],"picked":"Consecrate","floor":7},{"not_picked":["FollowUp","Prostrate"],"picked":"CutThroughFate","floor":11},{"not_picked":["Indignation","Meditate"],"picked":"FlurryOfBlows","floor":12},{"not_picked":["Nirvana","Protect"],"picked":"LessonLearned","floor":13},{"not_picked":["Halt","Vengeance"],"picked":"WheelKick","floor":14}],"player_experience":435546,"relics_obtained":[{"floor":6,"key":"Mummified Hand"},{"floor":9,"key":"Omamori"},{"floor":13,"key":"CeramicFish"}],"event_choices":[{"cards_removed":["Defend_P"],"damage_healed":0,"gold_gain":0,"player_choice":"Purged","damage_taken":0,"max_hp_gain":0,"max_hp_loss":0,"event_name":"Purifier","floor":3,"gold_loss":0},{"damage_healed":0,"gold_gain":1,"player_choice":"Relic Card ","damage_taken":20,"max_hp_gain":0,"max_hp_loss":0,"event_name":"betterThird:BetterScrap","floor":10,"gold_loss":0,"cards_obtained":["Choke","After Image"]}],"is_beta":false,"boss_relics":[],"items_purged_floors":[],"is_endless":false,"potions_floor_spawned":[5,7,11,12,14],"killed_by":"The Guardian","ascension_level":0}}