{"host":"0t49mrxx90xkfqmj","time":1612731870,"event":{"mods":["AchievementEnabler","BaseMod","Colored Map","Colored Powertips","Minty Spire (QoL Compilation)","Relic Stats","Synergy Search"],"gold_per_floor":[111,128,139,139,239,271,271,306,306,326,346,361,361,379,379,480,480,493,505,518,73,73,103,3,19,19,19,19],"floor_reached":27,"language":"ENG","playtime":2327,"items_purged":["Strike_G","Strike_G"],"score":272,"play_id":"d5442fdd-b399-4ce1-b2ed-09d4d0c8d291","local_time":"20210207230430","is_ascension_mode":true,"campfire_choices":[{"data":"Terror","floor":7,"key":"SMITH"},{"data":"Blade Dance","floor":13,"key":"SMITH"},{"floor":15,"key":"REST"}],"circlet_count":0,"master_deck":["Strike_G","Strike_G","Strike_G","Defend_G","Defend_G","Defend_G","Defend_G","Defend_G","Survivor","Neutralize","Terror+1","Poisoned Stab","Escape Plan","PiercingWail","Blade Dance+1","Caltrops","Noxious Fumes","Choke","A Thousand Cuts","Footwork+1"],"relics":["Ring of the Snake","Blue Candle","Bird Faced Urn","Fusion Hammer","Lizard Tail","Bottled Tornado","Ninja Scroll"],"acts_visited":["Exordium","TheCity"],"potions_floor_usage":[10,20,23,23],"damage_taken":[{"damage":0,"enemies":"2 Louse","floor":1,"turns":3},{"damage":0,"enemies":"Cultist","floor":2,"turns":5},{"damage":1,"enemies":"Jaw Worm","floor":3,"turns":4},{"damage":25,"enemies":"Gremlin Nob","floor":6,"turns":5},{"damage":22,"enemies":"Lagavulin","floor":8,"turns":8},{"damage":0,"enemies":"Large Slime","floor":10,"turns":8},{"damage":0,"enemies":"2 Fungi Beasts","floor":11,"turns":4},{"damage":8,"enemies":"3 Louse","floor":12,"turns":5},{"damage":0,"enemies":"Lots of Slimes","floor":14,"turns":5},{"damage":34,"enemies":"Hexaghost","floor":16,"turns":11},{"damage":0,"enemies":"3 Byrds","floor":18,"turns":6},{"damage":0,"enemies":"Chosen","floor":19,"turns":5},{"damage":31,"enemies":"Centurion and Healer","floor":20,"turns":16},{"damage":45,"enemies":"Gremlin Leader","floor":23,"turns":7},{"damage":16,"enemies":"Snake Plant","floor":25,"turns":4},{"damage":50,"enemies":"Slavers","floor":27,"turns":4}],"seed_played":"7167314527569166353","potions_obtained":[{"floor":1,"key":"Fire Potion"},{"floor":10,"key":"Block Potion"},{"floor":11,"key":"SteroidPotion"},{"floor":12,"key":"GamblersBrew"},{"floor":20,"key":"Fire Potion"}],"is_trial":false,"path_per_floor":["M","M","M","?","?","E","R","E","T","M","M","M","R","M","R","B",null,"M","M","M","$","?","E","$","M","T","E"],"character_chosen":"THE_SILENT","items_purchased":["Noxious Fumes","Lizard Tail"],"campfire_rested":1,"item_purchase_floors":[21,21],"current_hp_per_floor":[77,77,76,76,76,51,51,29,29,29,29,21,21,21,44,10,77,77,77,46,46,46,5,5,35,35,0,0],"gold":19,"neow_bonus":"TEN_PERCENT_HP_BONUS","is_daily":false,"chose_seed":false,"campfire_upgraded":2,"win_rate":0.0,"timestamp":1612731870,"path_taken":["M","M","M","?","?","E","R","E","T","M","M","M","R","M","R","BOSS","M","?","M","$","?","E","?","M","T","E"],"items_purchased_type":["Card","Relic"],"build_version":"2020-12-22","purchased_purges":2,"victory":false,"max_hp_per_floor":[77,77,77,77,77,77,77,77,77,77,77,77,77,77,77,77,77,77,77,77,77,77,77,77,77,77,77,77],"relic_stats":{"Lizard Tail":38,"counters":[16,100],"Blue Candle":[0],"Bird Faced Urn":[14],"obtain_stats":[{"Lizard Tail":21,"Ninja Scroll":26,"Blue Candle":6,"Bird Faced Urn":8,"Fusion Hammer":17,"Bottled Tornado":23,"Ring of the Snake":0},{"Lizard Tail":13,"Ninja Scroll":15,"Blue Candle":4,"Bird Faced Urn":5,"Fusion Hammer":10,"Bottled Tornado":14,"Ring of the Snake":0},{"Lizard Tail":85,"Ninja Scroll":96,"Blue Candle":17,"Bird Faced Urn":25,"Fusion Hammer":58,"Bottled Tornado":92,"Ring of the Snake":0}],"Ring of the Snake":[32]},"card_choices":[{"not_picked":["Prepared","Sucker Punch","Setup"],"picked":"SKIP","floor":1},{"not_picked":["Distraction","Quick Slash"],"picked":"Terror","floor":2},{"not_picked":["Dodge and Roll","Acrobatics"],"picked":"Poisoned Stab","floor":3},{"not_picked":["Tools of the Trade","Sucker Punch","Underhanded Strike"],"picked":"SKIP","floor":6},{"not_picked":["Heel Hook","Choke"],"picked":"Escape Plan","floor":8},{"not_picked":["Flying Knee","Sucker Punch"],"picked":"PiercingWail","floor":10},{"not_picked":["Sucker Punch","Cloak And Dagger","Acrobatics"],"picked":"SKIP","floor":11},{"not_picked":["Deadly Poison","Leg Sweep"],"picked":"Blade Dance","floor":12},{"not_picked":["Dodge and Roll","Poisoned Stab","Reflex"],"picked":"SKIP","floor":14},{"not_picked":["Cloak And Dagger","Riddle With Holes","Skewer"],"picked":"SKIP","floor":18},{"not_picked":["Deadly Poison","Outmaneuver","Dagger Throw+1"],"picked":"SKIP","floor":19},{"not_picked":["Deadly Poison","Deflect"],"picked":"Caltrops","floor":20},{"not_picked":["Prepared","Deadly Poison"],"picked":"A Thousand Cuts","floor":23},{"not_picked":["Skewer","Distraction"],"picked":"Footwork+1","floor":25}],"player_experience":217160,"relics_obtained":[{"floor":6,"key":"Blue Candle"},{"floor":8,"key":"Bird Faced Urn"},{"floor":23,"key":"Bottled Tornado"},{"floor":26,"key":"Ninja Scroll"}],"event_choices":[{"damage_healed":0,"gold_gain":0,"player_choice":"Ignored","damage_taken":0,"max_hp_gain":0,"max_hp_loss":0,"event_name":"Shining Light","floor":4,"gold_loss":0},{"damage_healed":0,"gold_gain":100,"player_choice":"Pray","damage_taken":0,"max_hp_gain":0,"max_hp_loss":0,"event_name":"Golden Shrine","floor":5,"gold_loss":0},{"damage_healed":0,"gold_gain":0,"player_choice":"Read","damage_taken":0,"max_hp_gain":0,"max_hp_loss":0,"event_name":"The Library","floor":22,"gold_loss":0,"cards_obtained":["Choke"]}],"is_beta":false,"boss_relics":[{"not_picked":["Velvet Choker","Busted Crown"],"picked":"Fusion Hammer"}],"items_purged_floors":[21,24],"is_endless":false,"potions_floor_spawned":[1,10,11,12,20],"killed_by":"Slavers","ascension_level":2}}