{"host":"szp1d6dso4pv7ddl","time":1612741925,"event":{"mods":["AchievementEnabler","Alarm Clock","BaseMod","Bestiary","Block Reminder","Colored Map","Colored Powertips","Curses Come First","Dark Map","Displayed Cursed Tome","Highlight Path","Minty Spire (QoL Compilation)","Permanent Neow","Quick Restart","Relic Sorter","Relic Stats","StSLib","Synergy Search"],"gold_per_floor":[119,136,136,136,153,183,197,197,197,217,230,230,230,257,257,335,335,346,346,8,22,22,22,34,34,34],"floor_reached":25,"language":"ENG","playtime":1935,"items_purged":["Pain"],"score":405,"play_id":"f644c333-d6af-461d-a27b-4caffc57c2b9","local_time":"20210207155205","is_ascension_mode":true,"campfire_choices":[{"data":"Bludgeon","floor":8,"key":"SMITH"},{"data":"Bash","floor":12,"key":"SMITH"},{"data":"True Grit","floor":15,"key":"SMITH"},{"floor":23,"key":"REST"}],"circlet_count":0,"master_deck":["AscendersBane","Strike_R","Strike_R","Strike_R","Strike_R","Defend_R","Defend_R","Defend_R","Defend_R","Bash+1","Parasite","Bludgeon+1","Metallicize","Flame Barrier","Armaments","Headbutt","Pommel Strike","Pommel Strike","True Grit+1","Demon Form","Ghostly Armor","Disarm","Perfected Strike+1","Cleave+1"],"relics":["Burning Blood","Bag of Marbles","Matryoshka","Smiling Mask","Blood Vial","Molten Egg 2","SacredBark","WarpedTongs","Meat on the Bone"],"acts_visited":["Exordium","TheCity"],"potions_floor_usage":[6,18,21],"damage_taken":[{"damage":6,"enemies":"2 Louse","floor":1,"turns":3},{"damage":7,"enemies":"Jaw Worm","floor":2,"turns":3},{"damage":0,"enemies":"Cultist","floor":5,"turns":3},{"damage":29,"enemies":"Lagavulin","floor":6,"turns":8},{"damage":6,"enemies":"Looter","floor":7,"turns":3},{"damage":9,"enemies":"2 Fungi Beasts","floor":10,"turns":4},{"damage":10,"enemies":"Gremlin Gang","floor":11,"turns":7},{"damage":4,"enemies":"Gremlin Nob","floor":14,"turns":3},{"damage":57,"enemies":"Hexaghost","floor":16,"turns":11},{"damage":34,"enemies":"Shell Parasite","floor":18,"turns":7},{"damage":20,"enemies":"3 Byrds","floor":21,"turns":3},{"damage":46,"enemies":"Sentry and Sphere","floor":24,"turns":12},{"damage":49,"enemies":"Slavers","floor":25,"turns":3}],"seed_played":"-4451182079891219757","potions_obtained":[{"floor":1,"key":"BlessingOfTheForge"},{"floor":5,"key":"ColorlessPotion"},{"floor":10,"key":"LiquidBronze"},{"floor":11,"key":"Fire Potion"},{"floor":21,"key":"SpeedPotion"},{"floor":24,"key":"BlessingOfTheForge"}],"is_trial":false,"path_per_floor":["M","M","?","?","M","E","M","R","T","M","M","R","?","E","R","B",null,"M","?","$","M","?","R","M","E"],"character_chosen":"IRONCLAD","items_purchased":["Meat on the Bone"],"campfire_rested":1,"item_purchase_floors":[20],"current_hp_per_floor":[68,67,72,72,78,55,55,55,55,54,52,52,52,56,56,7,62,36,36,36,36,36,60,34,0,0],"gold":34,"neow_bonus":"THREE_RARE_CARDS","is_daily":false,"chose_seed":false,"campfire_upgraded":3,"win_rate":0.0,"timestamp":1612741925,"path_taken":["M","M","?","?","M","E","M","R","T","M","?","R","?","E","R","BOSS","M","?","$","?","?","R","M","E"],"items_purchased_type":["Relic"],"build_version":"2020-12-22","purchased_purges":1,"victory":false,"max_hp_per_floor":[75,75,80,80,80,80,80,80,80,80,80,80,80,80,80,80,80,80,80,80,80,80,80,80,80,80],"relic_stats":{"Blood Vial":16,"counters":[13,70],"Smiling Mask":25,"obtain_stats":[{"Blood Vial":9,"Matryoshka":6,"SacredBark":17,"Molten Egg 2":14,"Bag of Marbles":4,"Smiling Mask":9,"Burning Blood":0,"WarpedTongs":19,"Meat on the Bone":20},{"Blood Vial":5,"Matryoshka":4,"SacredBark":9,"Molten Egg 2":8,"Bag of Marbles":2,"Smiling Mask":5,"Burning Blood":0,"WarpedTongs":10,"Meat on the Bone":10},{"Blood Vial":20,"Matryoshka":17,"SacredBark":45,"Molten Egg 2":34,"Bag of Marbles":6,"Smiling Mask":20,"Burning Blood":0,"WarpedTongs":52,"Meat on the Bone":52}],"Burning Blood":72,"WarpedTongs":[17],"Meat on the Bone":24},"card_choices":[{"not_picked":["Brutality","Exhume"],"picked":"Bludgeon","floor":0},{"not_picked":["Dark Embrace","Wild Strike"],"picked":"Metallicize","floor":1},{"not_picked":["Cleave","Armaments"],"picked":"Flame Barrier","floor":2},{"not_picked":["Thunderclap","Flex"],"picked":"Armaments","floor":5},{"not_picked":["Dropkick","Body Slam"],"picked":"Headbutt","floor":6},{"not_picked":["Clothesline","Hemokinesis","Body Slam"],"picked":"SKIP","floor":7},{"not_picked":["Perfected Strike","Brutality"],"picked":"Pommel Strike","floor":10},{"not_picked":["Sword Boomerang","Combust"],"picked":"Pommel Strike","floor":11},{"not_picked":["Flex","Perfected Strike+1"],"picked":"True Grit","floor":14},{"not_picked":["Reaper+1","Limit Break"],"picked":"Demon Form","floor":16},{"not_picked":["Cleave+1","Uppercut+1"],"picked":"Ghostly Armor","floor":18},{"not_picked":["Bloodletting","Feel No Pain"],"picked":"Disarm","floor":21},{"not_picked":["Combust","Uppercut+1"],"picked":"Cleave+1","floor":24}],"player_experience":1396171,"relics_obtained":[{"floor":6,"key":"Matryoshka"},{"floor":9,"key":"Smiling Mask"},{"floor":9,"key":"Blood Vial"},{"floor":14,"key":"Molten Egg 2"}],"event_choices":[{"damage_healed":0,"gold_gain":0,"player_choice":"Donut","damage_taken":0,"max_hp_gain":5,"max_hp_loss":0,"event_name":"Big Fish","floor":3,"gold_loss":0},{"damage_healed":0,"gold_gain":0,"player_choice":"Gave Potion","damage_taken":0,"relics_obtained":["Bag of Marbles"],"max_hp_gain":0,"max_hp_loss":0,"event_name":"WeMeetAgain","floor":4,"gold_loss":0},{"damage_healed":0,"gold_gain":0,"player_choice":"Ignored","damage_taken":0,"max_hp_gain":0,"max_hp_loss":0,"event_name":"Shining Light","floor":13,"gold_loss":0},{"damage_healed":0,"gold_gain":0,"player_choice":"Rummage","damage_taken":0,"relics_obtained":["WarpedTongs"],"max_hp_gain":0,"max_hp_loss":0,"event_name":"Accursed Blacksmith","floor":19,"gold_loss":0,"cards_obtained":["Pain"]},{"damage_healed":0,"gold_gain":0,"cards_transformed":["Strike_R"],"player_choice":"Transformed","damage_taken":0,"max_hp_gain":0,"max_hp_loss":0,"event_name":"Transmorgrifier","floor":22,"gold_loss":0,"cards_obtained":["Perfected Strike"]}],"is_beta":false,"boss_relics":[{"not_picked":["SlaversCollar","Pandora\u0027s Box"],"picked":"SacredBark"}],"items_purged_floors":[20],"is_endless":false,"potions_floor_spawned":[1,5,10,11,16,21,24],"killed_by":"Slavers","ascension_level":18}}