{"host":"54jr43vd79817238","time":1612681829,"event":{"mods":["100% Spire Juice","ATMod(阿瑾Mod)","Act Like it!","Arknights","Aspiration","BaseMod","CapriCore","Dota2Spire","Friendly Minions","Gensokyo","Hallownest","Hermit","Jedi Mod","KomeijiMod","Lobotomy","LobotomyExtend","Marisa（F雨　魔理沙）","Minty Spire (QoL Compilation)","MostiFishMod","Prisma Mod","Quarter Circle Forward PUNCH!","Reliquary","Replay The Spire","Robot Space Explorer","RumiaBox-露米娅的神秘盒子","Spicy Shops","StSLib","TestMod","The Blackbeard","WarShipGirlsR/战舰少女R mod","Yakumo Yukari mod","Youmu（魂魄妖梦）","Yuyuko","【遗物卡牌】REMEMod"],"gold_per_floor":[173,0,0,19,269,269,282,316,316,349,362,362,362,380,380,481,481,496,496,86,86,101,128,140,140,185,185,195,253,284,284,284,381,381,396,396,412,412,412,444,458,487,512,512,546,546,562,577,577,577,577,577,577,6,40,40],"floor_reached":57,"language":"ZHS","playtime":4535,"items_purged":["Strike_Remiria","testmod-HandmadeProducts"],"score":1544,"play_id":"27fc0b70-58ad-4682-b89a-3c5a867f67c4","local_time":"20210207151029","is_ascension_mode":true,"campfire_choices":[{"data":"AT_KingSlayer","floor":6.0,"key":"SMITH"},{"floor":12.0,"key":"RECALL"},{"data":"TricksterDevil","floor":15.0,"key":"SMITH"},{"data":"CombatMeter","floor":25.0,"key":"SMITH"},{"data":"TricksterDevil","floor":27.0,"key":"SMITH"},{"data":"ThirstForBlood","floor":32.0,"key":"SMITH"},{"data":"MillenniumVampire","floor":44.0,"key":"SMITH"},{"data":"HeartBreak_Remiria","floor":46.0,"key":"SMITH"},{"data":"BloodyMagicSquare","floor":49.0,"key":"SMITH"},{"data":"DamonLordCradle_Remiria","floor":53.0,"key":"SMITH"}],"circlet_count":0,"master_deck":["Strike_Remiria","Strike_Remiria","Strike_Remiria","Defend_Remirira+1","Defend_Remirira","Defend_Remirira","Defend_Remirira","Absorbed","Scratch","FierceSweep","AT_KingSlayer+1","CombatMeter+1","Feint","TricksterDevil+1","Offensive","RedtheNightlessCastle","DamonLordCradle_Remiria+1","TricksterDevil+1","RedMagic","TricksterDevil","StigmaNizer","FateEnsemble+1","Tearing","FastHealing+1","ThirstForBlood+1","BloodyMagicSquare+1","HeartBreak_Remiria+1","CombatMeter+1","TricksterDevil","TricksterDevil+1","Warpath+1","MillenniumVampire+1","ServantFlier","SeparateFleshBlood+1"],"relics":["ThirstyCrossSpe","DaveBox","AT_ATBox","testmod-TestBox","REME_ComplimentaryCards","testmod-Nyarlathotep","EGODaCapo","SynthV:TestCard","Hallownest:BankAccountRelic","Kunai","REME_HandOfSuture","ReplayTheSpireMod:TigerMarble","Sundial","SlaversCollar","Ginger","PrismaMod:PrismaTraceOn","ats:Originium","Lantern","qcfpunch:Black_Training_Shirt","Onion Ring","ChewingGum","AT_GuinsooRageblade","Mummified Hand","Bag of Marbles","War Paint","PlanX","Membership Card","SynthV","testmod-Antiphasic","ImprovedEquipment","reliquary:PrincelyHelmet","reliquary:SilkGlove"],"acts_visited":["Hallownest:Greenpath","Hallownest:CityofTears","TheBeyond","TheEnding"],"potions_floor_usage":[],"damage_taken":[{"damage":8.0,"enemies":"Hallownest:monsterHuskGuard","floor":1.0,"turns":4.0},{"damage":0.0,"enemies":"Hallownest:2_Tiktiks_and_1_Crawlid","floor":4.0,"turns":5.0},{"damage":0.0,"enemies":"Hallownest:2_MossCreeps","floor":7.0,"turns":3.0},{"damage":0.0,"enemies":"Hallownest:eliteVengeflyKing","floor":8.0,"turns":7.0},{"damage":2.0,"enemies":"Hallownest:eliteCrystalGuardian","floor":10.0,"turns":5.0},{"damage":0.0,"enemies":"Hallownest:monsterMossCharger","floor":11.0,"turns":2.0},{"damage":0.0,"enemies":"Hallownest:1_Baldur_1_Crawlid_1_Warrior","floor":14.0,"turns":3.0},{"damage":42.0,"enemies":"Hallownest:BossHornet","floor":16.0,"turns":12.0},{"damage":7.0,"enemies":"Hallownest:3_Youths","floor":18.0,"turns":7.0},{"damage":0.0,"enemies":"Hallownest:2_Mistakes","floor":22.0,"turns":3.0},{"damage":0.0,"enemies":"Hallownest:Nosk","floor":23.0,"turns":5.0},{"damage":0.0,"enemies":"Hallownest:Warrior_and_Youth","floor":24.0,"turns":4.0},{"damage":2.0,"enemies":"Hallownest:2_Husk_Sentries","floor":28.0,"turns":3.0},{"damage":0.0,"enemies":"Hallownest:Glutton_and_Coward","floor":29.0,"turns":4.0},{"damage":9.0,"enemies":"Hallownest:eliteWatcherKnight","floor":30.0,"turns":12.0},{"damage":0.0,"enemies":"Hallownest:BossGrimm","floor":33.0,"turns":6.0},{"damage":4.0,"enemies":"3 Shapes","floor":35.0,"turns":2.0},{"damage":0.0,"enemies":"3 Darklings","floor":37.0,"turns":3.0},{"damage":15.0,"enemies":"Nemesis","floor":40.0,"turns":4.0},{"damage":7.0,"enemies":"Spire Growth","floor":41.0,"turns":3.0},{"damage":0.0,"enemies":"R_Hoarder","floor":42.0,"turns":5.0},{"damage":12.0,"enemies":"Reptomancer","floor":45.0,"turns":5.0},{"damage":9.0,"enemies":"Transient","floor":47.0,"turns":5.0},{"damage":0.0,"enemies":"Jaw Worm Horde","floor":48.0,"turns":1.0},{"damage":2.0,"enemies":"Donu and Deca","floor":50.0,"turns":6.0},{"damage":2.0,"enemies":"Shield and Spear","floor":55.0,"turns":3.0},{"damage":34,"enemies":"The Heart","floor":56,"turns":6}],"seed_played":"4324436689486259664","potions_obtained":[{"floor":7.0,"key":"Energy Potion"},{"floor":10.0,"key":"LifebloodPotion"},{"floor":14.0,"key":"Reflective Coating"},{"floor":16.0,"key":"testmod-SpacePotion"},{"floor":18.0,"key":"Swift Potion"},{"floor":28.0,"key":"ColorlessPotion"},{"floor":29.0,"key":"Weak Potion"},{"floor":35.0,"key":"Swift Potion"},{"floor":41.0,"key":"Block Potion"},{"floor":42.0,"key":"Energy Potion"},{"floor":47.0,"key":"DuplicationPotion"}],"is_trial":false,"path_per_floor":["M","?","?","M","?","R","M","E","T","E","M","R","T","M","R","B",null,"M","?","$","?","M","E","M","R","T","R","M","M","E","?","R","B",null,"M","?","M","?","?","E","M","E","T","R","E","R","M","M","R","B",null,null,"R","$","E","B",null],"character_chosen":"RemiriaScarlet","items_purchased":["Ginger","aspiration:Nostalgia","Membership Card","SynthV","testmod-Antiphasic","ImprovedEquipment","reliquary:PrincelyHelmet","Energy Potion","Languid Potion"],"campfire_rested":0,"item_purchase_floors":[20,20,54,54,54,54,54,54,54],"current_hp_per_floor":[92,92,74,74,74,74,74,74,74,72,72,72,72,72,72,30,100,93,100,100,100,100,100,100,100,100,100,98,98,91,91,91,91,100,96,96,96,96,96,81,74,81,81,81,73,73,100,100,100,100,100,100,100,100,100,75],"gold":40,"neow_bonus":"THREE_CARDS","is_daily":false,"chose_seed":false,"campfire_upgraded":9,"win_rate":0.0,"timestamp":1612681829,"path_taken":["M","?","?","?","?","R","M","E","T","E","M","R","?","M","R","BOSS","M","?","$","?","M","E","M","R","T","R","M","?","E","?","R","BOSS","M","?","M","?","?","E","M","E","T","R","E","R","M","?","R","BOSS","R","$","E","BOSS"],"items_purchased_type":["Relic","Relic","Relic","Relic","Relic","Relic","Relic","Potion","Potion"],"build_version":"2020-12-22","purchased_purges":2,"victory":true,"max_hp_per_floor":[100,100,100,100,100,100,100,100,100,100,100,100,100,100,100,100,100,100,100,100,100,100,100,100,100,100,100,100,100,100,100,100,100,100,100,100,100,100,100,100,100,100,100,100,100,100,100,100,100,100,100,100,100,100,100,105],"card_choices":[{"not_picked":["BloodCleaner","BloodCollect"],"picked":"FierceSweep","floor":0.0},{"not_picked":["CruelSlaughter","Warpath"],"picked":"CombatMeter","floor":1.0},{"not_picked":["Warpath","BloodCollect","Tearing","StigmaNizer"],"picked":"Feint","floor":4.0},{"not_picked":["SeparateFleshBlood","BloodyMagicSquare","ThirstForBlood","DamonLordCradle_Remiria"],"picked":"TricksterDevil","floor":7.0},{"not_picked":["Rewrite","ServantFlier","BloodPact","BodyStrengthen"],"picked":"Offensive","floor":8.0},{"not_picked":["VampirishNight","ScarletNetherworld","DamonLordCradle_Remiria","BloodCleaner"],"picked":"RedtheNightlessCastle","floor":10.0},{"not_picked":["FastHealing","BloodCollect","DoubleEdge","PainBurst"],"picked":"DamonLordCradle_Remiria","floor":11.0},{"not_picked":["StigmaNizer","DemonsDinnerFork_Remiria","ThePrice","BloodySuit"],"picked":"TricksterDevil","floor":14.0},{"not_picked":["RemiliaStalker","AllTheWorldInNightmare","Septette","RedtheNightlessCastle"],"picked":"RedMagic","floor":16.0},{"not_picked":["BloodySuit","SeparateFleshBlood","RocketKickup+1","Cripple+1"],"picked":"TricksterDevil","floor":18.0},{"not_picked":["Cripple+1","Rewrite+1","BloodySuit+1","BloodCleaner"],"picked":"StigmaNizer","floor":22.0},{"not_picked":["BodyStrengthen+1","VampireClaw","PainBurst","FateCollect+1"],"picked":"FateEnsemble","floor":23.0},{"not_picked":["SeparateFleshBlood","BloodySuit+1","Septette","FierceSweep+1"],"picked":"Tearing","floor":24.0},{"not_picked":["Impregnable","DemonsDinnerFork_Remiria","Feint","StigmaNizer"],"picked":"FastHealing+1","floor":28.0},{"not_picked":["TricksterDevil","Reaper_Remiria","DoubleEdge","StigmaNizer+1"],"picked":"ThirstForBlood","floor":29.0},{"not_picked":["Warpath+1","PainBurst+1","VampireClaw+1","CurseofVladTepes"],"picked":"BloodyMagicSquare","floor":30.0},{"not_picked":["BloodCoagulation","RedMagic","BombardNight","StarOfDavid"],"picked":"HeartBreak_Remiria","floor":33.0},{"not_picked":["DamonLordCradle_Remiria+1","BloodCleaner","ScarletNetherworld+1","BodyStrengthen"],"picked":"CombatMeter+1","floor":35.0},{"not_picked":["FastHealing+1","Cripple+1","Feint+1","LifeBreak"],"picked":"TricksterDevil","floor":37.0},{"not_picked":["FitfulNightmare","Paradox+1","BloodCleaner+1","LifeBreak"],"picked":"TricksterDevil+1","floor":40.0},{"not_picked":["DamonLordCradle_Remiria+1","TrickFate+1","BloodCollect+1","ServantFlier+1"],"picked":"Warpath+1","floor":41.0},{"not_picked":["FierceSweep+1","BloodyMagicSquare+1","DemonsDinnerFork_Remiria","FastHealing"],"picked":"MillenniumVampire","floor":42.0},{"not_picked":["CruelSlaughter","Cripple","StigmaNizer","DoubleEdge"],"picked":"ServantFlier","floor":45.0},{"not_picked":["VampireClaw","DemonsDinnerFork_Remiria+1","BloodCollect","Culling","TrickFate"],"picked":"SKIP","floor":47.0},{"not_picked":["HeartBreak_Remiria","Cripple","BloodySuit","TrickFate","StigmaNizer+1"],"picked":"SKIP","floor":48.0},{"not_picked":["Coercion","FastHealing+1","Feint+1","ChainGang"],"picked":"SeparateFleshBlood+1","floor":55.0}],"player_experience":343822,"relics_obtained":[{"floor":1.0,"key":"SynthV:TestCard"},{"floor":8.0,"key":"REME_HandOfSuture"},{"floor":9.0,"key":"ReplayTheSpireMod:TigerMarble"},{"floor":10.0,"key":"Sundial"},{"floor":23.0,"key":"ats:Originium"},{"floor":23.0,"key":"Lantern"},{"floor":26.0,"key":"qcfpunch:Black_Training_Shirt"},{"floor":30.0,"key":"Onion Ring"},{"floor":40.0,"key":"Mummified Hand"},{"floor":42.0,"key":"Bag of Marbles"},{"floor":43.0,"key":"War Paint"},{"floor":45.0,"key":"PlanX"},{"floor":55.0,"key":"reliquary:SilkGlove"}],"event_choices":[{"damage_healed":0.0,"max_hp_gain":0.0,"max_hp_loss":0.0,"gold_gain":250.0,"event_name":"恩洛斯的盘子","player_choice":"Sell","floor":5.0,"relics_lost":["testmod-InfectionSource"],"gold_loss":0.0,"damage_taken":0.0},{"damage_healed":0.0,"max_hp_gain":0.0,"max_hp_loss":0.0,"gold_gain":0.0,"event_name":"给自己的盒子","player_choice":"Swap Relic","floor":36.0,"relics_lost":["aspiration:Nostalgia"],"gold_loss":0.0,"damage_taken":0.0,"relics_obtained":["AT_GuinsooRageblade"]}],"is_beta":false,"boss_relics":[{"not_picked":["Velvet Choker","GreenFoldingFan"],"picked":"SlaversCollar"},{"not_picked":["Replay:Drink Me","qcfpunch:Crimson_Sash"],"picked":"ChewingGum"}],"items_purged_floors":[20,54],"is_endless":false,"potions_floor_spawned":[7,10,14,16,18,28,29,35,41,42,47],"ascension_level":1}}