{"host":"c0rqchpxu0yjpthq","time":1612671736,"event":{"mods":["Arknights","BaseMod","Challenge The Spire","HololiveMod","Minty Spire (QoL Compilation)","Relic Stats","Spicy Shops","StSLib"],"gold_per_floor":[114,289,152,152,171,171,199,212,261,273,52,52,68,102,102,207,207,224,764,13,13,33,33,68,68,95,130,130,55,90,103,103,205,205,218,440,454,454,471,471,505,523,574,574,593,593,79,93,93,93],"floor_reached":51,"language":"ZHS","playtime":1872,"items_purged":["Doubt","Clumsy","Parasite"],"score":948,"play_id":"4abfb332-b9e6-4f6f-abe9-19e972678b7c","local_time":"20210207122216","is_ascension_mode":false,"campfire_choices":[{"data":"Bash","floor":6.0,"key":"SMITH"},{"data":"Cleave","floor":12.0,"key":"SMITH"},{"data":"Double Tap","floor":15,"key":"SMITH"},{"data":"Offering","floor":23,"key":"SMITH"},{"data":"Inflame","floor":25,"key":"SMITH"},{"floor":32,"key":"REST"},{"data":"Madness","floor":40,"key":"SMITH"},{"data":"Madness","floor":44,"key":"SMITH"},{"floor":49,"key":"REST"}],"circlet_count":0,"master_deck":["Strike_R+1","Strike_R+1","Strike_R+1","Strike_R+1","Strike_R+1","Defend_R+1","Defend_R+1","Defend_R+1","Defend_R+1","Bash+1","Inflame+1","Double Tap+1","Cleave+1","Offering+1","Pommel Strike+1","Feed","Madness+1","Madness+1","Bloodletting+1","Infernal Blade+1","Thunderclap+1"],"relics":["Burning Blood","NeowsBlessing","Hololive_LightStick","Oddly Smooth Stone","Pen Nib","Membership Card","Question Card","Juzu Bracelet","Busted Crown","Unceasing Top","Medical Kit","Thread and Needle","White Beast Statue","HornCleat","Frozen Eye","Bag of Marbles","Toy Ornithopter","Charon\u0027s Ashes","Magic Flower","Red Mask","Runic Dome","Orichalcum","Dream Catcher","Strawberry","HandDrill","Anchor","Gambling Chip","Sling"],"acts_visited":["Exordium","TheCity","TheBeyond"],"potions_floor_usage":[13,16,16,16,19,27,27,30,33,33,33,50,50],"damage_taken":[{"damage":0.0,"enemies":"2 Louse","floor":1.0,"turns":1.0},{"damage":0.0,"enemies":"Jaw Worm","floor":5.0,"turns":1.0},{"damage":0.0,"enemies":"3 Sentries","floor":7.0,"turns":1.0},{"damage":0.0,"enemies":"Cultist","floor":8.0,"turns":2.0},{"damage":8.0,"enemies":"Blue Slaver","floor":10.0,"turns":4.0},{"damage":0,"enemies":"Lots of Slimes","floor":13,"turns":2},{"damage":27,"enemies":"Gremlin Nob","floor":14,"turns":4},{"damage":36,"enemies":"Hexaghost","floor":16,"turns":5},{"damage":10,"enemies":"2 Thieves","floor":18,"turns":3},{"damage":0,"enemies":"Shell Parasite","floor":22,"turns":2},{"damage":0,"enemies":"Gremlin Leader","floor":24,"turns":3},{"damage":0,"enemies":"Slavers","floor":27,"turns":2},{"damage":0,"enemies":"Masked Bandits","floor":30,"turns":2},{"damage":0,"enemies":"Snake Plant","floor":31,"turns":2},{"damage":0,"enemies":"Collector","floor":33,"turns":2},{"damage":0,"enemies":"3 Darklings","floor":35,"turns":1},{"damage":0,"enemies":"Orb Walker","floor":37,"turns":1},{"damage":0,"enemies":"Writhing Mass","floor":39,"turns":2},{"damage":0,"enemies":"Giant Head","floor":41,"turns":5},{"damage":0,"enemies":"Spire Growth","floor":42,"turns":2},{"damage":0,"enemies":"Transient","floor":45,"turns":5},{"damage":0,"enemies":"3 Darklings","floor":48,"turns":1},{"damage":16,"enemies":"Time Eater","floor":50,"turns":6}],"seed_played":"4668670435038179419","potions_obtained":[{"floor":4.0,"key":"PowerPotion"},{"floor":4.0,"key":"Weak Potion"},{"floor":4.0,"key":"DistilledChaos"},{"floor":10.0,"key":"SkillPotion"},{"floor":13,"key":"Swift Potion"},{"floor":16,"key":"BloodPotion"},{"floor":18,"key":"BlessingOfTheForge"},{"floor":22,"key":"Dexterity Potion"},{"floor":24,"key":"BlessingOfTheForge"},{"floor":27,"key":"ColorlessPotion"},{"floor":30,"key":"SteroidPotion"},{"floor":31,"key":"Fire Potion"},{"floor":33,"key":"AttackPotion"},{"floor":35,"key":"LiquidMemories"},{"floor":37,"key":"BloodPotion"},{"floor":39,"key":"SpeedPotion"}],"is_trial":false,"path_per_floor":["M","?","$","?","M","R","E","M","T","M","$","R","M","E","R","B",null,"M","?","$","?","M","R","E","R","T","E","?","$","?","M","R","B",null,"M","?","M","?","M","R","E","M","T","R","M","?","$","M","R","B",null],"character_chosen":"IRONCLAD","items_purchased":["Hololive_LightStick","Membership Card","Cleave","Question Card","Unceasing Top","Medical Kit","Thread and Needle","White Beast Statue","HornCleat","Frozen Eye","Magic Flower","Strawberry","HandDrill","Anchor","Gambling Chip","Sling"],"campfire_rested":2,"item_purchase_floors":[3,11,11,11,20,20,20,20,20,20,29,47,47,47,47,47],"current_hp_per_floor":[80,80,80,80,80,80,80,80,80,78,78,78,80,59,59,29,80,76,35,35,35,41,41,47,47,47,63,63,63,80,80,80,80,80,83,83,83,73,82,82,83,83,83,83,83,73,80,87,87,87],"gold":93,"neow_bonus":"THREE_ENEMY_KILL","is_daily":false,"chose_seed":false,"campfire_upgraded":7,"win_rate":0.0,"timestamp":1612671736,"path_taken":["M","?","$","?","M","R","E","M","T","M","$","R","?","E","R","BOSS","M","?","$","?","M","R","E","R","T","E","?","$","?","M","R","BOSS","M","?","M","?","M","R","E","M","T","R","M","?","$","M","R","BOSS"],"items_purchased_type":["Relic","Relic","Card","Relic","Relic","Relic","Relic","Relic","Relic","Relic","Relic","Relic","Relic","Relic","Relic","Relic"],"build_version":"2020-12-22","purchased_purges":3,"victory":true,"max_hp_per_floor":[80,80,80,80,80,80,80,80,80,80,80,80,80,80,80,80,80,80,80,80,80,80,80,80,80,80,80,80,80,80,80,80,80,80,83,83,83,83,83,83,83,83,83,83,83,83,87,87,87,87],"relic_stats":{"counters":[23,59],"Magic Flower":[16],"Pen Nib":[20],"Charon\u0027s Ashes":[111],"Juzu Bracelet":1,"Orichalcum":[12],"Question Card":21,"Medical Kit":[0],"Burning Blood":70,"Dream Catcher":1,"Busted Crown":36,"Gambling Chip":[6],"HandDrill":[2],"obtain_stats":[{"Magic Flower":29,"Juzu Bracelet":14,"Sling":47,"Burning Blood":0,"Frozen Eye":20,"Dream Catcher":43,"HornCleat":20,"Strawberry":47,"Gambling Chip":47,"Red Mask":30,"HandDrill":47,"NeowsBlessing":0,"Oddly Smooth Stone":7,"Thread and Needle":20,"Pen Nib":9,"Charon\u0027s Ashes":27,"Orichalcum":41,"Question Card":11,"Medical Kit":20,"White Beast Statue":20,"Runic Dome":34,"Hololive_LightStick":3,"Anchor":47,"Busted Crown":17,"Bag of Marbles":24,"Membership Card":11,"Unceasing Top":20,"Toy Ornithopter":26},{"Magic Flower":12,"Juzu Bracelet":7,"Sling":21,"Burning Blood":0,"Frozen Eye":9,"Dream Catcher":20,"HornCleat":9,"Strawberry":21,"Gambling Chip":21,"Red Mask":13,"HandDrill":21,"NeowsBlessing":0,"Oddly Smooth Stone":3,"Thread and Needle":9,"Pen Nib":4,"Charon\u0027s Ashes":12,"Orichalcum":19,"Question Card":5,"Medical Kit":9,"White Beast Statue":9,"Runic Dome":15,"Hololive_LightStick":1,"Anchor":21,"Busted Crown":8,"Bag of Marbles":11,"Membership Card":5,"Unceasing Top":9,"Toy Ornithopter":11},{"Magic Flower":30,"Juzu Bracelet":15,"Sling":52,"Burning Blood":0,"Frozen Eye":23,"Dream Catcher":47,"HornCleat":23,"Strawberry":52,"Gambling Chip":52,"Red Mask":32,"HandDrill":52,"NeowsBlessing":0,"Oddly Smooth Stone":3,"Thread and Needle":23,"Pen Nib":5,"Charon\u0027s Ashes":30,"Orichalcum":45,"Question Card":9,"Medical Kit":23,"White Beast Statue":23,"Runic Dome":36,"Hololive_LightStick":1,"Anchor":52,"Busted Crown":20,"Bag of Marbles":28,"Membership Card":9,"Unceasing Top":23,"Toy Ornithopter":28}],"Unceasing Top":[39],"Toy Ornithopter":34},"card_choices":[{"not_picked":["Shrug It Off","Headbutt","Clash"],"picked":"SKIP","floor":1.0},{"not_picked":["Pommel Strike","Thunderclap","Flex"],"picked":"SKIP","floor":5.0},{"not_picked":["Disarm","Uppercut"],"picked":"Inflame","floor":7.0},{"not_picked":["Burning Pact","Warcry"],"picked":"Double Tap","floor":8.0},{"not_picked":["Shrug It Off","Burning Pact","Armaments"],"picked":"SKIP","floor":10.0},{"not_picked":["Entrench","Thunderclap","Whirlwind","Body Slam"],"picked":"SKIP","floor":13},{"not_picked":["Flex","Shockwave","Dual Wield","True Grit"],"picked":"SKIP","floor":14},{"not_picked":["Feed","Corruption","Demon Form"],"picked":"Offering","floor":16},{"not_picked":["Thunderclap","Cleave"],"picked":"SKIP","floor":18},{"not_picked":["Perfected Strike","Whirlwind"],"picked":"SKIP","floor":22},{"not_picked":["Power Through","Reckless Charge"],"picked":"SKIP","floor":24},{"not_picked":["Twin Strike","Dropkick"],"picked":"SKIP","floor":27},{"not_picked":["Shrug It Off"],"picked":"Pommel Strike+1","floor":31},{"not_picked":["Barricade"],"picked":"Feed","floor":33},{"not_picked":["Pummel","Searing Blow+1"],"picked":"SKIP","floor":35},{"not_picked":["Pommel Strike+1","Shrug It Off"],"picked":"SKIP","floor":37},{"not_picked":["Metallicize+1"],"picked":"Bloodletting+1","floor":39},{"not_picked":["Dropkick"],"picked":"Infernal Blade+1","floor":41},{"not_picked":["Hemokinesis","Battle Trance+1"],"picked":"SKIP","floor":42},{"not_picked":["Warcry+1","Cleave+1"],"picked":"SKIP","floor":45},{"not_picked":["Shrug It Off","Hemokinesis+1"],"picked":"SKIP","floor":48},{"not_picked":["Sword Boomerang"],"picked":"Thunderclap+1","floor":49}],"player_experience":32519,"relics_obtained":[{"floor":7.0,"key":"Oddly Smooth Stone"},{"floor":9.0,"key":"Pen Nib"},{"floor":14,"key":"Juzu Bracelet"},{"floor":24,"key":"Bag of Marbles"},{"floor":26,"key":"Toy Ornithopter"},{"floor":27,"key":"Charon\u0027s Ashes"},{"floor":30,"key":"Red Mask"},{"floor":41,"key":"Orichalcum"},{"floor":43,"key":"Dream Catcher"}],"event_choices":[{"damage_healed":0.0,"max_hp_gain":0.0,"max_hp_loss":0.0,"gold_gain":175.0,"event_name":"Liars Game","player_choice":"AGREE","floor":2.0,"gold_loss":0.0,"damage_taken":0.0,"cards_obtained":["Doubt"]},{"damage_healed":0.0,"max_hp_gain":0.0,"max_hp_loss":0.0,"gold_gain":0.0,"event_name":"Lab","player_choice":"Got Potions","floor":4.0,"gold_loss":0.0,"damage_taken":0.0},{"damage_healed":0,"gold_gain":540,"player_choice":"GOLD GOLD GOLD GOLD GOLD GOLD ","damage_taken":57,"max_hp_gain":0,"max_hp_loss":0,"event_name":"Knowing Skull","floor":19,"potions_obtained":[],"gold_loss":0,"cards_obtained":[]},{"damage_healed":0,"gold_gain":0,"player_choice":"Simplicity","damage_taken":0,"max_hp_gain":0,"max_hp_loss":0,"event_name":"Back to Basics","floor":21,"gold_loss":0,"cards_upgraded":["Strike_R","Strike_R","Strike_R","Strike_R","Strike_R","Defend_R","Defend_R","Defend_R","Defend_R"]},{"damage_healed":0,"gold_gain":0,"player_choice":"Ignored","damage_taken":0,"max_hp_gain":0,"max_hp_loss":0,"event_name":"Beggar","floor":28,"gold_loss":0},{"damage_healed":0,"gold_gain":0,"player_choice":"Fought Bandits","damage_taken":0,"max_hp_gain":0,"max_hp_loss":0,"event_name":"Masked Bandits","floor":30,"gold_loss":0},{"damage_healed":0,"gold_gain":222,"player_choice":"Wore Mask","damage_taken":0,"max_hp_gain":0,"max_hp_loss":0,"event_name":"Tomb of Lord Red Mask","floor":36,"gold_loss":0},{"damage_healed":0,"gold_gain":0,"player_choice":"Embrace Madness","damage_taken":10,"max_hp_gain":0,"max_hp_loss":0,"event_name":"Winding Halls","floor":38,"gold_loss":0,"cards_obtained":["Madness","Madness"]},{"damage_healed":0,"gold_gain":0,"player_choice":"Memory 3","damage_taken":10,"max_hp_gain":0,"max_hp_loss":0,"event_name":"SensoryStone","floor":46,"gold_loss":0}],"is_beta":false,"boss_relics":[{"not_picked":["Hololive_ChaosS","Runic Cube"],"picked":"Busted Crown"},{"not_picked":["Hololive_Finger","Sozu"],"picked":"Runic Dome"}],"items_purged_floors":[3,20,47],"is_endless":false,"potions_floor_spawned":[8,10,13,16,18,22,24,27,30,31,33,35,37,39,41,42,45,48],"ascension_level":0}}