{"host":"zxkjcgzis4pm3za5","time":1612671644,"event":{"mods":["AchievementEnabler","BaseMod","Colored Map","Colored Powertips","Minty Spire (QoL Compilation)","Quick Restart","RNG Fix","Random Character Button","Relic Sorter","Relic Stats","StSLib"],"gold_per_floor":[116,116,129,139,139,139,168,13,93,126,126,141,155,168,168,243,243,256,272,9,21,41,41,59,59,59,59,89,89,104,104,104,104,104],"floor_reached":33,"language":"ENG","playtime":1161,"items_purged":["Pain"],"score":583,"play_id":"b6ccd9e3-9d21-4c50-914d-0c71af9faf74","local_time":"20210207095044","is_ascension_mode":true,"campfire_choices":[{"data":"Fire Breathing","floor":6.0,"key":"SMITH"},{"data":"Metallicize","floor":11.0,"key":"SMITH"},{"data":"Barricade","floor":15.0,"key":"SMITH"},{"floor":23,"key":"REST"},{"floor":27,"key":"REST"},{"floor":29,"key":"REST"},{"data":"Entrench","floor":32,"key":"SMITH"}],"circlet_count":0,"master_deck":["AscendersBane","Strike_R","Strike_R","Strike_R","Strike_R","Strike_R","Defend_R","Defend_R","Defend_R","Defend_R","Bash","Metallicize+1","Clothesline","Fire Breathing+1","Barricade+1","Iron Wave","Body Slam","Twin Strike","Power Through","Armaments","Warcry","Feed","Entrench+1","Second Wind","Evolve","True Grit","Armaments","Body Slam","Entrench","Feel No Pain"],"relics":["Burning Blood","NeowsBlessing","WarpedTongs","Centennial Puzzle","Omamori","StrikeDummy","Blood Vial","Philosopher\u0027s Stone","OrangePellets","Meat on the Bone","Dream Catcher","Frozen Egg 2"],"acts_visited":["Exordium","TheCity"],"potions_floor_usage":[19,25,28],"damage_taken":[{"damage":0.0,"enemies":"Cultist","floor":1.0,"turns":1.0},{"damage":0.0,"enemies":"2 Louse","floor":3.0,"turns":1.0},{"damage":1.0,"enemies":"Jaw Worm","floor":4.0,"turns":1.0},{"damage":7.0,"enemies":"3 Sentries","floor":7.0,"turns":4.0},{"damage":23.0,"enemies":"Gremlin Nob","floor":10.0,"turns":5.0},{"damage":11.0,"enemies":"Exordium Thugs","floor":12.0,"turns":5.0},{"damage":8.0,"enemies":"Large Slime","floor":13.0,"turns":5.0},{"damage":13.0,"enemies":"Exordium Wildlife","floor":14.0,"turns":4.0},{"damage":8.0,"enemies":"Hexaghost","floor":16.0,"turns":9.0},{"damage":5.0,"enemies":"Spheric Guardian","floor":18.0,"turns":4.0},{"damage":8,"enemies":"Chosen","floor":19,"turns":3},{"damage":67,"enemies":"Sentry and Sphere","floor":21,"turns":6},{"damage":22,"enemies":"Snake Plant","floor":22,"turns":6},{"damage":13,"enemies":"Chosen and Byrds","floor":24,"turns":6},{"damage":0,"enemies":"Slavers","floor":25,"turns":1},{"damage":48,"enemies":"Book of Stabbing","floor":28,"turns":7},{"damage":15,"enemies":"Cultist and Chosen","floor":30,"turns":4},{"damage":67,"enemies":"Automaton","floor":33,"turns":8}],"seed_played":"-3379477015222016611","potions_obtained":[{"floor":3.0,"key":"LiquidBronze"},{"floor":10.0,"key":"Fire Potion"},{"floor":16.0,"key":"BlessingOfTheForge"},{"floor":18.0,"key":"Dexterity Potion"},{"floor":24,"key":"SmokeBomb"}],"is_trial":false,"path_per_floor":["M","?","M","M","?","R","E","$","T","E","R","M","M","M","R","B",null,"M","M","$","M","M","R","M","E","T","R","E","R","M","?","R","B"],"character_chosen":"IRONCLAD","items_purchased":["Iron Wave","Body Slam","Evolve","OrangePellets","True Grit"],"campfire_rested":3,"item_purchase_floors":[8,8,20,20,20],"current_hp_per_floor":[74,74,75,75,75,75,74,74,74,57,57,54,54,49,49,49,69,76,80,80,21,7,31,26,34,34,58,30,54,59,59,59,0,0],"gold":104,"neow_bonus":"THREE_ENEMY_KILL","is_daily":false,"chose_seed":false,"campfire_upgraded":4,"win_rate":0.0,"timestamp":1612671644,"path_taken":["M","?","?","M","?","R","E","$","T","E","R","M","M","M","R","BOSS","M","M","$","M","?","R","M","E","T","R","E","R","M","?","R","BOSS"],"items_purchased_type":["Card","Card","Card","Relic","Card"],"build_version":"2020-12-22","purchased_purges":1,"victory":false,"max_hp_per_floor":[75,75,75,75,75,75,75,75,75,75,75,75,75,75,75,75,75,79,83,83,83,83,83,83,83,83,83,83,83,83,83,83,83,83],"relic_stats":{"Blood Vial":26,"OrangePellets":[4],"Centennial Puzzle":[42],"Dream Catcher":1,"counters":[18,80],"obtain_stats":[{"Blood Vial":10,"OrangePellets":20,"Centennial Puzzle":5,"Dream Catcher":28,"NeowsBlessing":0,"Philosopher\u0027s Stone":17,"Omamori":7,"Frozen Egg 2":31,"StrikeDummy":9,"Burning Blood":0,"WarpedTongs":2,"Meat on the Bone":26},{"Blood Vial":5,"OrangePellets":11,"Centennial Puzzle":3,"Dream Catcher":16,"NeowsBlessing":0,"Philosopher\u0027s Stone":9,"Omamori":4,"Frozen Egg 2":17,"StrikeDummy":4,"Burning Blood":0,"WarpedTongs":1,"Meat on the Bone":15},{"Blood Vial":12,"OrangePellets":42,"Centennial Puzzle":3,"Dream Catcher":68,"NeowsBlessing":0,"Philosopher\u0027s Stone":35,"Omamori":7,"Frozen Egg 2":72,"StrikeDummy":7,"Burning Blood":0,"WarpedTongs":1,"Meat on the Bone":61}],"Burning Blood":92,"WarpedTongs":[79],"Meat on the Bone":24},"card_choices":[{"not_picked":["Armaments","Dual Wield"],"picked":"Metallicize","floor":1.0},{"not_picked":["Iron Wave","Havoc"],"picked":"Clothesline","floor":3.0},{"not_picked":["Sentinel","Havoc"],"picked":"Fire Breathing","floor":4.0},{"not_picked":["Perfected Strike","True Grit"],"picked":"Barricade","floor":7.0},{"not_picked":["Heavy Blade","Flex"],"picked":"Twin Strike","floor":10.0},{"not_picked":["Iron Wave","Evolve"],"picked":"Power Through","floor":12.0},{"not_picked":["Clothesline","Warcry"],"picked":"Armaments","floor":13.0},{"not_picked":["Sword Boomerang","Bloodletting"],"picked":"Warcry","floor":14.0},{"not_picked":["Demon Form","Berserk"],"picked":"Feed","floor":16.0},{"not_picked":["Whirlwind","Flex"],"picked":"Entrench","floor":18.0},{"not_picked":["Rage","Inflame"],"picked":"Second Wind","floor":19},{"not_picked":["Second Wind","Rupture","Wild Strike"],"picked":"SKIP","floor":21},{"not_picked":["Heavy Blade","Clothesline"],"picked":"Armaments","floor":22},{"not_picked":["Combust","Seeing Red"],"picked":"Body Slam","floor":24},{"not_picked":["Corruption","Perfected Strike"],"picked":"Entrench","floor":28},{"not_picked":["Entrench","Wild Strike"],"picked":"Feel No Pain","floor":30}],"player_experience":325243,"relics_obtained":[{"floor":7.0,"key":"Omamori"},{"floor":9.0,"key":"StrikeDummy"},{"floor":10.0,"key":"Blood Vial"},{"floor":26,"key":"Meat on the Bone"},{"floor":28,"key":"Dream Catcher"}],"event_choices":[{"damage_healed":0.0,"max_hp_gain":0.0,"max_hp_loss":0.0,"gold_gain":0.0,"event_name":"Accursed Blacksmith","player_choice":"Rummage","floor":2.0,"gold_loss":0.0,"damage_taken":0.0,"relics_obtained":["WarpedTongs"],"cards_obtained":["Pain"]},{"damage_healed":0.0,"max_hp_gain":0.0,"max_hp_loss":0.0,"gold_gain":0.0,"event_name":"WeMeetAgain","player_choice":"Gave Potion","floor":5.0,"gold_loss":0.0,"damage_taken":0.0,"relics_obtained":["Centennial Puzzle"]},{"damage_healed":0,"gold_gain":0,"player_choice":"Stole Relic","damage_taken":0,"relics_obtained":["Frozen Egg 2"],"max_hp_gain":0,"max_hp_loss":0,"event_name":"Addict","floor":31,"gold_loss":0,"cards_obtained":["Shame"]}],"is_beta":false,"boss_relics":[{"not_picked":["Black Blood","Snecko Eye"],"picked":"Philosopher\u0027s Stone"}],"items_purged_floors":[8],"is_endless":false,"potions_floor_spawned":[3,10,16,18,24,25],"killed_by":"Automaton","ascension_level":19}}