{"host":"s41rn2jhghpwfrvz","time":1612686899,"event":{"mods":["BaseMod","Minty Spire (QoL Compilation)","Quick Restart","Relic Stats","SuperFastMode"],"gold_per_floor":[113,38,48,63,63,63,90,90,90,124,24,24,24,59,59,134,134,153,153,169,11,11,46,63,98,98,131,131,143,159,192,192,266,266,281,329,349,349,349,349,376,409,432,451,467,502,515,547,547,547,547,547,547,101,126,126],"floor_reached":57,"language":"ENG","playtime":1502,"items_purged":["Caltrops","Quick Slash","Self Repair+1"],"score":3807,"play_id":"b8615d49-879d-4978-9a90-c2650b1d5bff","local_time":"20210207103459","daily_mods":["SealedDeck","Diverse","DeadlyEvents"],"is_ascension_mode":true,"campfire_choices":[{"data":"Body Slam","floor":6,"key":"SMITH"},{"data":"Wallop","floor":8,"key":"SMITH"},{"data":"Turbo","floor":12,"key":"SMITH"},{"data":"Acrobatics","floor":15,"key":"SMITH"},{"data":"Backflip","floor":28,"key":"SMITH"},{"data":"Footwork","floor":32,"key":"SMITH"},{"floor":40,"key":"RECALL"},{"data":"Self Repair","floor":49,"key":"SMITH"},{"data":"Predator","floor":53,"key":"SMITH"}],"circlet_count":0,"master_deck":["AscendersBane","Footwork+1","Predator+1","Beam Cell+1","Turbo+1","Acrobatics+1","Wallop+1","Body Slam+1","Backflip+1","Blur+1","Core Surge+1"],"relics":["Burning Blood","Letter Opener","Bottled Lightning","Pantograph","Paper Frog","Runic Dome","Nilry\u0027s Codex","Medical Kit","Frozen Egg 2","Pen Nib","Ice Cream","Molten Egg 2","Dream Catcher","Sozu","Du-Vu Doll","Magic Flower","Red Skull","Question Card","Blood Vial","Kunai","Pear","TheAbacus","Whetstone","Mango"],"acts_visited":["Exordium","TheCity","TheBeyond","TheEnding"],"potions_floor_usage":[56,56],"damage_taken":[{"damage":0,"enemies":"Jaw Worm","floor":1,"turns":3},{"damage":0,"enemies":"Small Slimes","floor":3,"turns":2},{"damage":7,"enemies":"2 Louse","floor":4,"turns":2},{"damage":41,"enemies":"3 Sentries","floor":7,"turns":7},{"damage":0,"enemies":"Gremlin Nob","floor":10,"turns":3},{"damage":33,"enemies":"3 Sentries","floor":14,"turns":7},{"damage":0,"enemies":"Slime Boss","floor":16,"turns":3},{"damage":0,"enemies":"Chosen","floor":18,"turns":1},{"damage":0,"enemies":"Shell Parasite","floor":20,"turns":1},{"damage":1,"enemies":"Slavers","floor":23,"turns":3},{"damage":0,"enemies":"Snake Plant","floor":24,"turns":2},{"damage":0,"enemies":"Gremlin Leader","floor":25,"turns":5},{"damage":0,"enemies":"Book of Stabbing","floor":27,"turns":2},{"damage":0,"enemies":"Cultist and Chosen","floor":29,"turns":3},{"damage":0,"enemies":"Centurion and Healer","floor":30,"turns":1},{"damage":0,"enemies":"Slavers","floor":31,"turns":2},{"damage":0,"enemies":"Champ","floor":33,"turns":3},{"damage":0,"enemies":"3 Shapes","floor":35,"turns":2},{"damage":0,"enemies":"2 Orb Walkers","floor":36,"turns":2},{"damage":0,"enemies":"Orb Walker","floor":37,"turns":1},{"damage":0,"enemies":"Reptomancer","floor":41,"turns":2},{"damage":12,"enemies":"Nemesis","floor":42,"turns":3},{"damage":0,"enemies":"Sphere and 2 Shapes","floor":44,"turns":3},{"damage":0,"enemies":"Jaw Worm Horde","floor":45,"turns":3},{"damage":10,"enemies":"Reptomancer","floor":46,"turns":3},{"damage":0,"enemies":"Maw","floor":47,"turns":3},{"damage":0,"enemies":"Nemesis","floor":48,"turns":3},{"damage":0,"enemies":"Donu and Deca","floor":50,"turns":6},{"damage":0,"enemies":"Awakened One","floor":51,"turns":7},{"damage":0,"enemies":"Shield and Spear","floor":55,"turns":3},{"damage":12,"enemies":"The Heart","floor":56,"turns":6}],"seed_played":"5361253350017687863","potions_obtained":[{"floor":1,"key":"Ancient Potion"},{"floor":7,"key":"SteroidPotion"},{"floor":18,"key":"SpeedPotion"}],"is_trial":true,"path_per_floor":["M","$","M","M","?","R","E","R","T","E","$","R","T","E","R","B",null,"M","?","M","$","?","E","M","E","T","E","R","M","M","E","R","B",null,"M","?","M","?","T","R","E","E","T","M","M","E","M","E","R","B","B",null,"R","$","E","B",null],"character_chosen":"IRONCLAD","items_purchased":["Medical Kit","TheAbacus","Whetstone"],"campfire_rested":0,"item_purchase_floors":[21,54,54],"current_hp_per_floor":[75,75,75,75,80,80,52,52,52,65,65,65,65,45,45,80,80,80,59,65,65,42,54,67,80,80,85,85,85,85,85,85,85,85,85,85,85,75,75,75,85,85,85,85,85,85,85,95,95,95,95,95,95,95,109,106],"gold":126,"neow_bonus":"","is_daily":false,"chose_seed":false,"campfire_upgraded":8,"win_rate":0.0,"timestamp":1612686899,"path_taken":["M","$","M","M","?","R","E","R","T","E","?","R","?","E","R","BOSS","M","?","M","$","?","E","?","E","T","E","R","M","M","E","R","BOSS","M","?","M","?","?","R","E","?","T","?","M","E","M","E","R","BOSS","BOSS","R","$","E","BOSS"],"items_purchased_type":["Relic","Relic","Relic"],"build_version":"2020-12-22","purchased_purges":3,"victory":true,"max_hp_per_floor":[75,75,75,75,80,80,80,80,80,80,80,80,80,80,80,80,80,80,80,80,80,85,85,85,85,85,85,85,85,85,85,85,85,85,85,85,85,85,85,85,85,85,85,85,85,85,85,95,95,95,95,95,95,95,109,109],"relic_stats":{"counters":[31,97],"Magic Flower":[12],"Pen Nib":[22],"Letter Opener":[299],"Whetstone":["Beam Cell"],"Medical Kit":[32],"Question Card":6,"Burning Blood":101,"Sozu":4,"Blood Vial":0,"Dream Catcher":0,"TheAbacus":[84],"Pantograph":25,"Kunai":[25],"obtain_stats":[{"Ice Cream":26,"Pear":48,"Nilry\u0027s Codex":19,"Magic Flower":39,"Mango":55,"Pen Nib":25,"Letter Opener":7,"Whetstone":54,"Frozen Egg 2":23,"Medical Kit":21,"Question Card":42,"Burning Blood":0,"Sozu":34,"Du-Vu Doll":36,"Blood Vial":43,"Runic Dome":17,"Dream Catcher":31,"TheAbacus":54,"Pantograph":13,"Molten Egg 2":27,"Bottled Lightning":10,"Kunai":46,"Red Skull":41,"Paper Frog":14},{"Ice Cream":12,"Pear":27,"Nilry\u0027s Codex":8,"Magic Flower":20,"Mango":30,"Pen Nib":12,"Letter Opener":4,"Whetstone":29,"Frozen Egg 2":10,"Medical Kit":9,"Question Card":22,"Burning Blood":0,"Sozu":17,"Du-Vu Doll":19,"Blood Vial":22,"Runic Dome":7,"Dream Catcher":16,"TheAbacus":29,"Pantograph":5,"Molten Egg 2":13,"Bottled Lightning":5,"Kunai":25,"Red Skull":21,"Paper Frog":6},{"Ice Cream":39,"Pear":75,"Nilry\u0027s Codex":28,"Magic Flower":55,"Mango":91,"Pen Nib":39,"Letter Opener":14,"Whetstone":88,"Frozen Egg 2":32,"Medical Kit":29,"Question Card":60,"Burning Blood":0,"Sozu":50,"Du-Vu Doll":54,"Blood Vial":60,"Runic Dome":27,"Dream Catcher":47,"TheAbacus":88,"Pantograph":17,"Molten Egg 2":41,"Bottled Lightning":17,"Kunai":69,"Red Skull":57,"Paper Frog":24}]},"card_choices":[{"not_picked":["Wild Strike","EmptyMind","Dash"],"picked":"SKIP","floor":1},{"not_picked":["JustLucky","Dodge and Roll","Streamline"],"picked":"SKIP","floor":3},{"not_picked":["Whirlwind","Pommel Strike","Conserve Battery"],"picked":"SKIP","floor":4},{"not_picked":["EmptyBody","Protect","Anger"],"picked":"SKIP","floor":7},{"not_picked":["Blade Dance","Gash"],"picked":"Backflip","floor":10},{"not_picked":["Bouncing Flask","Limit Break","CrushJoints"],"picked":"SKIP","floor":14},{"not_picked":["Havoc","EmptyFist","Force Field"],"picked":"SKIP","floor":18},{"not_picked":["Ball Lightning","Coolheaded","Cold Snap"],"picked":"SKIP","floor":20},{"not_picked":["FollowUp","Conserve Battery","FlurryOfBlows"],"picked":"SKIP","floor":23},{"not_picked":["Havoc","Turbo+1","Prepared"],"picked":"SKIP","floor":24},{"not_picked":["Sanctity","BattleHymn+1","Iron Wave"],"picked":"SKIP","floor":25},{"not_picked":["Coolheaded","CarveReality+1","WreathOfFlame"],"picked":"SKIP","floor":27},{"not_picked":["Leg Sweep","Coolheaded","Quick Slash+1"],"picked":"SKIP","floor":29},{"not_picked":["Quick Slash+1","Dropkick+1","Redo"],"picked":"SKIP","floor":30},{"not_picked":["Barrage+1","Steam","Brilliance+1"],"picked":"SKIP","floor":31},{"not_picked":["Capacitor+1","Sanctity","Leap+1"],"picked":"SKIP","floor":35},{"not_picked":["Reckless Charge+1","Deflect+1","Armaments"],"picked":"SKIP","floor":37},{"not_picked":["JustLucky+1","Battle Trance","LessonLearned+1"],"picked":"SKIP","floor":41},{"not_picked":["Reprogram+1","ThirdEye","Heatsinks+1"],"picked":"SKIP","floor":42},{"not_picked":["Consecrate+1","FlurryOfBlows+1","Cleave+1","Conserve Battery"],"picked":"SKIP","floor":44},{"not_picked":["Rupture+1","Genetic Algorithm","Acrobatics","Redo"],"picked":"SKIP","floor":45},{"not_picked":["Doppelganger","Conserve Battery","Acrobatics","Electrodynamics+1"],"picked":"SKIP","floor":46},{"not_picked":["Dagger Spray+1","Havoc","Stack"],"picked":"Blur+1","floor":47},{"not_picked":["Turbo","Shrug It Off+1","Reckless Charge+1","Capacitor+1"],"picked":"SKIP","floor":48},{"not_picked":["Indignation","Footwork+1","All Out Attack+1"],"picked":"Core Surge+1","floor":55}],"player_experience":1884448,"relics_obtained":[{"floor":7,"key":"Letter Opener"},{"floor":10,"key":"Bottled Lightning"},{"floor":13,"key":"Pantograph"},{"floor":14,"key":"Paper Frog"},{"floor":19,"key":"Nilry\u0027s Codex"},{"floor":23,"key":"Frozen Egg 2"},{"floor":25,"key":"Pen Nib"},{"floor":26,"key":"Ice Cream"},{"floor":27,"key":"Molten Egg 2"},{"floor":31,"key":"Dream Catcher"},{"floor":36,"key":"Du-Vu Doll"},{"floor":39,"key":"Magic Flower"},{"floor":41,"key":"Red Skull"},{"floor":42,"key":"Question Card"},{"floor":43,"key":"Blood Vial"},{"floor":46,"key":"Kunai"},{"floor":48,"key":"Pear"},{"floor":55,"key":"Mango"}],"event_choices":[{"damage_healed":0,"gold_gain":0,"player_choice":"Donut","damage_taken":0,"max_hp_gain":5,"max_hp_loss":0,"event_name":"Big Fish","floor":5,"gold_loss":0},{"damage_healed":0,"gold_gain":0,"player_choice":"Obtained Book","damage_taken":21,"max_hp_gain":0,"max_hp_loss":0,"event_name":"Cursed Tome","floor":19,"gold_loss":0},{"damage_healed":0,"gold_gain":0,"player_choice":"Shed Blood","damage_taken":28,"max_hp_gain":5,"max_hp_loss":0,"event_name":"Forgotten Altar","floor":22,"gold_loss":0},{"damage_healed":0,"gold_gain":0,"player_choice":"Fight","damage_taken":0,"max_hp_gain":0,"max_hp_loss":0,"event_name":"Mysterious Sphere","floor":36,"gold_loss":0},{"damage_healed":0,"gold_gain":0,"player_choice":"Memory 3","damage_taken":10,"max_hp_gain":0,"max_hp_loss":0,"event_name":"SensoryStone","floor":38,"gold_loss":0}],"is_beta":false,"boss_relics":[{"not_picked":["Philosopher\u0027s Stone","Calling Bell"],"picked":"Runic Dome"},{"not_picked":["Tiny House","Velvet Choker"],"picked":"Sozu"}],"items_purged_floors":[2,11,54],"is_endless":false,"potions_floor_spawned":[1,7,14,18,20,24,29,30,33,42,44,45,46],"ascension_level":20}}