{"host":"8cqz7u612ax6p4mk","time":1612656364,"event":{"mods":["AchievementEnabler","BaseMod","Bestiary","DeckTracker","Minty Spire (QoL Compilation)","Relic Stats"],"gold_per_floor":[114,39,214,225,225,252,252,252,252],"floor_reached":8,"language":"ENG","playtime":706,"items_purged":["Strike_G"],"score":57,"play_id":"cad69c9a-be58-4dd5-9c8e-18ea1f3f0d22","local_time":"20210206190604","is_ascension_mode":true,"campfire_choices":[{"floor":7,"key":"REST"}],"circlet_count":0,"master_deck":["Strike_G","Strike_G","Strike_G","Strike_G","Defend_G","Defend_G","Defend_G","Defend_G","Defend_G","Survivor","Neutralize","Flechettes","Doubt","Backflip"],"relics":["Ring of the Snake","MealTicket","Calipers"],"acts_visited":["Exordium"],"potions_floor_usage":[8],"damage_taken":[{"damage":1,"enemies":"Cultist","floor":1,"turns":4},{"damage":0,"enemies":"Jaw Worm","floor":4,"turns":4},{"damage":53,"enemies":"3 Sentries","floor":6,"turns":17},{"damage":38,"enemies":"Gremlin Nob","floor":8,"turns":5}],"seed_played":"3287149194284809635","potions_obtained":[{"floor":4,"key":"LiquidMemories"}],"is_trial":false,"path_per_floor":["M","$","?","M","?","E","R","E"],"character_chosen":"THE_SILENT","items_purchased":[],"campfire_rested":1,"item_purchase_floors":[],"current_hp_per_floor":[69,69,69,69,66,13,34,0,0],"gold":252,"neow_bonus":"THREE_CARDS","is_daily":false,"chose_seed":false,"campfire_upgraded":0,"win_rate":0.0,"timestamp":1612656364,"path_taken":["M","?","?","M","?","E","R","E"],"items_purchased_type":[],"build_version":"2020-12-22","purchased_purges":1,"victory":false,"max_hp_per_floor":[70,70,70,70,70,70,70,70,70],"relic_stats":{"counters":[4,30],"MealTicket":0,"obtain_stats":[{"Calipers":6,"MealTicket":5,"Ring of the Snake":0},{"Calipers":3,"MealTicket":2,"Ring of the Snake":0},{"Calipers":25,"MealTicket":8,"Ring of the Snake":0}],"Ring of the Snake":[8]},"card_choices":[{"not_picked":["Cloak And Dagger","Backflip"],"picked":"Flechettes","floor":0},{"not_picked":["Quick Slash","Deadly Poison","Underhanded Strike"],"picked":"SKIP","floor":1},{"not_picked":["Bouncing Flask","Sucker Punch"],"picked":"Backflip","floor":4},{"not_picked":["Calculated Gamble","Poisoned Stab","Catalyst"],"picked":"SKIP","floor":6}],"player_experience":156531,"relics_obtained":[{"floor":6,"key":"Calipers"}],"event_choices":[{"damage_healed":0,"gold_gain":175,"player_choice":"AGREE","damage_taken":0,"max_hp_gain":0,"max_hp_loss":0,"event_name":"Liars Game","floor":3,"gold_loss":0,"cards_obtained":["Doubt"]},{"damage_healed":0,"gold_gain":0,"player_choice":"Success","damage_taken":3,"relics_obtained":["MealTicket"],"max_hp_gain":0,"max_hp_loss":0,"event_name":"Scrap Ooze","floor":5,"gold_loss":0}],"is_beta":false,"boss_relics":[],"items_purged_floors":[2],"is_endless":false,"potions_floor_spawned":[4],"killed_by":"Gremlin Nob","ascension_level":1}}