{"host":"rvi1y8y3yqqeu4i3","time":1612681396,"event":{"mods":["BaseMod","Curses Come First","GifTheSpireLib","Hermit","Marisa????????","Melee Mod","Minty Spire (QoL Compilation)","StSLib","The Bug Knight","The Cursed","The Marked","The Servant 0.9.4","The Wild Card"],"gold_per_floor":[118,134,108,119,119,119,119,394,394,394,405,434,447,108,108,206,206,220,240,200,200,216,216,247,247,247,347,364,364,364],"floor_reached":29,"language":"ENG","playtime":1606,"items_purged":[],"score":243,"play_id":"589a3276-ee64-4b95-946a-a51c5a513514","local_time":"20210206230316","is_ascension_mode":false,"campfire_choices":[{"data":"hermit:Quickdraw","floor":6,"key":"SMITH"},{"floor":10,"key":"REST"},{"floor":15,"key":"REST"},{"floor":23,"key":"RECALL"},{"floor":25,"key":"REST"}],"circlet_count":0,"master_deck":["hermit:Strike_Hermit","hermit:Strike_Hermit","hermit:Strike_Hermit","hermit:Strike_Hermit","hermit:Defend_Hermit","hermit:Defend_Hermit","hermit:Defend_Hermit+1","hermit:Defend_Hermit","hermit:Snapshot","hermit:Covet+1","hermit:Quickdraw","hermit:Manifest","hermit:Headshot","hermit:Quickdraw+1","Regret","hermit:BodyArmor","hermit:Roulette","hermit:Spite","Apotheosis","hermit:FinalCanter","hermit:Glare+1","hermit:FullyLoaded","hermit:ShadowCloak","hermit:Enervate","Pain","hermit:HighCaliber+1","hermit:Glare"],"relics":["hermit:Momento","NeowsBlessing","Lantern","Matryoshka","Akabeko","hermit:PetGhost","Cursed Key","Nunchaku","Mango","Bottled Tornado"],"acts_visited":["Exordium","TheCity"],"potions_floor_usage":[11,12,16,24,28],"damage_taken":[{"damage":0,"enemies":"Small Slimes","floor":1,"turns":1},{"damage":0,"enemies":"2 Louse","floor":2,"turns":1},{"damage":0,"enemies":"Cultist","floor":4,"turns":1},{"damage":2,"enemies":"Looter","floor":11,"turns":2},{"damage":25,"enemies":"Gremlin Nob","floor":12,"turns":5},{"damage":1,"enemies":"2 Fungi Beasts","floor":13,"turns":3},{"damage":36,"enemies":"Hexaghost","floor":16,"turns":9},{"damage":1,"enemies":"Chosen","floor":18,"turns":4},{"damage":21,"enemies":"Centurion and Healer","floor":19,"turns":5},{"damage":6,"enemies":"Snake Plant","floor":22,"turns":4},{"damage":41,"enemies":"Slavers","floor":24,"turns":6},{"damage":10,"enemies":"Colosseum Slavers","floor":27,"turns":4},{"damage":32,"enemies":"Colosseum Nobs","floor":27,"turns":5},{"damage":18,"enemies":"Snecko","floor":28,"turns":7},{"damage":100013,"enemies":"Sentry and Sphere","floor":29,"turns":4}],"seed_played":"6913465578283632269","potions_obtained":[{"floor":4,"key":"ColorlessPotion"},{"floor":11,"key":"hermit:Tonic"},{"floor":13,"key":"Fire Potion"},{"floor":16,"key":"Energy Potion"},{"floor":22,"key":"Dexterity Potion"},{"floor":24,"key":"Strength Potion"}],"is_trial":false,"path_per_floor":["M","M","$","M","?","R","?","?","T","R","M","E","M","$","R","B",null,"M","M","$","?","M","R","E","R","T","?","M","M"],"character_chosen":"HERMIT","items_purchased":["hermit:Headshot","Apotheosis","hermit:PetGhost","hermit:FullyLoaded"],"campfire_rested":3,"item_purchase_floors":[3,14,14,20],"current_hp_per_floor":[75,75,75,75,63,63,48,48,48,70,68,43,42,42,64,28,75,74,53,53,75,69,69,28,50,50,22,4,0,0],"gold":364,"neow_bonus":"THREE_ENEMY_KILL","is_daily":false,"chose_seed":false,"campfire_upgraded":1,"win_rate":0.0,"timestamp":1612681396,"path_taken":["M","M","$","M","?","R","?","?","T","R","M","E","M","$","R","BOSS","M","M","$","?","M","R","E","R","T","?","M","M"],"items_purchased_type":["Card","Card","Relic","Card"],"build_version":"2020-12-22","purchased_purges":0,"victory":false,"max_hp_per_floor":[75,75,75,75,75,75,75,75,75,75,75,75,75,75,75,75,75,75,75,75,75,75,75,75,75,75,89,89,89,89],"card_choices":[{"not_picked":["hermit:Headshot","hermit:LowProfile"],"picked":"hermit:Quickdraw","floor":1},{"not_picked":["hermit:Headshot","hermit:Feint"],"picked":"hermit:Manifest","floor":2},{"not_picked":["hermit:Snipe","hermit:Misfire"],"picked":"hermit:Quickdraw","floor":4},{"not_picked":["hermit:HighCaliber","hermit:CalledShot"],"picked":"hermit:BodyArmor","floor":11},{"not_picked":["hermit:Glare","hermit:Determination"],"picked":"hermit:Roulette","floor":12},{"not_picked":["hermit:SprayPray","hermit:LoneWolf"],"picked":"hermit:Spite","floor":13},{"not_picked":["hermit:Roughhouse","hermit:Reprieve"],"picked":"hermit:FinalCanter","floor":16},{"not_picked":["hermit:Ricochet","hermit:Roulette","hermit:Snipe+1"],"picked":"SKIP","floor":18},{"not_picked":["hermit:Desperado","hermit:Misfire"],"picked":"hermit:Glare+1","floor":19},{"not_picked":["hermit:CursedWeapon","hermit:Midnight"],"picked":"hermit:ShadowCloak","floor":22},{"not_picked":["hermit:FullyLoaded+1","hermit:Roulette"],"picked":"hermit:Enervate","floor":24},{"not_picked":["hermit:BodyArmor","hermit:Coalescence"],"picked":"hermit:HighCaliber+1","floor":27},{"not_picked":["hermit:Snipe","hermit:Midnight"],"picked":"hermit:Glare","floor":28}],"player_experience":182295,"relics_obtained":[{"floor":9,"key":"Matryoshka"},{"floor":12,"key":"Akabeko"},{"floor":24,"key":"Nunchaku"},{"floor":27,"key":"Mango"},{"floor":27,"key":"Bottled Tornado"}],"event_choices":[{"damage_healed":0,"gold_gain":0,"player_choice":"Success","damage_taken":12,"relics_obtained":["Lantern"],"max_hp_gain":0,"max_hp_loss":0,"event_name":"Scrap Ooze","floor":5,"gold_loss":0},{"damage_healed":0,"gold_gain":0,"player_choice":"Entered Light","damage_taken":15,"max_hp_gain":0,"max_hp_loss":0,"event_name":"Shining Light","floor":7,"gold_loss":0,"cards_upgraded":["hermit:Covet","hermit:Defend_Hermit"]},{"damage_healed":0,"gold_gain":275,"player_choice":"Desecrate","damage_taken":0,"max_hp_gain":0,"max_hp_loss":0,"event_name":"Golden Shrine","floor":8,"gold_loss":0,"cards_obtained":["Regret"]},{"damage_healed":25,"gold_gain":0,"player_choice":"Heal","damage_taken":0,"max_hp_gain":0,"max_hp_loss":0,"event_name":"The Library","floor":21,"gold_loss":0},{"damage_healed":0,"gold_gain":0,"player_choice":"Fight","damage_taken":0,"max_hp_gain":0,"max_hp_loss":0,"event_name":"Colosseum","floor":27,"gold_loss":0},{"damage_healed":0,"gold_gain":0,"player_choice":"Fought Nobs","damage_taken":0,"max_hp_gain":0,"max_hp_loss":0,"event_name":"Colosseum","floor":27,"gold_loss":0}],"is_beta":false,"boss_relics":[{"not_picked":["Velvet Choker","Snecko Eye"],"picked":"Cursed Key"}],"items_purged_floors":[],"is_endless":false,"potions_floor_spawned":[4,11,13,16,22,24,27],"killed_by":"Sentry and Sphere","ascension_level":0}}