{"host":"x000krxjblg8jdg4","time":1612660238,"event":{"mods":["BaseMod","Downfall","Hermit","Minty Spire (QoL Compilation)","StSLib","The Cursed","The Runesmith","The Servant 0.9.4"],"gold_per_floor":[114,114,131,131,150,150,181,181,260,260,277,51,78,90,90,188,188,205,220,232,232,248,248,274,274,274,289,314,346,359,16,16,119,119,135,150,150,150],"floor_reached":37,"language":"ENG","playtime":2062,"items_purged":[],"score":442,"play_id":"2e2d8e3c-7f1b-4687-8a4f-a5d61c5695d3","local_time":"20210206231038","is_ascension_mode":true,"campfire_choices":[{"data":"Static Discharge","floor":6,"key":"SMITH"},{"data":"Beam Cell","floor":8,"key":"SMITH"},{"floor":15,"key":"REST"},{"floor":23,"key":"REST"},{"data":"Creative AI","floor":25,"key":"SMITH"},{"floor":32,"key":"REST"}],"circlet_count":0,"master_deck":["Strike_B","Strike_B","Strike_B","Strike_B","Defend_B","Defend_B","Defend_B","Defend_B","Zap+1","Dualcast+1","Beam Cell+1","Leap","Auto Shields","Static Discharge+1","Cold Snap","Self Repair","Defragment","Glacier","Doom and Gloom","Creative AI+1","Static Discharge","Rip and Tear+1","Blizzard","Zap","Cold Snap","Melter","Defragment","Redo","Scrape","Ball Lightning","Mayhem","Gash","Gash","Leap"],"relics":["Cracked Core","Regal Pillow","Eternal Feather","Ancient Tea Set","PreservedInsect","Inserter","Ice Cream","HornCleat","Red Mask","Happy Flower","Membership Card","Runesmith:AutoHammer"],"acts_visited":["Exordium","TheCity","TheBeyond"],"potions_floor_usage":[16,18,18,29,29,33,33,35],"damage_taken":[{"damage":0,"enemies":"Small Slimes","floor":1,"turns":2},{"damage":0,"enemies":"Cultist","floor":3,"turns":4},{"damage":0,"enemies":"2 Louse","floor":5,"turns":3},{"damage":10,"enemies":"Gremlin Nob","floor":7,"turns":3},{"damage":11,"enemies":"Large Slime","floor":11,"turns":5},{"damage":6,"enemies":"Lagavulin","floor":13,"turns":5},{"damage":0,"enemies":"2 Fungi Beasts","floor":14,"turns":3},{"damage":32,"enemies":"Slime Boss","floor":16,"turns":6},{"damage":40,"enemies":"3 Byrds","floor":18,"turns":4},{"damage":4,"enemies":"Shell Parasite","floor":19,"turns":10},{"damage":24,"enemies":"Snecko","floor":20,"turns":7},{"damage":30,"enemies":"Snake Plant","floor":22,"turns":4},{"damage":19,"enemies":"Book of Stabbing","floor":24,"turns":5},{"damage":3,"enemies":"Centurion and Healer","floor":27,"turns":9},{"damage":27,"enemies":"Masked Bandits","floor":28,"turns":4},{"damage":35,"enemies":"Slavers","floor":29,"turns":5},{"damage":1,"enemies":"Snecko","floor":30,"turns":6},{"damage":44,"enemies":"Collector","floor":33,"turns":9},{"damage":31,"enemies":"Orb Walker","floor":35,"turns":5},{"damage":34,"enemies":"3 Darklings","floor":36,"turns":5},{"damage":20,"enemies":"Maw","floor":37,"turns":4}],"seed_played":"1843358423047903581","potions_obtained":[{"floor":5,"key":"DuplicationPotion"},{"floor":7,"key":"Regen Potion"},{"floor":14,"key":"Strength Potion"},{"floor":22,"key":"sneckomod:MuddlingPotion"},{"floor":27,"key":"Block Potion"},{"floor":29,"key":"SkillPotion"},{"floor":30,"key":"Swift Potion"},{"floor":33,"key":"Block Potion"}],"is_trial":false,"path_per_floor":["M","?","M","?","M","R","E","R","T","?","M","$","E","M","R","B",null,"M","M","M","?","M","R","E","R","T","M","?","E","M","$","R","B",null,"M","M","M"],"character_chosen":"DEFECT","items_purchased":["Ancient Tea Set","Defragment","Membership Card","Mayhem","Gash","Runesmith:AutoHammer"],"campfire_rested":3,"item_purchase_floors":[12,12,31,31,31,31],"current_hp_per_floor":[75,75,75,75,75,75,65,65,65,65,54,54,55,55,75,50,75,51,54,37,37,14,66,54,69,69,73,53,25,31,31,75,31,75,51,17,0,0],"gold":150,"neow_bonus":"THREE_CARDS","is_daily":false,"chose_seed":false,"campfire_upgraded":3,"win_rate":0.0,"timestamp":1612660238,"path_taken":["M","?","M","?","M","R","E","R","T","?","M","$","E","M","R","BOSS","M","M","M","?","M","R","E","R","T","?","?","E","M","$","R","BOSS","M","M","M"],"items_purchased_type":["Relic","Card","Relic","Card","Card","Relic"],"build_version":"2020-12-22","purchased_purges":0,"victory":false,"max_hp_per_floor":[75,75,75,75,75,75,75,75,75,75,75,75,75,75,75,75,75,75,75,75,75,75,75,75,75,75,75,75,75,75,75,75,75,75,75,75,75,75],"card_choices":[{"not_picked":["Leap","Stack"],"picked":"Beam Cell","floor":0},{"not_picked":["Hologram","Turbo"],"picked":"Leap","floor":1},{"not_picked":["Fusion","Genetic Algorithm"],"picked":"Auto Shields","floor":3},{"not_picked":["Stack","Coolheaded"],"picked":"Static Discharge","floor":5},{"not_picked":["Genetic Algorithm","Redo"],"picked":"Cold Snap","floor":7},{"not_picked":["Fusion","Go for the Eyes"],"picked":"Self Repair","floor":11},{"not_picked":["Stack","Skim"],"picked":"Glacier","floor":13},{"not_picked":["Rebound","Hologram"],"picked":"Doom and Gloom","floor":14},{"not_picked":["Thunder Strike","Amplify"],"picked":"Creative AI","floor":16},{"not_picked":["Coolheaded","Beam Cell"],"picked":"Static Discharge","floor":18},{"not_picked":["Compile Driver","Streamline+1"],"picked":"Rip and Tear+1","floor":19},{"not_picked":["Cold Snap","Stack"],"picked":"Blizzard","floor":20},{"not_picked":["Turbo","Coolheaded"],"picked":"Cold Snap","floor":22},{"not_picked":["Conserve Battery","Redo"],"picked":"Melter","floor":24},{"not_picked":["Chill+1","Compile Driver"],"picked":"Defragment","floor":27},{"not_picked":["Scrape","All For One"],"picked":"Redo","floor":28},{"not_picked":["Undo","Go for the Eyes"],"picked":"Scrape","floor":29},{"not_picked":["Rip and Tear","Streamline"],"picked":"Ball Lightning","floor":30},{"not_picked":["FTL+1","Doom and Gloom"],"picked":"Gash","floor":35},{"not_picked":["Redo","Steam Power"],"picked":"Leap","floor":36}],"player_experience":88019,"relics_obtained":[{"floor":7,"key":"Regal Pillow"},{"floor":9,"key":"Eternal Feather"},{"floor":13,"key":"PreservedInsect"},{"floor":24,"key":"Ice Cream"},{"floor":26,"key":"HornCleat"},{"floor":28,"key":"Red Mask"},{"floor":29,"key":"Happy Flower"}],"event_choices":[{"damage_healed":0,"gold_gain":0,"player_choice":"Leave","damage_taken":0,"max_hp_gain":0,"max_hp_loss":0,"event_name":"The Cleric","floor":2,"gold_loss":0},{"damage_healed":0,"gold_gain":0,"player_choice":"Grow","damage_taken":0,"max_hp_gain":0,"max_hp_loss":0,"event_name":"Living Wall","floor":4,"gold_loss":0,"cards_upgraded":["Zap"]},{"damage_healed":0,"gold_gain":0,"player_choice":"Upgraded","damage_taken":0,"max_hp_gain":0,"max_hp_loss":0,"event_name":"Upgrade Shrine","floor":10,"gold_loss":0,"cards_upgraded":["Dualcast"]},{"damage_healed":0,"gold_gain":0,"player_choice":"1 cards matched","damage_taken":0,"max_hp_gain":0,"max_hp_loss":0,"event_name":"Match and Keep!","floor":21,"gold_loss":0,"cards_obtained":["Zap"]},{"damage_healed":0,"gold_gain":0,"player_choice":"Fought Bandits","damage_taken":0,"max_hp_gain":0,"max_hp_loss":0,"event_name":"Masked Bandits","floor":28,"gold_loss":0}],"is_beta":false,"boss_relics":[{"not_picked":["Sozu","SacredBark"],"picked":"Inserter"},{"not_picked":["FrozenCore","Empty Cage","Snecko Eye"]}],"items_purged_floors":[],"is_endless":false,"potions_floor_spawned":[5,7,14,22,27,29,30,33],"killed_by":"Maw","ascension_level":1}}