{"host":"42xf941fomyavgzy","time":1612691681,"event":{"mods":["Act Like it!","Astrologer","BaseMod","Colored Map","Minty Spire (QoL Compilation)","Shop Mod","StSLib","SuperFastMode","The Cursed"],"gold_per_floor":[112,130,130,149,161,161,186,136,136,149,0,16,16,30,30,30,30],"floor_reached":16,"language":"JPN","playtime":709,"items_purged":[],"score":130,"play_id":"8b4d5cd3-85ed-4ea7-a1ac-f03ff540e41f","local_time":"20210207185441","is_ascension_mode":true,"campfire_choices":[{"data":"FearNoEvil","floor":6,"key":"SMITH"},{"floor":15,"key":"REST"}],"circlet_count":0,"master_deck":["Strike_P","Strike_P","Strike_P","Strike_P","Defend_P","Defend_P","Defend_P","Defend_P","Eruption","Vigilance","Good Instincts","Worship","FearNoEvil+1","BowlingBash","DeceiveReality","CrushJoints","CutThroughFate"],"relics":["PureWater","Du-Vu Doll","Pantograph","Frozen Egg 2","PreservedInsect"],"acts_visited":["Exordium"],"potions_floor_usage":[10,10,12],"damage_taken":[{"damage":0,"enemies":"Jaw Worm","floor":1,"turns":2},{"damage":6,"enemies":"2 Louse","floor":2,"turns":3},{"damage":5,"enemies":"Cultist","floor":4,"turns":3},{"damage":20,"enemies":"Exordium Thugs","floor":5,"turns":4},{"damage":33,"enemies":"Lagavulin","floor":7,"turns":7},{"damage":6,"enemies":"3 Louse","floor":10,"turns":3},{"damage":0,"enemies":"2 Fungi Beasts","floor":12,"turns":2},{"damage":0,"enemies":"Blue Slaver","floor":14,"turns":4},{"damage":73,"enemies":"Hexaghost","floor":16,"turns":15}],"seed_played":"6848947044638693804","potions_obtained":[{"floor":4,"key":"BottledMiracle"},{"floor":7,"key":"Dexterity Potion"},{"floor":10,"key":"Swift Potion"},{"floor":12,"key":"FairyPotion"}],"is_trial":false,"path_per_floor":["M","M","?","M","M","R","E","?","T","M","$","M","$","M","R","B"],"character_chosen":"WATCHER","items_purchased":["PreservedInsect"],"campfire_rested":1,"item_purchase_floors":[11],"current_hp_per_floor":[72,66,66,61,41,41,8,8,8,2,2,2,2,2,23,0,0],"gold":30,"neow_bonus":"RANDOM_COLORLESS","is_daily":false,"chose_seed":false,"campfire_upgraded":1,"win_rate":0.0,"timestamp":1612691681,"path_taken":["M","M","?","M","M","R","E","?","T","M","$","M","?","?","R","BOSS"],"items_purchased_type":["Relic"],"build_version":"2020-12-22","purchased_purges":0,"victory":false,"max_hp_per_floor":[72,72,72,72,72,72,72,72,72,72,72,72,72,72,72,72,72],"card_choices":[{"not_picked":["Deep Breath","Forethought"],"picked":"Good Instincts","floor":0},{"not_picked":["EmptyMind","Consecrate"],"picked":"Worship","floor":1},{"not_picked":["EmptyBody","Collect"],"picked":"FearNoEvil","floor":2},{"not_picked":["EmptyFist","PathToVictory"],"picked":"BowlingBash","floor":4},{"not_picked":["EmptyBody","BowlingBash"],"picked":"DeceiveReality","floor":5},{"not_picked":["ThirdEye","Conclude"],"picked":"CrushJoints","floor":7},{"not_picked":["WaveOfTheHand","SashWhip"],"picked":"CutThroughFate","floor":10},{"not_picked":["WaveOfTheHand","BowlingBash","FollowUp"],"picked":"SKIP","floor":12},{"not_picked":["FearNoEvil","Halt","BowlingBash"],"picked":"SKIP","floor":14}],"player_experience":455877,"relics_obtained":[{"floor":7,"key":"Pantograph"},{"floor":9,"key":"Frozen Egg 2"}],"event_choices":[{"damage_healed":0,"gold_gain":0,"player_choice":"Box","damage_taken":0,"relics_obtained":["Du-Vu Doll"],"max_hp_gain":0,"max_hp_loss":0,"event_name":"Big Fish","floor":3,"gold_loss":0,"cards_obtained":["Regret"]},{"cards_removed":["Regret"],"damage_healed":0,"gold_gain":0,"player_choice":"Card Removal","damage_taken":0,"max_hp_gain":0,"max_hp_loss":0,"event_name":"The Cleric","floor":8,"gold_loss":50}],"is_beta":false,"boss_relics":[],"items_purged_floors":[],"is_endless":false,"potions_floor_spawned":[4,7,10,12],"killed_by":"Hexaghost","ascension_level":5}}