{"host":"1m3dfme8k5w8sg4k","time":1612738057,"event":{"mods":["AchievementEnabler","BaseMod","Colored Map","Colored Powertips","Minty Spire (QoL Compilation)","Random Character Button","Random Character Mod","Relic Stats","StSLib","everything is the same but u backflip on backflip"],"gold_per_floor":[114,114,133,152,0,0,19,57,132,132,170,170,189,208,208,333,333,352,371,121,220,239,277,296,296,296,296,315,353,372,410,410,535,535,554,573,592,264,283,283,321,321,321,321,321,1,20,20,20,20],"floor_reached":51,"language":"ENG","playtime":2202,"items_purged":["Injury","Strike_G","Strike_G"],"score":824,"play_id":"cf0e3308-ff4d-4427-ab1c-9d6f225188ba","local_time":"20210207174737","daily_mods":["Heirloom","ControlledChaos","Lethality"],"is_ascension_mode":false,"campfire_choices":[{"data":"All Out Attack","floor":6,"key":"SMITH"},{"data":"Dagger Throw","floor":10,"key":"SMITH"},{"data":"Backstab","floor":15,"key":"SMITH"},{"data":"Wraith Form v2","floor":25,"key":"SMITH"},{"data":"Neutralize","floor":27,"key":"SMITH"},{"data":"Riddle With Holes","floor":32,"key":"SMITH"},{"data":"Mayhem","floor":40,"key":"SMITH"},{"data":"Well Laid Plans","floor":42,"key":"SMITH"},{"data":"Acrobatics","floor":44,"key":"SMITH"},{"floor":49,"key":"REST"}],"circlet_count":0,"master_deck":["Strike_G","Strike_G","Strike_G","Defend_G","Defend_G","Defend_G","Defend_G","Defend_G","Survivor","Neutralize+1","PiercingWail","All Out Attack+1","Dagger Throw+1","Flying Knee","Backstab+1","Acrobatics+1","Wraith Form v2+1","Backflip","Cloak And Dagger+1","PiercingWail+1","Riddle With Holes+1","Die Die Die","Blade Dance+1","PiercingWail+1","Storm of Steel+1","CurseOfTheBell","Riddle With Holes+1","Leg Sweep+1","Well Laid Plans+1","Mayhem+1","Well Laid Plans+1","Madness+1","Madness+1","Backflip+1","Wraith Form v2"],"relics":["Ring of the Snake","Frozen Eye","Thread and Needle","Golden Idol","Bird Faced Urn","Matryoshka","Boot","Philosopher\u0027s Stone","Orichalcum","Vajra","Dream Catcher","Toxic Egg 2","Nunchaku","Happy Flower","Calling Bell","Akabeko","InkBottle","Lizard Tail","The Courier","Bronze Scales","Turnip","Mummified Hand","Bag of Preparation"],"acts_visited":["Exordium","TheCity","TheBeyond"],"potions_floor_usage":[33,33,50],"damage_taken":[{"damage":0,"enemies":"2 Louse","floor":1,"turns":3},{"damage":0,"enemies":"Jaw Worm","floor":3,"turns":3},{"damage":0,"enemies":"Cultist","floor":4,"turns":3},{"damage":0,"enemies":"Looter","floor":7,"turns":2},{"damage":14,"enemies":"Lagavulin","floor":8,"turns":7},{"damage":4,"enemies":"Gremlin Nob","floor":11,"turns":3},{"damage":2,"enemies":"Gremlin Gang","floor":13,"turns":3},{"damage":0,"enemies":"Red Slaver","floor":14,"turns":1},{"damage":41,"enemies":"The Guardian","floor":16,"turns":9},{"damage":0,"enemies":"Spheric Guardian","floor":18,"turns":1},{"damage":0,"enemies":"Chosen","floor":19,"turns":3},{"damage":0,"enemies":"Snake Plant","floor":22,"turns":3},{"damage":2,"enemies":"Book of Stabbing","floor":23,"turns":4},{"damage":0,"enemies":"Cultist and Chosen","floor":24,"turns":4},{"damage":0,"enemies":"Snecko","floor":28,"turns":3},{"damage":0,"enemies":"Gremlin Leader","floor":29,"turns":5},{"damage":0,"enemies":"Sentry and Sphere","floor":30,"turns":2},{"damage":14,"enemies":"Book of Stabbing","floor":31,"turns":4},{"damage":48,"enemies":"Champ","floor":33,"turns":7},{"damage":0,"enemies":"Orb Walker","floor":35,"turns":2},{"damage":0,"enemies":"3 Darklings","floor":36,"turns":2},{"damage":0,"enemies":"Sphere and 2 Shapes","floor":37,"turns":1},{"damage":0,"enemies":"Jaw Worm Horde","floor":39,"turns":1},{"damage":0,"enemies":"Giant Head","floor":41,"turns":6},{"damage":0,"enemies":"3 Darklings","floor":47,"turns":2},{"damage":50,"enemies":"Time Eater","floor":50,"turns":9}],"seed_played":"8884597751285247366","potions_obtained":[{"floor":3,"key":"SneckoOil"},{"floor":7,"key":"DuplicationPotion"},{"floor":14,"key":"CultistPotion"},{"floor":16,"key":"SpeedPotion"},{"floor":23,"key":"Fire Potion"},{"floor":31,"key":"PowerPotion"},{"floor":39,"key":"SpeedPotion"},{"floor":47,"key":"FearPotion"}],"is_trial":false,"path_per_floor":["M","?","M","M","$","R","M","E","T","R","E","?","M","M","R","B",null,"M","M","$","?","M","E","M","R","T","R","M","E","M","E","R","B",null,"M","M","M","$","M","R","E","R","T","R","?","$","M","?","R","B",null],"character_chosen":"THE_SILENT","items_purchased":["All Out Attack","Orichalcum","Well Laid Plans","Mayhem","Mummified Hand","Bag of Preparation"],"campfire_rested":1,"item_purchase_floors":[5,20,38,38,46,46],"current_hp_per_floor":[70,70,70,70,70,70,70,56,56,56,52,52,50,50,50,21,70,70,70,70,70,70,70,70,70,70,70,70,70,70,56,56,12,70,70,70,70,70,70,70,70,70,70,70,61,61,63,63,70,32],"gold":20,"neow_bonus":"","is_daily":true,"chose_seed":false,"campfire_upgraded":9,"win_rate":0.0,"timestamp":1612738057,"path_taken":["M","?","M","M","$","R","M","E","T","R","E","?","M","M","R","BOSS","M","M","$","?","M","E","M","R","T","R","M","E","M","E","R","BOSS","M","M","M","$","M","R","E","R","T","R","?","$","M","?","R","BOSS"],"items_purchased_type":["Card","Relic","Card","Card","Relic","Relic"],"build_version":"2020-12-22","purchased_purges":3,"victory":true,"max_hp_per_floor":[70,70,70,70,70,70,70,70,70,70,70,70,70,70,70,70,70,70,70,70,70,70,70,70,70,70,70,70,70,70,70,70,70,70,70,70,70,70,70,70,70,70,70,70,70,70,70,70,70,70],"relic_stats":{"Happy Flower":[10],"counters":[26,93],"Golden Idol":187,"Bag of Preparation":[4],"Orichalcum":[96],"Boot":[12],"Dream Catcher":1,"Nunchaku":[13],"Lizard Tail":0,"Mummified Hand":[12],"Bird Faced Urn":[32],"Bronze Scales":[48],"Turnip":[0],"obtain_stats":[{"Happy Flower":31,"Golden Idol":2,"Vajra":23,"Thread and Needle":0,"The Courier":41,"Bag of Preparation":46,"Orichalcum":20,"Boot":11,"Akabeko":34,"Calling Bell":34,"Frozen Eye":0,"Dream Catcher":26,"Nunchaku":29,"Lizard Tail":34,"Matryoshka":9,"Mummified Hand":46,"Bird Faced Urn":8,"Bronze Scales":43,"Philosopher\u0027s Stone":17,"Turnip":43,"Toxic Egg 2":26,"InkBottle":34,"Ring of the Snake":0},{"Happy Flower":18,"Golden Idol":1,"Vajra":13,"Thread and Needle":0,"The Courier":24,"Bag of Preparation":24,"Orichalcum":11,"Boot":6,"Akabeko":19,"Calling Bell":19,"Frozen Eye":0,"Dream Catcher":14,"Nunchaku":16,"Lizard Tail":19,"Matryoshka":5,"Mummified Hand":24,"Bird Faced Urn":5,"Bronze Scales":24,"Philosopher\u0027s Stone":9,"Turnip":24,"Toxic Egg 2":14,"InkBottle":19,"Ring of the Snake":0},{"Happy Flower":63,"Golden Idol":3,"Vajra":45,"Thread and Needle":0,"The Courier":82,"Bag of Preparation":82,"Orichalcum":38,"Boot":21,"Akabeko":70,"Calling Bell":70,"Frozen Eye":0,"Dream Catcher":49,"Nunchaku":57,"Lizard Tail":70,"Matryoshka":18,"Mummified Hand":82,"Bird Faced Urn":18,"Bronze Scales":82,"Philosopher\u0027s Stone":34,"Turnip":82,"Toxic Egg 2":49,"InkBottle":70,"Ring of the Snake":0}],"InkBottle":[12],"Ring of the Snake":[52]},"card_choices":[{"not_picked":["Prepared","Dodge and Roll","Deflect"],"picked":"SKIP","floor":1},{"not_picked":["Eviscerate","Prepared","Deflect"],"picked":"SKIP","floor":3},{"not_picked":["Dodge and Roll","Outmaneuver"],"picked":"PiercingWail","floor":4},{"not_picked":["Sucker Punch","Acrobatics"],"picked":"Dagger Throw","floor":7},{"not_picked":["Deflect","Quick Slash"],"picked":"Flying Knee","floor":8},{"not_picked":["A Thousand Cuts","Reflex","Underhanded Strike"],"picked":"SKIP","floor":11},{"not_picked":["Choke","Flying Knee"],"picked":"Backstab","floor":13},{"not_picked":["Flying Knee","Quick Slash"],"picked":"Acrobatics","floor":14},{"not_picked":["Corpse Explosion","Die Die Die"],"picked":"Wraith Form v2","floor":16},{"not_picked":["All Out Attack","Outmaneuver"],"picked":"Backflip","floor":18},{"not_picked":["PiercingWail","Acrobatics"],"picked":"Cloak And Dagger+1","floor":19},{"not_picked":["Heel Hook","PiercingWail","Noxious Fumes"],"picked":"SKIP","floor":22},{"not_picked":["Expertise","Acrobatics"],"picked":"PiercingWail+1","floor":23},{"not_picked":["Outmaneuver","Quick Slash+1","Cloak And Dagger"],"picked":"SKIP","floor":24},{"not_picked":["Dagger Spray","Prepared+1"],"picked":"Riddle With Holes","floor":28},{"not_picked":["Underhanded Strike","Accuracy+1"],"picked":"Die Die Die","floor":29},{"not_picked":["Cloak And Dagger+1","Heel Hook+1"],"picked":"Blade Dance+1","floor":30},{"not_picked":["Blur+1","Noxious Fumes"],"picked":"PiercingWail+1","floor":31},{"not_picked":["Adrenaline+1","A Thousand Cuts"],"picked":"Storm of Steel+1","floor":33},{"not_picked":["PiercingWail+1","Quick Slash","Flying Knee"],"picked":"SKIP","floor":35},{"not_picked":["Expertise+1","Heel Hook"],"picked":"Riddle With Holes+1","floor":36},{"not_picked":["Blade Dance+1","Footwork+1"],"picked":"Leg Sweep+1","floor":37},{"not_picked":["Doppelganger+1","Endless Agony+1"],"picked":"Well Laid Plans+1","floor":39},{"not_picked":["Eviscerate+1","Tactician+1","Poisoned Stab"],"picked":"SKIP","floor":41},{"not_picked":["Slice","Deadly Poison+1"],"picked":"Backflip+1","floor":47},{"not_picked":["Concentrate+1","Masterful Stab+1"],"picked":"Wraith Form v2","floor":49}],"player_experience":1623573,"relics_obtained":[{"floor":8,"key":"Bird Faced Urn"},{"floor":9,"key":"Matryoshka"},{"floor":11,"key":"Boot"},{"floor":23,"key":"Vajra"},{"floor":26,"key":"Dream Catcher"},{"floor":26,"key":"Toxic Egg 2"},{"floor":29,"key":"Nunchaku"},{"floor":31,"key":"Happy Flower"},{"floor":34,"key":"Akabeko"},{"floor":34,"key":"InkBottle"},{"floor":34,"key":"Lizard Tail"},{"floor":41,"key":"The Courier"},{"floor":43,"key":"Bronze Scales"},{"floor":43,"key":"Turnip"}],"event_choices":[{"damage_healed":0,"gold_gain":0,"player_choice":"Take Wound","damage_taken":0,"relics_obtained":["Golden Idol"],"max_hp_gain":0,"max_hp_loss":0,"event_name":"Golden Idol","floor":2,"gold_loss":0,"cards_obtained":["Injury"]},{"damage_healed":0,"gold_gain":0,"player_choice":"Ignored","damage_taken":0,"max_hp_gain":0,"max_hp_loss":0,"event_name":"Liars Game","floor":12,"gold_loss":0},{"damage_healed":0,"gold_gain":99,"player_choice":"Stole From Cult","damage_taken":0,"max_hp_gain":0,"max_hp_loss":0,"event_name":"Nest","floor":21,"gold_loss":0},{"damage_healed":0,"gold_gain":0,"player_choice":"Embrace Madness","damage_taken":9,"max_hp_gain":0,"max_hp_loss":0,"event_name":"Winding Halls","floor":45,"gold_loss":0,"cards_obtained":["Madness","Madness"]},{"damage_healed":0,"gold_gain":0,"player_choice":"Ignored","damage_taken":0,"max_hp_gain":0,"max_hp_loss":0,"event_name":"SecretPortal","floor":48,"gold_loss":0}],"is_beta":false,"boss_relics":[{"not_picked":["Ring of the Serpent","Black Star"],"picked":"Philosopher\u0027s Stone"},{"not_picked":["Astrolabe","Busted Crown"],"picked":"Calling Bell"}],"items_purged_floors":[5,20,38],"is_endless":false,"potions_floor_spawned":[3,7,14,16,23,24,29,31,39,47],"ascension_level":0}}