{"host":"i70yit5z0kpl303k","time":1612681491,"event":{"mods":["2.2 Compatiblity","Act Like it!","BaseMod","BetterRewards","Infinite Spire","Ironclad Rager","Koishi","Marked Mod","Minty Spire (QoL Compilation)","Relic Stats","Replay The Spire","StSLib","The Marked"],"gold_per_floor":[112,125,144,144,157,177,177,27,108,108,134,65,98,24,24,126,126,142,175,175,191,203,229,229,229,229,229,229],"floor_reached":27,"language":"ENG","playtime":878,"items_purged":[],"score":293,"play_id":"616a3421-bb63-4b85-92d7-8dd772159fb1","local_time":"20210206230451","is_ascension_mode":false,"campfire_choices":[{"data":"Accuracy","floor":7,"key":"SMITH"},{"floor":10,"key":"REST"},{"floor":15,"key":"REST"}],"circlet_count":0,"master_deck":["Strike_G","Strike_G","Strike_G","Strike_G","Strike_G","Defend_G","Defend_G","Defend_G","Defend_G","Defend_G","Survivor","Neutralize+1","Backstab","Bane","Cloak And Dagger","Blade Dance","Accuracy+1","Infinite Blades","Backstab","Distraction","Footwork","Flying Knee","Accuracy","Envenom","CurseOfTheBell","Cloak And Dagger","Dagger Throw","Accuracy+1","Flying Knee","PiercingWail+1"],"relics":["Ring of the Snake","Replay:Multitool","StrikeDummy","Pet Ghost","Counterbalance","Calling Bell","PreservedInsect","Gremlin Horn","Calipers","Red Mask","Replay:Accelerometer","infinitespire:Joker Card"],"acts_visited":["Exordium","TheCity"],"potions_floor_usage":[16,19,23,24],"damage_taken":[{"damage":0,"enemies":"Cultist","floor":1,"turns":5},{"damage":0,"enemies":"Small Slimes","floor":2,"turns":5},{"damage":0,"enemies":"Jaw Worm","floor":3,"turns":3},{"damage":25,"enemies":"Exordium Thugs","floor":5,"turns":6},{"damage":0,"enemies":"Looter","floor":6,"turns":2},{"damage":18,"enemies":"Lagavulin","floor":11,"turns":4},{"damage":6,"enemies":"3 Sentries","floor":13,"turns":6},{"damage":0,"enemies":"Slime Boss","floor":16,"turns":4},{"damage":5,"enemies":"Spheric Guardian","floor":18,"turns":3},{"damage":5,"enemies":"Masked Bandits","floor":19,"turns":3},{"damage":18,"enemies":"2 Thieves","floor":21,"turns":3},{"damage":10,"enemies":"Sentry and Sphere","floor":22,"turns":3},{"damage":27,"enemies":"Gremlin Leader","floor":23,"turns":4},{"damage":0,"enemies":"Shelled Parasite and Fungi","floor":24,"turns":1},{"damage":5,"enemies":"Snake Plant","floor":27,"turns":1}],"seed_played":"-5551196222559300974","potions_obtained":[{"floor":2,"key":"Energy Potion"},{"floor":3,"key":"FearPotion"},{"floor":6,"key":"DistilledChaos"},{"floor":19,"key":"SmokeBomb"}],"is_trial":false,"path_per_floor":["M","M","M","?","M","M","R","$","T","R","E","$","E","$","R","B",null,"M","?","?","M","M","E","M","?","T","M"],"character_chosen":"THE_SILENT","items_purchased":["Infinite Blades","Backstab","Footwork","Accuracy"],"campfire_rested":2,"item_purchase_floors":[8,8,12,14],"current_hp_per_floor":[70,70,70,52,27,27,27,27,27,48,30,30,24,24,45,45,70,65,60,60,42,32,5,5,5,5,0,0],"gold":229,"neow_bonus":"RANDOM_EVENT","is_daily":false,"chose_seed":false,"campfire_upgraded":1,"win_rate":0.0,"timestamp":1612681491,"path_taken":["M","M","?","?","M","M","R","?","T","R","E","$","E","$","R","BOSS","M","?","?","M","M","E","M","?","T","M"],"items_purchased_type":["Card","Card","Card","Card"],"build_version":"2020-12-22","purchased_purges":0,"victory":false,"max_hp_per_floor":[70,70,70,70,70,70,70,70,70,70,70,70,70,70,70,70,70,70,70,70,70,70,70,70,70,70,70,70],"relic_stats":{"Gremlin Horn":[7,7],"counters":[15,53],"PreservedInsect":43,"obtain_stats":[{"Calling Bell":17,"Replay:Accelerometer":23,"Calipers":17,"Gremlin Horn":17,"Counterbalance":13,"PreservedInsect":17,"infinitespire:Joker Card":26,"Replay:Multitool":4,"Red Mask":19,"StrikeDummy":9,"Pet Ghost":11,"Ring of the Snake":0},{"Calling Bell":8,"Replay:Accelerometer":13,"Calipers":8,"Gremlin Horn":8,"Counterbalance":7,"PreservedInsect":8,"infinitespire:Joker Card":14,"Replay:Multitool":3,"Red Mask":10,"StrikeDummy":5,"Pet Ghost":6,"Ring of the Snake":0},{"Calling Bell":35,"Replay:Accelerometer":51,"Calipers":35,"Gremlin Horn":35,"Counterbalance":31,"PreservedInsect":35,"infinitespire:Joker Card":52,"Replay:Multitool":13,"Red Mask":41,"StrikeDummy":21,"Pet Ghost":25,"Ring of the Snake":0}],"Ring of the Snake":[30]},"card_choices":[{"not_picked":["Underhanded Strike","ReplayTheSpireMod:The Works"],"picked":"Backstab","floor":1},{"not_picked":["Dash","Deflect"],"picked":"Bane","floor":2},{"not_picked":["ReplayTheSpireMod:Tripwire","Tactician"],"picked":"Cloak And Dagger","floor":3},{"not_picked":["ReplayTheSpireMod:Tripwire","Distraction"],"picked":"Blade Dance","floor":5},{"not_picked":["Slice","Noxious Fumes"],"picked":"Accuracy","floor":6},{"not_picked":["Deflect","ReplayTheSpireMod:The Works"],"picked":"Distraction","floor":11},{"not_picked":["Catalyst","Dagger Throw"],"picked":"Flying Knee","floor":13},{"not_picked":["Malaise","A Thousand Cuts"],"picked":"Envenom","floor":16},{"not_picked":["Prepared","Setup"],"picked":"Cloak And Dagger","floor":18},{"not_picked":["Dodge and Roll+1","Deflect"],"picked":"Dagger Throw","floor":19},{"not_picked":["Concentrate","Dodge and Roll"],"picked":"Accuracy+1","floor":21},{"not_picked":["Dagger Spray+1","Underhanded Strike"],"picked":"Flying Knee","floor":22},{"not_picked":["Concentrate+1","ReplayTheSpireMod:Exploit Weakness"],"picked":"PiercingWail+1","floor":23}],"player_experience":250007,"relics_obtained":[{"floor":9,"key":"StrikeDummy"},{"floor":11,"key":"Pet Ghost"},{"floor":13,"key":"Counterbalance"},{"floor":17,"key":"PreservedInsect"},{"floor":17,"key":"Gremlin Horn"},{"floor":17,"key":"Calipers"},{"floor":19,"key":"Red Mask"},{"floor":23,"key":"Replay:Accelerometer"},{"floor":26,"key":"infinitespire:Joker Card"}],"event_choices":[{"damage_healed":0,"gold_gain":0,"player_choice":"Grow","damage_taken":0,"max_hp_gain":0,"max_hp_loss":0,"event_name":"Living Wall","floor":0,"gold_loss":0,"cards_upgraded":["Neutralize"]},{"damage_healed":0,"gold_gain":0,"player_choice":"Success","damage_taken":18,"relics_obtained":["Replay:Multitool"],"max_hp_gain":0,"max_hp_loss":0,"event_name":"Scrap Ooze","floor":4,"gold_loss":0},{"damage_healed":0,"gold_gain":0,"player_choice":"Fought Bandits","damage_taken":0,"max_hp_gain":0,"max_hp_loss":0,"event_name":"Masked Bandits","floor":19,"gold_loss":0},{"damage_healed":0,"gold_gain":0,"player_choice":"Ignored","damage_taken":0,"max_hp_gain":0,"max_hp_loss":0,"event_name":"Beggar","floor":20,"gold_loss":0},{"damage_healed":0,"gold_gain":0,"player_choice":"Ignored","damage_taken":0,"max_hp_gain":0,"max_hp_loss":0,"event_name":"Ghosts","floor":25,"gold_loss":0}],"is_beta":false,"boss_relics":[{"not_picked":["Philosopher\u0027s Stone","Replay:Drink Me"],"picked":"Calling Bell"}],"items_purged_floors":[],"is_endless":false,"potions_floor_spawned":[2,3,6,13,19],"killed_by":"Snake Plant","ascension_level":0}}