{"host":"s41rn2jhghpwfrvz","time":1612684005,"event":{"mods":["BaseMod","Minty Spire (QoL Compilation)","Quick Restart","Relic Stats","SuperFastMode"],"gold_per_floor":[111,130,149,168,179,207,207,238,238,238,46,46,72,37,37,111,111,123,123,139,166,184,184,218,133,133,148,160,174,207,224,224,301,301,317,317,279,279,295,322,344,356,368,396,358,387,405,438,438,438,438,438,438,26,51,51],"floor_reached":57,"language":"ENG","playtime":1656,"items_purged":["Dash+1","Judgement+1","LessonLearned+1"],"score":3258,"play_id":"0ba7574a-f346-44c0-a92c-e19365244f5b","local_time":"20210207094645","daily_mods":["SealedDeck","Diverse","DeadlyEvents"],"is_ascension_mode":true,"campfire_choices":[{"data":"Body Slam","floor":7,"key":"SMITH"},{"data":"Feel No Pain","floor":10,"key":"SMITH"},{"data":"LessonLearned","floor":12,"key":"SMITH"},{"floor":15,"key":"RECALL"},{"floor":23,"key":"REST"},{"floor":32,"key":"REST"},{"data":"Madness","floor":42,"key":"SMITH"},{"floor":49,"key":"REST"},{"floor":53,"key":"REST"}],"circlet_count":0,"master_deck":["AscendersBane","Gash+1","Body Slam+1","Crippling Poison+1","Backstab+1","Shrug It Off+1","Prostrate+1","Feel No Pain+1","Acrobatics+1","Vault+1","Shrug It Off+1","Madness+1","Madness+1"],"relics":["Burning Blood","Self Forming Clay","Ancient Tea Set","Membership Card","War Paint","Astrolabe","Red Mask","The Courier","Singing Bowl","Mercury Hourglass","Happy Flower","Busted Crown","MawBank","Whetstone","Boot","Toolbox","InkBottle","Vajra","Mummified Hand","Kunai"],"acts_visited":["Exordium","TheCity","TheBeyond","TheEnding"],"potions_floor_usage":[8,56,56],"damage_taken":[{"damage":0,"enemies":"Cultist","floor":1,"turns":3},{"damage":0,"enemies":"2 Louse","floor":2,"turns":3},{"damage":12,"enemies":"Jaw Worm","floor":3,"turns":3},{"damage":0,"enemies":"2 Fungi Beasts","floor":4,"turns":3},{"damage":0,"enemies":"3 Louse","floor":5,"turns":2},{"damage":54,"enemies":"Gremlin Nob","floor":6,"turns":5},{"damage":7,"enemies":"3 Sentries","floor":8,"turns":9},{"damage":6,"enemies":"Lagavulin","floor":13,"turns":4},{"damage":1,"enemies":"The Guardian","floor":16,"turns":10},{"damage":3,"enemies":"3 Byrds","floor":18,"turns":6},{"damage":19,"enemies":"Spheric Guardian","floor":20,"turns":5},{"damage":2,"enemies":"Masked Bandits","floor":21,"turns":4},{"damage":1,"enemies":"Shelled Parasite and Fungi","floor":22,"turns":5},{"damage":1,"enemies":"Book of Stabbing","floor":24,"turns":5},{"damage":0,"enemies":"Snecko","floor":27,"turns":4},{"damage":5,"enemies":"Centurion and Healer","floor":28,"turns":7},{"damage":0,"enemies":"Snake Plant","floor":29,"turns":4},{"damage":0,"enemies":"Gremlin Leader","floor":30,"turns":5},{"damage":0,"enemies":"Shelled Parasite and Fungi","floor":31,"turns":4},{"damage":22,"enemies":"Collector","floor":33,"turns":7},{"damage":0,"enemies":"3 Shapes","floor":35,"turns":3},{"damage":0,"enemies":"3 Darklings","floor":39,"turns":5},{"damage":0,"enemies":"Giant Head","floor":40,"turns":4},{"damage":0,"enemies":"4 Shapes","floor":41,"turns":4},{"damage":0,"enemies":"Spire Growth","floor":44,"turns":4},{"damage":0,"enemies":"Reptomancer","floor":46,"turns":3},{"damage":0,"enemies":"Writhing Mass","floor":47,"turns":3},{"damage":0,"enemies":"Nemesis","floor":48,"turns":4},{"damage":16,"enemies":"Awakened One","floor":50,"turns":7},{"damage":0,"enemies":"Time Eater","floor":51,"turns":5},{"damage":0,"enemies":"Shield and Spear","floor":55,"turns":3},{"damage":34,"enemies":"The Heart","floor":56,"turns":8}],"seed_played":"-6142722228062086508","potions_obtained":[{"floor":4,"key":"PowerPotion"},{"floor":6,"key":"EssenceOfSteel"},{"floor":8,"key":"Strength Potion"},{"floor":47,"key":"Dexterity Potion"}],"is_trial":true,"path_per_floor":["M","M","M","M","M","E","R","E","T","R","$","R","E","?","R","B",null,"M","?","M","?","M","R","E","?","T","M","M","M","E","M","R","B",null,"M","?","$","?","M","E","M","R","T","M","$","E","M","E","R","B","B",null,"R","$","E","B",null],"character_chosen":"IRONCLAD","items_purchased":["Membership Card","Acrobatics","Toolbox","InkBottle","Vajra","Mummified Hand","SkillPotion"],"campfire_rested":4,"item_purchase_floors":[11,11,54,54,54,54,54],"current_hp_per_floor":[74,75,69,75,75,27,27,26,26,26,26,26,26,44,44,49,69,72,51,38,42,47,71,76,76,76,82,84,86,88,90,90,76,88,94,77,77,77,85,93,100,100,100,102,102,104,106,108,108,98,104,107,108,108,110,82],"gold":51,"neow_bonus":"","is_daily":false,"chose_seed":false,"campfire_upgraded":4,"win_rate":0.0,"timestamp":1612684005,"path_taken":["M","M","M","?","M","E","R","E","T","R","$","R","?","?","R","BOSS","M","?","M","?","M","R","E","?","T","M","M","M","E","M","R","BOSS","M","?","$","?","?","E","M","R","T","M","$","E","M","E","R","BOSS","BOSS","R","$","E","BOSS"],"items_purchased_type":["Relic","Card","Relic","Relic","Relic","Relic","Potion"],"build_version":"2020-12-22","purchased_purges":3,"victory":true,"max_hp_per_floor":[75,75,75,75,75,75,75,75,75,75,75,75,75,75,75,75,75,75,80,80,80,80,80,80,80,80,82,84,86,88,90,90,92,92,94,94,94,94,96,98,100,100,100,102,102,104,106,108,108,108,108,108,108,108,110,110],"relic_stats":{"Singing Bowl":30,"Happy Flower":[21],"counters":[32,151],"Self Forming Clay":[57],"Astrolabe":["Noxious Fumes","Vault","Judgement"],"Whetstone":[],"War Paint":["Prostrate","Shrug It Off"],"MawBank":60,"Boot":[0],"Burning Blood":127,"Mercury Hourglass":[355],"Busted Crown":18,"Mummified Hand":[2],"Kunai":[7],"obtain_stats":[{"Singing Bowl":25,"Happy Flower":30,"Self Forming Clay":6,"Astrolabe":17,"Vajra":54,"The Courier":24,"Whetstone":46,"War Paint":13,"Ancient Tea Set":9,"MawBank":40,"Boot":48,"Burning Blood":0,"Mercury Hourglass":26,"Busted Crown":34,"Mummified Hand":54,"Toolbox":54,"Red Mask":21,"Membership Card":11,"Kunai":55,"InkBottle":54},{"Singing Bowl":14,"Happy Flower":18,"Self Forming Clay":6,"Astrolabe":9,"Vajra":30,"The Courier":14,"Whetstone":26,"War Paint":8,"Ancient Tea Set":7,"MawBank":23,"Boot":28,"Burning Blood":0,"Mercury Hourglass":14,"Busted Crown":20,"Mummified Hand":30,"Toolbox":30,"Red Mask":12,"Membership Card":7,"Kunai":31,"InkBottle":30},{"Singing Bowl":67,"Happy Flower":87,"Self Forming Clay":19,"Astrolabe":42,"Vajra":140,"The Courier":67,"Whetstone":121,"War Paint":32,"Ancient Tea Set":28,"MawBank":110,"Boot":128,"Burning Blood":0,"Mercury Hourglass":67,"Busted Crown":98,"Mummified Hand":140,"Toolbox":140,"Red Mask":57,"Membership Card":28,"Kunai":143,"InkBottle":140}],"InkBottle":[12]},"card_choices":[{"not_picked":["Deadly Poison","Halt","Cloak And Dagger"],"picked":"SKIP","floor":1},{"not_picked":["Conclude","Rebound","Clash"],"picked":"SKIP","floor":2},{"not_picked":["Go for the Eyes","Heatsinks"],"picked":"Feel No Pain","floor":3},{"not_picked":["Ball Lightning","Bane","Meteor Strike"],"picked":"SKIP","floor":4},{"not_picked":["SashWhip","ThirdEye","Spot Weakness"],"picked":"SKIP","floor":5},{"not_picked":["Predator","Cleave"],"picked":"LessonLearned","floor":6},{"not_picked":["CrushJoints","Evaluate","Deadly Poison"],"picked":"SKIP","floor":8},{"not_picked":["Perfected Strike","Deflect","Glacier"],"picked":"SKIP","floor":13},{"not_picked":["Anger","Dropkick","Blade Dance"],"picked":"SKIP","floor":18},{"not_picked":["Fasting2+1","Reprogram","Evaluate"],"picked":"SKIP","floor":20},{"not_picked":["Acrobatics","Halt","FlurryOfBlows"],"picked":"SKIP","floor":22},{"not_picked":["Redo","Sweeping Beam"],"picked":"Shrug It Off","floor":24},{"not_picked":["Fire Breathing","Uppercut","CrushJoints"],"picked":"Singing Bowl","floor":27},{"not_picked":["Evolve","Doom and Gloom","ThirdEye"],"picked":"Singing Bowl","floor":28},{"not_picked":["CrushJoints","Backstab","Go for the Eyes"],"picked":"Singing Bowl","floor":29},{"not_picked":["BootSequence","Power Through","Rip and Tear"],"picked":"Singing Bowl","floor":30},{"not_picked":["Ball Lightning","Concentrate","Streamline"],"picked":"Singing Bowl","floor":31},{"not_picked":["Omniscience","Machine Learning","A Thousand Cuts"],"picked":"Singing Bowl","floor":33},{"not_picked":["CutThroughFate"],"picked":"Singing Bowl","floor":35},{"not_picked":["Pommel Strike"],"picked":"Singing Bowl","floor":39},{"not_picked":["Sentinel"],"picked":"Singing Bowl","floor":40},{"not_picked":["Dodge and Roll+1"],"picked":"Singing Bowl","floor":41},{"not_picked":["Go for the Eyes"],"picked":"Singing Bowl","floor":44},{"not_picked":["Wireheading"],"picked":"Singing Bowl","floor":46},{"not_picked":["Protect+1"],"picked":"Singing Bowl","floor":47},{"not_picked":["WheelKick"],"picked":"Singing Bowl","floor":48},{"not_picked":["ConjureBlade"],"picked":"Singing Bowl","floor":55}],"player_experience":1884448,"relics_obtained":[{"floor":6,"key":"Self Forming Clay"},{"floor":9,"key":"Ancient Tea Set"},{"floor":13,"key":"War Paint"},{"floor":21,"key":"Red Mask"},{"floor":24,"key":"The Courier"},{"floor":26,"key":"Mercury Hourglass"},{"floor":30,"key":"Happy Flower"},{"floor":40,"key":"MawBank"},{"floor":46,"key":"Whetstone"},{"floor":48,"key":"Boot"},{"floor":55,"key":"Kunai"}],"event_choices":[{"damage_healed":18,"gold_gain":0,"player_choice":"Healed","damage_taken":0,"max_hp_gain":0,"max_hp_loss":0,"event_name":"The Cleric","floor":14,"gold_loss":35},{"damage_healed":0,"gold_gain":0,"player_choice":"Shed Blood","damage_taken":26,"max_hp_gain":5,"max_hp_loss":0,"event_name":"Forgotten Altar","floor":19,"gold_loss":0},{"damage_healed":0,"gold_gain":0,"player_choice":"Fought Bandits","damage_taken":0,"max_hp_gain":0,"max_hp_loss":0,"event_name":"Masked Bandits","floor":21,"gold_loss":0},{"damage_healed":0,"gold_gain":0,"player_choice":"Obtained Relic","damage_taken":0,"relics_obtained":["Singing Bowl"],"max_hp_gain":0,"max_hp_loss":0,"event_name":"Addict","floor":25,"gold_loss":85},{"damage_healed":0,"gold_gain":0,"player_choice":"Embrace Madness","damage_taken":17,"max_hp_gain":0,"max_hp_loss":0,"event_name":"Winding Halls","floor":36,"gold_loss":0,"cards_obtained":["Madness","Madness"]},{"cards_removed":["Noxious Fumes"],"damage_healed":0,"gold_gain":0,"player_choice":"Removed Power","damage_taken":0,"max_hp_gain":0,"max_hp_loss":0,"event_name":"Falling","floor":38,"gold_loss":0}],"is_beta":false,"boss_relics":[{"not_picked":["Black Blood","Velvet Choker"],"picked":"Astrolabe"},{"not_picked":["Cursed Key","Mark of Pain"],"picked":"Busted Crown"}],"items_purged_floors":[37,45,54],"is_endless":false,"potions_floor_spawned":[4,6,8,13,16,20,22,27,29,31,33,35,39,40,47,48],"ascension_level":20}}