{"host":"bg8va46pgqgvtzim","time":1612679508,"event":{"mods":["BaseMod","Minty Spire (QoL Compilation)","Quick Restart","StSLib","SuperFastMode"],"gold_per_floor":[11,27,27,27,27,27,27,63,77,97,122,122,122,136,157,177,201,237,237,356,356,372,297,222,247,273,308,328,349,349,349,349,368,381,381,399,399,413,413,413,544,544,564,564,583,596,659,679,723,723,766,789,865,865,883,899,919,938,961,1004,1004,1004,1004,1004,98,129,129],"floor_reached":68,"language":"ZHS","playtime":3072,"items_purged":["Strike_R","Strike_R"],"score":1447,"play_id":"70d014e0-2b73-4e0f-8c89-677d1856521c","local_time":"20210207143148","is_ascension_mode":true,"campfire_choices":[{"data":"Apotheosis","floor":7.0,"key":"SMITH"},{"data":"True Grit","floor":19.0,"key":"SMITH"},{"data":"Body Slam","floor":30.0,"key":"SMITH"},{"data":"Havoc","floor":35.0,"key":"SMITH"},{"data":"Seeing Red","floor":39.0,"key":"SMITH"},{"data":"Whirlwind","floor":40.0,"key":"SMITH"},{"data":"Offering","floor":50.0,"key":"SMITH"},{"floor":54.0,"key":"REST"},{"floor":61.0,"key":"RECALL"},{"data":"Evolve","floor":64.0,"key":"SMITH"}],"circlet_count":0,"master_deck":["Strike_R","Defend_R+1","Defend_R","Defend_R","Defend_R+1","Bash","Apotheosis+1","Flame Barrier","Pommel Strike","Whirlwind+1","Hemokinesis","Carnage","Body Slam+1","Havoc+1","True Grit+1","Feed","Warcry+1","Impervious","Warcry","Metallicize+1","Writhe","Seeing Red+1","Offering+1","Madness","Madness","Spot Weakness","Battle Trance+1","Shrug It Off+1","Warcry+1","Evolve+1","Feel No Pain","Discovery"],"relics":["Burning Blood","War Paint","Golden Idol","Tiny Chest","Akabeko","Ginger","Ancient Tea Set","Runic Pyramid","Smiling Mask","Orichalcum","Blue Candle","White Beast Statue","Velvet Choker","Incense Burner","Sundial","Lizard Tail","Bag of Preparation","Pear","Shuriken","Calipers","Toolbox","Bottled Lightning","Oddly Smooth Stone"],"acts_visited":["Exordium","TheCity","TheBeyond","TheEnding"],"potions_floor_usage":[67,67,67,67],"damage_taken":[{"damage":3.0,"enemies":"Small Slimes","floor":1.0,"turns":3.0},{"damage":0.0,"enemies":"2 Louse","floor":2.0,"turns":3.0},{"damage":23.0,"enemies":"Lagavulin","floor":8.0,"turns":9.0},{"damage":3.0,"enemies":"Jaw Worm","floor":9.0,"turns":4.0},{"damage":0.0,"enemies":"Looter","floor":10.0,"turns":4.0},{"damage":0.0,"enemies":"Blue Slaver","floor":14.0,"turns":3.0},{"damage":0.0,"enemies":"Large Slime","floor":15.0,"turns":5.0},{"damage":13.0,"enemies":"Exordium Thugs","floor":16.0,"turns":5.0},{"damage":0.0,"enemies":"Gremlin Gang","floor":17.0,"turns":1.0},{"damage":9.0,"enemies":"3 Sentries","floor":18.0,"turns":2.0},{"damage":29.0,"enemies":"Hexaghost","floor":20.0,"turns":9.0},{"damage":11.0,"enemies":"2 Thieves","floor":22.0,"turns":4.0},{"damage":3.0,"enemies":"Shell Parasite","floor":25.0,"turns":6.0},{"damage":20.0,"enemies":"Slavers","floor":27.0,"turns":4.0},{"damage":4.0,"enemies":"Chosen and Byrds","floor":28.0,"turns":6.0},{"damage":7.0,"enemies":"Centurion and Healer","floor":29.0,"turns":7.0},{"damage":6.0,"enemies":"Snake Plant","floor":33.0,"turns":3.0},{"damage":0.0,"enemies":"Snecko","floor":34.0,"turns":4.0},{"damage":0.0,"enemies":"3 Cultists","floor":36.0,"turns":1.0},{"damage":26.0,"enemies":"Cultist and Chosen","floor":38.0,"turns":5.0},{"damage":89.0,"enemies":"Champ","floor":41.0,"turns":16.0},{"damage":6.0,"enemies":"3 Shapes","floor":43.0,"turns":1.0},{"damage":13.0,"enemies":"3 Darklings","floor":45.0,"turns":3.0},{"damage":17.0,"enemies":"4 Shapes","floor":46.0,"turns":7.0},{"damage":45.0,"enemies":"2 Orb Walkers","floor":47.0,"turns":5.0},{"damage":7.0,"enemies":"Spire Growth","floor":48.0,"turns":3.0},{"damage":29.0,"enemies":"Giant Head","floor":49.0,"turns":11.0},{"damage":9.0,"enemies":"Reptomancer","floor":51.0,"turns":6.0},{"damage":12.0,"enemies":"Sphere and 2 Shapes","floor":55.0,"turns":1.0},{"damage":4.0,"enemies":"4 Shapes","floor":56.0,"turns":7.0},{"damage":7.0,"enemies":"Maw","floor":57.0,"turns":7.0},{"damage":19.0,"enemies":"Writhing Mass","floor":58.0,"turns":5.0},{"damage":0.0,"enemies":"Spire Growth","floor":59.0,"turns":6.0},{"damage":39.0,"enemies":"Nemesis","floor":60.0,"turns":7.0},{"damage":36.0,"enemies":"Donu and Deca","floor":62.0,"turns":9.0},{"damage":19.0,"enemies":"Shield and Spear","floor":66.0,"turns":8.0},{"damage":107,"enemies":"The Heart","floor":67,"turns":14}],"seed_played":"1372076118093580304","potions_obtained":[{"floor":1.0,"key":"ColorlessPotion"},{"floor":9.0,"key":"Swift Potion"},{"floor":10.0,"key":"AttackPotion"},{"floor":14.0,"key":"GamblersBrew"},{"floor":20.0,"key":"HeartOfIron"},{"floor":29.0,"key":"AttackPotion"},{"floor":33.0,"key":"BloodPotion"},{"floor":36.0,"key":"DuplicationPotion"},{"floor":38.0,"key":"Block Potion"},{"floor":47.0,"key":"DistilledChaos"},{"floor":48.0,"key":"BloodPotion"},{"floor":49.0,"key":"Dexterity Potion"},{"floor":57.0,"key":"Fruit Juice"},{"floor":58.0,"key":"EntropicBrew"}],"is_trial":false,"path_per_floor":["M","M","?","$","?","?","R","E","M","M","T","T","T","M","M","M","M","E","R","B",null,"M","?","$","M","T","E","M","M","R","T","T","M","M","R","M","?","M","R","R","B",null,"M","?","M","M","?","M","E","R","E","T","T","R","M","M","M","M","M","E","R","B",null,"R","$","E","B",null],"character_chosen":"IRONCLAD","items_purchased":["Feel No Pain","Calipers","Toolbox","Bottled Lightning","Discovery"],"campfire_rested":1,"item_purchase_floors":[65,65,65,65,65],"current_hp_per_floor":[80,80,80,80,68,48,48,31,34,40,40,40,40,46,52,45,51,48,48,25,80,79,79,79,86,86,72,78,81,81,81,81,85,95,95,101,101,106,106,106,23,108,108,94,91,83,48,51,57,57,58,58,68,110,104,106,109,105,115,86,86,60,166,166,166,157,56],"gold":129,"neow_bonus":"RANDOM_COLORLESS_2","is_daily":false,"chose_seed":false,"campfire_upgraded":8,"win_rate":0.0,"timestamp":1612679508,"path_taken":["M","M","?","$","?","?","R","E","M","M","T","T","?","M","M","M","?","E","R","BOSS","M","?","$","M","?","E","M","M","R","T","T","M","M","R","M","?","M","R","R","BOSS","M","?","M","M","?","M","E","R","E","T","?","R","M","?","M","?","M","E","R","BOSS","R","$","E","BOSS"],"items_purchased_type":["Card","Relic","Relic","Relic","Card"],"build_version":"2020-12-22","purchased_purges":2,"victory":true,"max_hp_per_floor":[80,80,80,80,80,80,80,80,80,80,80,80,80,80,80,80,80,80,80,80,80,84,84,84,88,88,88,92,96,96,96,96,100,104,104,104,104,108,108,108,108,108,108,108,112,115,119,123,127,127,131,131,141,141,141,141,145,154,158,162,162,166,166,166,166,170,170],"card_choices":[{"not_picked":["Thinking Ahead","Magnetism"],"picked":"Apotheosis","floor":0.0},{"not_picked":["Headbutt","Iron Wave"],"picked":"Flame Barrier","floor":1.0},{"not_picked":["Havoc","Ghostly Armor"],"picked":"Pommel Strike","floor":2.0},{"not_picked":["Perfected Strike","Wild Strike"],"picked":"Hemokinesis","floor":8.0},{"not_picked":["Iron Wave","Shrug It Off"],"picked":"Carnage","floor":9.0},{"not_picked":["Flame Barrier","Juggernaut","Havoc"],"picked":"SKIP","floor":10.0},{"not_picked":["Iron Wave","Cleave","Thunderclap"],"picked":"SKIP","floor":14.0},{"not_picked":["Combust","Sever Soul"],"picked":"Body Slam","floor":15.0},{"not_picked":["Body Slam","Flame Barrier","Dropkick"],"picked":"SKIP","floor":16.0},{"not_picked":["Headbutt","Warcry"],"picked":"Havoc","floor":17.0},{"not_picked":["Perfected Strike","Clash"],"picked":"True Grit","floor":18.0},{"not_picked":["Juggernaut","Limit Break"],"picked":"Feed","floor":20.0},{"not_picked":["Twin Strike+1","Clash","Fire Breathing+1"],"picked":"SKIP","floor":22.0},{"not_picked":["True Grit","Pommel Strike+1"],"picked":"Warcry+1","floor":25.0},{"not_picked":["True Grit","Perfected Strike+1"],"picked":"Impervious","floor":27.0},{"not_picked":["Body Slam+1","Warcry","Cleave+1"],"picked":"SKIP","floor":28.0},{"not_picked":["Body Slam+1","Cleave+1"],"picked":"Warcry","floor":28.0},{"not_picked":["Thunderclap","Shrug It Off"],"picked":"Metallicize+1","floor":29.0},{"not_picked":["Clothesline","Warcry","Flex"],"picked":"SKIP","floor":33.0},{"not_picked":["Armaments","Twin Strike","Warcry"],"picked":"SKIP","floor":34.0},{"not_picked":["Heavy Blade","Clothesline","Rage"],"picked":"SKIP","floor":36.0},{"not_picked":["Juggernaut","Sever Soul+1"],"picked":"Seeing Red","floor":38.0},{"not_picked":["Double Tap","Brutality"],"picked":"Offering","floor":41.0},{"not_picked":["Carnage","Headbutt+1","Hemokinesis"],"picked":"SKIP","floor":43.0},{"not_picked":["Dropkick+1","Whirlwind"],"picked":"Spot Weakness","floor":45.0},{"not_picked":["Armaments","Iron Wave+1"],"picked":"Battle Trance+1","floor":46.0},{"not_picked":["Perfected Strike+1","Thunderclap+1"],"picked":"Shrug It Off+1","floor":48.0},{"not_picked":["Wild Strike","Clash","Havoc+1"],"picked":"SKIP","floor":49.0},{"not_picked":["Twin Strike","Blood for Blood","Pummel+1"],"picked":"SKIP","floor":51.0},{"not_picked":["Thunderclap","Immolate","Shockwave+1"],"picked":"SKIP","floor":55.0},{"not_picked":["Combust+1","Cleave+1"],"picked":"Warcry+1","floor":56.0},{"not_picked":["Heavy Blade","Blood for Blood+1","Clothesline+1"],"picked":"SKIP","floor":57.0},{"not_picked":["Pommel Strike","Body Slam","Warcry+1"],"picked":"SKIP","floor":58.0},{"not_picked":["Intimidate","Iron Wave+1","Body Slam"],"picked":"SKIP","floor":59.0},{"not_picked":["Havoc+1","Immolate"],"picked":"Evolve","floor":60.0},{"not_picked":["Armaments+1","Clothesline","Spot Weakness"],"picked":"SKIP","floor":66.0}],"player_experience":2413499,"relics_obtained":[{"floor":8.0,"key":"Tiny Chest"},{"floor":12.0,"key":"Akabeko"},{"floor":13.0,"key":"Ginger"},{"floor":18.0,"key":"Ancient Tea Set"},{"floor":26.0,"key":"Smiling Mask"},{"floor":27.0,"key":"Orichalcum"},{"floor":31.0,"key":"Blue Candle"},{"floor":47.0,"key":"Incense Burner"},{"floor":49.0,"key":"Sundial"},{"floor":51.0,"key":"Lizard Tail"},{"floor":52.0,"key":"Bag of Preparation"},{"floor":53.0,"key":"Pear"},{"floor":60.0,"key":"Shuriken"},{"floor":66.0,"key":"Oddly Smooth Stone"}],"event_choices":[{"damage_healed":0.0,"max_hp_gain":0.0,"max_hp_loss":0.0,"gold_gain":0.0,"cards_transformed":["Strike_R"],"event_name":"Living Wall","player_choice":"Change","floor":3.0,"gold_loss":0.0,"damage_taken":0.0,"cards_obtained":["Whirlwind"]},{"damage_healed":0.0,"max_hp_gain":0.0,"max_hp_loss":0.0,"gold_gain":0.0,"event_name":"Scrap Ooze","player_choice":"Success","floor":5.0,"gold_loss":0.0,"damage_taken":12.0,"relics_obtained":["War Paint"]},{"damage_healed":0.0,"max_hp_gain":0.0,"max_hp_loss":0.0,"gold_gain":0.0,"event_name":"Golden Idol","player_choice":"Take Damage","floor":6.0,"gold_loss":0.0,"damage_taken":20.0,"relics_obtained":["Golden Idol"]},{"cards_removed":["Strike_R"],"damage_healed":0.0,"max_hp_gain":0.0,"max_hp_loss":0.0,"gold_gain":0.0,"event_name":"Beggar","player_choice":"Gave Gold","floor":23.0,"gold_loss":75.0,"damage_taken":0.0},{"damage_healed":0.0,"max_hp_gain":0.0,"max_hp_loss":0.0,"gold_gain":0.0,"event_name":"The Mausoleum","player_choice":"Opened","floor":37.0,"gold_loss":0.0,"damage_taken":0.0,"relics_obtained":["White Beast Statue"],"cards_obtained":["Writhe"]},{"damage_healed":0.0,"max_hp_gain":0.0,"max_hp_loss":0.0,"gold_gain":0.0,"event_name":"Winding Halls","player_choice":"Embrace Madness","floor":44.0,"gold_loss":0.0,"damage_taken":14.0,"cards_obtained":["Madness","Madness"]},{"damage_healed":0.0,"max_hp_gain":0.0,"max_hp_loss":0.0,"gold_gain":0.0,"event_name":"Mysterious Sphere","player_choice":"Fight","floor":47.0,"gold_loss":0.0,"damage_taken":0.0}],"is_beta":false,"boss_relics":[{"not_picked":["SacredBark","SlaversCollar"],"picked":"Runic Pyramid"},{"not_picked":["Empty Cage","Fusion Hammer"],"picked":"Velvet Choker"}],"items_purged_floors":[24,65],"is_endless":false,"potions_floor_spawned":[1,9,10,14,15,20,22,29,33,36,38,41,43,45,46,47,48,49,51,55,56,57,58,59,60,66],"ascension_level":1}}