{"host":"3wgbc8rrx8r5g476","time":1612707957,"event":{"mods":["2.2 Compatiblity","Act Like it!","BaseMod","Better Note","Colored Powertips","Dota2Spire","Downfall","Evolution","Friendly Minions","Hubris","Infinite Spire","Minty Spire (QoL Compilation)","Shade Mod","Shop Mod","StSLib","The Death Knight","The Druid","The Marked","TheFirefly","Trackpad","Uncapped","Wandering Minibosses"],"gold_per_floor":[109,109,120,120,120,160,173,216,216,235,11,24,63,43,43,173,173,198,222,187,187,102,138,138,172,196,236,257,257,83,107,107,226,226,276,339,362,72,88,128,167,203,258,294,294,294,334,370,370,496,496,514,527,527,527,535,535,563,566,621,640,404,404,410,444,444,550,550,562,319,319,316,316,320,338,363,363,384,384,409,409,430,430,524,524,532,532,553,601,347,381,381,381,381,417,417,430,330,330,330,451,451,474,498,498,522,599,643,643,675,753,798,825,700,720,720,720,854,854,865,865,865,890,908,948,948,990,990,704,803,841,918,942,942,1073,1073,1100,1100,1100,1224,1161,1192,1215,1229,1229,981,971,971,971,971,971,1043,1043,1043,843,872,963],"floor_reached":158,"language":"ENG","playtime":6718,"items_purged":["Pain","Pain","hubris:Sloth","Regret","hubris:Gluttony","hubris:Sloth"],"score":5292,"play_id":"6c7a0850-4dd4-4c5c-8124-8a2f08a82dc4","local_time":"20210207152557","is_ascension_mode":true,"campfire_choices":[{"data":"infinitespire:OneForAll","floor":15.0,"key":"SMITH"},{"data":"Fire Breathing","floor":24.0,"key":"SMITH"},{"data":"Metallicize","floor":29.0,"key":"SMITH"},{"data":"Feed","floor":32.0,"key":"SMITH"},{"data":"1","floor":46.0,"key":"LIFT"},{"data":"2","floor":49.0,"key":"LIFT"},{"data":"3","floor":57.0,"key":"LIFT"},{"data":"Barricade","floor":63.0,"key":"SMITH"},{"floor":66.0,"key":"RECALL"},{"data":"Feel No Pain","floor":79.0,"key":"SMITH"},{"data":"Exhume","floor":81.0,"key":"SMITH"},{"data":"Evolve","floor":83.0,"key":"SMITH"},{"data":"Dark Embrace","floor":92.0,"key":"SMITH"},{"data":"Bloodletting","floor":100.0,"key":"SMITH"},{"data":"Disarm","floor":109.0,"key":"SMITH"},{"data":"hubris:InfiniteBlow+20","floor":117,"key":"SMITH"},{"data":"hubris:InfiniteBlow+21","floor":126,"key":"SMITH"},{"data":"infinitespire:Execution","floor":134,"key":"SMITH"},{"data":"hubris:InfiniteBlow+23","floor":151,"key":"SMITH"},{"data":"hubris:InfiniteBlow+24","floor":154,"key":"SMITH"}],"circlet_count":0,"master_deck":["Twin Strike","Defend_R","Defend_R+1","Defend_R","Defend_R","Bash","infinitespire:OneForAll+1","Warcry","Fire Breathing+1","Wild Strike+1","Shockwave+1","Metallicize+1","infinitespire:Collect","Metallicize+1","Feed+1","Feel No Pain+1","Reaper+1","Metallicize+1","Metallicize+1","Rupture+1","Evolve+1","Barricade+1","Exhume+1","Bloodletting+1","Impatience","Fire Breathing+1","hubris:Wrath","Feed+1","infinitespire:UltimateForm+1","Disarm+1","infinitespire:Execution+1","Twin Strike","hubris:InfiniteBlow+25","Bite","Bite","Bite","Bite","Bite","DeathKnight:Contagion+1","Barricade+1","Decay","Combust+1","Demon Form+1","Juggernaut+1"],"relics":["Burning Blood","EVO:Axolotl","NeowsBlessing","downfall:ExtraCursedKey","Golden Idol","Dota2Spire:CrimsonGuard","trackpad:RapidFire","trackpad:HandOfMidas","hubris:EmptyBottle","bronze:MakeshiftBattery","Black Blood","infinitespire:EmpoweringShard","Bronze Scales","Eternal Feather","Dota2Spire:BattleFury","Potion Belt","Dota2Spire:LotusOrb","Dota2Spire:HeartOfTarrasque","Girya","trackpad:BottledTsunami","hubris:IronBody","Busted Crown","infinitespire:Lucky Rock","Frozen Egg 2","hubris:OldNail","infinitespire:Cupcake","trackpad:WondrousWand","Bottled Flame","FossilizedHelix","Pantograph","Dota2Spire:Mjollnir","infinitespire:Satchel","trackpad:Coffee","trackpad:BerserkersDraught","hubris:TinFlute","hubris:Potato","Guardian:PocketSentry","Darkstone Periapt","WarpedTongs","Dota2Spire:Vanguard","SlaversCollar","ClockworkSouvenir","hubris:DeckOfHolding","hubris:DuctTape","trackpad:StainlessSteel","trackpad:FieryHotPepper","Meat on the Bone","hubris:DisguiseKit","Coffee Dripper","Toolbox","Mark of Pain","trackpad:ByrdCharm","hubris:SphereOfDissonance","Ornamental Fan","Matryoshka","Singing Bowl","hubris:PeanutButter","infinitespire:FocusingShard","Cursed Key","MerchantsRug","Dream Catcher","trackpad:Compendium","Dota2Spire:ShivaGuard","trackpad:DisasterInABottle","hubris:Towel","infinitespire:Burning Sword","Dota2Spire:BladeMail"],"acts_visited":[],"potions_floor_usage":[],"damage_taken":[{"damage":0.0,"enemies":"Small Slimes","floor":1.0,"turns":1.0},{"damage":0.0,"enemies":"2 Louse","floor":3.0,"turns":1.0},{"damage":0.0,"enemies":"Gremlin Nob","floor":6.0,"turns":1.0},{"damage":1.0,"enemies":"Cultist","floor":7.0,"turns":3.0},{"damage":9.0,"enemies":"Lagavulin","floor":8.0,"turns":7.0},{"damage":0.0,"enemies":"Large Slime","floor":10.0,"turns":3.0},{"damage":5.0,"enemies":"2 Fungi Beasts","floor":12.0,"turns":3.0},{"damage":20.0,"enemies":"Gremlin Nob","floor":13.0,"turns":4.0},{"damage":15.0,"enemies":"Slime Boss","floor":16.0,"turns":8.0},{"damage":0.0,"enemies":"3 Byrds","floor":18.0,"turns":4.0},{"damage":13.0,"enemies":"2 Thieves","floor":19.0,"turns":3.0},{"damage":15.0,"enemies":"Book of Stabbing","floor":23.0,"turns":4.0},{"damage":21.0,"enemies":"Nightmare","floor":25.0,"turns":6.0},{"damage":31.0,"enemies":"Book of Stabbing","floor":27.0,"turns":3.0},{"damage":17.0,"enemies":"Centurion and Healer","floor":28.0,"turns":2.0},{"damage":0.0,"enemies":"Snecko","floor":31.0,"turns":3.0},{"damage":23.0,"enemies":"Collector","floor":33.0,"turns":6.0},{"damage":14.0,"enemies":"3 Shapes","floor":35.0,"turns":4.0},{"damage":25.0,"enemies":"Mind Bloom Boss Battle","floor":36.0,"turns":4.0},{"damage":0.0,"enemies":"Orb Walker","floor":37.0,"turns":1.0},{"damage":24.0,"enemies":"Maw","floor":39.0,"turns":7.0},{"damage":51.0,"enemies":"Nemesis","floor":40.0,"turns":7.0},{"damage":10.0,"enemies":"4 Shapes","floor":41.0,"turns":2.0},{"damage":26.0,"enemies":"Giant Head","floor":42.0,"turns":7.0},{"damage":36.0,"enemies":"Nemesis","floor":44.0,"turns":3.0},{"damage":32.0,"enemies":"Nightmare","floor":47.0,"turns":7.0},{"damage":11.0,"enemies":"Sphere and 2 Shapes","floor":48.0,"turns":3.0},{"damage":16.0,"enemies":"hubris:GrandSnecko","floor":50.0,"turns":7.0},{"damage":3.0,"enemies":"Small Slimes","floor":52.0,"turns":2.0},{"damage":0.0,"enemies":"Cultist","floor":53.0,"turns":2.0},{"damage":11.0,"enemies":"Jaw Worm","floor":56.0,"turns":3.0},{"damage":0.0,"enemies":"Gremlin Nob","floor":58.0,"turns":1.0},{"damage":3.0,"enemies":"Red Slaver","floor":59.0,"turns":2.0},{"damage":18.0,"enemies":"Lagavulin","floor":61.0,"turns":4.0},{"damage":10.0,"enemies":"Blue Slaver","floor":64.0,"turns":3.0},{"damage":8.0,"enemies":"3 Louse","floor":65.0,"turns":2.0},{"damage":3.0,"enemies":"Slime Boss","floor":67.0,"turns":4.0},{"damage":0.0,"enemies":"Spheric Guardian","floor":69.0,"turns":2.0},{"damage":12.0,"enemies":"Chosen","floor":72.0,"turns":4.0},{"damage":34.0,"enemies":"Centurion and Healer","floor":73.0,"turns":3.0},{"damage":39.0,"enemies":"Nightmare","floor":74.0,"turns":7.0},{"damage":0.0,"enemies":"Snake Plant","floor":75.0,"turns":1.0},{"damage":42.0,"enemies":"Slavers","floor":76.0,"turns":3.0},{"damage":47.0,"enemies":"Book of Stabbing","floor":78.0,"turns":3.0},{"damage":28.0,"enemies":"Slavers","floor":80.0,"turns":3.0},{"damage":0.0,"enemies":"Shelled Parasite and Fungi","floor":82.0,"turns":2.0},{"damage":34.0,"enemies":"hubris:MusketHawk","floor":84.0,"turns":4.0},{"damage":0.0,"enemies":"3 Darklings","floor":86.0,"turns":3.0},{"damage":0.0,"enemies":"Orb Walker","floor":88.0,"turns":1.0},{"damage":7.0,"enemies":"2 Orb Walkers","floor":89.0,"turns":3.0},{"damage":10.0,"enemies":"Nemesis","floor":91.0,"turns":3.0},{"damage":0.0,"enemies":"Reptomancer","floor":95.0,"turns":2.0},{"damage":124.0,"enemies":"Nightmare_Alpha","floor":97.0,"turns":7.0},{"damage":8.0,"enemies":"hubris:GrandSnecko","floor":101.0,"turns":4.0},{"damage":0.0,"enemies":"2 Louse","floor":103.0,"turns":1.0},{"damage":0.0,"enemies":"Small Slimes","floor":104.0,"turns":1.0},{"damage":0.0,"enemies":"Cultist","floor":106.0,"turns":1.0},{"damage":0.0,"enemies":"Lagavulin Event","floor":107.0,"turns":1.0},{"damage":0.0,"enemies":"3 Sentries","floor":108.0,"turns":1.0},{"damage":128.0,"enemies":"Nightmare_Alpha","floor":110.0,"turns":5.0},{"damage":0.0,"enemies":"Gremlin Nob","floor":112.0,"turns":1.0},{"damage":0.0,"enemies":"3 Louse","floor":113.0,"turns":1.0},{"damage":0.0,"enemies":"Large Slime","floor":115.0,"turns":1.0},{"damage":0,"enemies":"Slime Boss","floor":118,"turns":1},{"damage":0,"enemies":"Chosen","floor":120,"turns":1},{"damage":0,"enemies":"3 Byrds","floor":123,"turns":1},{"damage":0,"enemies":"Centurion and Healer","floor":124,"turns":2},{"damage":0,"enemies":"Slavers","floor":125,"turns":2},{"damage":0,"enemies":"Book of Stabbing","floor":127,"turns":1},{"damage":0,"enemies":"Gremlin Leader","floor":131,"turns":1},{"damage":0,"enemies":"Chosen and Byrds","floor":133,"turns":1},{"damage":0,"enemies":"Collector","floor":135,"turns":1},{"damage":0,"enemies":"Orb Walker","floor":137,"turns":1},{"damage":0,"enemies":"3 Darklings","floor":140,"turns":1},{"damage":0,"enemies":"Reptomancer","floor":142,"turns":1},{"damage":0,"enemies":"4 Shapes","floor":143,"turns":1},{"damage":192,"enemies":"Nightmare_Alpha","floor":144,"turns":4},{"damage":0,"enemies":"Transient","floor":147,"turns":5},{"damage":4,"enemies":"infinitespire:LordOfFortification","floor":152,"turns":8},{"damage":0,"enemies":"Shield and Spear","floor":156,"turns":1},{"damage":0,"enemies":"The Heart","floor":157,"turns":5}],"seed_played":"-3164893874261080015","potions_obtained":[{"floor":7.0,"key":"Explosive Potion"},{"floor":10.0,"key":"Fire Potion"},{"floor":13.0,"key":"EssenceOfSteel"},{"floor":14.0,"key":"LiquidBronze"},{"floor":27.0,"key":"DistilledChaos"},{"floor":36.0,"key":"BloodPotion"},{"floor":39.0,"key":"Dota2Spire:HealingSalve"},{"floor":47.0,"key":"SteroidPotion"},{"floor":58.0,"key":"FairyPotion"},{"floor":67.0,"key":"PowerPotion"},{"floor":104.0,"key":"Dota2Spire:Clarity"},{"floor":110.0,"key":"Energy Potion"},{"floor":120,"key":"Guardian:BlockOnCardUsePotion"},{"floor":124,"key":"FairyPotion"}],"is_trial":false,"path_per_floor":["M","?","M","?","$","E","M","E","T","M","$","M","E","?","R","B",null,"M","M","$","AVR","?","E","R","NM","T","E","M","R","$","M","R","B",null,"M","?","M","$","M","E","M","E","T","E","?","R","NM","M","R","B",null,"M","M","?","?","M","R","E","M","T","E","$","R","M","M","R","B",null,"M","$","?","M","M","NM","M","E","T","E","R","E","R","M","R","B",null,"M","?","M","?","$","E","R","$","T","E","?","NM","NS","AVR","R","B",null,"M","M","?","M","?","E","R","NM","T","E","M","$","M","AVR","R","B",null,"M","?","T","M","M","E","R","E","T","$","?","E","T","M","R","B",null,"M","?","?","M","$","E","M","NM","T","$","M","?","?","NS","R","B",null,"R","$","E","B",null],"character_chosen":"IRONCLAD","items_purchased":["hubris:EmptyBottle","Dark Embrace","Feel No Pain","Girya","hubris:OldNail","Fire Breathing+1","trackpad:WondrousWand","hubris:TinFlute","Barricade+1","MerchantsRug","Combust+1"],"campfire_rested":0,"item_purchase_floors":[11,20,30,38,62,62,70,90,129,141,146],"current_hp_per_floor":[80,80,80,60,60,66,71,68,68,74,74,75,61,61,61,52,80,80,73,73,73,73,76,80,77,77,64,65,80,80,83,83,78,83,87,92,103,103,103,81,89,96,96,92,57,75,68,81,99,119,125,125,125,100,100,113,129,133,133,133,133,133,133,133,133,133,133,133,133,133,133,133,137,116,136,135,135,108,132,137,137,141,141,129,141,141,141,141,145,145,145,145,145,145,149,155,67,67,67,94,131,161,165,165,162,165,165,169,169,156,168,185,189,189,189,189,189,189,189,189,189,201,201,201,201,201,201,213,213,213,215,227,229,229,231,231,233,233,233,239,239,241,243,91,109,109,222,222,222,222,246,267,267,267,267,269,273],"gold":963,"neow_bonus":"THREE_ENEMY_KILL","is_daily":false,"chose_seed":false,"campfire_upgraded":16,"win_rate":0.0,"timestamp":1612707957,"path_taken":["M","?","M","?","$","E","M","E","T","M","$","M","E","?","R","BOSS","M","M","?","AVR","?","E","R","NM","T","E","M","R","$","M","R","BOSS","M","?","M","$","M","E","M","E","T","E","?","R","NM","M","R","BOSS","M","M","?","?","?","R","E","M","T","E","$","R","M","M","R","BOSS","M","$","?","M","?","NM","M","E","T","E","R","E","R","M","R","BOSS","M","?","?","?","?","E","R","$","T","E","?","NM","NS","AVR","R","BOSS","M","M","?","M","?","E","R","NM","T","E","M","$","M","AVR","R","BOSS","M","?","?","M","M","E","R","E","T","$","?","E","?","M","R","BOSS","M","?","?","M","$","E","M","NM","T","$","?","?","?","NS","R","BOSS","R","$","E","BOSS"],"items_purchased_type":["Relic","Card","Card","Relic","Relic","Card","Relic","Relic","Card","Relic","Card"],"build_version":"2020-12-22","purchased_purges":6,"victory":true,"max_hp_per_floor":[80,80,80,80,80,80,80,80,80,80,80,80,80,80,80,80,80,80,80,80,80,80,80,80,80,80,80,80,80,80,83,83,83,83,87,99,103,103,103,103,103,103,103,117,117,117,117,121,121,125,125,125,125,125,125,129,129,133,133,133,133,133,133,133,133,133,133,133,133,133,133,133,137,137,137,137,137,137,137,137,137,141,141,141,141,141,141,141,145,145,145,145,145,145,149,155,161,161,161,161,161,161,165,165,165,165,165,169,169,173,185,185,189,189,189,189,189,189,189,189,189,201,201,201,201,201,201,213,213,213,215,227,229,229,231,231,233,233,233,239,239,241,243,247,265,265,267,267,267,267,267,267,267,267,267,269,273],"card_choices":[{"not_picked":["Battle Trance","Flex","Anger"],"picked":"SKIP","floor":1.0},{"not_picked":["Iron Wave","Seeing Red"],"picked":"infinitespire:OneForAll","floor":3.0},{"not_picked":["hubris:ReadiedAction","Combust"],"picked":"Warcry","floor":6.0},{"not_picked":["Perfected Strike","Iron Wave"],"picked":"Fire Breathing","floor":7.0},{"not_picked":["Blood for Blood","hubris:ReadiedAction"],"picked":"Wild Strike","floor":8.0},{"not_picked":["Flex","Wild Strike","Dropkick"],"picked":"SKIP","floor":10.0},{"not_picked":["Sword Boomerang","Fiend Fire"],"picked":"Shockwave","floor":12.0},{"not_picked":["Infernal Blade","Clash","Power Through"],"picked":"SKIP","floor":13.0},{"not_picked":["Juggernaut","hubris:StunningStrike"],"picked":"Immolate","floor":16.0},{"not_picked":["Anger+1","Battle Trance"],"picked":"Metallicize","floor":18.0},{"not_picked":["Clash","Uppercut","Body Slam"],"picked":"SKIP","floor":19.0},{"not_picked":["hubris:ReadiedAction","Reckless Charge"],"picked":"Metallicize+1","floor":23.0},{"not_picked":["Bludgeon","Flex","hubris:ReadiedAction+1"],"picked":"SKIP","floor":25.0},{"not_picked":["Pummel","Twin Strike","Clash"],"picked":"SKIP","floor":27.0},{"not_picked":["Carnage","Armaments"],"picked":"Feed","floor":28.0},{"not_picked":["Second Wind+1","Flame Barrier","Thunderclap"],"picked":"SKIP","floor":31.0},{"not_picked":["Brutality","Fiend Fire"],"picked":"Reaper","floor":33.0},{"not_picked":["Twin Strike","Dual Wield+1","Shrug It Off"],"picked":"SKIP","floor":35.0},{"not_picked":["Shockwave+1","Flame Barrier+1"],"picked":"Metallicize+1","floor":36.0},{"not_picked":["Clash","Seeing Red+1"],"picked":"Metallicize+1","floor":37.0},{"not_picked":["infinitespire:OneForAll+1","Havoc+1"],"picked":"Rupture+1","floor":39.0},{"not_picked":["Sword Boomerang","Metallicize","Thunderclap"],"picked":"SKIP","floor":40.0},{"not_picked":["Battle Trance","Shrug It Off+1","Cleave"],"picked":"SKIP","floor":41.0},{"not_picked":["Blood for Blood","Pommel Strike","hubris:StunningStrike"],"picked":"SKIP","floor":42.0},{"not_picked":["Anger","Battle Trance+1","Perfected Strike+1"],"picked":"SKIP","floor":44.0},{"not_picked":["hubris:ReadiedAction","Wild Strike+1","Reckless Charge+1"],"picked":"SKIP","floor":47.0},{"not_picked":["Flex","Iron Wave"],"picked":"Evolve","floor":48.0},{"not_picked":["Bludgeon","Impervious"],"picked":"Barricade","floor":50.0},{"not_picked":["Clash"],"picked":"SKIP","floor":52.0},{"not_picked":["Wild Strike"],"picked":"SKIP","floor":53.0},{"not_picked":["True Grit"],"picked":"SKIP","floor":56.0},{"not_picked":["Cleave"],"picked":"SKIP","floor":58.0},{"not_picked":["Havoc"],"picked":"SKIP","floor":59.0},{"not_picked":["Hemokinesis"],"picked":"SKIP","floor":61.0},{"not_picked":["Flex"],"picked":"SKIP","floor":64.0},{"not_picked":["Ghostly Armor"],"picked":"SKIP","floor":65.0},{"not_picked":[],"picked":"Exhume","floor":67.0},{"not_picked":["Cleave"],"picked":"SKIP","floor":69.0},{"not_picked":["Anger+1"],"picked":"SKIP","floor":72.0},{"not_picked":["Heavy Blade"],"picked":"SKIP","floor":73.0},{"not_picked":["Infernal Blade"],"picked":"SKIP","floor":74.0},{"not_picked":[],"picked":"Fire Breathing+1","floor":75.0},{"not_picked":["Flex+1"],"picked":"SKIP","floor":76.0},{"not_picked":["Clothesline"],"picked":"SKIP","floor":78.0},{"not_picked":["Wild Strike"],"picked":"SKIP","floor":80.0},{"not_picked":["Twin Strike+1"],"picked":"SKIP","floor":82.0},{"not_picked":["True Grit+1"],"picked":"SKIP","floor":86.0},{"not_picked":["Havoc+1"],"picked":"SKIP","floor":88.0},{"not_picked":["Thunderclap+1"],"picked":"SKIP","floor":91.0},{"not_picked":["Thunderclap"],"picked":"SKIP","floor":95.0},{"not_picked":["hubris:Rewind","infinitespire:SevenWalls"],"picked":"infinitespire:UltimateForm","floor":97.0},{"not_picked":["Warcry"],"picked":"SKIP","floor":97.0},{"not_picked":["Havoc"],"picked":"SKIP","floor":103.0},{"not_picked":["Whirlwind"],"picked":"SKIP","floor":104.0},{"not_picked":[],"picked":"Disarm","floor":106.0},{"not_picked":["Warcry"],"picked":"SKIP","floor":108.0},{"not_picked":["infinitespire:Gouge","infinitespire:NeuralNetwork"],"picked":"infinitespire:Execution","floor":110.0},{"not_picked":["Flex"],"picked":"SKIP","floor":110.0},{"not_picked":["Body Slam"],"picked":"SKIP","floor":112.0},{"not_picked":["Evolve+1","DeathKnight:BludPresence"],"picked":"SKIP","floor":113.0},{"not_picked":["DeathKnight:Runeguard"],"picked":"Twin Strike","floor":115.0},{"not_picked":["infinitespire:TheBestDefense","infinitespire:Collect"],"picked":"hubris:InfiniteBlow+10","floor":115.0},{"not_picked":["Wild Strike+1","DeathKnight:IceboundArmor"],"picked":"SKIP","floor":120},{"not_picked":["Uppercut","DeathKnight:PathOfFrost"],"picked":"SKIP","floor":123},{"not_picked":["Thunderclap"],"picked":"DeathKnight:Contagion","floor":124},{"not_picked":["Sentinel","DeathKnight:UnholyPresence"],"picked":"SKIP","floor":125},{"not_picked":["Iron Wave","DeathKnight:MutagenicPlague"],"picked":"SKIP","floor":127},{"not_picked":["Seeing Red+1","DeathKnight:WraithWalk"],"picked":"Singing Bowl","floor":131},{"not_picked":["Pommel Strike","DeathKnight:GargoyleSkin"],"picked":"Singing Bowl","floor":133},{"not_picked":["Impervious","DeathKnight:ArmyOfTheDead"],"picked":"Singing Bowl","floor":135},{"not_picked":["Uppercut+1","DeathKnight:UnholyPresence"],"picked":"Singing Bowl","floor":137},{"not_picked":["Wild Strike","DeathKnight:BloodStrike"],"picked":"Singing Bowl","floor":140},{"not_picked":["Second Wind","DeathKnight:BoneStorm"],"picked":"Singing Bowl","floor":142},{"not_picked":["Dropkick+1","DeathKnight:MutagenicPlague"],"picked":"Singing Bowl","floor":143},{"not_picked":["infinitespire:FutureSight","infinitespire:Fortify","infinitespire:Menacing"],"picked":"Singing Bowl","floor":144},{"not_picked":["Dual Wield","DeathKnight:RuneShock"],"picked":"Singing Bowl","floor":144},{"not_picked":["Iron Wave+1","DeathKnight:MutagenicPlague"],"picked":"Singing Bowl","floor":147},{"not_picked":["DeathKnight:Simulacrum"],"picked":"Demon Form+1","floor":152},{"not_picked":["Sever Soul+1","DeathKnight:IceboundArmor"],"picked":"Singing Bowl","floor":156},{"not_picked":["DeathKnight:Outbreak"],"picked":"Juggernaut+1","floor":157}],"player_experience":511983,"relics_obtained":[{"floor":6.0,"key":"Dota2Spire:CrimsonGuard"},{"floor":8.0,"key":"trackpad:RapidFire"},{"floor":9.0,"key":"trackpad:HandOfMidas"},{"floor":13.0,"key":"Regal Pillow"},{"floor":23.0,"key":"Eternal Feather"},{"floor":25.0,"key":"Dota2Spire:BattleFury"},{"floor":26.0,"key":"Potion Belt"},{"floor":27.0,"key":"Dota2Spire:LotusOrb"},{"floor":36.0,"key":"Dota2Spire:HeartOfTarrasque"},{"floor":40.0,"key":"trackpad:BottledTsunami"},{"floor":42.0,"key":"hubris:IronBody"},{"floor":44.0,"key":"Mango"},{"floor":47.0,"key":"Blood Vial"},{"floor":58.0,"key":"Whetstone"},{"floor":60.0,"key":"infinitespire:Lucky Rock"},{"floor":61.0,"key":"Frozen Egg 2"},{"floor":74.0,"key":"Bottled Flame"},{"floor":76.0,"key":"FossilizedHelix"},{"floor":77.0,"key":"Pantograph"},{"floor":78.0,"key":"Dota2Spire:Mjollnir"},{"floor":80.0,"key":"infinitespire:Satchel"},{"floor":89.0,"key":"trackpad:BerserkersDraught"},{"floor":91.0,"key":"hubris:Potato"},{"floor":94.0,"key":"Guardian:PocketSentry"},{"floor":95.0,"key":"Darkstone Periapt"},{"floor":97.0,"key":"Dota2Spire:Vanguard"},{"floor":107.0,"key":"hubris:DuctTape"},{"floor":108.0,"key":"trackpad:StainlessSteel"},{"floor":110.0,"key":"trackpad:FieryHotPepper"},{"floor":111.0,"key":"Meat on the Bone"},{"floor":112.0,"key":"hubris:DisguiseKit"},{"floor":122,"key":"trackpad:ByrdCharm"},{"floor":125,"key":"hubris:SphereOfDissonance"},{"floor":127,"key":"Ornamental Fan"},{"floor":128,"key":"Matryoshka"},{"floor":131,"key":"Singing Bowl"},{"floor":132,"key":"hubris:PeanutButter"},{"floor":132,"key":"infinitespire:FocusingShard"},{"floor":142,"key":"Dream Catcher"},{"floor":144,"key":"trackpad:Compendium"},{"floor":145,"key":"Dota2Spire:ShivaGuard"},{"floor":145,"key":"trackpad:DisasterInABottle"},{"floor":156,"key":"Dota2Spire:BladeMail"}],"event_choices":[{"damage_healed":0.0,"max_hp_gain":0.0,"max_hp_loss":0.0,"gold_gain":0.0,"event_name":"Golden Idol","player_choice":"Take Damage","floor":4.0,"gold_loss":0.0,"damage_taken":20.0,"relics_obtained":["Golden Idol"]},{"damage_healed":0.0,"max_hp_gain":0.0,"max_hp_loss":0.0,"gold_gain":0.0,"event_name":"The Woman in Blue","player_choice":"Bought 1 Potion","floor":14.0,"gold_loss":0.0,"damage_taken":0.0},{"damage_healed":0.0,"max_hp_gain":0.0,"max_hp_loss":0.0,"gold_gain":0.0,"event_name":"Addict","player_choice":"Obtained Relic","floor":22.0,"gold_loss":85.0,"damage_taken":0.0,"relics_obtained":["Bronze Scales"]},{"damage_healed":0.0,"max_hp_gain":0.0,"max_hp_loss":0.0,"gold_gain":0.0,"event_name":"MindBloom","player_choice":"Fight","floor":36.0,"gold_loss":0.0,"damage_taken":0.0},{"damage_healed":0.0,"max_hp_gain":0.0,"max_hp_loss":0.0,"gold_gain":0.0,"event_name":"Shining Light","player_choice":"Entered Light","floor":54.0,"gold_loss":0.0,"damage_taken":25.0,"cards_upgraded":["Defend_R","Wild Strike"]},{"damage_healed":0.0,"max_hp_gain":0.0,"max_hp_loss":0.0,"gold_gain":0.0,"cards_transformed":["hubris:Lust"],"event_name":"Transmorgrifier","player_choice":"Transformed","floor":55.0,"gold_loss":0.0,"damage_taken":0.0,"cards_obtained":["Decay"]},{"damage_healed":0.0,"max_hp_gain":0.0,"max_hp_loss":0.0,"gold_gain":0.0,"event_name":"Match and Keep!","player_choice":"2 cards matched","floor":71.0,"gold_loss":0.0,"damage_taken":0.0,"cards_obtained":["Bloodletting","Impatience"]},{"damage_healed":0.0,"max_hp_gain":0.0,"max_hp_loss":0.0,"gold_gain":0.0,"event_name":"Duplicator","player_choice":"Copied","floor":87.0,"gold_loss":0.0,"damage_taken":0.0,"cards_obtained":["Feed"]},{"damage_healed":0.0,"max_hp_gain":0.0,"max_hp_loss":0.0,"gold_gain":0.0,"event_name":"Mysterious Sphere","player_choice":"Fight","floor":89.0,"gold_loss":0.0,"damage_taken":0.0},{"damage_healed":0.0,"max_hp_gain":0.0,"max_hp_loss":0.0,"gold_gain":0.0,"event_name":"Accursed Blacksmith","player_choice":"Rummage","floor":96.0,"gold_loss":0.0,"damage_taken":0.0,"relics_obtained":["WarpedTongs"],"cards_obtained":["Pain"]},{"damage_healed":0.0,"max_hp_gain":0.0,"max_hp_loss":0.0,"gold_gain":0.0,"event_name":"Scrap Ooze","player_choice":"Success","floor":105.0,"gold_loss":0.0,"damage_taken":3.0,"relics_obtained":["hubris:DeckOfHolding"]},{"damage_healed":0.0,"max_hp_gain":0.0,"max_hp_loss":0.0,"gold_gain":0.0,"event_name":"Dead Adventurer","player_choice":"Searched \u00271\u0027 times","floor":107.0,"gold_loss":0.0,"damage_taken":0.0},{"damage_healed":0,"gold_gain":0,"player_choice":"Became a vampire (Vial)","damage_taken":0,"max_hp_gain":0,"max_hp_loss":0,"event_name":"Vampires","floor":121,"relics_lost":["Blood Vial"],"gold_loss":0,"cards_obtained":["Bite","Bite","Bite","Bite","Bite"]},{"damage_healed":0,"gold_gain":99,"player_choice":"Stole From Cult","damage_taken":0,"max_hp_gain":0,"max_hp_loss":0,"event_name":"Nest","floor":130,"gold_loss":0},{"cards_removed":["Immolate"],"damage_healed":0,"gold_gain":0,"player_choice":"Removed Attack","damage_taken":0,"max_hp_gain":0,"max_hp_loss":0,"event_name":"Falling","floor":138,"gold_loss":0},{"cards_removed":["Pain","Regret","hubris:Compulsion","Pain","Writhe","Pain","hubris:Greed","Pain","hubris:Greed","Clumsy","Shame","Decay","Writhe","downfall:Aged","hubris:Despair"],"damage_healed":0,"gold_gain":0,"player_choice":"Removed Curses","damage_taken":0,"max_hp_gain":0,"max_hp_loss":0,"event_name":"Fountain of Cleansing","floor":139,"gold_loss":0}],"is_beta":false,"boss_relics":[{"not_picked":["hubris:TerracottaHorce","hubris:Stopwatch"],"picked":"bronze:MakeshiftBattery"},{"not_picked":["Snecko Eye","trackpad:StolenKidneys","trackpad:Trackpad"]},{"not_picked":["Runic Dome","hubris:CrackedHourglass"],"picked":"Busted Crown"},{"not_picked":["hubris:CrackedHourglass","Tiny House"],"picked":"infinitespire:Cupcake"},{"not_picked":["hubris:Stopwatch","Dota2Spire:RefresherOrb"],"picked":"trackpad:Coffee"},{"not_picked":["hubris:ScarierMask","Runic Pyramid"],"picked":"Empty Cage"},{"not_picked":["Dota2Spire:RefresherOrb","Tiny House"],"picked":"Mark of Pain"},{"not_picked":["hubris:BlackHole","Snecko Eye"],"picked":"Cursed Key"},{"not_picked":["hubris:VirtuousBlindfold","Runic Cube"],"picked":"infinitespire:Burning Sword"}],"items_purged_floors":[11,30,114,129,146,155],"is_endless":true,"potions_floor_spawned":[7,10,13,16,18,25,27,36,39,40,47,50,53,58,65,67,69,74,75,80,86,88,104,106,108,110,120,124,133,140,144,147,152,157],"ascension_level":3}}