{"host":"37ccm3d17clopct7","time":1612696244,"event":{"mods":["BaseMod","Hermit","Lobotomy","Minty Spire (QoL Compilation)","StSLib","The Bug Knight","The Cursed","The Hierophant","The Jungle","The Runesmith"],"gold_per_floor":[111,111,111,111,124,124,124,158,211,211,222,147,162,162,162,258,258,268,46,66,66,66],"floor_reached":21,"language":"KOR","playtime":1257,"items_purged":["hermit:Strike_Hermit"],"score":177,"play_id":"1f6ff436-051b-461b-bbfd-4df1abee64df","local_time":"20210207201044","is_ascension_mode":false,"campfire_choices":[{"data":"hermit:Ricochet","floor":6,"key":"SMITH"},{"floor":15,"key":"REST"}],"circlet_count":0,"master_deck":["hermit:Strike_Hermit","hermit:Strike_Hermit","hermit:Defend_Hermit","hermit:Defend_Hermit","hermit:Defend_Hermit","hermit:Defend_Hermit","hermit:Snapshot","hermit:Covet","hermit:Ricochet+1","hermit:Snipe","hermit:LowProfile","hermit:Deadeye","hermit:TrackingShot","hermit:Roughhouse","hermit:Dive+1","hermit:TakeAim"],"relics":["hermit:Momento","Kunai","Ancient Tea Set","MealTicket","hermit:RyeStalk"],"acts_visited":["Exordium","TheCity"],"potions_floor_usage":[21],"damage_taken":[{"damage":1,"enemies":"Jaw Worm","floor":1,"turns":5},{"damage":0,"enemies":"2 Louse","floor":5,"turns":2},{"damage":21,"enemies":"Lagavulin","floor":8,"turns":5},{"damage":0,"enemies":"Cultist","floor":11,"turns":3},{"damage":5,"enemies":"Looter","floor":13,"turns":3},{"damage":51,"enemies":"Slime Boss","floor":16,"turns":15},{"damage":20,"enemies":"Shell Parasite","floor":18,"turns":8},{"damage":30,"enemies":"Spheric Guardian","floor":20,"turns":9},{"damage":47,"enemies":"Centurion and Healer","floor":21,"turns":12}],"seed_played":"6127065195516650509","potions_obtained":[{"floor":5,"key":"BlessingOfTheForge"},{"floor":8,"key":"GamblersBrew"},{"floor":11,"key":"ColorlessPotion"},{"floor":18,"key":"Explosive Potion"}],"is_trial":false,"path_per_floor":["M","?","?","?","M","R","?","E","T","?","M","$","M","?","R","B",null,"M","$","M","M"],"character_chosen":"HERMIT","items_purchased":["hermit:RyeStalk","hermit:TakeAim"],"campfire_rested":1,"item_purchase_floors":[19,19],"current_hp_per_floor":[81,69,69,69,69,69,69,48,48,48,48,63,58,58,82,31,82,62,77,47,0,0],"gold":66,"neow_bonus":"TEN_PERCENT_HP_BONUS","is_daily":false,"chose_seed":false,"campfire_upgraded":1,"win_rate":0.0,"timestamp":1612696244,"path_taken":["M","?","?","?","?","R","?","E","T","?","M","$","?","?","R","BOSS","M","$","M","M"],"items_purchased_type":["Relic","Card"],"build_version":"2020-12-22","purchased_purges":1,"victory":false,"max_hp_per_floor":[82,82,82,82,82,82,82,82,82,82,82,82,82,82,82,82,82,82,82,82,82,82],"card_choices":[{"not_picked":["hermit:Coalescence","hermit:Misfire"],"picked":"hermit:Ricochet","floor":1},{"not_picked":["hermit:Quickdraw","hermit:Dissolve"],"picked":"hermit:Snipe","floor":5},{"not_picked":["hermit:Virtue","hermit:Snipe"],"picked":"hermit:LowProfile","floor":8},{"not_picked":["hermit:HoleUp","hermit:Combo"],"picked":"hermit:Deadeye","floor":11},{"not_picked":["hermit:HighCaliber","hermit:Desperado"],"picked":"hermit:TrackingShot","floor":13},{"not_picked":["hermit:Purgatory","hermit:FatalDesire"],"picked":"hermit:Roughhouse","floor":16},{"not_picked":["hermit:Horror+1","hermit:TrackingShot+1"],"picked":"hermit:Dive+1","floor":18},{"not_picked":["hermit:Malice","hermit:Dive","hermit:Purgatory"],"picked":"SKIP","floor":20}],"player_experience":135351,"relics_obtained":[{"floor":8,"key":"Ancient Tea Set"},{"floor":9,"key":"MealTicket"}],"event_choices":[{"damage_healed":0,"gold_gain":0,"player_choice":"Success","damage_taken":12,"relics_obtained":["Kunai"],"max_hp_gain":0,"max_hp_loss":0,"event_name":"Scrap Ooze","floor":2,"gold_loss":0},{"damage_healed":0,"gold_gain":0,"player_choice":"Ignored","damage_taken":0,"max_hp_gain":0,"max_hp_loss":0,"event_name":"Liars Game","floor":3,"gold_loss":0},{"cards_removed":["hermit:Strike_Hermit"],"damage_healed":0,"gold_gain":0,"player_choice":"Offered Basic","damage_taken":0,"max_hp_gain":0,"max_hp_loss":0,"event_name":"Bonfire Elementals","floor":4,"gold_loss":0},{"damage_healed":0,"gold_gain":0,"player_choice":"Ignored","damage_taken":0,"max_hp_gain":0,"max_hp_loss":0,"event_name":"Shining Light","floor":7,"gold_loss":0},{"damage_healed":0,"gold_gain":0,"player_choice":"Ignored","damage_taken":0,"max_hp_gain":0,"max_hp_loss":0,"event_name":"NoteForYourself","floor":10,"gold_loss":0},{"damage_healed":0,"gold_gain":0,"player_choice":"Bought 0 Potions","damage_taken":0,"max_hp_gain":0,"max_hp_loss":0,"event_name":"The Woman in Blue","floor":14,"gold_loss":0}],"is_beta":false,"boss_relics":[{"not_picked":["Sozu","Runesmith:UraniumAnvil","Runic Pyramid"]}],"items_purged_floors":[12],"is_endless":false,"potions_floor_spawned":[5,8,11,18,20],"killed_by":"Centurion and Healer","ascension_level":0}}