{"host":"xltl1aroowo69o4n","time":1612736339,"event":{"mods":["BaseMod","Colored Map","Colored Powertips","Downfall","Marisa????????","Minty Spire (QoL Compilation)","Replay The Spire","StSLib","The Cursed","The Hierophant","The Mystic","The Necromancer","The Servant 0.9.4"],"gold_per_floor":[111,111,125,139,154,154,180,191,215,215,232,284,311,288,300,415,427,459,10,10,22,36,36,61,13,85,96,96,96],"floor_reached":28,"language":"ENG","playtime":2234,"items_purged":[],"score":244,"play_id":"e671a780-be1d-42c5-8ce4-cfb1938868c1","local_time":"20210207171859","is_ascension_mode":false,"campfire_choices":[{"floor":6.0,"key":"REST"},{"floor":10.0,"key":"REST"},{"data":"Double Energy","floor":15.0,"key":"SMITH"},{"floor":23.0,"key":"REST"}],"circlet_count":0,"master_deck":["Strike_B","Strike_B","Strike_B","Strike_B","Defend_B","Defend_B","Defend_B","Defend_B","Zap","Dualcast","Doubt","Coolheaded","Jack Of All Trades","Machine Learning","Beam Cell","Go for the Eyes","Lockon","Chill","Streamline","Stack","Double Energy+1","Machine Learning","Genetic Algorithm+1","Fusion","Storm","Bandage Up","Discovery","Blind","Hologram+1","Tempest","Doom and Gloom+1","Cold Snap+1"],"relics":["Cracked Core","Ice Cream","Matryoshka","Bronze Scales","Oddly Smooth Stone","MawBank","Orichalcum","Fusion Hammer","Gremlin Horn","Pocketwatch","Question Card"],"acts_visited":[],"potions_floor_usage":[],"damage_taken":[{"damage":7.0,"enemies":"2 Louse","floor":1.0,"turns":3.0},{"damage":4.0,"enemies":"Cultist","floor":3.0,"turns":3.0},{"damage":7.0,"enemies":"Jaw Worm","floor":4.0,"turns":3.0},{"damage":21.0,"enemies":"Lots of Slimes","floor":5.0,"turns":4.0},{"damage":4.0,"enemies":"Lagavulin","floor":7.0,"turns":5.0},{"damage":8.0,"enemies":"2 Fungi Beasts","floor":8.0,"turns":3.0},{"damage":16.0,"enemies":"Large Slime","floor":11.0,"turns":5.0},{"damage":6.0,"enemies":"Blue Slaver","floor":13.0,"turns":3.0},{"damage":25.0,"enemies":"Hexaghost","floor":16.0,"turns":11.0},{"damage":4.0,"enemies":"Chosen","floor":18.0,"turns":4.0},{"damage":2.0,"enemies":"Spheric Guardian","floor":21.0,"turns":4.0},{"damage":11.0,"enemies":"Snake Plant","floor":22.0,"turns":5.0},{"damage":14.0,"enemies":"Gremlin Leader","floor":24.0,"turns":5.0},{"damage":4.0,"enemies":"Cultist and Chosen","floor":27.0,"turns":4.0},{"damage":21.0,"enemies":"Centurion and Healer","floor":28.0,"turns":7.0}],"seed_played":"7338693570647119252","potions_obtained":[{"floor":1.0,"key":"Dexterity Potion"},{"floor":4.0,"key":"DuplicationPotion"},{"floor":8.0,"key":"LiquidBronze"},{"floor":11.0,"key":"LiquidMemories"},{"floor":13.0,"key":"Regen Potion"},{"floor":18.0,"key":"PotionOfCapacity"},{"floor":22.0,"key":"Dexterity Potion"}],"is_trial":false,"path_per_floor":["M","?","M","M","M","R","E","M","T","R","M","T","M","?","R","B",null,"M","$","?","M","M","R","E","$","T","M","M"],"character_chosen":"DEFECT","items_purchased":["Fusion","Gremlin Horn","Storm","Bandage Up","PowerPotion"],"campfire_rested":3,"item_purchase_floors":[19,19,19,19,25],"current_hp_per_floor":[68,68,64,57,36,58,54,46,46,68,52,52,46,64,64,54,75,71,71,46,48,41,63,55,55,55,55,38,38],"gold":96,"neow_bonus":"ONE_RARE_RELIC","is_daily":false,"chose_seed":false,"campfire_upgraded":1,"win_rate":0.0,"timestamp":1612736339,"path_taken":["M","?","?","M","M","R","E","M","T","R","M","?","M","?","R","BOSS","M","$","?","M","?","R","E","?","T","M","?"],"items_purchased_type":["Card","Relic","Card","Card","Potion"],"build_version":"2020-12-13","purchased_purges":0,"victory":false,"max_hp_per_floor":[75,75,75,75,75,75,75,75,75,75,75,75,75,75,75,75,75,75,75,75,75,75,75,75,75,75,75,75,75],"card_choices":[{"not_picked":["Compile Driver","Redo"],"picked":"Coolheaded","floor":1.0},{"not_picked":["Rebound","Coolheaded"],"picked":"Beam Cell","floor":3.0},{"not_picked":["Turbo","Cold Snap"],"picked":"Go for the Eyes","floor":4.0},{"not_picked":["Darkness","Amplify"],"picked":"Lockon","floor":5.0},{"not_picked":["Streamline","Leap"],"picked":"Chill","floor":7.0},{"not_picked":["Defragment","Ball Lightning"],"picked":"Streamline","floor":8.0},{"not_picked":["Hologram","Barrage"],"picked":"Stack","floor":11.0},{"not_picked":["Stack","Compile Driver"],"picked":"Double Energy","floor":13.0},{"not_picked":["Fission","Seek"],"picked":"Machine Learning","floor":16.0},{"not_picked":["Go for the Eyes","Stack"],"picked":"Genetic Algorithm+1","floor":18.0},{"not_picked":["Go for the Eyes","Streamline"],"picked":"Hologram+1","floor":21.0},{"not_picked":["Self Repair","Rip and Tear"],"picked":"Tempest","floor":22.0},{"not_picked":["Skim","Coolheaded"],"picked":"Doom and Gloom+1","floor":24.0},{"not_picked":["Hello World","Coolheaded","Compile Driver"],"picked":"Cold Snap+1","floor":27.0}],"player_experience":138730,"relics_obtained":[{"floor":7.0,"key":"Matryoshka"},{"floor":9.0,"key":"Bronze Scales"},{"floor":9.0,"key":"Oddly Smooth Stone"},{"floor":12.0,"key":"MawBank"},{"floor":12.0,"key":"Orichalcum"},{"floor":24.0,"key":"Pocketwatch"},{"floor":26.0,"key":"Question Card"}],"event_choices":[{"damage_healed":0.0,"max_hp_gain":0.0,"max_hp_loss":0.0,"gold_gain":0.0,"event_name":"Match and Keep!","player_choice":"2 cards matched","floor":2.0,"gold_loss":0.0,"damage_taken":0.0,"cards_obtained":["Jack Of All Trades","Machine Learning"]},{"damage_healed":18.0,"max_hp_gain":0.0,"max_hp_loss":0.0,"gold_gain":0.0,"event_name":"The Cleric","player_choice":"Healed","floor":14.0,"gold_loss":35.0,"damage_taken":0.0},{"damage_healed":0.0,"max_hp_gain":0.0,"max_hp_loss":0.0,"gold_gain":0.0,"event_name":"Knowing Skull","player_choice":"CARD POTION CARD ","floor":20.0,"potions_obtained":["EssenceOfSteel"],"gold_loss":0.0,"damage_taken":25.0,"cards_obtained":["Discovery","Blind"]}],"is_beta":false,"boss_relics":[{"not_picked":["Tiny House","SlaversCollar"],"picked":"Fusion Hammer"}],"items_purged_floors":[],"is_endless":false,"potions_floor_spawned":[1,4,8,11,13,18,22],"killed_by":"Centurion and Healer","ascension_level":0}}