{"host":"d52brwsy6af8zvaq","time":1612726707,"event":{"mods":["AchievementEnabler","BaseMod","Bestiary","Highlight Path","Minty Spire (QoL Compilation)","Quick Restart","Relic Stats","ojb\u0027s Better Paths Mod"],"gold_per_floor":[116,130,45,60,77,112,112,112,112],"floor_reached":8,"language":"ENG","playtime":341,"items_purged":[],"score":116,"play_id":"43629ecf-eff4-480b-9f8b-c441cd300589","local_time":"20210207123827","is_ascension_mode":true,"campfire_choices":[{"floor":7,"key":"REST"}],"circlet_count":0,"master_deck":["AscendersBane","Strike_B","Strike_B","Strike_B","Strike_B","Defend_B","Defend_B","Defend_B","Defend_B","Zap","Dualcast","Hologram","Cold Snap","Go for the Eyes","Steam","Glacier","Stack","Streamline"],"relics":["Cracked Core","White Beast Statue"],"acts_visited":["Exordium"],"potions_floor_usage":[5],"damage_taken":[{"damage":3.0,"enemies":"2 Louse","floor":1.0,"turns":2.0},{"damage":23,"enemies":"Small Slimes","floor":2,"turns":4},{"damage":7,"enemies":"Jaw Worm","floor":4,"turns":3},{"damage":4,"enemies":"2 Fungi Beasts","floor":5,"turns":4},{"damage":27,"enemies":"Lagavulin","floor":6,"turns":10},{"damage":50,"enemies":"Gremlin Nob","floor":8,"turns":4}],"seed_played":"-6785375754577101757","potions_obtained":[{"floor":4,"key":"ColorlessPotion"}],"is_trial":false,"path_per_floor":["M","M","$","M","M","E","R","E"],"character_chosen":"DEFECT","items_purchased":["Go for the Eyes","Steam"],"campfire_rested":1,"item_purchase_floors":[3,3],"current_hp_per_floor":[68,45,45,38,34,7,30,0,0],"gold":112,"neow_bonus":"TEN_PERCENT_HP_BONUS","is_daily":false,"chose_seed":false,"campfire_upgraded":0,"win_rate":0.0,"timestamp":1612726707,"path_taken":["M","M","$","M","M","E","R","E"],"items_purchased_type":["Card","Card"],"build_version":"2020-12-22","purchased_purges":0,"victory":false,"max_hp_per_floor":[78,78,78,78,78,78,78,78,78],"relic_stats":{"counters":[6,27],"obtain_stats":[{"Cracked Core":0,"White Beast Statue":6},{"Cracked Core":0,"White Beast Statue":5},{"Cracked Core":0,"White Beast Statue":23}]},"card_choices":[{"not_picked":["Redo","Double Energy"],"picked":"Hologram","floor":1.0},{"not_picked":["Gash","Reinforced Body"],"picked":"Cold Snap","floor":2},{"not_picked":["Turbo","Compile Driver"],"picked":"Glacier","floor":4},{"not_picked":["Glacier","Thunder Strike"],"picked":"Stack","floor":5},{"not_picked":["Go for the Eyes","Fission"],"picked":"Streamline","floor":6}],"player_experience":2188152,"relics_obtained":[{"floor":6,"key":"White Beast Statue"}],"event_choices":[],"is_beta":false,"boss_relics":[],"items_purged_floors":[],"is_endless":false,"potions_floor_spawned":[4],"killed_by":"Gremlin Nob","ascension_level":20}}