{"host":"rq7gz685gkaokql0","time":1612742195,"event":{"mods":["BaseMod","Hubris","Infinite Spire","Minty Spire (QoL Compilation)","Replay The Spire","StSLib"],"gold_per_floor":[111,4,4,4,4,4,35,35,58,58,58,58,75,75,86,120,120,199,199,212,487,499,61,73,99,99,99,99],"floor_reached":27,"language":"ENG","playtime":771,"items_purged":["Parasite","Regret"],"score":474,"play_id":"7de8de2c-de44-49f6-98a1-acfba631aad1","local_time":"20210207135635","is_ascension_mode":true,"campfire_choices":[{"data":"All Out Attack","floor":6,"key":"SMITH"},{"data":"Poisoned Stab","floor":8,"key":"SMITH"},{"data":"Deadly Poison","floor":12,"key":"SMITH"},{"data":"Cloak And Dagger","floor":14,"key":"SMITH"},{"floor":17,"key":"REST"}],"circlet_count":0,"master_deck":["AscendersBane","Strike_G","Strike_G","Strike_G","Strike_G","Strike_G","Defend_G","Defend_G","Defend_G","Defend_G","Defend_G","Survivor","Neutralize","Deadly Poison+1","PiercingWail+1","All Out Attack+1","Poisoned Stab+1","Riddle With Holes","Cloak And Dagger+1","Blade Dance","ReplayTheSpireMod:From All Sides","Die Die Die","Poisoned Stab","Flying Knee","Slice+1","Dagger Spray"],"relics":["Cracked Core","ReplayTheSpireMod:CursedCoin","Sizzling Blood","infinitespire:Cubic Diamond","Paper Crane","Ancient Tea Set","Bronze Scales","HoveringKite","infinitespire:Beetle Shell","Lee\u0027s Waffle","Replay:Wax Seal"],"acts_visited":["Exordium","TheCity"],"potions_floor_usage":[16,24,25,27],"damage_taken":[{"damage":0,"enemies":"2 Louse","floor":1,"turns":1},{"damage":25,"enemies":"Gremlin Nob","floor":7,"turns":4},{"damage":0,"enemies":"Jaw Worm","floor":13,"turns":2},{"damage":0,"enemies":"Cultist","floor":15,"turns":2},{"damage":17,"enemies":"3 Sentries","floor":16,"turns":5},{"damage":10,"enemies":"Hexaghost","floor":18,"turns":8},{"damage":11,"enemies":"3 Byrds","floor":20,"turns":4},{"damage":19,"enemies":"Spheric Guardian","floor":22,"turns":5},{"damage":31,"enemies":"Centurion and Healer","floor":24,"turns":4},{"damage":12,"enemies":"Book of Stabbing","floor":25,"turns":4},{"damage":37,"enemies":"Nightmare","floor":27,"turns":7}],"seed_played":"-9031624201178914878","potions_obtained":[{"floor":1,"key":"DistilledChaos"},{"floor":15,"key":"Ancient Potion"},{"floor":20,"key":"Poison Potion"}],"is_trial":false,"path_per_floor":["M","$","?","?","$","R","E","R","T","PTL","PTL","R","M","R","M","E","R","B",null,"M","?","M","$","M","E","?","NM"],"character_chosen":"THE_SILENT","items_purchased":["ReplayTheSpireMod:CursedCoin","PiercingWail+1","All Out Attack","Poisoned Stab","infinitespire:Beetle Shell","Lee\u0027s Waffle"],"campfire_rested":1,"item_purchase_floors":[2,2,2,2,23,23],"current_hp_per_floor":[59,59,63,63,63,63,42,42,42,42,42,42,46,46,50,37,57,51,63,56,56,41,74,47,39,27,0,0],"gold":99,"neow_bonus":"THREE_ENEMY_KILL","is_daily":false,"chose_seed":false,"campfire_upgraded":4,"win_rate":0.0,"timestamp":1612742195,"path_taken":["M","$","?","?","?","R","E","R","T","PTL","PTL","R","M","R","M","E","R","BOSS","M","?","?","$","M","E","?","NM"],"items_purchased_type":["Relic","Card","Card","Card","Relic","Relic"],"build_version":"2020-12-22","purchased_purges":2,"victory":false,"max_hp_per_floor":[66,63,67,67,67,67,67,67,67,67,67,67,67,67,67,67,67,67,67,67,67,67,74,74,74,74,74,74],"card_choices":[{"not_picked":["Sucker Punch","Setup"],"picked":"Deadly Poison","floor":1},{"not_picked":["ReplayTheSpireMod:Shiv Toss","Expertise"],"picked":"Riddle With Holes","floor":7},{"not_picked":["Prepared","Hidden Blade"],"picked":"Cloak And Dagger","floor":13},{"not_picked":["hubris:SlightOfHand","Eviscerate"],"picked":"Blade Dance","floor":15},{"not_picked":["Backflip","Well Laid Plans"],"picked":"ReplayTheSpireMod:From All Sides","floor":16},{"not_picked":["Atom Bomb","ReplayTheSpireMod:From All Sides"],"picked":"Die Die Die","floor":18},{"not_picked":["Acrobatics","Prepared"],"picked":"Poisoned Stab","floor":20},{"not_picked":["ReplayTheSpireMod:Exploit Weakness","Sneak Up"],"picked":"Flying Knee","floor":22},{"not_picked":["Underhanded Strike+1","Cloak And Dagger"],"picked":"Slice+1","floor":24},{"not_picked":["Slice","Adrenaline"],"picked":"Dagger Spray","floor":25}],"player_experience":1264491,"relics_obtained":[{"floor":7,"key":"Paper Crane"},{"floor":9,"key":"Ancient Tea Set"},{"floor":16,"key":"Bronze Scales"},{"floor":25,"key":"Replay:Wax Seal"}],"event_choices":[{"damage_healed":0,"gold_gain":275,"player_choice":"Desecrate","damage_taken":0,"max_hp_gain":0,"max_hp_loss":0,"event_name":"Golden Shrine","floor":21,"gold_loss":0,"cards_obtained":["Regret"]},{"damage_healed":0,"gold_gain":0,"player_choice":"POTION ","damage_taken":12,"max_hp_gain":0,"max_hp_loss":0,"event_name":"Knowing Skull","floor":26,"potions_obtained":["EssenceOfSteel"],"gold_loss":0,"cards_obtained":[]}],"is_beta":false,"boss_relics":[{"not_picked":["ReplayTheSpireMod:DimensionalGlitch","Empty Cage"],"picked":"HoveringKite"}],"items_purged_floors":[2,23],"is_endless":false,"potions_floor_spawned":[1,15,20],"killed_by":"Nightmare","ascension_level":20}}