{"host":"i09pxcjttd31eh4q","time":1612704442,"event":{"mods":["AchievementEnabler","BaseMod","Colored Map","Keyboard Shortcuts","Minty Spire (QoL Compilation)","StSLib","SuperFastMode"],"gold_per_floor":[109,124,124,49,68,68,80,109,133,133,149,175,75,75,75,151,151,164,164,174,174,174],"floor_reached":21,"language":"KOR","playtime":536,"items_purged":["Defend_P","Strike_P"],"score":508,"play_id":"5c03e001-90a6-48a8-8cf6-ce272dab6eb3","local_time":"20210207222722","is_ascension_mode":true,"campfire_choices":[{"data":"Eruption","floor":6.0,"key":"SMITH"},{"data":"CutThroughFate","floor":15.0,"key":"SMITH"}],"circlet_count":0,"master_deck":["AscendersBane","Strike_P+1","Defend_P","Eruption+1","Vigilance","Nirvana+1","BattleHymn+1","Halt+1","JustLucky+1","Weave+1","CutThroughFate+1"],"relics":["Astrolabe","Bronze Scales","Whetstone","Blood Vial","Black Star"],"acts_visited":["TheCity"],"potions_floor_usage":[20,21],"damage_taken":[{"damage":17.0,"enemies":"Small Slimes","floor":1.0,"turns":4.0},{"damage":0.0,"enemies":"Cultist","floor":2.0,"turns":2.0},{"damage":14.0,"enemies":"Jaw Worm","floor":5.0,"turns":4.0},{"damage":6.0,"enemies":"Looter","floor":7.0,"turns":2.0},{"damage":0.0,"enemies":"Lagavulin","floor":8.0,"turns":4.0},{"damage":5.0,"enemies":"Large Slime","floor":11.0,"turns":4.0},{"damage":0.0,"enemies":"Slime Boss","floor":16.0,"turns":4.0},{"damage":25,"enemies":"Shell Parasite","floor":18,"turns":3},{"damage":18,"enemies":"2 Thieves","floor":20,"turns":2},{"damage":22,"enemies":"Cultist and Chosen","floor":21,"turns":3}],"seed_played":"-2530975686644021894","potions_obtained":[{"floor":1.0,"key":"Swift Potion"},{"floor":5.0,"key":"Weak Potion"},{"floor":7.0,"key":"ColorlessPotion"},{"floor":11.0,"key":"Energy Potion"},{"floor":18,"key":"Energy Potion"}],"is_trial":false,"path_per_floor":["M","M","?","$","M","R","M","E","T","?","M","T","$","?","R","B",null,"M","?","M","M"],"character_chosen":"WATCHER","items_purchased":[],"campfire_rested":0,"item_purchase_floors":[],"current_hp_per_floor":[44,44,44,44,30,30,24,24,24,17,12,12,12,12,12,14,55,32,32,16,0,0],"gold":174,"neow_bonus":"BOSS_RELIC","is_daily":false,"chose_seed":false,"campfire_upgraded":2,"win_rate":0.0,"timestamp":1612704442,"path_taken":["M","M","?","$","M","R","?","E","T","?","M","?","$","?","R","BOSS","M","?","?","M"],"items_purchased_type":[],"build_version":"2020-12-22","purchased_purges":2,"victory":false,"max_hp_per_floor":[68,68,68,68,68,68,68,68,68,68,68,68,68,68,68,68,68,68,68,68,68,68],"card_choices":[{"not_picked":["WindmillStrike","Evaluate"],"picked":"JustLucky","floor":1.0},{"not_picked":["Prostrate","FlurryOfBlows","Worship"],"picked":"SKIP","floor":2.0},{"not_picked":["FlurryOfBlows","ThirdEye"],"picked":"Weave","floor":5.0},{"not_picked":["Indignation","Worship","Perseverance"],"picked":"SKIP","floor":7.0},{"not_picked":["ReachHeaven","BattleHymn"],"picked":"CutThroughFate","floor":8.0},{"not_picked":["BowlingBash","Halt","FlurryOfBlows"],"picked":"SKIP","floor":11.0},{"not_picked":["BowlingBash","Consecrate","Prostrate+1"],"picked":"SKIP","floor":18},{"not_picked":["CrushJoints","FlyingSleeves","InnerPeace"],"picked":"SKIP","floor":20}],"player_experience":888078,"relics_obtained":[{"floor":8.0,"key":"Bronze Scales"},{"floor":9.0,"key":"Whetstone"},{"floor":12.0,"key":"Blood Vial"}],"event_choices":[{"damage_healed":0.0,"max_hp_gain":0.0,"max_hp_loss":0.0,"gold_gain":0.0,"event_name":"Match and Keep!","player_choice":"0 cards matched","floor":3.0,"gold_loss":0.0,"damage_taken":0.0,"cards_obtained":[]},{"cards_removed":["Strike_P"],"damage_healed":0.0,"max_hp_gain":0.0,"max_hp_loss":0.0,"gold_gain":0.0,"event_name":"Golden Wing","player_choice":"Card Removal","floor":10.0,"gold_loss":0.0,"damage_taken":7.0},{"damage_healed":0.0,"max_hp_gain":0.0,"max_hp_loss":0.0,"gold_gain":0.0,"event_name":"Shining Light","player_choice":"Ignored","floor":14.0,"gold_loss":0.0,"damage_taken":0.0},{"damage_healed":0,"gold_gain":0,"player_choice":"Forge","damage_taken":0,"max_hp_gain":0,"max_hp_loss":0,"event_name":"Accursed Blacksmith","floor":19,"gold_loss":0,"cards_upgraded":["JustLucky"]}],"is_beta":false,"boss_relics":[{"not_picked":["Busted Crown","Sozu"],"picked":"Black Star"}],"items_purged_floors":[4,13],"is_endless":false,"potions_floor_spawned":[1,5,7,11,18],"killed_by":"Cultist and Chosen","ascension_level":20}}