{"host":"x000krxjblg8jdg4","time":1612728075,"event":{"mods":["BaseMod","Downfall","Hermit","Minty Spire (QoL Compilation)","StSLib","The Cursed","The Runesmith","The Servant 0.9.4"],"gold_per_floor":[118,135,154,168,168,168,199,211,247,276,288,324,360,396,408,525,537,574,605,636,648,610,622,634,646,658,670,682,682],"floor_reached":28,"language":"ENG","playtime":2203,"items_purged":[],"score":220,"play_id":"70db9c9d-e7c8-4a0c-b05f-17357bd74559","local_time":"20210207180115","is_ascension_mode":false,"campfire_choices":[{"data":"hermit:Quickdraw","floor":6,"key":"SMITH"},{"floor":11,"key":"REST"},{"floor":15,"key":"REST"},{"data":"hermit:HighNoon","floor":23,"key":"SMITH"},{"data":"hermit:CursedWeapon","floor":27,"key":"SMITH"}],"circlet_count":0,"master_deck":["hermit:Strike_Hermit","hermit:Strike_Hermit","hermit:Strike_Hermit","hermit:Strike_Hermit","hermit:Defend_Hermit","hermit:Defend_Hermit","hermit:Defend_Hermit","hermit:Defend_Hermit","hermit:Snapshot","hermit:Covet","hermit:TakeAim","hermit:Quickdraw+1","hermit:Headshot","hermit:Scavenge","hermit:Glare","hermit:GhostlyPresence","hermit:Shortfuse","hermit:Vantage","hermit:HighNoon+1","hermit:GhostlyPresence","hermit:Ricochet","hermit:Quickdraw","hermit:CursedWeapon+1"],"relics":["hermit:Momento","Runesmith:AutoHammer","Juzu Bracelet","MawBank","Anchor","Pen Nib","SlaversCollar","Pantograph"],"acts_visited":["Exordium","TheCity"],"potions_floor_usage":[7,16,16,28],"damage_taken":[{"damage":6,"enemies":"Jaw Worm","floor":1,"turns":4},{"damage":2,"enemies":"Cultist","floor":2,"turns":5},{"damage":0,"enemies":"2 Louse","floor":3,"turns":2},{"damage":11,"enemies":"Lots of Slimes","floor":4,"turns":5},{"damage":25,"enemies":"Lagavulin","floor":7,"turns":6},{"damage":5,"enemies":"Exordium Wildlife","floor":10,"turns":5},{"damage":1,"enemies":"Large Slime","floor":13,"turns":7},{"damage":8,"enemies":"Exordium Thugs","floor":14,"turns":6},{"damage":6,"enemies":"The Guardian","floor":16,"turns":12},{"damage":3,"enemies":"Chosen","floor":18,"turns":8},{"damage":0,"enemies":"Shell Parasite","floor":19,"turns":9},{"damage":12,"enemies":"Snecko","floor":20,"turns":7},{"damage":68,"enemies":"Cultist and Chosen","floor":28,"turns":6}],"seed_played":"9077679309574224868","potions_obtained":[{"floor":1,"key":"BlessingOfTheForge"},{"floor":2,"key":"Swift Potion"},{"floor":3,"key":"hexamod:SoulburnPotion"},{"floor":7,"key":"hermit:Tonic"},{"floor":18,"key":"CultistPotion"},{"floor":20,"key":"LiquidBronze"}],"is_trial":false,"path_per_floor":["M","M","M","M","?","R","E","$","T","M","R","T","M","M","R","B",null,"M","M","M","$","?","R","?","$","T","R","M"],"character_chosen":"HERMIT","items_purchased":[],"campfire_rested":2,"item_purchase_floors":[],"current_hp_per_floor":[69,67,67,56,44,44,19,19,19,14,36,36,35,27,49,43,75,72,72,60,60,60,60,60,60,60,60,0,0],"gold":682,"neow_bonus":"RANDOM_COMMON_RELIC","is_daily":false,"chose_seed":false,"campfire_upgraded":3,"win_rate":0.0,"timestamp":1612728075,"path_taken":["M","M","M","M","?","R","E","$","T","M","R","?","M","M","R","BOSS","M","M","M","?","?","R","?","$","T","R","M"],"items_purchased_type":[],"build_version":"2020-12-22","purchased_purges":0,"victory":false,"max_hp_per_floor":[75,75,75,75,75,75,75,75,75,75,75,75,75,75,75,75,75,75,75,75,75,75,75,75,75,75,75,75,75],"card_choices":[{"not_picked":["hermit:Gestalt","hermit:Scavenge"],"picked":"hermit:TakeAim","floor":1},{"not_picked":["hermit:Gestalt","hermit:Cheat"],"picked":"hermit:Quickdraw","floor":2},{"not_picked":["hermit:HoleUp","hermit:Combo"],"picked":"hermit:Headshot","floor":3},{"not_picked":["hermit:Desperado","hermit:Dive"],"picked":"hermit:Scavenge","floor":4},{"not_picked":["hermit:Gambit","hermit:Roulette"],"picked":"hermit:Glare","floor":7},{"not_picked":["hermit:Manifest","hermit:Misfire"],"picked":"hermit:GhostlyPresence","floor":10},{"not_picked":["hermit:BodyArmor","hermit:HoleUp"],"picked":"hermit:Shortfuse","floor":13},{"not_picked":["hermit:Horror","hermit:Desperado"],"picked":"hermit:Vantage","floor":14},{"not_picked":["hermit:EternalForm","hermit:Dissolve"],"picked":"hermit:HighNoon","floor":16},{"not_picked":["hermit:HoleUp+1","hermit:Misfire"],"picked":"hermit:GhostlyPresence","floor":18},{"not_picked":["hermit:Malice","hermit:Coalescence"],"picked":"hermit:Ricochet","floor":19},{"not_picked":["hermit:Manifest","hermit:Virtue+1"],"picked":"hermit:Quickdraw","floor":20}],"player_experience":96441,"relics_obtained":[{"floor":7,"key":"MawBank"},{"floor":9,"key":"Anchor"},{"floor":12,"key":"Pen Nib"},{"floor":26,"key":"Pantograph"}],"event_choices":[{"damage_healed":0,"gold_gain":0,"player_choice":"Success","damage_taken":12,"relics_obtained":["Juzu Bracelet"],"max_hp_gain":0,"max_hp_loss":0,"event_name":"Scrap Ooze","floor":5,"gold_loss":0},{"damage_healed":0,"gold_gain":0,"player_choice":"Bet on Murderer","damage_taken":0,"max_hp_gain":0,"max_hp_loss":0,"event_name":"The Joust","floor":22,"gold_loss":50},{"damage_healed":0,"gold_gain":0,"player_choice":"Read","damage_taken":0,"max_hp_gain":0,"max_hp_loss":0,"event_name":"The Library","floor":24,"gold_loss":0,"cards_obtained":["hermit:CursedWeapon"]}],"is_beta":false,"boss_relics":[{"not_picked":["Sozu","Ectoplasm"],"picked":"SlaversCollar"}],"items_purged_floors":[],"is_endless":false,"potions_floor_spawned":[1,2,3,7,18,20],"killed_by":"Cultist and Chosen","ascension_level":0}}