{"host":"52lujqhsyicpcskq","time":1612723583,"event":{"mods":["BaseMod","Colored Map","Minty Spire (QoL Compilation)","Permanent Neow","StSLib","SuperFastMode","everything is the same but u backflip on backflip"],"gold_per_floor":[109,127,141,17,17,17,42,56,130,130,130,130,162,173,173,251,251,261,261,241,254,272,272,272],"floor_reached":23,"language":"KOR","playtime":685,"items_purged":[],"score":332,"play_id":"0ab727da-7306-4c6b-921d-de66c70c8853","local_time":"20210208034623","is_ascension_mode":true,"campfire_choices":[{"data":"Neutralize","floor":6,"key":"SMITH"},{"floor":10,"key":"REST"},{"data":"Glass Knife","floor":12,"key":"SMITH"},{"floor":15,"key":"REST"}],"circlet_count":0,"master_deck":["AscendersBane","Strike_G+1","Strike_G+1","Strike_G+1","Strike_G+1","Strike_G+1","Defend_G+1","Defend_G+1","Defend_G+1","Defend_G+1","Defend_G+1","Survivor","Neutralize+1","Envenom+1","Poisoned Stab","Dagger Spray","Acrobatics","Catalyst","Glass Knife+1","Terror","Decay","Cloak And Dagger","Leg Sweep","Night Terror","Slice+1","Unload"],"relics":["Ring of the Snake","Gambling Chip","Darkstone Periapt","Pen Nib","Cursed Key"],"acts_visited":["Exordium","TheCity"],"potions_floor_usage":[7,7,13,16],"damage_taken":[{"damage":5,"enemies":"Jaw Worm","floor":1,"turns":6},{"damage":1,"enemies":"Cultist","floor":2,"turns":4},{"damage":8,"enemies":"2 Louse","floor":3,"turns":3},{"damage":12,"enemies":"Gremlin Nob","floor":7,"turns":3},{"damage":11,"enemies":"Red Slaver","floor":8,"turns":4},{"damage":15,"enemies":"3 Sentries","floor":13,"turns":7},{"damage":0,"enemies":"Blue Slaver","floor":14,"turns":2},{"damage":21,"enemies":"The Guardian","floor":16,"turns":11},{"damage":23,"enemies":"Spheric Guardian","floor":18,"turns":5},{"damage":2,"enemies":"Chosen","floor":21,"turns":5},{"damage":13,"enemies":"Snecko","floor":22,"turns":3},{"damage":12,"enemies":"Book of Stabbing","floor":23,"turns":3}],"seed_played":"-4878564723149631273","potions_obtained":[{"floor":2,"key":"Poison Potion"},{"floor":7,"key":"Fire Potion"},{"floor":14,"key":"PowerPotion"},{"floor":20,"key":"EssenceOfSteel"}],"is_trial":false,"path_per_floor":["M","M","M","$","?","R","E","M","T","R","?","R","E","M","R","B",null,"M","?","?","M","M","E"],"character_chosen":"THE_SILENT","items_purchased":["Fire Potion","Catalyst"],"campfire_rested":2,"item_purchase_floors":[4,4],"current_hp_per_floor":[58,57,49,49,49,49,37,26,26,44,50,50,35,35,55,34,60,37,37,37,35,22,10,10],"gold":272,"neow_bonus":"THREE_RARE_CARDS","is_daily":false,"chose_seed":false,"campfire_upgraded":2,"win_rate":0.0,"timestamp":1612723583,"path_taken":["M","M","M","$","?","R","E","?","T","R","?","R","E","?","R","BOSS","M","?","?","M","?","E"],"items_purchased_type":["Potion","Card"],"build_version":"2020-12-22","purchased_purges":0,"victory":false,"max_hp_per_floor":[63,63,63,63,63,63,63,63,63,63,69,69,69,69,69,69,69,69,69,69,69,69,69,69],"card_choices":[{"not_picked":["Doppelganger","Storm of Steel"],"picked":"Envenom","floor":0},{"not_picked":["Acrobatics","Deflect"],"picked":"Poisoned Stab","floor":1},{"not_picked":["Bane","Dash"],"picked":"Dagger Spray","floor":2},{"not_picked":["Finisher","Underhanded Strike"],"picked":"Acrobatics","floor":3},{"not_picked":["PiercingWail","Blade Dance"],"picked":"Glass Knife","floor":7},{"not_picked":["Blade Dance","Flying Knee"],"picked":"Terror","floor":8},{"not_picked":["Deflect","Sucker Punch"],"picked":"Cloak And Dagger","floor":13},{"not_picked":["Backflip","Deflect"],"picked":"Leg Sweep","floor":14},{"not_picked":["Venomology","Wraith Form v2"],"picked":"Night Terror","floor":16},{"not_picked":["Underhanded Strike","Tactician","Outmaneuver"],"picked":"SKIP","floor":18},{"not_picked":["Riddle With Holes","Dodge and Roll"],"picked":"Slice+1","floor":21},{"not_picked":["Bane","Outmaneuver"],"picked":"Unload","floor":22}],"player_experience":767060,"relics_obtained":[{"floor":7,"key":"Gambling Chip"},{"floor":9,"key":"Darkstone Periapt"},{"floor":13,"key":"Pen Nib"}],"event_choices":[{"damage_healed":0,"gold_gain":0,"player_choice":"Upgraded","damage_taken":0,"max_hp_gain":0,"max_hp_loss":0,"event_name":"Upgrade Shrine","floor":5,"gold_loss":0,"cards_upgraded":["Envenom"]},{"damage_healed":0,"gold_gain":0,"player_choice":"Cursed","damage_taken":0,"max_hp_gain":0,"max_hp_loss":0,"event_name":"Wheel of Change","floor":11,"gold_loss":0,"cards_obtained":["Decay"]},{"damage_healed":0,"gold_gain":0,"player_choice":"Simplicity","damage_taken":0,"max_hp_gain":0,"max_hp_loss":0,"event_name":"Back to Basics","floor":19,"gold_loss":0,"cards_upgraded":["Strike_G","Strike_G","Strike_G","Strike_G","Strike_G","Defend_G","Defend_G","Defend_G","Defend_G","Defend_G"]},{"damage_healed":0,"gold_gain":0,"player_choice":"Bought 1 Potion","damage_taken":0,"max_hp_gain":0,"max_hp_loss":0,"event_name":"The Woman in Blue","floor":20,"gold_loss":0}],"is_beta":false,"boss_relics":[{"not_picked":["Sozu","Ectoplasm"],"picked":"Cursed Key"}],"items_purged_floors":[],"is_endless":false,"potions_floor_spawned":[2,7,14],"killed_by":"Book of Stabbing","ascension_level":13}}