{"host":"April","time":1612689872,"event":{"mods":["BaseMod","Minty Spire (QoL Compilation)"],"gold_per_floor":[216,216,491,0,14,14,14,39,66,85,116,130,130,165,165,266,266,283,283,293,307,327,327,343,343,343,41,41,74,74,108,108,206,206,216,216,231,300,81,81,131,147,147,147,166,201,201,228,228,228],"floor_reached":51,"language":"ENG","playtime":3964,"items_purged":["Regret"],"score":904,"play_id":"fc71fc4b-76b4-4bc1-8e51-eb3ac4c2f58f","local_time":"20210207012432","is_ascension_mode":true,"campfire_choices":[{"data":"Neutralize","floor":6.0,"key":"SMITH"},{"floor":13.0,"key":"DIG"},{"floor":15.0,"key":"DIG"},{"floor":23.0,"key":"DIG"},{"floor":28.0,"key":"DIG"},{"floor":30.0,"key":"DIG"},{"floor":32.0,"key":"DIG"},{"floor":40.0,"key":"DIG"},{"floor":44.0,"key":"DIG"},{"floor":47,"key":"DIG"},{"floor":49,"key":"DIG"}],"circlet_count":0,"master_deck":["Strike_G","Strike_G","Defend_G","Defend_G","Defend_G","Defend_G","Defend_G","Survivor","Neutralize+1","Flying Knee","Dash+1","Tools of the Trade","Poisoned Stab+1","PiercingWail","Poisoned Stab+1","Envenom","Backflip","Blur","Quick Slash+1","Prepared","Slice+1","Terror","Burst","Night Terror","Noxious Fumes+1","Catalyst+1","Underhanded Strike+1","Bouncing Flask","PiercingWail+1","Distraction","Acrobatics","Distraction+1","Leg Sweep+1","Unload+1","Tactician+1"],"relics":["Ring of the Snake","Molten Egg 2","MealTicket","Oddly Smooth Stone","PreservedInsect","Shovel","Kunai","Lantern","Eternal Feather","Philosopher\u0027s Stone","Smiling Mask","Omamori","Necronomicon","Meat on the Bone","Tiny Chest","Vajra","Bag of Preparation","Red Mask","Sundial","Peace Pipe","Boot","Astrolabe","Gremlin Horn","TwistedFunnel","CaptainsWheel","TungstenRod","Toy Ornithopter","Happy Flower","Lizard Tail","Ornamental Fan","StrikeDummy","Pocketwatch"],"acts_visited":["Exordium","TheCity","TheBeyond"],"potions_floor_usage":[50],"damage_taken":[{"damage":0.0,"enemies":"2 Louse","floor":1.0,"turns":4.0},{"damage":0.0,"enemies":"Small Slimes","floor":5.0,"turns":3.0},{"damage":12.0,"enemies":"3 Sentries","floor":8.0,"turns":10.0},{"damage":0.0,"enemies":"Cultist","floor":10.0,"turns":3.0},{"damage":8.0,"enemies":"Gremlin Nob","floor":11.0,"turns":4.0},{"damage":7.0,"enemies":"Exordium Wildlife","floor":12.0,"turns":7.0},{"damage":5.0,"enemies":"Lagavulin","floor":14.0,"turns":4.0},{"damage":20.0,"enemies":"Hexaghost","floor":16.0,"turns":8.0},{"damage":2.0,"enemies":"Spheric Guardian","floor":18.0,"turns":4.0},{"damage":0.0,"enemies":"Chosen","floor":20.0,"turns":4.0},{"damage":26.0,"enemies":"Shelled Parasite and Fungi","floor":21.0,"turns":7.0},{"damage":7.0,"enemies":"Snecko","floor":22.0,"turns":6.0},{"damage":14.0,"enemies":"Sentry and Sphere","floor":24.0,"turns":5.0},{"damage":11.0,"enemies":"Masked Bandits","floor":29.0,"turns":4.0},{"damage":0.0,"enemies":"Slavers","floor":31.0,"turns":4.0},{"damage":18.0,"enemies":"Automaton","floor":33.0,"turns":10.0},{"damage":1.0,"enemies":"3 Shapes","floor":35.0,"turns":3.0},{"damage":19.0,"enemies":"3 Darklings","floor":37.0,"turns":7.0},{"damage":0.0,"enemies":"Mind Bloom Boss Battle","floor":41.0,"turns":5.0},{"damage":0.0,"enemies":"4 Shapes","floor":42.0,"turns":5.0},{"damage":0.0,"enemies":"Jaw Worm Horde","floor":45.0,"turns":2.0},{"damage":17,"enemies":"Nemesis","floor":46,"turns":5},{"damage":0,"enemies":"Giant Head","floor":48,"turns":5},{"damage":72,"enemies":"Donu and Deca","floor":50,"turns":11}],"seed_played":"3177471604347793718","potions_obtained":[{"floor":1.0,"key":"Poison Potion"},{"floor":10.0,"key":"Weak Potion"},{"floor":11.0,"key":"PowerPotion"},{"floor":12.0,"key":"EntropicBrew"},{"floor":14.0,"key":"Explosive Potion"},{"floor":21.0,"key":"GhostInAJar"},{"floor":22.0,"key":"SpeedPotion"},{"floor":33.0,"key":"Dexterity Potion"},{"floor":35.0,"key":"SkillPotion"},{"floor":46,"key":"ColorlessPotion"},{"floor":48,"key":"FairyPotion"}],"is_trial":false,"path_per_floor":["M","?","?","$","M","R","$","E","T","M","E","M","R","E","R","B",null,"M","T","M","M","M","R","M","?","T","$","R","?","R","E","R","B",null,"M","?","M","T","$","R","?","M","T","R","M","E","R","E","R","B",null],"character_chosen":"THE_SILENT","items_purchased":["Molten Egg 2","MealTicket","Tiny Chest","Vajra","TwistedFunnel","Distraction"],"campfire_rested":0,"item_purchase_floors":[4,4,27,27,39,39],"current_hp_per_floor":[70,70,70,70,70,70,70,58,58,58,50,43,43,38,38,18,70,68,68,68,42,35,47,33,17,17,32,47,36,51,51,66,48,70,69,80,61,61,76,80,80,80,80,80,80,63,80,80,80,20],"gold":228,"neow_bonus":"HUNDRED_GOLD","is_daily":false,"chose_seed":false,"campfire_upgraded":1,"win_rate":0.0,"timestamp":1612689872,"path_taken":["M","?","?","$","M","R","$","E","T","M","E","M","R","E","R","BOSS","M","?","M","M","M","R","M","?","T","?","R","?","R","E","R","BOSS","M","?","?","?","$","R","?","M","T","R","M","E","R","E","R","BOSS"],"items_purchased_type":["Relic","Relic","Relic","Relic","Relic","Card"],"build_version":"2020-12-18","purchased_purges":1,"victory":true,"max_hp_per_floor":[70,70,70,70,70,70,70,70,70,70,70,70,70,70,70,70,70,70,70,70,70,70,70,70,70,70,70,70,70,70,70,70,70,70,70,80,80,80,80,80,80,80,80,80,80,80,80,80,80,80],"card_choices":[{"not_picked":["Choke","Acrobatics"],"picked":"Flying Knee","floor":1.0},{"not_picked":["Crippling Poison","Backflip"],"picked":"Dash+1","floor":5.0},{"not_picked":["Infinite Blades","Cloak And Dagger"],"picked":"Tools of the Trade","floor":8.0},{"not_picked":["Finisher+1","Dagger Spray+1"],"picked":"Poisoned Stab+1","floor":10.0},{"not_picked":["Flying Knee+1","Endless Agony+1"],"picked":"PiercingWail","floor":11.0},{"not_picked":["Dagger Spray+1","Prepared"],"picked":"Unload+1","floor":12.0},{"not_picked":["Deadly Poison","Cloak And Dagger"],"picked":"Poisoned Stab+1","floor":14.0},{"not_picked":["A Thousand Cuts","Glass Knife+1"],"picked":"Envenom","floor":16.0},{"not_picked":["Flying Knee+1","Bane+1"],"picked":"Backflip","floor":18.0},{"not_picked":["Dodge and Roll","PiercingWail+1"],"picked":"Blur","floor":20.0},{"not_picked":["Deadly Poison","Sucker Punch+1"],"picked":"Quick Slash+1","floor":21.0},{"not_picked":["Blur","Quick Slash+1"],"picked":"Prepared","floor":22.0},{"not_picked":["Cloak And Dagger","Poisoned Stab+1"],"picked":"Slice+1","floor":24.0},{"not_picked":["Bane+1","Choke+1"],"picked":"Terror","floor":29.0},{"not_picked":["Expertise","Dagger Spray+1"],"picked":"Burst","floor":31.0},{"not_picked":["Glass Knife+1","Tools of the Trade"],"picked":"Night Terror","floor":33.0},{"not_picked":["Quick Slash+1","All Out Attack+1"],"picked":"Bouncing Flask","floor":35.0},{"not_picked":["Eviscerate+1","Flying Knee+1"],"picked":"PiercingWail+1","floor":37.0},{"not_picked":["Accuracy","Prepared"],"picked":"Acrobatics","floor":41.0},{"not_picked":["Blur","Tactician"],"picked":"Distraction+1","floor":42.0},{"not_picked":["Acrobatics","Sucker Punch+1"],"picked":"Leg Sweep+1","floor":45.0},{"not_picked":["Underhanded Strike+1","Backstab+1"],"picked":"Unload+1","floor":46},{"not_picked":["Underhanded Strike+1","Outmaneuver"],"picked":"Tactician+1","floor":48}],"player_experience":2636421,"relics_obtained":[{"floor":8.0,"key":"Oddly Smooth Stone"},{"floor":9.0,"key":"PreservedInsect"},{"floor":11.0,"key":"Shovel"},{"floor":13.0,"key":"Kunai"},{"floor":14.0,"key":"Lantern"},{"floor":15.0,"key":"Eternal Feather"},{"floor":19.0,"key":"Smiling Mask"},{"floor":23.0,"key":"Omamori"},{"floor":25.0,"key":"Necronomicon"},{"floor":26.0,"key":"Meat on the Bone"},{"floor":28.0,"key":"Bag of Preparation"},{"floor":29.0,"key":"Red Mask"},{"floor":30.0,"key":"Sundial"},{"floor":31.0,"key":"Peace Pipe"},{"floor":32.0,"key":"Boot"},{"floor":38.0,"key":"Gremlin Horn"},{"floor":40.0,"key":"CaptainsWheel"},{"floor":41.0,"key":"TungstenRod"},{"floor":43.0,"key":"Toy Ornithopter"},{"floor":44.0,"key":"Happy Flower"},{"floor":46,"key":"Lizard Tail"},{"floor":47,"key":"Ornamental Fan"},{"floor":48,"key":"StrikeDummy"},{"floor":49,"key":"Pocketwatch"}],"event_choices":[{"damage_healed":0.0,"max_hp_gain":0.0,"max_hp_loss":0.0,"gold_gain":0.0,"event_name":"Golden Wing","player_choice":"Ignored","floor":2.0,"gold_loss":0.0,"damage_taken":0.0},{"damage_healed":0.0,"max_hp_gain":0.0,"max_hp_loss":0.0,"gold_gain":275.0,"event_name":"Golden Shrine","player_choice":"Desecrate","floor":3.0,"gold_loss":0.0,"damage_taken":0.0,"cards_obtained":["Regret"]},{"damage_healed":0.0,"max_hp_gain":0.0,"max_hp_loss":0.0,"gold_gain":0.0,"event_name":"Cursed Tome","player_choice":"Obtained Book","floor":25.0,"gold_loss":0.0,"damage_taken":16.0},{"damage_healed":0.0,"max_hp_gain":0.0,"max_hp_loss":0.0,"gold_gain":0.0,"event_name":"Masked Bandits","player_choice":"Fought Bandits","floor":29.0,"gold_loss":0.0,"damage_taken":0.0},{"cards_removed":["Unload"],"damage_healed":1.0,"max_hp_gain":10.0,"max_hp_loss":0.0,"gold_gain":0.0,"event_name":"Bonfire Elementals","player_choice":"Offered Rare","floor":36.0,"gold_loss":0.0,"damage_taken":0.0},{"damage_healed":0.0,"max_hp_gain":0.0,"max_hp_loss":0.0,"gold_gain":0.0,"event_name":"MindBloom","player_choice":"Fight","floor":41.0,"gold_loss":0.0,"damage_taken":0.0}],"is_beta":true,"boss_relics":[{"not_picked":["SacredBark","Calling Bell"],"picked":"Philosopher\u0027s Stone"},{"not_picked":["HoveringKite","Pandora\u0027s Box"],"picked":"Astrolabe"}],"items_purged_floors":[4],"is_endless":false,"potions_floor_spawned":[1,10,11,12,14,21,22,33,35,46,48],"ascension_level":1}}