{"host":"Haston","time":1612720704,"event":{"mods":["AchievementEnabler","Act Like it!","BaseMod","BetterRewards","Colored Powertips","Friendly Minions","GifTheSpireLib","Minty Spire (QoL Compilation)","Shop Mod","StSLib"],"gold_per_floor":[114,128,128,148,25,59,73,73,73,73,93,93,93,93,93,193,193,193,193,178,178,131,131,131,131,131,131,131,131,131,131,131,131,131],"floor_reached":33,"language":"ENG","playtime":2541,"items_purged":["Strike_G"],"score":523,"play_id":"cf3983d4-ee41-40d7-b6c6-42d3231bd17b","local_time":"20210207175824","is_ascension_mode":true,"campfire_choices":[{"floor":8,"key":"REST"},{"floor":10,"key":"REST"},{"floor":13,"key":"REST"},{"data":"Deadly Poison","floor":15,"key":"SMITH"},{"data":"Deadly Poison","floor":23,"key":"SMITH"},{"floor":25,"key":"REST"},{"floor":32,"key":"REST"}],"circlet_count":0,"master_deck":["Defend_G","Defend_G+1","Defend_G","Defend_G","Defend_G","Survivor","Neutralize","Outmaneuver","Deadly Poison+1","Cloak And Dagger","Deadly Poison+1","Die Die Die","Poisoned Stab+1","Corpse Explosion+1","Flying Knee","Deadly Poison+1","Outmaneuver+1","Noxious Fumes","Cloak And Dagger+1","Bite","Bite","Bite","Bite","Bite","Catalyst+1"],"relics":["Ring of the Snake","TwistedFunnel","Akabeko","Turnip","Letter Opener","Toxic Egg 2","Ectoplasm","Boot","Anchor"],"acts_visited":["Exordium","TheCity"],"potions_floor_usage":[4,16,24,28,33],"damage_taken":[{"damage":0,"enemies":"Small Slimes","floor":1,"turns":2},{"damage":0,"enemies":"2 Louse","floor":2,"turns":2},{"damage":9,"enemies":"Jaw Worm","floor":4,"turns":2},{"damage":17,"enemies":"3 Sentries","floor":6,"turns":14},{"damage":0,"enemies":"2 Fungi Beasts","floor":7,"turns":2},{"damage":2,"enemies":"3 Louse","floor":11,"turns":2},{"damage":10,"enemies":"The Guardian","floor":16,"turns":8},{"damage":9,"enemies":"Spheric Guardian","floor":18,"turns":5},{"damage":11,"enemies":"2 Thieves","floor":20,"turns":2},{"damage":7,"enemies":"Book of Stabbing","floor":24,"turns":4},{"damage":30,"enemies":"Gremlin Leader","floor":28,"turns":4},{"damage":8,"enemies":"Centurion and Healer","floor":29,"turns":3},{"damage":0,"enemies":"Sentry and Sphere","floor":31,"turns":3},{"damage":79,"enemies":"Automaton","floor":33,"turns":6}],"seed_played":"-501515650292052236","potions_obtained":[{"floor":1,"key":"LiquidMemories"},{"floor":11,"key":"Dexterity Potion"},{"floor":20,"key":"ColorlessPotion"},{"floor":24,"key":"Explosive Potion"},{"floor":28,"key":"CultistPotion"}],"is_trial":false,"path_per_floor":["M","M","?","M","$","E","M","R","T","R","M","?","R","?","R","B",null,"M","$","M","?","$","R","E","R","T","?","E","M","?","M","R","B"],"character_chosen":"THE_SILENT","items_purchased":["TwistedFunnel","Akabeko","FearPotion","Deadly Poison+1"],"campfire_rested":5,"item_purchase_floors":[0,0,5,22],"current_hp_per_floor":[56,56,42,33,33,16,16,37,37,58,56,38,59,52,52,42,63,54,54,43,43,43,43,36,57,57,57,27,19,19,23,37,0,0],"gold":131,"neow_bonus":"","is_daily":false,"chose_seed":false,"campfire_upgraded":2,"win_rate":0.0,"timestamp":1612720704,"path_taken":["M","M","?","M","$","E","M","R","T","R","M","?","R","?","R","BOSS","M","$","M","?","$","R","E","R","T","?","E","M","?","M","R","BOSS"],"items_purchased_type":["Relic","Relic","Potion","Card"],"build_version":"2020-12-18","purchased_purges":1,"victory":false,"max_hp_per_floor":[70,70,70,70,70,70,70,70,70,70,70,70,70,70,70,70,70,70,70,70,70,70,70,70,70,70,70,70,70,49,49,49,49,49],"card_choices":[{"not_picked":["Underhanded Strike","Slice"],"picked":"Outmaneuver","floor":1},{"not_picked":["Distraction","Dagger Spray"],"picked":"Deadly Poison","floor":2},{"not_picked":["Dodge and Roll","Sucker Punch"],"picked":"Cloak And Dagger","floor":4},{"not_picked":["Slice","Quick Slash"],"picked":"Deadly Poison","floor":6},{"not_picked":["Quick Slash","Finisher","Dagger Spray"],"picked":"SKIP","floor":7},{"not_picked":["Blur+1","Sucker Punch","Reflex+1"],"picked":"SKIP","floor":11},{"not_picked":["Bullet Time+1","Malaise+1"],"picked":"Die Die Die","floor":16},{"not_picked":["Accuracy+1","Bane"],"picked":"Poisoned Stab+1","floor":18},{"not_picked":["Flechettes+1","Acrobatics+1","Slice"],"picked":"SKIP","floor":20},{"not_picked":["Underhanded Strike","Poisoned Stab"],"picked":"Outmaneuver+1","floor":24},{"not_picked":["Dagger Throw","Infinite Blades"],"picked":"Cloak And Dagger+1","floor":28},{"not_picked":["Dagger Spray","Bullet Time+1","Sucker Punch"],"picked":"SKIP","floor":29},{"not_picked":["Backflip+1","Leg Sweep+1"],"picked":"Catalyst+1","floor":31}],"player_experience":524305,"relics_obtained":[{"floor":6,"key":"Letter Opener"},{"floor":9,"key":"Toxic Egg 2"},{"floor":24,"key":"Boot"},{"floor":28,"key":"Anchor"}],"event_choices":[{"damage_healed":0,"gold_gain":0,"player_choice":"Entered Light","damage_taken":14,"max_hp_gain":0,"max_hp_loss":0,"event_name":"Shining Light","floor":3,"gold_loss":0,"cards_upgraded":["Strike_G","Defend_G"]},{"damage_healed":0,"gold_gain":0,"player_choice":"Fled","damage_taken":18,"max_hp_gain":0,"max_hp_loss":0,"event_name":"Scrap Ooze","floor":12,"gold_loss":0},{"cards_removed":["Strike_G"],"damage_healed":0,"gold_gain":0,"player_choice":"Card Removal","damage_taken":7,"max_hp_gain":0,"max_hp_loss":0,"event_name":"Golden Wing","floor":14,"gold_loss":0},{"damage_healed":0,"gold_gain":0,"cards_transformed":["Strike_G","Strike_G"],"player_choice":"Became Test Subject","damage_taken":0,"max_hp_gain":0,"max_hp_loss":0,"event_name":"Drug Dealer","floor":21,"gold_loss":0,"cards_obtained":["Corpse Explosion","Flying Knee"]},{"damage_healed":0,"gold_gain":0,"player_choice":"Read","damage_taken":0,"max_hp_gain":0,"max_hp_loss":0,"event_name":"The Library","floor":27,"gold_loss":0,"cards_obtained":["Noxious Fumes"]},{"damage_healed":0,"gold_gain":0,"player_choice":"Became a vampire","damage_taken":0,"max_hp_gain":0,"max_hp_loss":21,"event_name":"Vampires","floor":30,"gold_loss":0,"cards_obtained":["Bite","Bite","Bite","Bite","Bite"]}],"is_beta":true,"boss_relics":[{"not_picked":["Pandora\u0027s Box","Coffee Dripper"],"picked":"Ectoplasm"}],"items_purged_floors":[5],"is_endless":false,"potions_floor_spawned":[1,11,20,24,28],"killed_by":"Automaton","ascension_level":6}}