{"host":"x5w9zppki4gdwvc7","time":1612676365,"event":{"mods":["AchievementEnabler","BaseMod","Colored Powertips","DeckTracker","Minty Spire (QoL Compilation)"],"gold_per_floor":[116,128,144,219,230,230,264,316,342,342,342,354,389,403,403,506,506,524,541,558,575,298,298,298,298,321,349,349,393,417,440,449,560,560,583,65,83,83,83,83,142,142,167,208,63,126,126,149,149,149],"floor_reached":51,"language":"ENG","playtime":3071,"items_purged":["Strike_B","Strike_B"],"score":773,"play_id":"c19edcb3-944f-4b1c-ab04-5974cbb2cb3d","local_time":"20210207063925","is_ascension_mode":false,"campfire_choices":[{"data":"Streamline","floor":6,"key":"SMITH"},{"floor":10,"key":"REST"},{"floor":15,"key":"REST"},{"data":"Glacier","floor":23,"key":"SMITH"},{"data":"Coolheaded","floor":25,"key":"SMITH"},{"floor":32,"key":"REST"},{"data":"Creative AI","floor":40,"key":"SMITH"},{"data":"Coolheaded","floor":42,"key":"SMITH"},{"data":"Barrage","floor":47,"key":"SMITH"},{"data":"Secret Weapon","floor":49,"key":"SMITH"}],"circlet_count":0,"master_deck":["Strike_B","Strike_B","Defend_B","Defend_B","Defend_B","Zap","Dualcast+1","Streamline+1","Consume+1","Gash+1","Barrage+1","Glacier+1","Gash","Cold Snap","Coolheaded+1","Go for the Eyes","Electrodynamics","Core Surge","CurseOfTheBell","Coolheaded+1","Sunder+1","Gash+1","Conserve Battery","Reinforced Body","Gash","Glacier+1","Hologram+1","Rebound+1","Creative AI+1","Recycle+1","Secret Weapon+1","Madness","Madness","Self Repair+1","Skim+1","Glacier+1","Aggregate+1"],"relics":["Cracked Core","DataDisk","Question Card","Dream Catcher","War Paint","Juzu Bracelet","Calling Bell","Akabeko","Letter Opener","Pocketwatch","Nunchaku","Art of War","Tiny Chest","Ancient Tea Set","CeramicFish","Inserter","Meat on the Bone","Sundial","Gambling Chip","Whetstone","Anchor","Oddly Smooth Stone","Peace Pipe"],"acts_visited":["Exordium","TheCity","TheBeyond"],"potions_floor_usage":[13,16,16,19,21,33,35,50,50],"damage_taken":[{"damage":8,"enemies":"Jaw Worm","floor":1,"turns":3},{"damage":1,"enemies":"Cultist","floor":2,"turns":4},{"damage":2,"enemies":"Small Slimes","floor":3,"turns":2},{"damage":20,"enemies":"Exordium Wildlife","floor":5,"turns":5},{"damage":26,"enemies":"Lagavulin","floor":7,"turns":6},{"damage":0,"enemies":"Looter","floor":12,"turns":2},{"damage":9,"enemies":"Gremlin Nob","floor":13,"turns":3},{"damage":3,"enemies":"Large Slime","floor":14,"turns":5},{"damage":27,"enemies":"Hexaghost","floor":16,"turns":8},{"damage":0,"enemies":"3 Byrds","floor":18,"turns":3},{"damage":0,"enemies":"Shell Parasite","floor":19,"turns":4},{"damage":8,"enemies":"Cultist and Chosen","floor":20,"turns":4},{"damage":20,"enemies":"Centurion and Healer","floor":21,"turns":10},{"damage":24,"enemies":"Slavers","floor":27,"turns":4},{"damage":17,"enemies":"Book of Stabbing","floor":29,"turns":6},{"damage":9,"enemies":"Snake Plant","floor":30,"turns":4},{"damage":0,"enemies":"Cultist and Chosen","floor":31,"turns":5},{"damage":24,"enemies":"Champ","floor":33,"turns":15},{"damage":30,"enemies":"3 Darklings","floor":35,"turns":4},{"damage":0,"enemies":"Mind Bloom Boss Battle","floor":41,"turns":6},{"damage":25,"enemies":"Reptomancer","floor":44,"turns":7},{"damage":24,"enemies":"2 Orb Walkers","floor":46,"turns":5},{"damage":0,"enemies":"3 Shapes","floor":48,"turns":6},{"damage":34,"enemies":"Donu and Deca","floor":50,"turns":10}],"seed_played":"7732641101622854302","potions_obtained":[{"floor":5,"key":"FocusPotion"},{"floor":7,"key":"FearPotion"},{"floor":12,"key":"SkillPotion"},{"floor":13,"key":"Strength Potion"},{"floor":16,"key":"Block Potion"},{"floor":18,"key":"Dexterity Potion"},{"floor":21,"key":"Dexterity Potion"},{"floor":27,"key":"DuplicationPotion"},{"floor":33,"key":"SkillPotion"},{"floor":41,"key":"PotionOfCapacity"},{"floor":46,"key":"Strength Potion"}],"is_trial":false,"path_per_floor":["M","M","M","?","M","R","E","T","T","R","?","M","E","M","R","B",null,"M","M","M","M","$","R","?","R","T","E","?","E","M","M","R","B",null,"M","$","?","?","T","R","?","R","T","E","$","?","R","M","R","B",null],"character_chosen":"DEFECT","items_purchased":["Nunchaku","Conserve Battery","Meat on the Bone","Secret Weapon","Oddly Smooth Stone"],"campfire_rested":3,"item_purchase_floors":[22,22,36,36,45],"current_hp_per_floor":[67,66,64,57,37,37,11,11,11,33,38,38,29,26,50,23,80,80,80,72,52,52,52,52,52,52,28,54,37,28,28,52,28,80,50,50,40,40,40,40,52,52,52,49,49,47,47,57,57,35],"gold":149,"neow_bonus":"RANDOM_COMMON_RELIC","is_daily":false,"chose_seed":false,"campfire_upgraded":7,"win_rate":0.0,"timestamp":1612676365,"path_taken":["M","M","M","?","?","R","E","?","T","R","?","M","E","M","R","BOSS","M","M","M","M","$","R","?","R","T","E","?","E","M","M","R","BOSS","M","$","?","?","?","R","?","R","T","E","$","?","R","M","R","BOSS"],"items_purchased_type":["Relic","Card","Relic","Card","Relic"],"build_version":"2020-12-22","purchased_purges":2,"victory":true,"max_hp_per_floor":[75,75,75,75,75,75,75,75,75,75,80,80,80,80,80,80,80,80,80,80,80,80,80,80,80,80,80,80,80,80,80,80,80,80,80,80,80,80,80,80,80,80,80,80,80,80,80,80,80,80],"card_choices":[{"not_picked":["Leap","Rip and Tear"],"picked":"Streamline","floor":1},{"not_picked":["Stack","White Noise"],"picked":"Consume","floor":2},{"not_picked":["Leap","Doom and Gloom"],"picked":"Gash","floor":3},{"not_picked":["Darkness","Fusion"],"picked":"Barrage","floor":5},{"not_picked":["Steam Power","Streamline"],"picked":"Glacier","floor":7},{"not_picked":["Compile Driver","Rebound","Buffer"],"picked":"Gash","floor":10},{"not_picked":["Leap","Gash","Streamline"],"picked":"Cold Snap","floor":12},{"not_picked":["Auto Shields","Lockon","Reprogram"],"picked":"Coolheaded","floor":13},{"not_picked":["Hologram","Turbo","Heatsinks"],"picked":"Go for the Eyes","floor":14},{"not_picked":["Fusion","Darkness","Sweeping Beam"],"picked":"Electrodynamics","floor":15},{"not_picked":["Fission","Rainbow","Buffer"],"picked":"Core Surge","floor":16},{"not_picked":["Barrage","Ball Lightning+1","Leap"],"picked":"Coolheaded","floor":18},{"not_picked":["Machine Learning","Steam","Rip and Tear","Hologram"],"picked":"SKIP","floor":19},{"not_picked":["Rebound","Redo+1","Leap"],"picked":"Sunder+1","floor":20},{"not_picked":["Ball Lightning","Steam","Rebound+1"],"picked":"Gash","floor":21},{"not_picked":["Beam Cell","Go for the Eyes","Turbo"],"picked":"Reinforced Body","floor":27},{"not_picked":["Redo+1","Stack+1","Heatsinks"],"picked":"Gash","floor":29},{"not_picked":["Conserve Battery","Electrodynamics","Compile Driver+1"],"picked":"Glacier+1","floor":30},{"not_picked":["Leap","Loop","Barrage"],"picked":"Hologram+1","floor":31},{"not_picked":["Stack","Cold Snap+1","Beam Cell"],"picked":"Rebound+1","floor":32},{"not_picked":["Rainbow","Seek","Thunder Strike"],"picked":"Creative AI","floor":33},{"not_picked":["Rip and Tear","Go for the Eyes+1","Sweeping Beam"],"picked":"Recycle+1","floor":35},{"not_picked":["Storm+1","Beam Cell","Cold Snap"],"picked":"Self Repair+1","floor":41},{"not_picked":["Cold Snap","Leap","Redo"],"picked":"Skim+1","floor":44},{"not_picked":["Gash+1","Leap+1","Sweeping Beam+1"],"picked":"Glacier+1","floor":46},{"not_picked":["Barrage","Rebound","Auto Shields"],"picked":"Aggregate+1","floor":48}],"player_experience":529374,"relics_obtained":[{"floor":7,"key":"Question Card"},{"floor":8,"key":"Dream Catcher"},{"floor":9,"key":"War Paint"},{"floor":13,"key":"Juzu Bracelet"},{"floor":17,"key":"Akabeko"},{"floor":17,"key":"Letter Opener"},{"floor":17,"key":"Pocketwatch"},{"floor":26,"key":"Tiny Chest"},{"floor":27,"key":"Ancient Tea Set"},{"floor":29,"key":"CeramicFish"},{"floor":39,"key":"Sundial"},{"floor":41,"key":"Gambling Chip"},{"floor":43,"key":"Whetstone"},{"floor":44,"key":"Anchor"},{"floor":46,"key":"Peace Pipe"}],"event_choices":[{"damage_healed":0,"gold_gain":75,"player_choice":"Touch","damage_taken":7,"max_hp_gain":0,"max_hp_loss":0,"event_name":"FaceTrader","floor":4,"gold_loss":0},{"damage_healed":0,"gold_gain":0,"player_choice":"Donut","damage_taken":0,"max_hp_gain":5,"max_hp_loss":0,"event_name":"Big Fish","floor":11,"gold_loss":0},{"damage_healed":0,"gold_gain":0,"player_choice":"Opened","damage_taken":0,"relics_obtained":["Art of War"],"max_hp_gain":0,"max_hp_loss":0,"event_name":"The Mausoleum","floor":24,"gold_loss":0},{"damage_healed":26,"gold_gain":0,"player_choice":"Heal","damage_taken":0,"max_hp_gain":0,"max_hp_loss":0,"event_name":"The Library","floor":28,"gold_loss":0},{"damage_healed":0,"gold_gain":0,"player_choice":"Embrace Madness","damage_taken":10,"max_hp_gain":0,"max_hp_loss":0,"event_name":"Winding Halls","floor":37,"gold_loss":0,"cards_obtained":["Madness","Madness"]},{"cards_removed":["Defend_B"],"damage_healed":0,"gold_gain":0,"player_choice":"Removed Skill","damage_taken":0,"max_hp_gain":0,"max_hp_loss":0,"event_name":"Falling","floor":38,"gold_loss":0},{"damage_healed":0,"gold_gain":0,"player_choice":"Fight","damage_taken":0,"max_hp_gain":0,"max_hp_loss":0,"event_name":"MindBloom","floor":41,"gold_loss":0},{"damage_healed":0,"gold_gain":0,"player_choice":"Fight","damage_taken":0,"max_hp_gain":0,"max_hp_loss":0,"event_name":"Mysterious Sphere","floor":46,"gold_loss":0}],"is_beta":false,"boss_relics":[{"not_picked":["Ectoplasm","SlaversCollar"],"picked":"Calling Bell"},{"not_picked":["Snecko Eye","Sozu"],"picked":"Inserter"}],"items_purged_floors":[22,36],"is_endless":false,"potions_floor_spawned":[5,7,12,13,14,16,18,21,27,30,33,41,46],"ascension_level":0}}