{"host":"h2977v3ax51ohsow","time":1612681245,"event":{"mods":["Act Like it!","BaseMod","Chen","Colored Powertips","Hallownest","KinomotoSakuraMod(Ä¾Ö®±¾Ó£)","Lobotomy","LobotomyExtend","Marisa£¨ìFÓê¡¡Ä§ÀíÉ³£©","Minty Spire (QoL Compilation)","Quick Restart","StSLib","noobMod"],"gold_per_floor":[119,119,134,134,147,173,173,173,173],"floor_reached":8,"language":"ZHS","playtime":703,"items_purged":[],"score":56,"play_id":"8ac765eb-a8ac-483c-9c22-cd76cc18ce46","local_time":"20210207150045","is_ascension_mode":false,"campfire_choices":[{"data":"SpellCardSeal","floor":7,"key":"SMITH"}],"circlet_count":0,"master_deck":["ClowCardTheSword","ClowCardTheSword","ClowCardTheSword","ClowCardTheSword","ClowCardTheShield","ClowCardTheShield","ClowCardTheShield","ClowCardTheShield","SpellCardSeal+1","SpellCardRelease","ClowCardTheFlower","ClowCardTheErase","ClowCardTheBubbles","ClowCardTheIllusion"],"relics":["KSMOD_SealedBook","KSMOD_SealedWand","ice","MealTicket","LetterFromLob","Hallownest:DreamNailRelic","Gremlin Horn"],"acts_visited":["Hallownest:Greenpath"],"potions_floor_usage":[6,8],"damage_taken":[{"damage":0,"enemies":"Hallownest:monsterHuskWarrior","floor":1,"turns":4},{"damage":8,"enemies":"Hallownest:monsterHuskGuard","floor":3,"turns":5},{"damage":8,"enemies":"Hallownest:2_Tiktiks_and_1_Crawlid","floor":5,"turns":6},{"damage":20,"enemies":"Hallownest:eliteMossKnight","floor":6,"turns":10},{"damage":19,"enemies":"Hallownest:eliteCrystalGuardian","floor":8,"turns":6}],"seed_played":"-7237475907120217846","potions_obtained":[{"floor":1,"key":"SneckoOil"},{"floor":5,"key":"DuplicationPotion"}],"is_trial":false,"path_per_floor":["M","?","M","?","M","E","R","E"],"character_chosen":"KINOMOTOSAKURA","items_purchased":[],"campfire_rested":0,"item_purchase_floors":[],"current_hp_per_floor":[70,70,62,62,54,34,34,15,15],"gold":173,"neow_bonus":"RANDOM_COMMON_RELIC","is_daily":false,"chose_seed":false,"campfire_upgraded":1,"win_rate":0.0,"timestamp":1612681245,"path_taken":["M","?","M","?","M","E","R","E"],"items_purchased_type":[],"build_version":"2020-12-22","purchased_purges":0,"victory":false,"max_hp_per_floor":[70,70,70,70,70,70,70,70,70],"card_choices":[{"not_picked":["ClowCardTheSilent","ClowCardTheSong"],"picked":"ClowCardTheFlower","floor":1},{"not_picked":["ClowCardTheLoop","ClowCardTheGlow"],"picked":"ClowCardTheErase","floor":3},{"not_picked":["ClowCardTheMirror","ClowCardTheEarthy"],"picked":"ClowCardTheBubbles","floor":5},{"not_picked":["ClowCardTheLock","ClowCardTheSilent"],"picked":"ClowCardTheIllusion","floor":6}],"player_experience":123276,"relics_obtained":[{"floor":1,"key":"LetterFromLob"},{"floor":6,"key":"Gremlin Horn"}],"event_choices":[],"is_beta":false,"boss_relics":[],"items_purged_floors":[],"is_endless":false,"potions_floor_spawned":[1,5],"killed_by":"Hallownest:eliteCrystalGuardian","ascension_level":0}}