{"host":"x5w9zppki4gdwvc7","time":1612681489,"event":{"mods":["AchievementEnabler","BaseMod","Colored Powertips","DeckTracker","Minty Spire (QoL Compilation)"],"gold_per_floor":[60,94,152,191,191,191,191,191,191,244,328,406,406,44,44,139,139,182,227,29,29,71,71,71],"floor_reached":23,"language":"ENG","playtime":1347,"items_purged":["Strike_R","Strike_R"],"score":199,"play_id":"67e47e62-e9b3-4841-a697-b5dc1c45d749","local_time":"20210207080449","is_ascension_mode":false,"campfire_choices":[{"data":"Body Slam","floor":6,"key":"SMITH"},{"data":"Bash","floor":8,"key":"SMITH"},{"floor":13,"key":"REST"},{"floor":15,"key":"REST"}],"circlet_count":0,"master_deck":["Strike_R","Defend_R","Defend_R","Defend_R","Defend_R","Bash+1","HandOfGreed+1","Body Slam+1","Shrug It Off+1","Inflame+1","Burning Pact","Feel No Pain+1","Feed","Shrug It Off+1","Decay"],"relics":["Burning Blood","Lantern","Du-Vu Doll","Frozen Egg 2","Bird Faced Urn","Singing Bowl","Calipers","Empty Cage","Membership Card"],"acts_visited":["Exordium","TheCity"],"potions_floor_usage":[16,23,23],"damage_taken":[{"damage":7,"enemies":"Small Slimes","floor":1,"turns":5},{"damage":16,"enemies":"Jaw Worm","floor":2,"turns":7},{"damage":0,"enemies":"2 Louse","floor":3,"turns":4},{"damage":9,"enemies":"Blue Slaver","floor":4,"turns":5},{"damage":18,"enemies":"Lagavulin","floor":10,"turns":4},{"damage":26,"enemies":"Lagavulin Event","floor":11,"turns":5},{"damage":21,"enemies":"3 Sentries","floor":12,"turns":7},{"damage":58,"enemies":"Hexaghost","floor":16,"turns":12},{"damage":18,"enemies":"Shell Parasite","floor":18,"turns":5},{"damage":24,"enemies":"3 Byrds","floor":19,"turns":9},{"damage":0,"enemies":"Cultist and Chosen","floor":22,"turns":5},{"damage":78,"enemies":"Book of Stabbing","floor":23,"turns":10}],"seed_played":"1757982670584981811","potions_obtained":[{"floor":4,"key":"Dexterity Potion"},{"floor":16,"key":"Block Potion"},{"floor":19,"key":"SpeedPotion"}],"is_trial":false,"path_per_floor":["M","M","M","M","?","R","T","R","T","E","?","E","R","$","R","B",null,"M","M","$","?","M","E"],"character_chosen":"IRONCLAD","items_purchased":["Calipers","Membership Card"],"campfire_rested":2,"item_purchase_floors":[14,20],"current_hp_per_floor":[79,69,75,72,56,56,56,56,56,44,24,11,35,35,59,11,80,68,57,57,57,72,0,0],"gold":71,"neow_bonus":"RANDOM_COLORLESS_2","is_daily":false,"chose_seed":false,"campfire_upgraded":2,"win_rate":0.0,"timestamp":1612681489,"path_taken":["M","M","M","M","?","R","?","R","T","E","?","E","R","$","R","BOSS","M","M","$","?","M","E"],"items_purchased_type":["Relic","Relic"],"build_version":"2020-12-22","purchased_purges":2,"victory":false,"max_hp_per_floor":[80,80,80,80,80,80,80,80,80,80,80,80,80,80,80,80,80,80,85,85,85,90,90,90],"card_choices":[{"not_picked":["Magnetism","Mayhem"],"picked":"HandOfGreed","floor":0},{"not_picked":["Sentinel","True Grit"],"picked":"Body Slam","floor":1},{"not_picked":["Body Slam","Twin Strike"],"picked":"Shrug It Off","floor":2},{"not_picked":["Anger","Warcry","Metallicize"],"picked":"SKIP","floor":3},{"not_picked":["Flex","Wild Strike","Havoc"],"picked":"SKIP","floor":4},{"not_picked":["Double Tap","Entrench"],"picked":"Inflame+1","floor":10},{"not_picked":["True Grit","Ghostly Armor"],"picked":"Burning Pact","floor":11},{"not_picked":["Rupture+1","Iron Wave"],"picked":"Feel No Pain+1","floor":12},{"not_picked":["Fiend Fire","Bludgeon"],"picked":"Feed","floor":16},{"not_picked":["Disarm","Heavy Blade"],"picked":"Shrug It Off+1","floor":18},{"not_picked":["Second Wind","Headbutt","Twin Strike"],"picked":"Singing Bowl","floor":19},{"not_picked":["Shrug It Off","Heavy Blade","Seeing Red"],"picked":"Singing Bowl","floor":22}],"player_experience":536157,"relics_obtained":[{"floor":7,"key":"Lantern"},{"floor":9,"key":"Du-Vu Doll"},{"floor":10,"key":"Frozen Egg 2"},{"floor":11,"key":"Bird Faced Urn"},{"floor":12,"key":"Singing Bowl"}],"event_choices":[{"damage_healed":0,"gold_gain":0,"player_choice":"Entered Light","damage_taken":16,"max_hp_gain":0,"max_hp_loss":0,"event_name":"Shining Light","floor":5,"gold_loss":0,"cards_upgraded":["Shrug It Off","HandOfGreed"]},{"damage_healed":0,"gold_gain":30,"player_choice":"Searched \u00272\u0027 times","damage_taken":0,"max_hp_gain":0,"max_hp_loss":0,"event_name":"Dead Adventurer","floor":11,"gold_loss":0},{"damage_healed":0,"gold_gain":0,"player_choice":"Smashed Altar","damage_taken":0,"max_hp_gain":0,"max_hp_loss":0,"event_name":"Forgotten Altar","floor":21,"gold_loss":0,"cards_obtained":["Decay"]}],"is_beta":false,"boss_relics":[{"not_picked":["Snecko Eye","Philosopher\u0027s Stone"],"picked":"Empty Cage"}],"items_purged_floors":[14,20],"is_endless":false,"potions_floor_spawned":[4,16,19],"killed_by":"Book of Stabbing","ascension_level":0}}