{"host":"x000krxjblg8jdg4","time":1612656721,"event":{"mods":["BaseMod","Downfall","Hermit","Minty Spire (QoL Compilation)","StSLib","The Cursed","The Runesmith","The Servant 0.9.4"],"gold_per_floor":[116,46,56,69,69,95,108,120,120,453,473,473,103,103,103,198,198,215,228,228,238,251,251,251,277,277,277,192,39,59,59,59,159,209,219,219,234,234,245,245,245],"floor_reached":40,"language":"ENG","playtime":2565,"items_purged":[],"score":470,"play_id":"62010eb6-4b84-4bb2-9423-86719d13d7ae","local_time":"20210206221201","is_ascension_mode":false,"campfire_choices":[{"floor":12,"key":"REST"},{"floor":15,"key":"REST"},{"floor":23,"key":"REST"},{"data":"Rupture","floor":27,"key":"SMITH"},{"data":"Demon Form","floor":32,"key":"SMITH"}],"circlet_count":0,"master_deck":["Defend_R","Defend_R","Defend_R","Defend_R","Bash","Rupture+1","Combust","Pommel Strike+1","Headbutt","Iron Wave","Clash+1","Perfected Strike+1","Hemokinesis+1","Anger+1","Iron Wave+1","Rupture","Reaper+1","CurseOfTheBell","Blood for Blood+1","Heavy Blade+1","Bite+1","Bite+1","Bite+1","Bite+1","Bite+1","Cleave+1","Pommel Strike+1","Anger+1","Demon Form+1","Limit Break","Clash+1","Perfected Strike+1","Rampage+1","Iron Wave+1"],"relics":["Burning Blood","Molten Egg 2","Sundial","Old Coin","Strawberry","HandDrill","Calling Bell","Pantograph","Du-Vu Doll","Eternal Feather","Mercury Hourglass","Letter Opener","Lantern","Tiny House"],"acts_visited":["Exordium","TheCity","TheBeyond"],"potions_floor_usage":[16,16,25,33,38,38,40],"damage_taken":[{"damage":1,"enemies":"Cultist","floor":1,"turns":3},{"damage":12,"enemies":"Jaw Worm","floor":3,"turns":6},{"damage":1,"enemies":"2 Louse","floor":4,"turns":2},{"damage":26,"enemies":"Gremlin Nob","floor":6,"turns":4},{"damage":9,"enemies":"Large Slime","floor":7,"turns":3},{"damage":0,"enemies":"3 Louse","floor":8,"turns":2},{"damage":37,"enemies":"3 Sentries","floor":10,"turns":7},{"damage":15,"enemies":"Red Slaver","floor":11,"turns":2},{"damage":57,"enemies":"Hexaghost","floor":16,"turns":6},{"damage":33,"enemies":"3 Byrds","floor":18,"turns":4},{"damage":26,"enemies":"Shell Parasite","floor":19,"turns":3},{"damage":16,"enemies":"Centurion and Healer","floor":21,"turns":5},{"damage":18,"enemies":"Snake Plant","floor":22,"turns":3},{"damage":31,"enemies":"Book of Stabbing","floor":25,"turns":4},{"damage":10,"enemies":"Cultist and Chosen","floor":30,"turns":4},{"damage":86,"enemies":"Collector","floor":33,"turns":7},{"damage":19,"enemies":"3 Shapes","floor":35,"turns":2},{"damage":45,"enemies":"3 Darklings","floor":37,"turns":4},{"damage":72,"enemies":"Transient","floor":38,"turns":5},{"damage":70,"enemies":"Sphere and 2 Shapes","floor":39,"turns":6},{"damage":32,"enemies":"Reptomancer","floor":40,"turns":2}],"seed_played":"8442404884200408823","potions_obtained":[{"floor":1,"key":"FairyPotion"},{"floor":8,"key":"BloodPotion"},{"floor":11,"key":"SpeedPotion"},{"floor":14,"key":"DistilledChaos"},{"floor":16,"key":"Energy Potion"},{"floor":19,"key":"FearPotion"},{"floor":30,"key":"SmokeBomb"},{"floor":33,"key":"SneckoOil"},{"floor":35,"key":"Regen Potion"},{"floor":39,"key":"Swift Potion"}],"is_trial":false,"path_per_floor":["M","$","M","M","?","E","M","M","T","E","M","R","$","?","R","B",null,"M","M","?","M","M","R","?","E","T","R","?","$","M","?","R","B",null,"M","?","M","M","M","E"],"character_chosen":"IRONCLAD","items_purchased":["Combust","Strawberry","HandDrill","Rupture","Lantern"],"campfire_rested":3,"item_purchase_floors":[2,13,13,13,29],"current_hp_per_floor":[88,88,82,87,87,67,64,70,70,39,30,56,63,63,91,59,95,77,69,69,71,62,90,90,77,77,92,92,92,95,95,95,51,100,87,87,70,30,18,0,0],"gold":245,"neow_bonus":"TEN_PERCENT_HP_BONUS","is_daily":false,"chose_seed":false,"campfire_upgraded":2,"win_rate":0.0,"timestamp":1612656721,"path_taken":["M","?","M","M","?","E","M","M","T","E","?","R","$","?","R","BOSS","M","M","?","M","M","R","?","E","T","R","?","$","M","?","R","BOSS","M","?","?","M","M","E"],"items_purchased_type":["Card","Relic","Relic","Card","Relic"],"build_version":"2020-12-22","purchased_purges":0,"victory":false,"max_hp_per_floor":[88,88,88,88,88,88,88,88,88,88,88,88,95,95,95,95,95,95,95,95,95,95,95,95,95,95,95,95,95,95,95,95,95,100,100,100,100,100,100,100,100],"card_choices":[{"not_picked":["Sever Soul","Heavy Blade"],"picked":"Rupture","floor":1},{"not_picked":["Sever Soul","Wild Strike"],"picked":"Pommel Strike","floor":3},{"not_picked":["Wild Strike","Sword Boomerang"],"picked":"Headbutt","floor":4},{"not_picked":["Wild Strike+1","Double Tap"],"picked":"Clash+1","floor":6},{"not_picked":["Sword Boomerang+1","Wild Strike+1"],"picked":"Perfected Strike+1","floor":7},{"not_picked":["Heavy Blade+1","Clash+1"],"picked":"Hemokinesis+1","floor":8},{"not_picked":["Clothesline+1","Pommel Strike+1"],"picked":"Anger+1","floor":10},{"not_picked":["Pommel Strike+1","Flex"],"picked":"Iron Wave+1","floor":11},{"not_picked":["Juggernaut","Fiend Fire+1"],"picked":"Reaper+1","floor":16},{"not_picked":["Pommel Strike+1","Entrench"],"picked":"Blood for Blood+1","floor":18},{"not_picked":["Clash+1","Brutality"],"picked":"Heavy Blade+1","floor":19},{"not_picked":["Iron Wave+1","Searing Blow+1"],"picked":"Cleave+1","floor":21},{"not_picked":["True Grit","Body Slam+1"],"picked":"Pommel Strike+1","floor":22},{"not_picked":["Body Slam+1","Clash+1"],"picked":"Anger+1","floor":25},{"not_picked":["Reckless Charge+1","Bloodletting"],"picked":"Demon Form","floor":30},{"not_picked":["Demon Form","Bludgeon+1"],"picked":"Limit Break","floor":33},{"not_picked":["True Grit","Headbutt+1"],"picked":"Clash+1","floor":34},{"not_picked":["Clothesline+1","Offering"],"picked":"Perfected Strike+1","floor":35},{"not_picked":["Cleave+1","Anger+1"],"picked":"Rampage+1","floor":37},{"not_picked":["Thunderclap+1","Warcry+1"],"picked":"Iron Wave+1","floor":39}],"player_experience":84150,"relics_obtained":[{"floor":6,"key":"Molten Egg 2"},{"floor":9,"key":"Sundial"},{"floor":10,"key":"Old Coin"},{"floor":17,"key":"Blood Vial"},{"floor":17,"key":"Pantograph"},{"floor":17,"key":"Du-Vu Doll"},{"floor":25,"key":"Eternal Feather"},{"floor":26,"key":"Mercury Hourglass"}],"event_choices":[{"cards_removed":["Strike_R"],"damage_healed":0,"gold_gain":0,"player_choice":"Took Card","damage_taken":0,"max_hp_gain":0,"max_hp_loss":0,"event_name":"NoteForYourself","floor":5,"gold_loss":0,"cards_obtained":["Iron Wave"]},{"damage_healed":0,"gold_gain":0,"player_choice":"Got Potions","damage_taken":0,"max_hp_gain":0,"max_hp_loss":0,"event_name":"Lab","floor":14,"gold_loss":0},{"damage_healed":0,"gold_gain":0,"player_choice":"Became a vampire (Vial)","damage_taken":0,"max_hp_gain":0,"max_hp_loss":0,"event_name":"Vampires","floor":20,"relics_lost":["Blood Vial"],"gold_loss":0,"cards_obtained":["Bite","Bite","Bite","Bite","Bite"]},{"damage_healed":0,"gold_gain":0,"player_choice":"Ignored","damage_taken":0,"max_hp_gain":0,"max_hp_loss":0,"event_name":"Ghosts","floor":24,"gold_loss":0},{"damage_healed":0,"gold_gain":0,"player_choice":"Obtained Relic","damage_taken":0,"relics_obtained":["Letter Opener"],"max_hp_gain":0,"max_hp_loss":0,"event_name":"Addict","floor":28,"gold_loss":85},{"damage_healed":0,"gold_gain":0,"player_choice":"Ignored","damage_taken":0,"max_hp_gain":0,"max_hp_loss":0,"event_name":"SecretPortal","floor":36,"gold_loss":0}],"is_beta":false,"boss_relics":[{"not_picked":["Coffee Dripper","Ectoplasm"],"picked":"Calling Bell"},{"not_picked":["Runic Pyramid","Busted Crown"],"picked":"Tiny House"}],"items_purged_floors":[],"is_endless":false,"potions_floor_spawned":[1,8,11,16,19,22,30,33,35,39],"killed_by":"Reptomancer","ascension_level":0}}