{"host":"7gewg82ormp6yt4e","time":1612683927,"event":{"mods":["BaseMod","Block Reminder","Colored Map","DeckTracker","Highlight Path","Minty Spire (QoL Compilation)","Relic Stats","StSLib","ojb\u0027s Info Mod"],"gold_per_floor":[119,119,139,150,161,161,436,455,455,480,23,23,40,65,65,141,191,211,49,62,62,82,82,102,102,102,113,132,132,132,132],"floor_reached":30,"language":"JPN","playtime":2087,"items_purged":["Regret"],"score":638,"play_id":"d3a856c8-5dfb-4792-b87e-833161f8b980","local_time":"20210207164527","is_ascension_mode":true,"campfire_choices":[{"data":"SandsOfTime","floor":6,"key":"SMITH"},{"floor":12,"key":"REST"},{"data":"Conclude","floor":15,"key":"SMITH"},{"floor":23,"key":"REST"},{"floor":29,"key":"REST"}],"circlet_count":0,"master_deck":["AscendersBane","Strike_P","Strike_P+1","Strike_P+1","Strike_P","Defend_P","Defend_P","Defend_P","Defend_P","Eruption+1","Vigilance","SandsOfTime+1","Adaptation+1","Wallop","BowlingBash","TalkToTheHand","EmptyBody","Meditate","Conclude+1","LessonLearned","MentalFortress","ClearTheMind","DeceiveReality+1","Wallop+1","BattleHymn","Sanctity","EmptyBody","WaveOfTheHand","FlurryOfBlows"],"relics":["PureWater","Bag of Preparation","Girya","Yang","Shuriken","Unceasing Top","Tiny House","Orrery","Enchiridion","GremlinMask","Ginger"],"acts_visited":["Exordium","TheCity"],"potions_floor_usage":[10,10,16,20,22,27,28],"damage_taken":[{"damage":4,"enemies":"Jaw Worm","floor":1,"turns":5},{"damage":0,"enemies":"2 Louse","floor":3,"turns":2},{"damage":0,"enemies":"Cultist","floor":4,"turns":2},{"damage":0,"enemies":"Blue Slaver","floor":5,"turns":4},{"damage":3,"enemies":"Looter","floor":8,"turns":4},{"damage":8,"enemies":"3 Sentries","floor":10,"turns":5},{"damage":1,"enemies":"Lots of Slimes","floor":13,"turns":4},{"damage":20,"enemies":"Gremlin Nob","floor":14,"turns":4},{"damage":0,"enemies":"Slime Boss","floor":16,"turns":3},{"damage":10,"enemies":"Chosen","floor":18,"turns":4},{"damage":3,"enemies":"3 Byrds","floor":20,"turns":6},{"damage":26,"enemies":"Snake Plant","floor":22,"turns":5},{"damage":16,"enemies":"Cultist and Chosen","floor":24,"turns":4},{"damage":0,"enemies":"3 Cultists","floor":27,"turns":3},{"damage":6,"enemies":"Centurion and Healer","floor":28,"turns":5},{"damage":25,"enemies":"Shelled Parasite and Fungi","floor":30,"turns":2}],"seed_played":"-9106270805476513084","potions_obtained":[{"floor":1,"key":"EssenceOfSteel"},{"floor":3,"key":"BottledMiracle"},{"floor":5,"key":"Block Potion"},{"floor":10,"key":"BottledMiracle"},{"floor":14,"key":"FearPotion"},{"floor":17,"key":"ColorlessPotion"},{"floor":24,"key":"GamblersBrew"},{"floor":27,"key":"BlessingOfTheForge"}],"is_trial":false,"path_per_floor":["M","?","M","M","M","R","?","M","T","E","$","R","M","E","R","B",null,"M","$","M","?","M","R","M","?","T","M","M","R","M"],"character_chosen":"WATCHER","items_purchased":["Shuriken","EmptyBody","BlessingOfTheForge","Orrery"],"campfire_rested":3,"item_purchase_floors":[11,11,11,19],"current_hp_per_floor":[57,37,37,37,37,37,37,34,34,26,26,46,45,25,25,25,62,52,52,49,28,2,23,7,7,7,7,1,22,0,0],"gold":132,"neow_bonus":"RANDOM_COMMON_RELIC","is_daily":false,"chose_seed":false,"campfire_upgraded":2,"win_rate":0.0,"timestamp":1612683927,"path_taken":["M","?","M","M","M","R","?","M","T","E","$","R","M","E","R","BOSS","M","$","?","?","M","R","M","?","T","?","M","R","M"],"items_purchased_type":["Relic","Card","Potion","Relic"],"build_version":"2020-12-22","purchased_purges":1,"victory":false,"max_hp_per_floor":[68,68,68,68,68,68,68,68,68,68,68,68,68,68,68,68,73,73,73,73,73,73,73,73,73,73,73,73,73,73,73],"relic_stats":{"counters":[16,62],"Shuriken":[11],"Yang":[80],"Bag of Preparation":[32],"Ginger":[3],"obtain_stats":[{"Girya":9,"Tiny House":17,"Shuriken":11,"Orrery":19,"Enchiridion":21,"Yang":10,"GremlinMask":25,"Bag of Preparation":0,"Ginger":26,"PureWater":0,"Unceasing Top":14},{"Girya":5,"Tiny House":9,"Shuriken":6,"Orrery":10,"Enchiridion":11,"Yang":6,"GremlinMask":13,"Bag of Preparation":0,"Ginger":13,"PureWater":0,"Unceasing Top":8},{"Girya":17,"Tiny House":33,"Shuriken":22,"Orrery":37,"Enchiridion":43,"Yang":22,"GremlinMask":52,"Bag of Preparation":0,"Ginger":52,"PureWater":0,"Unceasing Top":30}],"Unceasing Top":[0]},"card_choices":[{"not_picked":["Nirvana","WaveOfTheHand"],"picked":"SandsOfTime","floor":1},{"not_picked":["ReachHeaven","Pray"],"picked":"Adaptation","floor":3},{"not_picked":["Worship","BowlingBash"],"picked":"Wallop","floor":4},{"not_picked":["ThirdEye","SandsOfTime"],"picked":"BowlingBash","floor":5},{"not_picked":["PathToVictory","FlyingSleeves","Evaluate"],"picked":"SKIP","floor":8},{"not_picked":["Vault","Prostrate"],"picked":"TalkToTheHand","floor":10},{"not_picked":["Prostrate","Pray"],"picked":"Meditate","floor":13},{"not_picked":["Meditate","ThirdEye"],"picked":"Conclude","floor":14},{"not_picked":["Establishment","MasterReality"],"picked":"LessonLearned","floor":16},{"not_picked":["WheelKick","Swivel"],"picked":"MentalFortress","floor":17},{"not_picked":["CutThroughFate","Sanctity"],"picked":"ClearTheMind","floor":18},{"not_picked":["ClearTheMind","Crescendo"],"picked":"DeceiveReality","floor":19},{"not_picked":["PathToVictory","Brilliance"],"picked":"Wallop+1","floor":19},{"not_picked":["BowlingBash","CutThroughFate"],"picked":"BattleHymn","floor":19},{"not_picked":["Collect","Weave+1"],"picked":"Sanctity","floor":19},{"not_picked":["CarveReality","ForeignInfluence"],"picked":"EmptyBody","floor":19},{"not_picked":["ForeignInfluence","SignatureMove"],"picked":"WaveOfTheHand","floor":20},{"not_picked":["WreathOfFlame","EmptyMind"],"picked":"FlurryOfBlows","floor":22},{"not_picked":["ReachHeaven","SandsOfTime","SashWhip"],"picked":"SKIP","floor":24},{"not_picked":["BowlingBash","WindmillStrike","ClearTheMind"],"picked":"SKIP","floor":27},{"not_picked":["Weave","Conclude","CutThroughFate"],"picked":"SKIP","floor":28}],"player_experience":2797242,"relics_obtained":[{"floor":9,"key":"Girya"},{"floor":10,"key":"Yang"},{"floor":14,"key":"Unceasing Top"},{"floor":21,"key":"Enchiridion"},{"floor":26,"key":"Ginger"}],"event_choices":[{"damage_healed":0,"gold_gain":0,"player_choice":"Entered Light","damage_taken":20,"max_hp_gain":0,"max_hp_loss":0,"event_name":"Shining Light","floor":2,"gold_loss":0,"cards_upgraded":["Strike_P","Eruption"]},{"damage_healed":0,"gold_gain":275,"player_choice":"Desecrate","damage_taken":0,"max_hp_gain":0,"max_hp_loss":0,"event_name":"Golden Shrine","floor":7,"gold_loss":0,"cards_obtained":["Regret"]},{"damage_healed":0,"gold_gain":0,"player_choice":"Obtained Book","damage_taken":21,"max_hp_gain":0,"max_hp_loss":0,"event_name":"Cursed Tome","floor":21,"gold_loss":0},{"damage_healed":0,"gold_gain":0,"player_choice":"Trade","damage_taken":0,"relics_obtained":["GremlinMask"],"max_hp_gain":0,"max_hp_loss":0,"event_name":"FaceTrader","floor":25,"gold_loss":0}],"is_beta":false,"boss_relics":[{"not_picked":["Empty Cage","SacredBark"],"picked":"Tiny House"}],"items_purged_floors":[11],"is_endless":false,"potions_floor_spawned":[1,3,5,10,14,18,24,27],"killed_by":"Shelled Parasite and Fungi","ascension_level":20}}