{"host":"q57ekfojy3i00x9o","time":1612689964,"event":{"mods":["Arknights","Aspiration","BaseMod","Colored Map","Energized Spire","Hermit","Minty Spire (QoL Compilation)","Quick Restart","Spicy Shops","Spikes Relics","StSLib","slay the spire mod where everything is the same but ironclad has a cowboy hat"],"gold_per_floor":[118,29,29,6,6,6,34,44,44,56,79,79,79,79,79,210,210,229,181,181,113,127,171,171,171,171,205,246,246,246],"floor_reached":29,"language":"RUS","playtime":560,"items_purged":[],"score":364,"play_id":"ac3c6eb7-3bda-47dc-b93c-31b3ad403c44","local_time":"20210207142604","is_ascension_mode":true,"campfire_choices":[{"data":"ats:Ignite","floor":6,"key":"SMITH"},{"data":"Concentrate","floor":15,"key":"SMITH"},{"floor":25,"key":"REST"}],"circlet_count":0,"master_deck":["ats:Strike G","ats:Armor Crushing Shot","ats:Defend","ats:Defend","ats:Defend","ats:Emotion Absorption","ats:Magnetic Hammer+1","ats:Ignite+1","ats:Burning Ground+1","ats:Closed Bolt Burst Fire","ats:Poison Spread","Unload","Backstab","Concentrate+1","ats:Sunburst","ats:Leaping Hammer","Backstab","ats:Part Time Job","ats:Sunburst","ats:Thermite Blade+1","ats:Apocalypse+1","ats:Nebulous Foxfire"],"relics":["ats:Sanity","NeowsBlessing","Turnip","ats:Originium","MealTicket","Ornamental Fan","Juzu Bracelet","Golden Idol","aspiration:SilentSkillbook","Lantern","MutagenicStrength","Singing Bowl","Question Card","Red Mask"],"acts_visited":["Exordium","TheCity"],"potions_floor_usage":[16,16,23,28],"damage_taken":[{"damage":0,"enemies":"Small Slimes","floor":1,"turns":1},{"damage":0,"enemies":"Gremlin Nob","floor":7,"turns":1},{"damage":0,"enemies":"Cultist","floor":8,"turns":1},{"damage":0,"enemies":"2 Louse","floor":10,"turns":2},{"damage":52,"enemies":"The Guardian","floor":16,"turns":8},{"damage":37,"enemies":"3 Byrds","floor":18,"turns":4},{"damage":18,"enemies":"Spheric Guardian","floor":22,"turns":4},{"damage":23,"enemies":"Gremlin Leader","floor":23,"turns":7},{"damage":31,"enemies":"Slavers","floor":27,"turns":5},{"damage":10,"enemies":"Masked Bandits","floor":28,"turns":3},{"damage":4,"enemies":"Cultist and Chosen","floor":29,"turns":1}],"seed_played":"-3622854527474182723","potions_obtained":[{"floor":1,"key":"Fire Potion"},{"floor":8,"key":"AttackPotion"},{"floor":22,"key":"SpeedPotion"},{"floor":27,"key":"CultistPotion"}],"is_trial":false,"path_per_floor":["M","$","?","$","?","R","E","M","T","M","T","?","?","?","R","B",null,"M","$","?","$","M","E","?","R","T","E","?","M"],"character_chosen":"DOCTOR_CLASS","items_purchased":["Turnip","ats:Ignite","ats:Leaping Hammer","ats:Part Time Job"],"campfire_rested":1,"item_purchase_floors":[2,4,19,21],"current_hp_per_floor":[65,65,65,65,65,65,65,65,65,65,65,65,65,65,65,13,54,17,32,32,47,29,12,12,32,32,1,3,0,0],"gold":246,"neow_bonus":"THREE_ENEMY_KILL","is_daily":false,"chose_seed":false,"campfire_upgraded":2,"win_rate":0.0,"timestamp":1612689964,"path_taken":["M","$","?","?","?","R","E","M","T","?","?","?","?","?","R","BOSS","M","$","?","$","M","E","?","R","T","E","?","M"],"items_purchased_type":["Relic","Card","Card","Card"],"build_version":"2020-12-22","purchased_purges":0,"victory":false,"max_hp_per_floor":[72,72,72,72,72,72,72,72,72,72,72,67,67,67,67,67,67,67,67,67,67,67,67,67,67,67,67,67,67,67],"card_choices":[{"not_picked":["ats:Apocalypse","ats:Closed Bolt Burst Fire"],"picked":"ats:Magnetic Hammer","floor":1},{"not_picked":["ats:Hammer On","ats:Flexible Camouflage"],"picked":"ats:Burning Ground","floor":7},{"not_picked":["ats:Directed Diagnosis","ats:Shell Defense"],"picked":"ats:Closed Bolt Burst Fire","floor":8},{"not_picked":["ats:Guard Mode","ats:Beaten Up"],"picked":"ats:Poison Spread","floor":10},{"not_picked":["Backflip+1","Dagger Throw","Bane+1"],"picked":"ats:Sunburst","floor":18},{"not_picked":["Choke","Dash","ats:Guard Mode"],"picked":"ats:Sunburst","floor":22},{"not_picked":["Dodge and Roll","Accuracy","ats:Shadow Assault"],"picked":"ats:Thermite Blade+1","floor":23},{"not_picked":["ats:Absolute Focus","Poisoned Stab+1","Choke"],"picked":"ats:Apocalypse+1","floor":27},{"not_picked":["Expertise","Prepared","Sucker Punch","Acrobatics"],"picked":"ats:Nebulous Foxfire","floor":28}],"player_experience":751870,"relics_obtained":[{"floor":7,"key":"ats:Originium"},{"floor":7,"key":"MealTicket"},{"floor":9,"key":"Ornamental Fan"},{"floor":11,"key":"Juzu Bracelet"},{"floor":23,"key":"ats:Originium"},{"floor":23,"key":"Lantern"},{"floor":26,"key":"Singing Bowl"},{"floor":27,"key":"ats:Originium"},{"floor":27,"key":"Question Card"},{"floor":28,"key":"Red Mask"}],"event_choices":[{"cards_removed":["ats:Strike C"],"damage_healed":0,"gold_gain":0,"player_choice":"Purged","damage_taken":0,"max_hp_gain":0,"max_hp_loss":0,"event_name":"Purifier","floor":3,"gold_loss":0},{"damage_healed":0,"gold_gain":0,"player_choice":"Forge","damage_taken":0,"max_hp_gain":0,"max_hp_loss":0,"event_name":"Accursed Blacksmith","floor":5,"gold_loss":0,"cards_upgraded":["ats:Magnetic Hammer"]},{"damage_healed":0,"gold_gain":0,"player_choice":"Lose Max HP","damage_taken":0,"relics_obtained":["Golden Idol"],"max_hp_gain":0,"max_hp_loss":5,"event_name":"Golden Idol","floor":12,"gold_loss":0},{"damage_healed":0,"gold_gain":0,"player_choice":"Grow","damage_taken":0,"max_hp_gain":0,"max_hp_loss":0,"event_name":"Living Wall","floor":13,"gold_loss":0,"cards_upgraded":["ats:Burning Ground"]},{"damage_healed":0,"gold_gain":0,"player_choice":"Copied","damage_taken":0,"max_hp_gain":0,"max_hp_loss":0,"event_name":"Duplicator","floor":20,"gold_loss":0,"cards_obtained":["Backstab"]},{"damage_healed":0,"gold_gain":0,"player_choice":"Inject Mutagens","damage_taken":0,"relics_obtained":["MutagenicStrength"],"max_hp_gain":0,"max_hp_loss":0,"event_name":"Drug Dealer","floor":24,"gold_loss":0},{"damage_healed":0,"gold_gain":0,"player_choice":"Fought Bandits","damage_taken":0,"max_hp_gain":0,"max_hp_loss":0,"event_name":"Masked Bandits","floor":28,"gold_loss":0}],"is_beta":false,"boss_relics":[{"not_picked":["CosmicIsotope","Snecko Eye"],"picked":"aspiration:SilentSkillbook"}],"items_purged_floors":[],"is_endless":false,"potions_floor_spawned":[1,8,22,27],"killed_by":"Cultist and Chosen","ascension_level":6}}