{"host":"x000krxjblg8jdg4","time":1612730076,"event":{"mods":["BaseMod","Downfall","Hermit","Minty Spire (QoL Compilation)","StSLib","The Cursed","The Runesmith","The Servant 0.9.4"],"gold_per_floor":[119,139,154,229,229,255,255,355,355,355,75,87,119,132,132,227,227,245,263,263,276,276,276,290,21,21,120,149,164,183,283,283,283,283],"floor_reached":33,"language":"ENG","playtime":1940,"items_purged":[],"score":305,"play_id":"65acb568-734a-4dba-a098-b49e5a9d2db4","local_time":"20210207183436","is_ascension_mode":true,"campfire_choices":[{"floor":7,"key":"REST"},{"data":"Dualcast","floor":10,"key":"SMITH"},{"floor":15,"key":"REST"},{"floor":23,"key":"REST"},{"floor":32,"key":"REST"}],"circlet_count":0,"master_deck":["Strike_B","Strike_B","Strike_B","Strike_B","Defend_B","Defend_B","Defend_B","Defend_B","Zap+1","Dualcast+1","Lockon","Gash","Ball Lightning","Leap","Sunder","Redo","Storm+1","Cold Snap","Creative AI+1","Barrage","Chill+1","Go for the Eyes","Scrape","Capacitor+1","Barrage","Storm+1","Gash+1","Defragment+1","Rip and Tear+1"],"relics":["Cracked Core","Toy Ornithopter","Runesmith:Nanobots","Shuriken","Frozen Egg 2","Nuclear Battery","Mummified Hand","MealTicket","Matryoshka","Boot","Calipers","HornCleat"],"acts_visited":["Exordium","TheCity"],"potions_floor_usage":[16,16,28,30,31,31],"damage_taken":[{"damage":0,"enemies":"Cultist","floor":1,"turns":4},{"damage":0,"enemies":"Small Slimes","floor":2,"turns":2},{"damage":1,"enemies":"2 Louse","floor":3,"turns":3},{"damage":21,"enemies":"Lagavulin","floor":6,"turns":5},{"damage":10,"enemies":"Gremlin Gang","floor":12,"turns":3},{"damage":22,"enemies":"Gremlin Nob","floor":13,"turns":4},{"damage":5,"enemies":"3 Louse","floor":14,"turns":2},{"damage":8,"enemies":"Slime Boss","floor":16,"turns":6},{"damage":12,"enemies":"Shell Parasite","floor":18,"turns":6},{"damage":31,"enemies":"3 Byrds","floor":19,"turns":5},{"damage":24,"enemies":"Centurion and Healer","floor":21,"turns":6},{"damage":9,"enemies":"Shelled Parasite and Fungi","floor":24,"turns":5},{"damage":1,"enemies":"Gremlin Leader","floor":28,"turns":6},{"damage":4,"enemies":"Sentry and Sphere","floor":29,"turns":3},{"damage":6,"enemies":"Snecko","floor":30,"turns":4},{"damage":23,"enemies":"Colosseum Slavers","floor":31,"turns":3},{"damage":2,"enemies":"Colosseum Nobs","floor":31,"turns":3},{"damage":57,"enemies":"Automaton","floor":33,"turns":6}],"seed_played":"1747740323877449144","potions_obtained":[{"floor":1,"key":"FocusPotion"},{"floor":14,"key":"SkillPotion"},{"floor":21,"key":"Ancient Potion"},{"floor":24,"key":"DistilledChaos"},{"floor":28,"key":"hexamod:SoulburnPotion"},{"floor":30,"key":"Strength Potion"}],"is_trial":false,"path_per_floor":["M","M","M","?","?","E","R","?","T","R","$","M","E","M","R","B",null,"M","M","?","M","T","R","M","$","T","?","E","M","M","?","R","B"],"character_chosen":"DEFECT","items_purchased":["Shuriken","Sunder","MealTicket","Capacitor+1","Barrage"],"campfire_rested":4,"item_purchase_floors":[11,11,25,25,25],"current_hp_per_floor":[82,82,81,70,70,49,73,73,73,73,73,63,41,36,60,62,82,70,39,39,15,15,39,30,30,30,30,34,30,29,14,38,0,0],"gold":283,"neow_bonus":"TEN_PERCENT_HP_BONUS","is_daily":false,"chose_seed":false,"campfire_upgraded":1,"win_rate":0.0,"timestamp":1612730076,"path_taken":["M","M","M","?","?","E","R","?","T","R","$","M","E","M","R","BOSS","M","?","?","M","?","R","M","$","T","?","E","M","?","?","R","BOSS"],"items_purchased_type":["Relic","Card","Relic","Card","Card"],"build_version":"2020-12-22","purchased_purges":0,"victory":false,"max_hp_per_floor":[82,82,82,82,82,82,82,82,82,82,82,82,82,82,82,82,82,82,82,82,82,82,82,82,82,82,82,82,82,82,82,82,82,82],"card_choices":[{"not_picked":["Compile Driver","Stack"],"picked":"Lockon","floor":1},{"not_picked":["Compile Driver","Coolheaded"],"picked":"Gash","floor":2},{"not_picked":["All For One","Storm"],"picked":"Ball Lightning","floor":3},{"not_picked":["Buffer","Undo"],"picked":"Leap","floor":6},{"not_picked":["Melter","BootSequence"],"picked":"Redo","floor":12},{"not_picked":["Streamline","Rebound"],"picked":"Storm+1","floor":13},{"not_picked":["Stack","Steam"],"picked":"Cold Snap","floor":14},{"not_picked":["Reboot","Meteor Strike"],"picked":"Creative AI+1","floor":16},{"not_picked":["Fusion","Beam Cell"],"picked":"Barrage","floor":18},{"not_picked":["Coolheaded","Melter"],"picked":"Chill+1","floor":19},{"not_picked":["Leap+1","Hologram"],"picked":"Go for the Eyes","floor":21},{"not_picked":["Double Energy","Go for the Eyes"],"picked":"Scrape","floor":24},{"not_picked":["Hyperbeam","Chaos"],"picked":"Storm+1","floor":28},{"not_picked":["Cold Snap+1","Doom and Gloom"],"picked":"Gash+1","floor":29},{"not_picked":["Gash+1","Force Field"],"picked":"Defragment+1","floor":30},{"not_picked":["Melter","Stack"],"picked":"Rip and Tear+1","floor":31}],"player_experience":98644,"relics_obtained":[{"floor":6,"key":"Toy Ornithopter"},{"floor":9,"key":"Runesmith:Nanobots"},{"floor":13,"key":"Frozen Egg 2"},{"floor":22,"key":"Mummified Hand"},{"floor":26,"key":"Matryoshka"},{"floor":28,"key":"Boot"},{"floor":31,"key":"Calipers"},{"floor":31,"key":"HornCleat"}],"event_choices":[{"damage_healed":0,"gold_gain":75,"player_choice":"Gather Gold","damage_taken":11,"max_hp_gain":0,"max_hp_loss":0,"event_name":"World of Goop","floor":4,"gold_loss":0},{"damage_healed":0,"gold_gain":0,"player_choice":"Grow","damage_taken":0,"max_hp_gain":0,"max_hp_loss":0,"event_name":"Living Wall","floor":5,"gold_loss":0,"cards_upgraded":["Zap"]},{"damage_healed":0,"gold_gain":100,"player_choice":"Pray","damage_taken":0,"max_hp_gain":0,"max_hp_loss":0,"event_name":"Golden Shrine","floor":8,"gold_loss":0},{"damage_healed":0,"gold_gain":99,"player_choice":"Stole From Cult","damage_taken":0,"max_hp_gain":0,"max_hp_loss":0,"event_name":"Nest","floor":27,"gold_loss":0},{"damage_healed":0,"gold_gain":0,"player_choice":"Fight","damage_taken":0,"max_hp_gain":0,"max_hp_loss":0,"event_name":"Colosseum","floor":31,"gold_loss":0},{"damage_healed":0,"gold_gain":0,"player_choice":"Fought Nobs","damage_taken":0,"max_hp_gain":0,"max_hp_loss":0,"event_name":"Colosseum","floor":31,"gold_loss":0}],"is_beta":false,"boss_relics":[{"not_picked":["Pandora\u0027s Box","Astrolabe"],"picked":"Nuclear Battery"}],"items_purged_floors":[],"is_endless":false,"potions_floor_spawned":[1,14,21,24,28,30],"killed_by":"Automaton","ascension_level":2}}