{"host":"630px4nyj50z5id8","time":1612692012,"event":{"mods":["BaseMod","Better Note","Colored Powertips","Good Game Mod","Minty Spire (QoL Compilation)","Quick Restart","Rare Cards Sparkle","Relic Filter Mod","Replay The Spire","StSLib","Waifu the Spire"],"gold_per_floor":[119,914,925,925,904,904,904],"floor_reached":6,"language":"ZHS","playtime":233,"items_purged":[],"score":72,"play_id":"bd313236-5d03-467a-8df4-b740f17bbc82","local_time":"20210207180012","is_ascension_mode":true,"campfire_choices":[],"circlet_count":0,"master_deck":["AscendersBane","Strike_G","Strike_G","Strike_G","Strike_G","Well Laid Plans","Defend_G","Defend_G","Defend_G","Defend_G","Defend_G","Survivor","Neutralize","Establishment","Underhanded Strike","Footwork"],"relics":["Ring of the Snake","REME:ComplimentaryCards","NeowsBlessing"],"acts_visited":["Exordium"],"potions_floor_usage":[6],"damage_taken":[{"damage":0.0,"enemies":"2 Louse","floor":1.0,"turns":2.0},{"damage":0,"enemies":"Cultist","floor":2,"turns":1},{"damage":0,"enemies":"Jaw Worm","floor":3,"turns":1},{"damage":18,"enemies":"Exordium Thugs","floor":5,"turns":4},{"damage":23,"enemies":"3 Sentries","floor":6,"turns":9}],"seed_played":"-7090396796647234560","potions_obtained":[{"floor":1.0,"key":"Swift Potion"},{"floor":3,"key":"Swift Potion"}],"is_trial":false,"path_per_floor":["M","M","M","?","M","E"],"character_chosen":"THE_SILENT","items_purchased":[],"campfire_rested":0,"item_purchase_floors":[],"current_hp_per_floor":[59,59,59,59,41,18,18],"gold":904,"neow_bonus":"THREE_ENEMY_KILL","is_daily":false,"chose_seed":false,"campfire_upgraded":0,"win_rate":0.0,"timestamp":1612692012,"path_taken":["M","$","M","?","M","E"],"items_purchased_type":[],"build_version":"2020-12-22","purchased_purges":0,"victory":false,"max_hp_per_floor":[66,66,66,66,66,66,66],"card_choices":[{"not_picked":["Predator","Bane","Infinite Blades"],"picked":"SKIP","floor":1.0},{"not_picked":["Backflip","Cloak And Dagger"],"picked":"Underhanded Strike","floor":2},{"not_picked":["Bane","Quick Slash","Flying Knee"],"picked":"SKIP","floor":3},{"not_picked":["Blade Dance","Catalyst"],"picked":"Footwork","floor":5}],"player_experience":417191,"relics_obtained":[],"event_choices":[{"damage_healed":0,"gold_gain":0,"player_choice":"Ignored","damage_taken":0,"max_hp_gain":0,"max_hp_loss":0,"event_name":"Liars Game","floor":4,"gold_loss":0}],"is_beta":false,"boss_relics":[],"items_purged_floors":[],"is_endless":false,"potions_floor_spawned":[1,3],"killed_by":"3 Sentries","ascension_level":18}}