{"host":"tubmkv2g6v9d0kjw","time":1612684775,"event":{"mods":["2.2 Compatiblity","BaseMod","Conspire","Downfall","Hubris","Minty Spire (QoL Compilation)","Spire Arcade","StSLib"],"gold_per_floor":[99,109,126,126,226,59,85,96,96,46,46,102,2,2,12,119,119,119,119,119,161,185,231,255,255,269,273,273,273],"floor_reached":27,"language":"ENG","playtime":1248,"items_purged":[],"score":290,"play_id":"621c9c72-3a7e-49bc-8f67-41b7dc355aee","local_time":"20210207015935","is_ascension_mode":true,"campfire_choices":[{"data":"Guardian:CurlUp","floor":1,"key":"SMITH"},{"data":"Guardian:BodySlam","floor":13,"key":"SMITH"},{"floor":18,"key":"RECALL"}],"circlet_count":0,"master_deck":["conspire:GhostlyStrike","conspire:GhostlyStrike","conspire:GhostlyStrike","conspire:GhostlyStrike","conspire:GhostlyDefend","conspire:GhostlyDefend","conspire:GhostlyDefend","conspire:GhostlyDefend","Guardian:CurlUp+1","Guardian:TwinSlam","Guardian:PrismaticBarrier","Guardian:SpikerProtocol","Guardian:BodySlam+1","conspire:SpireCoStock","Guardian:BodySlam","Pain","Guardian:PiercingHide","Guardian:ChargeUp","Guardian:ShieldCharger+1","Guardian:CrystalBeam","Guardian:Gem_Green","Guardian:Recover"],"relics":["Guardian:ModeShifter","Torii","Juzu Bracelet","The Courier","Centennial Puzzle","downfall:HeartBlessingGreen","WarpedTongs","conspire:RoyalGoblet","conspire:TopHat"],"acts_visited":["Exordium","TheCity"],"potions_floor_usage":[12,23,27],"damage_taken":[{"damage":1,"enemies":"conspire:RoseBush","floor":2,"turns":4},{"damage":7,"enemies":"Small Slimes","floor":3,"turns":4},{"damage":0,"enemies":"downfall:FleeingMerchant","floor":6,"turns":4},{"damage":0,"enemies":"Cultist","floor":8,"turns":4},{"damage":12,"enemies":"Gremlin Nob","floor":12,"turns":5},{"damage":7,"enemies":"Blue Slaver","floor":15,"turns":2},{"damage":21,"enemies":"DF_ARCHETYPE_STREAMLINE","floor":16,"turns":9},{"damage":2,"enemies":"3 Byrds","floor":21,"turns":3},{"damage":15,"enemies":"conspire:FuzzyDice","floor":22,"turns":9},{"damage":23,"enemies":"Slavers","floor":23,"turns":7},{"damage":6,"enemies":"Chosen and Byrds","floor":26,"turns":8},{"damage":10,"enemies":"Snecko","floor":27,"turns":6}],"seed_played":"-7231657100865468542","potions_obtained":[{"floor":2,"key":"Energy Potion"},{"floor":3,"key":"champ:CounterPotion"},{"floor":15,"key":"AttackPotion"},{"floor":21,"key":"EssenceOfSteel"},{"floor":26,"key":"SneckoOil"}],"is_trial":false,"path_per_floor":["R","M","M","?","?","$","T","M","?","?","T","E","R","?","M","B",null,"R","?","?","M","M","E","T","?","M","M"],"character_chosen":"GUARDIAN","items_purchased":["Guardian:SpikerProtocol","Guardian:BodySlam"],"campfire_rested":0,"item_purchase_floors":[6,6],"current_hp_per_floor":[80,79,72,72,72,72,72,72,72,72,72,60,60,60,53,32,80,80,80,56,54,39,16,16,16,10,0,0,0],"gold":273,"neow_bonus":"ONE_RARE_RELIC","is_daily":false,"chose_seed":false,"campfire_upgraded":2,"win_rate":0.0,"timestamp":1612684775,"path_taken":["R","M","M","?","?","$","T","M","?","?","?","E","R","?","M","BOSS","R","?","?","M","M","E","T","?","M","M"],"items_purchased_type":["Card","Card"],"build_version":"2020-12-22","purchased_purges":0,"victory":false,"max_hp_per_floor":[80,80,80,80,80,80,80,80,80,80,80,80,80,80,80,80,80,80,80,80,80,80,80,80,80,80,80,80,80],"card_choices":[{"not_picked":["Guardian:DonusPower","Guardian:RollAttack"],"picked":"Guardian:Gem_Red","floor":2},{"not_picked":["Guardian:Gem_Purple","Guardian:Recover"],"picked":"Guardian:PrismaticBarrier","floor":3},{"not_picked":["Guardian:PiercingHide","Guardian:Gem_Cyan"],"picked":"Guardian:Gem_Green","floor":6},{"not_picked":["Guardian:StasisEngine","Guardian:RollAttack","Guardian:TimeCapacitor"],"picked":"SKIP","floor":8},{"not_picked":["Guardian:Gem_Cyan","Guardian:FuturePlans"],"picked":"Guardian:BodySlam","floor":12},{"not_picked":["Guardian:MultiBeam","Guardian:Gem_Red"],"picked":"Guardian:PiercingHide","floor":15},{"not_picked":["Guardian:GemFinder","Guardian:ExploitGems"],"picked":"Guardian:Gem_Synthetic","floor":16},{"not_picked":["Guardian:TemporalShield","Guardian:PrimingBeam"],"picked":"Guardian:ShieldCharger+1","floor":21},{"not_picked":["Guardian:Recover+1","Guardian:ShieldCharger"],"picked":"Guardian:CrystalBeam","floor":22},{"not_picked":["Guardian:FuturePlans","Guardian:PrismaticBarrier"],"picked":"Guardian:Gem_Green","floor":23},{"not_picked":["Guardian:PrimingBeam","Guardian:Preprogram"],"picked":"Guardian:Recover","floor":26}],"player_experience":528095,"relics_obtained":[{"floor":7,"key":"Juzu Bracelet"},{"floor":11,"key":"The Courier"},{"floor":12,"key":"Centennial Puzzle"},{"floor":23,"key":"conspire:TopHat"}],"event_choices":[{"damage_healed":0,"gold_gain":0,"player_choice":"Agree","damage_taken":0,"max_hp_gain":0,"max_hp_loss":0,"event_name":"conspire:LoneGhost","floor":9,"gold_loss":0},{"damage_healed":0,"gold_gain":0,"player_choice":"Invest 1","damage_taken":0,"max_hp_gain":0,"max_hp_loss":0,"event_name":"conspire:Investor","floor":10,"gold_loss":0},{"damage_healed":0,"gold_gain":0,"player_choice":"Read","damage_taken":0,"max_hp_gain":0,"max_hp_loss":0,"event_name":"The Library","floor":19,"gold_loss":0,"cards_obtained":["Guardian:ChargeUp"]}],"is_beta":false,"boss_relics":[{"not_picked":["Pandora\u0027s Box","Coffee Dripper"],"picked":"conspire:RoyalGoblet"}],"items_purged_floors":[],"is_endless":false,"potions_floor_spawned":[2,3,15,21,26],"killed_by":"Snecko","ascension_level":1}}