{"host":"xw709scqdmsx7obr","time":1612665920,"event":{"mods":["BaseMod","Colored Map","Downfall","Minty Spire (QoL Compilation)","Replay The Spire","StSLib"],"gold_per_floor":[99,99,99,114,65,83,83,83,164,176,176,195,223,223,223,223,242,242,242,242],"floor_reached":18,"language":"ENG","playtime":1138,"items_purged":[],"score":100,"play_id":"6e442159-f789-4a35-a910-709f1d97689f","local_time":"20210206214520","is_ascension_mode":false,"campfire_choices":[{"floor":1,"key":"RECALL"},{"data":"Guardian:PrismaticBeam","floor":11,"key":"SMITH"},{"data":"Guardian:Defend_Guardian","floor":15,"key":"PURGE"}],"circlet_count":0,"master_deck":["Guardian:Strike_Guardian","Guardian:Strike_Guardian","Guardian:Strike_Guardian","Guardian:Defend_Guardian","Guardian:Defend_Guardian","Guardian:Defend_Guardian","Guardian:CurlUp","Guardian:TwinSlam","Guardian:PrimingBeam","Guardian:HyperBeam_Guardian+1","Guardian:WalkerClaw","Guardian:WalkerClaw","Guardian:PiercingHide","Guardian:PrismaticBeam+1","CurseOfTheBell","CurseOfTheBell","Pot Of Greed","Pot Of Greed","Sickly","Guardian:ConstructionForm+1"],"relics":["Guardian:ModeShifter","Odd Mushroom","downfall:ExtraCursedBell","Grinning Jar","Golden Egg","Peace Pipe"],"acts_visited":["Exordium"],"potions_floor_usage":[18,18,18],"damage_taken":[{"damage":8,"enemies":"Small Slimes","floor":4,"turns":4},{"damage":5,"enemies":"downfall:FleeingMerchant","floor":5,"turns":4},{"damage":0,"enemies":"2 Louse","floor":6,"turns":1},{"damage":1,"enemies":"Cultist","floor":10,"turns":3},{"damage":0,"enemies":"2 Fungi Beasts","floor":12,"turns":1},{"damage":21,"enemies":"The Mushroom Lair","floor":13,"turns":3},{"damage":13,"enemies":"3 Louse","floor":17,"turns":3},{"damage":43,"enemies":"IC_STATUS_ARCHETYPE","floor":18,"turns":13}],"seed_played":"6434503841824824274","potions_obtained":[{"floor":10,"key":"Strength Potion"},{"floor":12,"key":"hexamod:SoulburnPotion"},{"floor":17,"key":"Guardian:DefensiveModePotion"}],"is_trial":false,"path_per_floor":["R_BF","PTL","PTL","M","$","M","?","?","T","M","R","M","?","?","R","?","M","B"],"character_chosen":"GUARDIAN","items_purchased":["Guardian:WalkerClaw"],"campfire_rested":0,"item_purchase_floors":[5],"current_hp_per_floor":[88,88,88,80,75,75,75,75,75,74,74,74,53,53,53,53,40,0,0,0],"gold":242,"neow_bonus":"TEN_PERCENT_HP_BONUS","is_daily":false,"chose_seed":false,"campfire_upgraded":1,"win_rate":0.0,"timestamp":1612665920,"path_taken":["R_BF","PTL","PTL","M","$","M","?","?","T","M","R","M","?","?","R","?","M","BOSS"],"items_purchased_type":["Card"],"build_version":"2020-12-22","purchased_purges":0,"victory":false,"max_hp_per_floor":[88,88,88,88,88,88,88,88,88,88,88,88,88,88,88,88,88,88,88,88],"card_choices":[{"not_picked":["Guardian:Suspension","Guardian:Incinerate"],"picked":"Guardian:PrimingBeam","floor":4},{"not_picked":["Guardian:Suspension","Guardian:PiercingHide"],"picked":"Guardian:HyperBeam_Guardian","floor":5},{"not_picked":["Guardian:Gem_Green","Guardian:TemporalStrike"],"picked":"Guardian:PiercingHide","floor":6},{"not_picked":["Guardian:BronzeArmor","Guardian:TimeBomb"],"picked":"Guardian:PrismaticBeam","floor":10},{"not_picked":["Guardian:ChargeCore","Guardian:Clone"],"picked":"Guardian:Gem_Red","floor":12},{"not_picked":["Guardian:Suspension","Guardian:PiercingHide","Guardian:Gem_Green"],"picked":"SKIP","floor":17}],"player_experience":80448,"relics_obtained":[{"floor":13,"key":"Odd Mushroom"},{"floor":14,"key":"Grinning Jar"},{"floor":14,"key":"Golden Egg"},{"floor":14,"key":"Peace Pipe"}],"event_choices":[{"damage_healed":0,"gold_gain":0,"player_choice":"Fought Mushrooms","damage_taken":0,"max_hp_gain":0,"max_hp_loss":0,"event_name":"Mushrooms","floor":13,"gold_loss":0},{"damage_healed":0,"gold_gain":0,"player_choice":"Ignored","damage_taken":0,"max_hp_gain":0,"max_hp_loss":0,"event_name":"NoteForYourself","floor":16,"gold_loss":0}],"is_beta":false,"boss_relics":[],"items_purged_floors":[],"is_endless":false,"potions_floor_spawned":[10,12,17],"killed_by":"IC_STATUS_ARCHETYPE","ascension_level":0}}