{"host":"skr63qsdfgeey3it","time":1612684359,"event":{"mods":["BaseMod","Colored Map","Hubris","Minty Spire (QoL Compilation)","Monster B Gone","Reliquary","Replay The Spire","Spicy Shops","StSLib"],"gold_per_floor":[111,111,170,186,35,35,54,77,77,77,96,115,115,142,142,217,217,231,241,10,21,21,21,21,21],"floor_reached":24,"language":"ENG","playtime":1367,"items_purged":[],"score":333,"play_id":"a7ea40dc-73f7-47a4-8cb1-804845db77d4","local_time":"20210207015239","is_ascension_mode":true,"campfire_choices":[{"data":"The Bomb","floor":6,"key":"SMITH"},{"data":"Echo Form","floor":10,"key":"SMITH"},{"floor":23,"key":"REST"}],"circlet_count":0,"master_deck":["AscendersBane","Zap","Dualcast","Injury","The Bomb+1","Leap","Go for the Eyes","Lockon","Hologram+1","Cold Snap","Echo Form+1","Conserve Battery","Lockon","Streamline","Coolheaded","Conserve Battery","ReplayGash","ReplayRNGCard","Scrape","Capacitor","Fission","Aggregate","Chill","Steam","Loop","Defragment","Consume","Defragment","Gash+1","Conserve Battery","hubris:Lust"],"relics":["Cracked Core","hubris:Towel","Orrery","Replay:Wax Seal","Carrot","reliquary:JackalopeAntler","Pandora\u0027s Box","reliquary:RoseTintedGlasses","Prayer Wheel","Golden Egg"],"acts_visited":["Exordium","TheCity"],"potions_floor_usage":[7,16,21,24],"damage_taken":[{"damage":0,"enemies":"Small Slimes","floor":1,"turns":2},{"damage":0,"enemies":"2 Louse","floor":4,"turns":3},{"damage":2,"enemies":"Jaw Worm","floor":7,"turns":2},{"damage":6,"enemies":"Blue Slaver","floor":11,"turns":2},{"damage":0,"enemies":"Large Slime","floor":12,"turns":4},{"damage":17,"enemies":"Gremlin Nob","floor":14,"turns":5},{"damage":27,"enemies":"Hexaghost","floor":16,"turns":10},{"damage":29,"enemies":"3 Byrds","floor":18,"turns":6},{"damage":6,"enemies":"Chosen","floor":19,"turns":5},{"damage":12,"enemies":"Centurion and Healer","floor":21,"turns":4},{"damage":37,"enemies":"Slavers","floor":24,"turns":2}],"seed_played":"4256533913872574543","potions_obtained":[{"floor":3,"key":"Ancient Potion"},{"floor":3,"key":"Fire Potion"},{"floor":4,"key":"Flashbang"},{"floor":7,"key":"Venom Potion"},{"floor":13,"key":"Adrenaline Potion"},{"floor":16,"key":"FearPotion"}],"is_trial":false,"path_per_floor":["M","?","?","M","$","R","M","T","T","R","M","M","?","E","R_BF","B",null,"M","M","$","M","?","R","E"],"character_chosen":"DEFECT","items_purchased":["Orrery","Defragment","reliquary:RoseTintedGlasses"],"campfire_rested":1,"item_purchase_floors":[5,20,20],"current_hp_per_floor":[64,64,47,47,47,47,45,45,45,45,39,39,39,22,43,16,57,28,22,22,10,10,31,0,0],"gold":21,"neow_bonus":"RANDOM_COLORLESS_2","is_daily":false,"chose_seed":false,"campfire_upgraded":2,"win_rate":0.0,"timestamp":1612684359,"path_taken":["M","?","?","M","$","R","M","?","T","R","M","M","?","E","R_BF","BOSS","M","?","$","M","?","R","E"],"items_purchased_type":["Relic","Card","Relic"],"build_version":"2020-12-22","purchased_purges":0,"victory":false,"max_hp_per_floor":[71,71,71,71,71,71,71,71,71,71,71,71,71,71,71,71,71,71,71,71,71,71,71,71,71],"card_choices":[{"not_picked":["Crow Ritual","Violence"],"picked":"The Bomb","floor":0},{"not_picked":["ReplayTheSpireMod:Reroute Power","White Noise"],"picked":"Leap","floor":1},{"not_picked":["Barrage","Force Field"],"picked":"Go for the Eyes","floor":3},{"not_picked":["ReplaySolidLightProjector","Static Discharge"],"picked":"Lockon","floor":4},{"not_picked":["Steam","Blizzard"],"picked":"Hologram","floor":5},{"not_picked":["Blizzard","Leap"],"picked":"Cold Snap","floor":5},{"not_picked":["Stack","Steam"],"picked":"Echo Form","floor":5},{"not_picked":["Stack","Redo"],"picked":"Conserve Battery","floor":5},{"not_picked":["Stack","Gash"],"picked":"Lockon","floor":5},{"not_picked":["Panic Button","Barrage"],"picked":"Streamline","floor":7},{"not_picked":["Scrape","Beam Cell"],"picked":"Coolheaded","floor":11},{"not_picked":["Sunder","White Noise"],"picked":"Conserve Battery","floor":12},{"not_picked":["Static Discharge","FTL"],"picked":"ReplayGash","floor":14},{"not_picked":["Multi-Cast","Machine Learning"],"picked":"ReplayRNGCard","floor":16},{"not_picked":["Cold Snap","Stack"],"picked":"Defragment","floor":18},{"not_picked":["Cold Snap","Hello World"],"picked":"Consume","floor":19},{"not_picked":["Redo","Melter"],"picked":"Gash+1","floor":21},{"not_picked":["BasicCrystalCard","Panic Button"],"picked":"Conserve Battery","floor":21}],"player_experience":904180,"relics_obtained":[{"floor":8,"key":"Replay:Wax Seal"},{"floor":9,"key":"Carrot"},{"floor":14,"key":"reliquary:JackalopeAntler"}],"event_choices":[{"damage_healed":0,"gold_gain":0,"player_choice":"Got Potions","damage_taken":0,"max_hp_gain":0,"max_hp_loss":0,"event_name":"Lab","floor":13,"gold_loss":0}],"is_beta":false,"boss_relics":[{"not_picked":["reliquary:Craggleroot","Replay:Bronze Core"],"picked":"Pandora\u0027s Box"}],"items_purged_floors":[],"is_endless":false,"potions_floor_spawned":[4,7,16],"killed_by":"Slavers","ascension_level":14}}