{"host":"tq99ucv8ezzqzioe","time":1612740394,"event":{"mods":["BaseMod","Colored Map","Downfall","Highlight Path","Minty Spire (QoL Compilation)","StSLib"],"gold_per_floor":[99,128,156,184,204,204,204,232,266,285,41,41,18,53,76,76,76,76],"floor_reached":16,"language":"ENG","playtime":989,"items_purged":[],"score":146,"play_id":"03657b46-79fb-4c38-868a-2b16871c637b","local_time":"20210207182634","is_ascension_mode":true,"campfire_choices":[{"data":"hexamod:Float","floor":1,"key":"SMITH"}],"circlet_count":0,"master_deck":["hexamod:Strike","hexamod:Strike","hexamod:Strike","hexamod:Defend","hexamod:Defend","hexamod:Defend","hexamod:Defend","hexamod:Sear","hexamod:Float+1","hexamod:DynamicBlow","hexamod:EmpoweredFlame","hexamod:SoulSteal","hexamod:ThermalTransfer","hexamod:EmpoweredFlame","hexamod:WildfireWeapon","hexamod:RainOfEmbers","hexamod:GhostShield","hexamod:GhostflameBarrier","hexamod:HeatCrush","hexamod:Firestarter","hexamod:ThermalTransfer","hexamod:SearingWound"],"relics":["hexamod:SpiritBrand","CeramicFish","Darkstone Periapt","Pen Nib","Torii"],"acts_visited":["Exordium"],"potions_floor_usage":[10,10,16],"damage_taken":[{"damage":0,"enemies":"Small Slimes","floor":2,"turns":3},{"damage":0,"enemies":"Cultist","floor":3,"turns":3},{"damage":1,"enemies":"Jaw Worm","floor":4,"turns":3},{"damage":7,"enemies":"3 Louse","floor":5,"turns":3},{"damage":6,"enemies":"Large Slime","floor":8,"turns":3},{"damage":25,"enemies":"Lagavulin","floor":9,"turns":8},{"damage":6,"enemies":"Exordium Thugs","floor":10,"turns":5},{"damage":5,"enemies":"downfall:FleeingMerchant","floor":11,"turns":4},{"damage":0,"enemies":"downfall:FleeingMerchant","floor":13,"turns":4},{"damage":0,"enemies":"Gremlin Nob","floor":14,"turns":3},{"damage":1,"enemies":"2 Fungi Beasts","floor":15,"turns":4},{"damage":36,"enemies":"DF_ARCHETYPE_STREAMLINE","floor":16,"turns":4}],"seed_played":"-6054571324366060887","potions_obtained":[{"floor":4,"key":"ColorlessPotion"},{"floor":9,"key":"Regen Potion"},{"floor":14,"key":"CultistPotion"},{"floor":15,"key":"SpeedPotion"}],"is_trial":false,"path_per_floor":["R","M","M","M","M","?","T","M","E","M","$","?","$","E","M","B"],"character_chosen":"THE_SPIRIT","items_purchased":["Pen Nib","hexamod:GhostflameBarrier","hexamod:HeatCrush","hexamod:ThermalTransfer"],"campfire_rested":0,"item_purchase_floors":[11,11,11,13],"current_hp_per_floor":[70,70,70,69,62,62,62,56,31,39,34,34,34,34,33,0,0,0],"gold":76,"neow_bonus":"RANDOM_COMMON_RELIC","is_daily":false,"chose_seed":false,"campfire_upgraded":1,"win_rate":0.0,"timestamp":1612740394,"path_taken":["R","M","M","M","M","?","T","?","E","M","$","?","$","E","M","BOSS"],"items_purchased_type":["Relic","Card","Card","Card"],"build_version":"2020-12-22","purchased_purges":0,"victory":false,"max_hp_per_floor":[70,70,70,70,70,70,70,70,70,70,70,70,70,70,70,70,70,70],"card_choices":[{"not_picked":["hexamod:GhostShield","hexamod:HeatMetal"],"picked":"hexamod:DynamicBlow","floor":2},{"not_picked":["hexamod:ChargedBarrage","hexamod:NightmareGuise"],"picked":"hexamod:EmpoweredFlame","floor":3},{"not_picked":["hexamod:RainOfEmbers","hexamod:HeatCrush"],"picked":"hexamod:SoulSteal","floor":4},{"not_picked":["hexamod:Rewind","hexamod:ShieldOfDarkness"],"picked":"hexamod:ThermalTransfer","floor":5},{"not_picked":["hexamod:FastForward","hexamod:Firestarter"],"picked":"hexamod:EmpoweredFlame","floor":8},{"not_picked":["hexamod:ThermalTransfer","hexamod:NightmareStrike"],"picked":"hexamod:WildfireWeapon","floor":9},{"not_picked":["hexamod:ThermalTransfer","hexamod:RetreatToShadows"],"picked":"hexamod:RainOfEmbers","floor":10},{"not_picked":["hexamod:SecondSeal","hexamod:FlamesFromBeyond"],"picked":"hexamod:GhostShield","floor":11},{"not_picked":["hexamod:EtherealExpedition","hexamod:NightmareStrike"],"picked":"hexamod:Firestarter","floor":13},{"not_picked":["hexamod:GhostOfSpirePast","hexamod:FirstSeal","hexamod:HeatMetal"],"picked":"SKIP","floor":14},{"not_picked":["hexamod:ChargedBarrage","hexamod:AdvancingGuard"],"picked":"hexamod:SearingWound","floor":15}],"player_experience":881542,"relics_obtained":[{"floor":9,"key":"Darkstone Periapt"},{"floor":14,"key":"Torii"}],"event_choices":[],"is_beta":false,"boss_relics":[],"items_purged_floors":[],"is_endless":false,"potions_floor_spawned":[4,9,14,15],"killed_by":"DF_ARCHETYPE_STREAMLINE","ascension_level":1}}