{"host":"6q94iy5iz6612v89","time":1612730218,"event":{"mods":["2.2 Compatiblity","AchievementEnabler","BaseMod","Colored Map","DeckTracker","Keyboard Shortcuts","Minty Spire (QoL Compilation)","Permanent Neow","StSLib","SuperFastMode"],"gold_per_floor":[115,132,132,57,72,72,87,105,128,147,162,241,241,256,256,330,330,345,81,31,51,65,65,83,83,106,132,132,147,165,182,182,182,182],"floor_reached":33,"language":"KOR","playtime":749,"items_purged":["Defend_G","Strike_G"],"score":490,"play_id":"edc3310a-83d1-498f-8e58-b4d7a1fddfe7","local_time":"20210208053658","is_ascension_mode":true,"campfire_choices":[{"data":"Bouncing Flask","floor":6.0,"key":"SMITH"},{"data":"Deadly Poison","floor":13.0,"key":"SMITH"},{"data":"Neutralize","floor":15.0,"key":"SMITH"},{"data":"Noxious Fumes","floor":23,"key":"SMITH"},{"data":"Footwork","floor":25,"key":"SMITH"},{"data":"Blur","floor":28,"key":"SMITH"},{"data":"Catalyst","floor":32,"key":"SMITH"}],"circlet_count":0,"master_deck":["AscendersBane","Strike_G","Strike_G","Strike_G","Strike_G","Defend_G","Defend_G","Defend_G","Defend_G","Survivor","Neutralize+1","Backflip","Bouncing Flask+1","Poisoned Stab","Deadly Poison+1","Blur+1","Burst","Noxious Fumes+1","Footwork+1","Bane+1","Escape Plan+1","PiercingWail","Catalyst+1"],"relics":["Ring of the Snake","Tiny Chest","Bag of Marbles","Meat on the Bone","Sozu","Orrery","Snake Skull"],"acts_visited":["Exordium","TheCity"],"potions_floor_usage":[],"damage_taken":[{"damage":6.0,"enemies":"Cultist","floor":1.0,"turns":5.0},{"damage":4.0,"enemies":"Jaw Worm","floor":2.0,"turns":8.0},{"damage":3.0,"enemies":"2 Louse","floor":5.0,"turns":3.0},{"damage":6.0,"enemies":"Red Slaver","floor":7.0,"turns":3.0},{"damage":2.0,"enemies":"2 Fungi Beasts","floor":8.0,"turns":4.0},{"damage":33.0,"enemies":"Exordium Thugs","floor":10.0,"turns":6.0},{"damage":0.0,"enemies":"Exordium Wildlife","floor":11.0,"turns":3.0},{"damage":0.0,"enemies":"Blue Slaver","floor":14.0,"turns":3.0},{"damage":22.0,"enemies":"The Guardian","floor":16.0,"turns":8.0},{"damage":0.0,"enemies":"Spheric Guardian","floor":18.0,"turns":2.0},{"damage":1.0,"enemies":"3 Byrds","floor":21.0,"turns":5.0},{"damage":21,"enemies":"3 Cultists","floor":22,"turns":7},{"damage":0,"enemies":"Snecko","floor":24,"turns":5},{"damage":13,"enemies":"Chosen and Byrds","floor":29,"turns":6},{"damage":0,"enemies":"Centurion and Healer","floor":30,"turns":6},{"damage":3,"enemies":"Snake Plant","floor":31,"turns":3},{"damage":43,"enemies":"Automaton","floor":33,"turns":6}],"seed_played":"6781739941435665861","potions_obtained":[{"floor":3.0,"key":"Energy Potion"},{"floor":3.0,"key":"CultistPotion"},{"floor":16.0,"key":"Block Potion"}],"is_trial":false,"path_per_floor":["M","M","?","$","M","R","M","M","T","M","M","T","R","M","R","B",null,"M","$","?","M","M","R","M","R","T","T","R","M","M","M","R","B"],"character_chosen":"THE_SILENT","items_purchased":["Orrery"],"campfire_rested":0,"item_purchase_floors":[19],"current_hp_per_floor":[53,49,49,49,46,46,40,38,38,5,26,26,26,38,38,28,57,57,57,57,56,35,35,35,35,35,35,35,34,34,43,43,0,0],"gold":182,"neow_bonus":"RANDOM_COMMON_RELIC","is_daily":false,"chose_seed":false,"campfire_upgraded":7,"win_rate":0.0,"timestamp":1612730218,"path_taken":["M","?","?","$","M","R","?","M","T","M","M","?","R","?","R","BOSS","M","$","?","M","?","R","M","R","T","?","R","M","M","M","R","BOSS"],"items_purchased_type":["Relic"],"build_version":"2020-12-22","purchased_purges":2,"victory":false,"max_hp_per_floor":[66,66,66,66,66,66,66,66,66,66,66,66,66,66,66,66,66,66,66,66,66,66,66,66,66,66,66,66,66,66,66,66,66,66],"card_choices":[{"not_picked":["Underhanded Strike","Prepared"],"picked":"Backflip","floor":1.0},{"not_picked":["Underhanded Strike","Outmaneuver","Slice"],"picked":"SKIP","floor":2.0},{"not_picked":["Deflect","Backflip"],"picked":"Bouncing Flask","floor":5.0},{"not_picked":["Tactician","Blade Dance"],"picked":"Poisoned Stab","floor":7.0},{"not_picked":["PiercingWail","Dodge and Roll"],"picked":"Deadly Poison","floor":8.0},{"not_picked":["Dodge and Roll","Deflect","Underhanded Strike"],"picked":"SKIP","floor":10.0},{"not_picked":["Venomology","Prepared"],"picked":"Blur","floor":11.0},{"not_picked":["Outmaneuver","Prepared","Cloak And Dagger"],"picked":"SKIP","floor":14.0},{"not_picked":["Venomology","Tools of the Trade"],"picked":"Burst","floor":16.0},{"not_picked":["Skewer","Cloak And Dagger","Prepared"],"picked":"SKIP","floor":18.0},{"not_picked":["Sucker Punch","Acrobatics"],"picked":"Noxious Fumes","floor":19.0},{"not_picked":["Sucker Punch","Backflip"],"picked":"Footwork","floor":19.0},{"not_picked":["Quick Slash","Flying Knee"],"picked":"Bane+1","floor":19.0},{"not_picked":["Crippling Poison","Choke"],"picked":"Escape Plan+1","floor":21.0},{"not_picked":["Accuracy","Expertise","Acrobatics"],"picked":"SKIP","floor":22},{"not_picked":["Underhanded Strike","Heel Hook","Poisoned Stab"],"picked":"SKIP","floor":24},{"not_picked":["Underhanded Strike","Heel Hook","Poisoned Stab"],"picked":"SKIP","floor":24},{"not_picked":["Deflect","Blur"],"picked":"PiercingWail","floor":29},{"not_picked":["Backstab","Deadly Poison","Terror"],"picked":"SKIP","floor":30},{"not_picked":["Finisher","PiercingWail"],"picked":"Catalyst","floor":31}],"player_experience":1473310,"relics_obtained":[{"floor":9.0,"key":"Bag of Marbles"},{"floor":12.0,"key":"Meat on the Bone"},{"floor":27,"key":"Snake Skull"}],"event_choices":[{"damage_healed":0.0,"max_hp_gain":0.0,"max_hp_loss":0.0,"gold_gain":0.0,"event_name":"Lab","player_choice":"Got Potions","floor":3.0,"gold_loss":0.0,"damage_taken":0.0},{"damage_healed":0.0,"max_hp_gain":0.0,"max_hp_loss":0.0,"gold_gain":0.0,"event_name":"The Joust","player_choice":"Bet on Murderer","floor":20.0,"gold_loss":50.0,"damage_taken":0.0}],"is_beta":false,"boss_relics":[{"not_picked":["Pandora\u0027s Box","Snecko Eye"],"picked":"Sozu"}],"items_purged_floors":[4,19],"is_endless":false,"potions_floor_spawned":[5,8,14,16,18,29,30,31],"killed_by":"Automaton","ascension_level":20}}