{"host":"mhzgc0zma59jtmoj","time":1612734909,"event":{"mods":["BaseMod","BetterRewards","Custom Start","Fiend Mod","Glutton Mod","Ironclad Rager","Minty Spire (QoL Compilation)","Replay The Spire","Somnambulant","StSLib","The Cursed","The Hierophant","The Jungle","The Marked","The Necromancer"],"gold_per_floor":[113,113,113,172,188,188,213,213,260,274,322,358,381,403,403,502,561,554,514,539,561,486,486,527,527,551,551,551],"floor_reached":27,"language":"ENG","playtime":1526,"items_purged":["Fiend:FiendDemonSlash"],"score":266,"play_id":"d7c1d0cc-7c57-4fb5-89dd-83bfb0494ae1","local_time":"20210207165509","is_ascension_mode":false,"campfire_choices":[{"data":"Fiend:FiendDemonWhip","floor":6,"key":"SMITH"},{"data":"Fiend:FiendDemonSlash","floor":8,"key":"PURGE"},{"data":"Fiend:FiendDemonWhip","floor":23,"key":"SMITH"}],"circlet_count":0,"master_deck":["Fiend:FiendDemonSlash+1","Fiend:FiendDemonSlash+1","Fiend:FiendFortify","Fiend:FiendFortify+1","Fiend:FiendFortify+1","Fiend:FiendFortify","Fiend:FiendConsume","Fiend:FiendMeatMagnet","Fiend:FiendDemonWhip+1","Fiend:FiendDemonWhip+1","Fiend:FiendSalvage","Fiend:FiendSalvage","Fiend:FiendBloodlust","Fiend:FiendFleshForFlesh+1","Fiend:FiendFlay+1","Fiend:FiendBloodlust","Fiend:FiendFleshPlating","Fiend:FiendRadiation+1","Fiend:FiendDemonWhip+1"],"relics":["Fiend:FiendTotem","NeowsBlessing","Bag of Preparation","Peace Pipe","Blue Doll","CeramicFish","Tiny House","Molten Egg 2","Whetstone"],"acts_visited":["Exordium","TheCity"],"potions_floor_usage":[12,16,24],"damage_taken":[{"damage":0,"enemies":"Cultist","floor":1,"turns":1},{"damage":0,"enemies":"Small Slimes","floor":5,"turns":1},{"damage":0,"enemies":"Gremlin Nob","floor":7,"turns":1},{"damage":6,"enemies":"2 Louse","floor":10,"turns":2},{"damage":16,"enemies":"Lagavulin","floor":12,"turns":6},{"damage":0,"enemies":"Red Slaver","floor":13,"turns":4},{"damage":0,"enemies":"2 Fungi Beasts","floor":14,"turns":3},{"damage":18,"enemies":"Fading Forest","floor":16,"turns":11},{"damage":16,"enemies":"2 Thieves","floor":18,"turns":4},{"damage":10,"enemies":"Shell Parasite","floor":20,"turns":6},{"damage":29,"enemies":"Snake Plant","floor":21,"turns":6},{"damage":5,"enemies":"Slavers","floor":24,"turns":10},{"damage":22,"enemies":"Snecko","floor":27,"turns":4}],"seed_played":"5576229576191902332","potions_obtained":[{"floor":1,"key":"Doom Potion"},{"floor":4,"key":"Dexterity Potion"},{"floor":4,"key":"ColorlessPotion"},{"floor":12,"key":"Block Potion"},{"floor":17,"key":"LiquidMemories"}],"is_trial":false,"path_per_floor":["M","?","?","?","M","R","E","R","T","M","T","E","M","M","R","B",null,"M","?","M","M","$","R","E","?","T","M"],"character_chosen":"THE_FIEND","items_purchased":[],"campfire_rested":0,"item_purchase_floors":[],"current_hp_per_floor":[70,63,49,49,49,49,49,49,49,43,43,27,33,33,33,25,76,61,61,51,22,22,22,28,14,14,0,0],"gold":551,"neow_bonus":"THREE_ENEMY_KILL","is_daily":false,"chose_seed":false,"campfire_upgraded":2,"win_rate":0.0,"timestamp":1612734909,"path_taken":["M","?","?","?","M","R","E","R","T","M","?","E","M","M","R","BOSS","M","?","?","M","$","R","E","?","T","M"],"items_purchased_type":[],"build_version":"2020-12-22","purchased_purges":1,"victory":false,"max_hp_per_floor":[70,70,70,70,70,70,70,70,70,70,70,70,71,71,71,71,76,76,76,76,76,76,76,77,82,82,82,82],"card_choices":[{"not_picked":["Fiend:FiendMutativeArms","Fiend:FiendAbomination"],"picked":"Fiend:FiendMeatMagnet","floor":1},{"not_picked":["Fiend:FiendMeatPaste","Fiend:FiendFiendishCharge"],"picked":"Fiend:FiendDemonWhip","floor":4},{"not_picked":["Fiend:FiendRage","Fiend:FiendTransmeatation","Fiend:FiendAbomination"],"picked":"SKIP","floor":5},{"not_picked":["Fiend:FiendRadiation","Fiend:FiendMeatPaste"],"picked":"Fiend:FiendDemonWhip","floor":7},{"not_picked":["Fiend:FiendFiendishCharge","Fiend:FiendMutativeArms"],"picked":"Fiend:FiendSalvage","floor":10},{"not_picked":["Fiend:FiendRadiation","Fiend:FiendMeatShield"],"picked":"Fiend:FiendSalvage","floor":12},{"not_picked":["Fiend:FiendMeditate","Fiend:FiendSalvage"],"picked":"Fiend:FiendBloodlust","floor":13},{"not_picked":["Fiend:FiendDemonicContract","Fiend:FiendInfect"],"picked":"Fiend:FiendFleshForFlesh","floor":14},{"not_picked":["Fiend:FiendRage","Fiend:FiendAlchemeat"],"picked":"Fiend:FiendFlay","floor":17},{"not_picked":["Fiend:FiendRadiation","Fiend:FiendBloodPrice"],"picked":"Fiend:FiendBloodlust","floor":18},{"not_picked":["Fiend:FiendRadiation","Fiend:FiendFleshWhip+1"],"picked":"Fiend:FiendFleshPlating","floor":20},{"not_picked":["Fiend:FiendMutativeArms+1","Fiend:FiendDemonicContract+1"],"picked":"Fiend:FiendRadiation+1","floor":21},{"not_picked":["Fiend:FiendUpstartDemon","Fiend:FiendBloodPrice+1"],"picked":"Fiend:FiendDemonWhip+1","floor":24}],"player_experience":259220,"relics_obtained":[{"floor":4,"key":"Bag of Preparation"},{"floor":7,"key":"Peace Pipe"},{"floor":11,"key":"Blue Doll"},{"floor":12,"key":"CeramicFish"},{"floor":24,"key":"Molten Egg 2"},{"floor":26,"key":"Whetstone"}],"event_choices":[{"cards_removed":["Fiend:FiendDemonSlash"],"damage_healed":0,"gold_gain":0,"player_choice":"Card Removal","damage_taken":7,"max_hp_gain":0,"max_hp_loss":0,"event_name":"Golden Wing","floor":2,"gold_loss":0},{"damage_healed":0,"gold_gain":0,"player_choice":"Entered Light","damage_taken":14,"max_hp_gain":0,"max_hp_loss":0,"event_name":"Shining Light","floor":3,"gold_loss":0,"cards_upgraded":["Fiend:FiendFortify","Fiend:FiendDemonSlash"]},{"damage_healed":0,"gold_gain":0,"player_choice":"Ignored","damage_taken":0,"max_hp_gain":0,"max_hp_loss":0,"event_name":"NoteForYourself","floor":15,"gold_loss":0},{"damage_healed":0,"gold_gain":0,"player_choice":"Upgraded Two","damage_taken":0,"max_hp_gain":0,"max_hp_loss":0,"event_name":"Designer","floor":19,"gold_loss":40,"cards_upgraded":["Fiend:FiendFleshForFlesh","Fiend:FiendFortify"]},{"damage_healed":0,"gold_gain":0,"player_choice":"Shed Blood","damage_taken":19,"max_hp_gain":5,"max_hp_loss":0,"event_name":"Forgotten Altar","floor":25,"gold_loss":0}],"is_beta":false,"boss_relics":[{"not_picked":["Replay:Bronze Core","Coffee Dripper"],"picked":"Tiny House"}],"items_purged_floors":[22],"is_endless":false,"potions_floor_spawned":[1,12,14,18,20,21],"killed_by":"Snecko","ascension_level":0}}