{"host":"0mk07bycsqo1qk03","time":1612735393,"event":{"mods":["BaseMod","Downfall","Hermit","Hubris","Minty Spire (QoL Compilation)","Reliquary","Replay The Spire","StSLib","The Cursed"],"gold_per_floor":[99,117,129,140,154,59,59,59,87,101,101,1,36,21,39,135,135,135,148,166,186,186,186,186,211,3,36,55,55,86,99,109,211,211,211,221,236,250,250,250,250,250,267,302,313,313,313,38,58,58],"floor_reached":51,"language":"ENG","playtime":3042,"items_purged":[],"score":889,"play_id":"36840c0e-edd5-43ee-9de2-6f9df1cb0cbf","local_time":"20210207230313","is_ascension_mode":true,"campfire_choices":[{"data":"sneckomod:MasterEye","floor":8.0,"key":"SMITH"},{"data":"sneckomod:Unknown3Cost","floor":12.0,"key":"SMITH"},{"data":"sneckomod:TailWhip","floor":23,"key":"SMITH"},{"data":"1","floor":29,"key":"LIFT"},{"data":"2","floor":35,"key":"LIFT"},{"data":"3","floor":40,"key":"LIFT"}],"circlet_count":0,"master_deck":["sneckomod:TailWhip+1","sneckomod:SnekBite","Quick Slash","hubris:Prefetch","sneckomod:Nope","sneckomod:IronFang","sneckomod:MasterEye+1","sneckomod:Unknown1Cost","sneckomod:UnknownClassDEFAULT_GRAY_COLOR","sneckomod:UnknownVulnerable","hermit:Vantage","sneckomod:UnknownClassBLUE","sneckomod:Transmogrify","Meteor Strike","sneckomod:SlitherStrike+1","sneckomod:UnknownCommonSkill","Reboot+1","sneckomod:UnknownUncommonSkill+1","sneckomod:UnknownUncommonAttack+1","downfall:Bewildered","sneckomod:DiceCrush+1","sneckomod:DiceBlock","sneckomod:UnknownUncommonPower","sneckomod:MasterEye","sneckomod:MasterEye","sneckomod:UnendingSupply","sneckomod:UnknownRareAttack","sneckomod:SoulDraw","sneckomod:QuickMove+1","sneckomod:ImprovisedGuard+1","sneckomod:UnknownBoss","sneckomod:UnknownRareAttack","sneckomod:UnknownCommonAttack","sneckomod:UnknownStrike","sneckomod:UnknownStrength","sneckomod:UnknownClassDEFAULT_GRAY_COLOR","sneckomod:SoulCleanse","sneckomod:RainOfDice+1","sneckomod:UnknownColorless+1","sneckomod:UnknownDexterity+1","sneckomod:UnknownBoss","sneckomod:PureSnecko+1","Creative AI+1","sneckomod:UnknownUncommonPower","sneckomod:UnknownUncommonPower","sneckomod:CheapStock","sneckomod:UnknownUncommonPower","sneckomod:UnknownUncommonPower","sneckomod:SnekBeam","sneckomod:ImprovisedAttack+1"],"relics":["sneckomod:SneckoSoul","downfall:HeartBlessingGreen","hubris:RunicObelisk","Kunai","Meat on the Bone","Singing Bowl","The Courier","sneckomod:BabySnecko","reliquary:Buckler","Oddly Smooth Stone","Pen Nib","CaptainsWheel","Girya","Happy Flower","Bronze Scales","Pandora\u0027s Box","Snack Pack","Shuriken","Oddly Smooth Stone","hubris:Towel","ReplayTheSpireMod:Ninjato"],"acts_visited":["Exordium","TheCity","TheBeyond"],"potions_floor_usage":[27,38,38,49,50],"damage_taken":[{"damage":0.0,"enemies":"Small Slimes","floor":2.0,"turns":2.0},{"damage":1.0,"enemies":"Jaw Worm","floor":3.0,"turns":3.0},{"damage":4.0,"enemies":"2 Louse","floor":4.0,"turns":2.0},{"damage":5.0,"enemies":"Blue Slaver","floor":5.0,"turns":3.0},{"damage":5.0,"enemies":"downfall:FleeingMerchant","floor":6.0,"turns":4.0},{"damage":4.0,"enemies":"Replay:BlueRogue","floor":9.0,"turns":3.0},{"damage":0.0,"enemies":"Exordium Wildlife","floor":10.0,"turns":1.0},{"damage":1.0,"enemies":"Lagavulin","floor":13.0,"turns":5.0},{"damage":1.0,"enemies":"downfall:FleeingMerchant","floor":14.0,"turns":4.0},{"damage":6.0,"enemies":"Gremlin Gang","floor":15.0,"turns":4.0},{"damage":30.0,"enemies":"IC_STATUS_ARCHETYPE","floor":16.0,"turns":9.0},{"damage":0.0,"enemies":"Chosen","floor":19.0,"turns":6.0},{"damage":2.0,"enemies":"Spheric Guardian","floor":20.0,"turns":4.0},{"damage":4.0,"enemies":"Snecko","floor":21.0,"turns":3.0},{"damage":28,"enemies":"Slavers","floor":25,"turns":6},{"damage":0,"enemies":"downfall:FleeingMerchant","floor":26,"turns":4},{"damage":37,"enemies":"Gremlin Leader","floor":27,"turns":8},{"damage":3,"enemies":"Cultist and Chosen","floor":28,"turns":4},{"damage":9,"enemies":"Slavers","floor":30,"turns":5},{"damage":0,"enemies":"Snake Plant","floor":31,"turns":2},{"damage":0,"enemies":"Snecko","floor":32,"turns":3},{"damage":5,"enemies":"SI_MIRROR_ARCHETYPE","floor":33,"turns":8},{"damage":7,"enemies":"3 Shapes","floor":36,"turns":3},{"damage":15,"enemies":"3 Darklings","floor":37,"turns":3},{"damage":8,"enemies":"Maw","floor":38,"turns":7},{"damage":7,"enemies":"Writhing Mass","floor":43,"turns":2},{"damage":6,"enemies":"R_Hoarder","floor":44,"turns":6},{"damage":0,"enemies":"Jaw Worm Horde","floor":45,"turns":2},{"damage":37,"enemies":"3 Darklings","floor":49,"turns":6},{"damage":45,"enemies":"WA_ARCHETYPE_DIVINITY","floor":50,"turns":14}],"seed_played":"8003127550460696469","potions_obtained":[{"floor":2.0,"key":"Venom Potion"},{"floor":4.0,"key":"Block Potion"},{"floor":9.0,"key":"Slimebound:ThreeZeroPotion"},{"floor":15.0,"key":"Languid Potion"},{"floor":28,"key":"Block Potion"},{"floor":43,"key":"Elixir"},{"floor":44,"key":"Ancient Potion"}],"is_trial":false,"path_per_floor":["R","M","M","M","M","$","T","R","E","M","?","R","E","$","M","B",null,"R","M","M","M","?","R","T","E","$","E","M","R","E","M","M","B",null,"R","M","M","M","?","R","T","?","M","E","M","R","?","$","M","B",null],"character_chosen":"THE_SNECKO","items_purchased":["sneckomod:MasterEye","sneckomod:UnknownUncommonPower","sneckomod:MasterEye","sneckomod:MasterEye","Pen Nib","reliquary:BoilingFlask","sneckomod:UnendingSupply","sneckomod:UnknownUncommonPower","sneckomod:CheapStock","sneckomod:UnknownUncommonPower","sneckomod:UnknownUncommonPower","sneckomod:SnekBeam"],"campfire_rested":0,"item_purchase_floors":[6,26,26,26,26,26,26,48,48,48,48,48],"current_hp_per_floor":[99,99,98,94,89,84,84,84,80,80,85,85,84,83,77,47,104,104,104,102,98,98,98,98,70,70,45,54,54,57,57,57,64,104,104,97,82,76,76,76,76,76,73,73,75,75,93,93,60,31],"gold":58,"neow_bonus":"TEN_PERCENT_HP_BONUS","is_daily":false,"chose_seed":false,"campfire_upgraded":3,"win_rate":0.0,"timestamp":1612735393,"path_taken":["R","M","M","M","M","$","T","R","E","M","?","R","E","$","M","BOSS","R","M","M","M","?","R","T","E","$","E","M","R","E","M","M","BOSS","R","M","M","M","?","R","T","?","M","E","M","R","?","$","M","BOSS"],"items_purchased_type":["Card","Card","Card","Card","Relic","Relic","Card","Card","Card","Card","Card","Card"],"build_version":"2020-12-22","purchased_purges":0,"victory":true,"max_hp_per_floor":[99,99,99,99,99,99,99,99,99,99,104,104,104,104,104,104,104,104,104,104,104,104,104,104,104,104,104,104,104,104,104,104,104,104,104,104,104,104,104,104,104,104,104,106,106,106,93,93,93,93],"card_choices":[{"not_picked":["sneckomod:WideSting","sneckomod:DiceBlock"],"picked":"sneckomod:UnknownStrike","floor":2.0},{"not_picked":["sneckomod:RainOfDice","sneckomod:SoulDraw"],"picked":"sneckomod:Memorize","floor":3.0},{"not_picked":["sneckomod:SoulRoll","sneckomod:Rotation"],"picked":"sneckomod:Nope","floor":4.0},{"not_picked":["sneckomod:ImprovisedGuard","sneckomod:Rotation"],"picked":"sneckomod:IronFang","floor":5.0},{"not_picked":["sneckomod:UnknownX","sneckomod:SoulRoll"],"picked":"sneckomod:Unknown3Cost","floor":6.0},{"not_picked":["sneckomod:UnknownClassGREEN","sneckomod:DiceBlock"],"picked":"sneckomod:Unknown1Cost","floor":9.0},{"not_picked":["sneckomod:SoulRoll","sneckomod:SoulDraw"],"picked":"sneckomod:UnknownClassDEFAULT_GRAY_COLOR","floor":10.0},{"not_picked":["sneckomod:UnknownExhaust","sneckomod:UnknownCommonSkill"],"picked":"sneckomod:UnknownVulnerable","floor":13.0},{"not_picked":["sneckomod:SoulCleanse","sneckomod:UnknownVulnerable"],"picked":"sneckomod:UnknownBlock","floor":14.0},{"not_picked":["sneckomod:UnknownVulnerable","sneckomod:UnknownDraw"],"picked":"sneckomod:UnknownClassBLUE","floor":15.0},{"not_picked":["sneckomod:SoulExchange","sneckomod:UnknownRarePower"],"picked":"sneckomod:Transmogrify","floor":16.0},{"not_picked":["sneckomod:UnknownStrength+1","sneckomod:DiceCrush"],"picked":"sneckomod:SlitherStrike","floor":19.0},{"not_picked":["sneckomod:Unknown0Cost","sneckomod:ImprovisedGuard"],"picked":"sneckomod:UnknownCommonSkill","floor":20.0},{"not_picked":["sneckomod:PureSnecko","sneckomod:DiceBlock"],"picked":"sneckomod:UnknownUncommonSkill+1","floor":21},{"not_picked":["sneckomod:IronFang","sneckomod:MixItUp"],"picked":"sneckomod:UnknownUncommonAttack+1","floor":21},{"not_picked":["sneckomod:WideSting+1","sneckomod:IronFang"],"picked":"sneckomod:DiceCrush+1","floor":25},{"not_picked":["sneckomod:CheapStock","sneckomod:IronFang+1"],"picked":"sneckomod:DiceBlock","floor":26},{"not_picked":["sneckomod:UnknownCommonAttack","sneckomod:SnekBeam"],"picked":"sneckomod:UnknownRareAttack","floor":27},{"not_picked":["sneckomod:SoulRoll+1","sneckomod:WideSting"],"picked":"sneckomod:SoulDraw","floor":28},{"not_picked":["sneckomod:UnknownClassDEFAULT_GRAY_COLOR","sneckomod:UnknownStrike"],"picked":"sneckomod:QuickMove+1","floor":30},{"not_picked":["sneckomod:UnknownCommonSkill","sneckomod:PureSnecko"],"picked":"sneckomod:ImprovisedGuard+1","floor":31},{"not_picked":["sneckomod:UnknownCommonSkill","sneckomod:Rotation"],"picked":"sneckomod:UnknownBoss","floor":32},{"not_picked":["sneckomod:UnlimitedRolls","sneckomod:Transmogrify"],"picked":"sneckomod:UnknownRareAttack","floor":33},{"not_picked":["sneckomod:DefensiveFlair+1","sneckomod:UnknownCommonSkill+1"],"picked":"sneckomod:RainOfDice+1","floor":36},{"not_picked":["sneckomod:QuickBite","sneckomod:Unknown2Cost"],"picked":"sneckomod:UnknownColorless+1","floor":37},{"not_picked":["sneckomod:DiceCrush+1","sneckomod:WideSting"],"picked":"sneckomod:UnknownDexterity+1","floor":38},{"not_picked":["sneckomod:Unknown1Cost","sneckomod:UnknownClassGREEN"],"picked":"sneckomod:UnknownBoss","floor":43},{"not_picked":["sneckomod:Unknown1Cost+1","sneckomod:Unknown0Cost+1","sneckomod:UnknownCommonSkill+1"],"picked":"Singing Bowl","floor":44},{"not_picked":["sneckomod:SoulCleanse","sneckomod:UnknownCommonAttack+1"],"picked":"sneckomod:PureSnecko+1","floor":45},{"not_picked":["sneckomod:ImprovisedGuard+1","sneckomod:SoulRoll"],"picked":"sneckomod:ImprovisedAttack+1","floor":49}],"player_experience":1015951,"relics_obtained":[{"floor":7.0,"key":"Letter Opener"},{"floor":9.0,"key":"Akabeko"},{"floor":13.0,"key":"Singing Bowl"},{"floor":19.0,"key":"Kunai"},{"floor":20.0,"key":"Singing Bowl"},{"floor":20.0,"key":"Meat on the Bone"},{"floor":21,"key":"Singing Bowl"},{"floor":21,"key":"The Courier"},{"floor":24,"key":"Lantern"},{"floor":25,"key":"Lantern"},{"floor":25,"key":"reliquary:Buckler"},{"floor":26,"key":"Oddly Smooth Stone"},{"floor":27,"key":"CaptainsWheel"},{"floor":28,"key":"Girya"},{"floor":30,"key":"Happy Flower"},{"floor":33,"key":"Bronze Scales"},{"floor":36,"key":"Snack Pack"},{"floor":39,"key":"Shuriken"},{"floor":41,"key":"Oddly Smooth Stone"},{"floor":44,"key":"ReplayTheSpireMod:Ninjato"}],"event_choices":[{"damage_healed":0.0,"max_hp_gain":5.0,"max_hp_loss":0.0,"gold_gain":0.0,"event_name":"Big Fish","player_choice":"Donut","floor":11.0,"gold_loss":0.0,"damage_taken":0.0}],"is_beta":false,"boss_relics":[{"not_picked":["Tiny House","hubris:HollowSoul"],"picked":"hubris:RunicObelisk"},{"not_picked":["Coffee Dripper","hubris:Stopwatch"],"picked":"Pandora\u0027s Box"}],"items_purged_floors":[],"is_endless":false,"potions_floor_spawned":[2,4,9,10,15,20,21,25,28,30,36,43,44,45],"ascension_level":1}}