{"host":"Qube","time":1612735843,"event":{"mods":["AchievementEnabler","BaseMod","Colored Map","Colored Powertips","Highlight Path","Minty Spire (QoL Compilation)","Permanent Neow","Quick Restart","Random Character Button","StSLib"],"gold_per_floor":[114,114,133,152,171,190,209,247,322,322,360,535,554,573,573,698,698,717,736,111,111,130,168,187,187,187,187,206,244,263,301,301,426,426,445,464,483,26,45,45,83,83,83,83,83,3,22,41,41,41],"floor_reached":51,"language":"ENG","playtime":4066,"items_purged":["Doubt","Strike_G"],"score":830,"play_id":"b4b7d170-6c8b-41e4-830d-f7c57d1a8833","local_time":"20210207141042","daily_mods":["Heirloom","ControlledChaos","Lethality"],"is_ascension_mode":false,"campfire_choices":[{"data":"Footwork","floor":10.0,"key":"SMITH"},{"data":"Malaise","floor":15,"key":"SMITH"},{"floor":25,"key":"REST"},{"floor":27,"key":"REST"},{"data":"Envenom","floor":32,"key":"SMITH"},{"data":"Noxious Fumes","floor":40,"key":"SMITH"},{"data":"Neutralize","floor":42,"key":"SMITH"},{"data":"Acrobatics","floor":44,"key":"SMITH"},{"data":"Cloak And Dagger","floor":49,"key":"SMITH"}],"circlet_count":0,"master_deck":["Strike_G","Strike_G","Strike_G","Strike_G","Defend_G","Defend_G","Defend_G","Defend_G","Survivor","Neutralize+1","Deflect","Eviscerate","PiercingWail","Outmaneuver","Malaise+1","Flying Knee","Footwork+1","Deadly Poison","Cloak And Dagger+1","Acrobatics+1","Envenom+1","Backflip","Cloak And Dagger+1","Footwork+1","Noxious Fumes+1","PiercingWail+1","Cloak And Dagger+1","Riddle With Holes","Accuracy+1","Cloak And Dagger+1","Blur+1","Adrenaline+1","PiercingWail+1","Bouncing Flask+1","Leg Sweep+1","Well Laid Plans+1"],"relics":["Ring of the Serpent","Frozen Eye","Thread and Needle","Golden Idol","Bird Faced Urn","Matryoshka","Boot","Letter Opener","Pen Nib","DollysMirror","Vajra","Toxic Egg 2","Dream Catcher","InkBottle","Nunchaku","The Courier","Busted Crown","Orichalcum","Bottled Lightning","Happy Flower","Akabeko","Lizard Tail"],"acts_visited":["Exordium","TheCity","TheBeyond"],"potions_floor_usage":[14,16,16,18,19,22,24,29,36,47,48,50,50,50],"damage_taken":[{"damage":0.0,"enemies":"2 Louse","floor":1.0,"turns":2.0},{"damage":0.0,"enemies":"Jaw Worm","floor":3.0,"turns":3.0},{"damage":0.0,"enemies":"Cultist","floor":4.0,"turns":2.0},{"damage":0.0,"enemies":"Looter","floor":5.0,"turns":3.0},{"damage":5.0,"enemies":"Gremlin Gang","floor":6.0,"turns":5.0},{"damage":0.0,"enemies":"Red Slaver","floor":7.0,"turns":5.0},{"damage":3.0,"enemies":"Lagavulin","floor":8.0,"turns":5.0},{"damage":9.0,"enemies":"Gremlin Nob","floor":11.0,"turns":4.0},{"damage":0,"enemies":"Blue Slaver","floor":13,"turns":2},{"damage":0,"enemies":"Exordium Wildlife","floor":14,"turns":5},{"damage":12,"enemies":"The Guardian","floor":16,"turns":10},{"damage":42,"enemies":"Spheric Guardian","floor":18,"turns":6},{"damage":2,"enemies":"Chosen","floor":19,"turns":5},{"damage":0,"enemies":"Snake Plant","floor":22,"turns":3},{"damage":41,"enemies":"Book of Stabbing","floor":23,"turns":7},{"damage":0,"enemies":"Cultist and Chosen","floor":24,"turns":5},{"damage":0,"enemies":"Snecko","floor":28,"turns":4},{"damage":15,"enemies":"Gremlin Leader","floor":29,"turns":8},{"damage":0,"enemies":"Sentry and Sphere","floor":30,"turns":4},{"damage":8,"enemies":"Book of Stabbing","floor":31,"turns":6},{"damage":0,"enemies":"Champ","floor":33,"turns":9},{"damage":0,"enemies":"Orb Walker","floor":35,"turns":4},{"damage":15,"enemies":"3 Darklings","floor":36,"turns":5},{"damage":0,"enemies":"Sphere and 2 Shapes","floor":37,"turns":4},{"damage":6,"enemies":"Jaw Worm Horde","floor":39,"turns":4},{"damage":2,"enemies":"Giant Head","floor":41,"turns":6},{"damage":0,"enemies":"3 Darklings","floor":47,"turns":4},{"damage":0,"enemies":"Sphere and 2 Shapes","floor":48,"turns":4},{"damage":21,"enemies":"Time Eater","floor":50,"turns":10}],"seed_played":"8884597751285247366","potions_obtained":[{"floor":3.0,"key":"SneckoOil"},{"floor":5.0,"key":"AttackPotion"},{"floor":7.0,"key":"Strength Potion"},{"floor":13,"key":"EntropicBrew"},{"floor":14,"key":"CultistPotion"},{"floor":16,"key":"SkillPotion"},{"floor":18,"key":"DistilledChaos"},{"floor":23,"key":"DuplicationPotion"},{"floor":30,"key":"Energy Potion"},{"floor":33,"key":"PowerPotion"},{"floor":41,"key":"EssenceOfSteel"},{"floor":47,"key":"Explosive Potion"},{"floor":48,"key":"Strength Potion"}],"is_trial":false,"path_per_floor":["M","?","M","M","M","M","M","E","T","R","E","?","M","M","R","B",null,"M","M","$","?","M","E","M","R","T","R","M","E","M","E","R","B",null,"M","M","M","$","M","R","E","R","T","R","?","$","M","M","R","B",null],"character_chosen":"THE_SILENT","items_purchased":["Letter Opener","Pen Nib","DollysMirror","Bouncing Flask+1","Orichalcum","Bottled Lightning","Fruit Juice"],"campfire_rested":2,"item_purchase_floors":[20,20,20,38,38,38,46],"current_hp_per_floor":[70,53,53,53,53,48,48,45,45,45,38,38,38,40,40,42,70,32,36,36,36,38,5,11,32,32,53,61,57,61,57,57,70,70,70,59,65,65,66,66,70,70,70,70,70,70,75,75,75,56],"gold":41,"neow_bonus":"","is_daily":true,"chose_seed":false,"campfire_upgraded":7,"win_rate":0.0,"timestamp":1612735842,"path_taken":["M","?","M","M","M","M","M","E","T","R","E","?","M","?","R","BOSS","M","M","$","?","M","E","M","R","T","R","M","E","M","E","R","BOSS","M","M","M","$","M","R","E","R","T","R","?","$","M","?","R","BOSS"],"items_purchased_type":["Relic","Relic","Relic","Card","Relic","Relic","Potion"],"build_version":"2020-12-18","purchased_purges":2,"victory":true,"max_hp_per_floor":[70,70,70,70,70,70,70,70,70,70,70,70,70,70,70,70,70,70,70,70,70,70,70,70,70,70,70,70,70,70,70,70,70,70,70,70,70,70,70,70,70,70,70,70,70,70,75,75,75,75],"card_choices":[{"not_picked":["Prepared","Dodge and Roll"],"picked":"Deflect","floor":1.0},{"not_picked":["Prepared","Deflect"],"picked":"Eviscerate","floor":3.0},{"not_picked":["Dodge and Roll","Outmaneuver"],"picked":"PiercingWail","floor":4.0},{"not_picked":["Bane","Backflip"],"picked":"Outmaneuver","floor":5.0},{"not_picked":["Tactician","Quick Slash"],"picked":"Malaise","floor":6.0},{"not_picked":["Bane","Prepared"],"picked":"Flying Knee","floor":7.0},{"not_picked":["Storm of Steel","Flying Knee"],"picked":"Footwork","floor":8.0},{"not_picked":["Underhanded Strike","Backstab"],"picked":"Deadly Poison","floor":11.0},{"not_picked":["Sucker Punch","Flying Knee"],"picked":"Cloak And Dagger","floor":13},{"not_picked":["Quick Slash","Outmaneuver"],"picked":"Acrobatics","floor":14},{"not_picked":["Die Die Die","Burst"],"picked":"Envenom","floor":16},{"not_picked":["All Out Attack","Outmaneuver"],"picked":"Backflip","floor":18},{"not_picked":["PiercingWail","Acrobatics"],"picked":"Cloak And Dagger+1","floor":19},{"not_picked":["Heel Hook","PiercingWail"],"picked":"Noxious Fumes","floor":22},{"not_picked":["Expertise+1","Acrobatics+1"],"picked":"PiercingWail+1","floor":23},{"not_picked":["Outmaneuver+1","Quick Slash+1"],"picked":"Cloak And Dagger+1","floor":24},{"not_picked":["Dagger Spray","Prepared+1"],"picked":"Riddle With Holes","floor":27},{"not_picked":["Underhanded Strike","Die Die Die"],"picked":"Accuracy+1","floor":28},{"not_picked":["Heel Hook+1","Blade Dance+1"],"picked":"Cloak And Dagger+1","floor":29},{"not_picked":["Noxious Fumes","PiercingWail+1"],"picked":"Blur+1","floor":30},{"not_picked":["Eviscerate","Dagger Spray","Caltrops"],"picked":"SKIP","floor":31},{"not_picked":["A Thousand Cuts","Die Die Die"],"picked":"Adrenaline+1","floor":33},{"not_picked":["PiercingWail+1"],"picked":"SKIP","floor":35},{"not_picked":[],"picked":"PiercingWail+1","floor":35},{"not_picked":["Footwork+1"],"picked":"SKIP","floor":36},{"not_picked":["Infinite Blades"],"picked":"SKIP","floor":37},{"not_picked":[],"picked":"Leg Sweep+1","floor":39},{"not_picked":["Sucker Punch+1"],"picked":"SKIP","floor":41},{"not_picked":["Flying Knee+1"],"picked":"SKIP","floor":47},{"not_picked":[],"picked":"Well Laid Plans+1","floor":48}],"player_experience":1101243,"relics_obtained":[{"floor":8.0,"key":"Bird Faced Urn"},{"floor":9.0,"key":"Matryoshka"},{"floor":11.0,"key":"Boot"},{"floor":23,"key":"Toxic Egg 2"},{"floor":26,"key":"Dream Catcher"},{"floor":26,"key":"InkBottle"},{"floor":29,"key":"Nunchaku"},{"floor":31,"key":"The Courier"},{"floor":41,"key":"Happy Flower"},{"floor":43,"key":"Akabeko"},{"floor":43,"key":"Lizard Tail"}],"event_choices":[{"damage_healed":0.0,"max_hp_gain":0.0,"max_hp_loss":0.0,"gold_gain":0.0,"event_name":"Golden Idol","player_choice":"Take Damage","floor":2.0,"gold_loss":0.0,"damage_taken":17.0,"relics_obtained":["Golden Idol"]},{"damage_healed":0.0,"max_hp_gain":0.0,"max_hp_loss":0.0,"gold_gain":175.0,"event_name":"Liars Game","player_choice":"AGREE","floor":12.0,"gold_loss":0.0,"damage_taken":0.0,"cards_obtained":["Doubt"]},{"damage_healed":0,"gold_gain":0,"player_choice":"Opened","damage_taken":0,"relics_obtained":["Vajra"],"max_hp_gain":0,"max_hp_loss":0,"event_name":"The Mausoleum","floor":21,"gold_loss":0},{"cards_removed":["Defend_G"],"damage_healed":0,"gold_gain":0,"player_choice":"Purged","damage_taken":0,"max_hp_gain":0,"max_hp_loss":0,"event_name":"Purifier","floor":45,"gold_loss":0}],"is_beta":true,"boss_relics":[{"not_picked":["Philosopher\u0027s Stone","Black Star"],"picked":"Ring of the Serpent"},{"not_picked":["Astrolabe","Calling Bell"],"picked":"Busted Crown"}],"items_purged_floors":[20,38],"is_endless":false,"potions_floor_spawned":[3,5,7,13,14,16,18,23,30,33,41,47,48],"ascension_level":0}}