{"host":"c02dmb09vpgjjjz3","time":1612713595,"event":{"mods":["Act Like it!","BaseMod","CapriCore","Colored Map","Downfall","GifTheSpireLib","Minty Spire (QoL Compilation)","Permanent Neow","Random Character Button","StSLib"],"gold_per_floor":[99,112,112,112,22,22,22,22,39,66,66,216,116,133,148,251,251,151,161,261,146,166,183,230,130,149,159,159,159,19,48,68,68,68,68],"floor_reached":33,"language":"ENG","playtime":2310,"items_purged":["champ:Strike","downfall:Bewildered","Pride"],"score":315,"play_id":"858d5ffb-8948-4374-b043-0e91cf7c5c84","local_time":"20210207095955","is_ascension_mode":false,"campfire_choices":[{"data":"champ:Taunt","floor":1,"key":"SMITH"},{"floor":8,"key":"RECALL"},{"data":"champ:TornadoPunch","floor":11,"key":"SMITH"},{"data":"champ:FlashCut","floor":13,"key":"SMITH"},{"data":"champ:Improvising","floor":18,"key":"SMITH"},{"data":"champ:StrikeOfGenius","floor":25,"key":"SMITH"}],"circlet_count":0,"master_deck":["champ:Strike","champ:Strike","champ:Defend","champ:Defend","champ:Defend","champ:Defend","champ:Execute","champ:Taunt+1","Impatience","champ:PreciseThrust","champ:Shatter","champ:FlashCut+1","champ:TornadoPunch+1","downfall:Icky","champ:StanceDance","champ:GutPunch","champ:Improvising+1","champ:SkillfulDodge+1","champ:Taunt","champ:FlashCut","champ:FaceSlap","champ:MurderStrike","Dark Shackles","champ:FlashCut+1","champ:ArenaPreparation","champ:StrikeOfGenius+1","champ:ArenaPreparation","champ:Circumvent","champ:ShieldWall+1"],"relics":["champ:ChampionCrownUpgraded","downfall:ShatteredFragment","Question Card","downfall:HeartBlessingRed","downfall:HeartBlessingBlue","downfall:GremlinSack","Strawberry","downfall:HeartBlessingGreen","Orichalcum","Enchiridion","Toxic Egg 2"],"acts_visited":["Exordium","TheCity"],"potions_floor_usage":[30,32,33],"damage_taken":[{"damage":10,"enemies":"2 Louse","floor":2,"turns":3},{"damage":20,"enemies":"downfall:FleeingMerchant","floor":5,"turns":4},{"damage":15,"enemies":"Small Slimes","floor":9,"turns":3},{"damage":20,"enemies":"3 Sentries","floor":10,"turns":6},{"damage":0,"enemies":"Jaw Worm","floor":14,"turns":1},{"damage":0,"enemies":"Exordium Wildlife","floor":15,"turns":1},{"damage":24,"enemies":"SI_SHIV_ARCHETYPE","floor":16,"turns":7},{"damage":5,"enemies":"3 Byrds","floor":19,"turns":4},{"damage":8,"enemies":"3 Byrds","floor":20,"turns":3},{"damage":15,"enemies":"downfall:FleeingMerchant","floor":21,"turns":4},{"damage":13,"enemies":"Cultist and Chosen","floor":22,"turns":5},{"damage":34,"enemies":"Snake Plant","floor":23,"turns":3},{"damage":30,"enemies":"Sentry and Sphere","floor":26,"turns":2},{"damage":10,"enemies":"Cultist and Chosen","floor":27,"turns":4},{"damage":25,"enemies":"downfall:FleeingMerchant","floor":30,"turns":4},{"damage":62,"enemies":"Book of Stabbing","floor":31,"turns":5},{"damage":9,"enemies":"Snecko","floor":32,"turns":3},{"damage":22,"enemies":"IC_MUSHROOM_ARCHETYPE","floor":33,"turns":4}],"seed_played":"1977804388475793048","potions_obtained":[{"floor":2,"key":"hexamod:SoulburnPotion"},{"floor":9,"key":"sneckomod:MuddlingPotion"},{"floor":16,"key":"ColorlessPotion"},{"floor":23,"key":"Guardian:BlockOnCardUsePotion"}],"is_trial":false,"path_per_floor":["R","M","?","?","$","?","T","R","M","E","R","?","R","M","M","B",null,"R","M","?","$","M","M","T","R","M","M","?","?","$","E","M","B"],"character_chosen":"THE_CHAMP","items_purchased":[],"campfire_rested":0,"item_purchase_floors":[],"current_hp_per_floor":[90,90,63,63,63,68,68,68,63,63,63,63,63,63,63,49,95,105,105,97,87,74,65,72,72,72,72,72,56,56,29,20,0,0,0],"gold":68,"neow_bonus":"RANDOM_COLORLESS","is_daily":false,"chose_seed":false,"campfire_upgraded":5,"win_rate":0.0,"timestamp":1612713595,"path_taken":["R","M","?","?","$","?","T","R","?","E","R","?","R","M","M","BOSS","R","M","?","$","?","?","T","R","M","M","?","?","$","E","M","BOSS"],"items_purchased_type":[],"build_version":"2020-12-22","purchased_purges":3,"victory":false,"max_hp_per_floor":[90,90,90,90,90,95,95,95,95,95,95,95,95,95,95,95,95,105,105,105,105,105,105,112,112,112,112,112,112,112,112,112,112,112,112],"card_choices":[{"not_picked":["Purity","Good Instincts"],"picked":"Impatience","floor":0},{"not_picked":["champ:RecklessLeap","champ:Endure"],"picked":"champ:PreciseThrust","floor":2},{"not_picked":["champ:ShieldSlam","champ:FancyFootwork"],"picked":"champ:Shatter","floor":5},{"not_picked":["champ:PreemptiveStrike","champ:EndlessRage"],"picked":"champ:FlashCut","floor":9},{"not_picked":["champ:RapidStrikes","champ:HeartStrike"],"picked":"champ:TornadoPunch","floor":10},{"not_picked":["champ:PerfectedStrike","champ:BringItOn","champ:Shatter"],"picked":"champ:StanceDance","floor":14},{"not_picked":["champ:AdrenalArmor","champ:RisingSlash","champ:Haymaker"],"picked":"champ:GutPunch","floor":15},{"not_picked":["champ:ShieldThrow","champ:MurderStrike","champ:TripleStrike"],"picked":"champ:Improvising","floor":16},{"not_picked":["champ:FanOfKnives","champ:FocusedBerserking","champ:BerserkersShout"],"picked":"champ:SkillfulDodge+1","floor":19},{"not_picked":["champ:FaceSlap","champ:BladeFlurry","champ:GladiatorStyle"],"picked":"champ:FlashCut+1","floor":20},{"not_picked":["champ:DefensiveShout","champ:FocusedBerserking+1","champ:TornadoPunch","champ:Backstep+1"],"picked":"SKIP","floor":21},{"not_picked":["champ:ShieldSlam","champ:BerserkersShout","champ:FocusedDefense+1"],"picked":"champ:ArenaPreparation","floor":22},{"not_picked":["champ:GladiatorStyle","champ:BringItOn","champ:FanOfKnives"],"picked":"champ:StrikeOfGenius","floor":23},{"not_picked":["champ:EndlessRage","champ:Shatter","champ:Encircle+1","champ:Parry"],"picked":"SKIP","floor":26},{"not_picked":["champ:DefensiveShout","champ:Shatter","champ:FanOfKnives"],"picked":"champ:ArenaPreparation","floor":27},{"not_picked":["champ:Devastate","champ:AdrenalArmor","champ:ArenaPreparation+1"],"picked":"champ:Circumvent","floor":30},{"not_picked":["champ:FlashCut","champ:FocusedDefense+1","champ:BladeFlurry"],"picked":"champ:ShieldWall+1","floor":31},{"not_picked":["champ:FanOfKnives","champ:PreemptiveStrike+1","champ:AdrenalArmor+1","champ:Endure+1"],"picked":"SKIP","floor":32}],"player_experience":104698,"relics_obtained":[{"floor":10,"key":"Question Card"},{"floor":20,"key":"downfall:GremlinSack"},{"floor":24,"key":"Strawberry"},{"floor":29,"key":"Enchiridion"},{"floor":31,"key":"Toxic Egg 2"}],"event_choices":[{"damage_healed":0,"gold_gain":0,"player_choice":"Donut","damage_taken":0,"max_hp_gain":5,"max_hp_loss":0,"event_name":"Big Fish","floor":6,"gold_loss":0},{"damage_healed":0,"gold_gain":0,"player_choice":"Stole Relic","damage_taken":0,"relics_obtained":["Orichalcum"],"max_hp_gain":0,"max_hp_loss":0,"event_name":"Addict","floor":28,"gold_loss":0,"cards_obtained":["Pride"]}],"is_beta":false,"boss_relics":[{"not_picked":["Black Star","Coffee Dripper"],"picked":"champ:ChampionCrownUpgraded"}],"items_purged_floors":[5,21,30],"is_endless":false,"potions_floor_spawned":[2,9,16,19,22,23,27],"killed_by":"IC_MUSHROOM_ARCHETYPE","ascension_level":0}}