{"host":"ormi09wwzv7sq47a","time":1612707368,"event":{"mods":["2.2 Compatiblity","AchievementEnabler","Act Like it!","BaseMod","Bestiary","Better Altar","Better Note","Better Sensory Stone","Better Silent Start","Better Skull","Better Third Choice","Better Vampires","BetterRewards","Block Reminder","Card Forge","Colored Map","Colored Powertips","Curses Come First","DeckTracker","Downfall","Highlight Path","Minty Spire (QoL Compilation)","Permanent Neow","Quick Restart","Rare Cards Sparkle","Relic Stats","Shop Mod","StSLib","The Jungle"],"gold_per_floor":[110,110,130,130,205,205,218,237,285,316,316,335,335,348,348,422,422,436,448,92,105,122,122,153,173,173,208,222,222,222,253,253,328,328,345,345,567,582,582,582,609,609,690,690,741,40,53,84,84,84,84,84,11,46,46],"floor_reached":56,"language":"ENG","playtime":3198,"items_purged":["Strike_R","Strike_R","Strike_R"],"score":2637,"play_id":"169ce949-30f4-4b51-8d24-909702b32c80","local_time":"20210207121608","is_ascension_mode":true,"campfire_choices":[{"data":"True Grit","floor":6,"key":"SMITH"},{"data":"Disarm","floor":11,"key":"SMITH"},{"data":"Offering","floor":13,"key":"SMITH"},{"data":"Fire Breathing","floor":15,"key":"SMITH"},{"data":"Demon Form","floor":23,"key":"SMITH"},{"data":"Barricade","floor":30,"key":"SMITH"},{"data":"Fire Breathing","floor":32,"key":"SMITH"},{"data":"Demon Form","floor":40,"key":"SMITH"},{"floor":42,"key":"RECALL"},{"data":"Feel No Pain","floor":44,"key":"SMITH"},{"data":"Flame Barrier","floor":49,"key":"SMITH"},{"data":"Impervious","floor":52,"key":"SMITH"}],"circlet_count":0,"master_deck":["AscendersBane","Defend_R","Defend_R","Defend_R","Defend_R","Bash","Disarm+1","Fire Breathing+1","Thunderclap","Uppercut","True Grit+1","Iron Wave","Shrug It Off","Feel No Pain","Offering+1","Feel No Pain","Feel No Pain","Reckless Charge","Battle Trance","Demon Form+1","Armaments+1","Whirlwind","Warcry+1","Dark Embrace","Fire Breathing+1","Power Through+1","Feel No Pain+1","Shrug It Off","Barricade+1","Pummel","Shockwave","Bite","Demon Form+1","Entrench+1","Body Slam","Infernal Blade+1","Impervious+1","Heavy Blade","Panacea","Feel No Pain","Flame Barrier+1","Demon Form"],"relics":["Burning Blood","Hammer of Thor","Seething Fire","Anvil of the Gods","Prayer Wheel","Bronze Scales","Guardian:GemstoneGun","Mummified Hand","MealTicket","Bag of Preparation","sneckomod:SneckoTalon","Bag of Marbles","Pen Nib","InkBottle","Red Mask","bronze:MakeshiftBattery","Nunchaku","Paper Frog","Ginger","Torii","Medical Kit","Centennial Puzzle","PreservedInsect","Vajra"],"acts_visited":["Exordium","TheCity","TheBeyond","TheEnding"],"potions_floor_usage":[24,47,50,55,55],"damage_taken":[{"damage":4.0,"enemies":"2 Louse","floor":1.0,"turns":1.0},{"damage":0.0,"enemies":"Small Slimes","floor":3.0,"turns":2.0},{"damage":0,"enemies":"Cultist","floor":7,"turns":3},{"damage":0,"enemies":"Large Slime","floor":8,"turns":4},{"damage":2,"enemies":"3 Sentries","floor":10,"turns":6},{"damage":0,"enemies":"2 Fungi Beasts","floor":12,"turns":3},{"damage":6,"enemies":"Exordium Thugs","floor":14,"turns":2},{"damage":6,"enemies":"The Guardian","floor":16,"turns":12},{"damage":6,"enemies":"Spheric Guardian","floor":18,"turns":3},{"damage":6,"enemies":"Shell Parasite","floor":19,"turns":1},{"damage":15,"enemies":"Snake Plant","floor":21,"turns":4},{"damage":6,"enemies":"Centurion and Healer","floor":22,"turns":5},{"damage":20,"enemies":"Slavers","floor":24,"turns":5},{"damage":6,"enemies":"Shelled Parasite and Fungi","floor":25,"turns":3},{"damage":4,"enemies":"Gremlin Leader","floor":27,"turns":5},{"damage":6,"enemies":"3 Cultists","floor":28,"turns":4},{"damage":6,"enemies":"Masked Bandits","floor":31,"turns":2},{"damage":6,"enemies":"Champ","floor":33,"turns":9},{"damage":0,"enemies":"3 Shapes","floor":35,"turns":5},{"damage":6,"enemies":"Orb Walker","floor":38,"turns":1},{"damage":6,"enemies":"Reptomancer","floor":41,"turns":4},{"damage":6,"enemies":"2 Orb Walkers","floor":45,"turns":4},{"damage":6,"enemies":"Jaw Worm Horde","floor":47,"turns":3},{"damage":6,"enemies":"Giant Head","floor":48,"turns":3},{"damage":19,"enemies":"Time Eater","floor":50,"turns":7},{"damage":23,"enemies":"Shield and Spear","floor":54,"turns":4},{"damage":12,"enemies":"The Heart","floor":55,"turns":7}],"seed_played":"6787072823646800364","potions_obtained":[{"floor":1.0,"key":"Explosive Potion"},{"floor":7,"key":"SteroidPotion"},{"floor":12,"key":"BloodPotion"},{"floor":24,"key":"LiquidMemories"},{"floor":47,"key":"AttackPotion"},{"floor":48,"key":"PowerPotion"}],"is_trial":false,"path_per_floor":["M","?","M","?","?","R","M","M","T","E","R","M","R","M","R","B",null,"M","M","$","M","M","R","E","M","T","E","M","?","R","?","R","B",null,"M","?","?","M","?","R","E","R","T","R","?","$","M","E","R","B",null,"R","$","E","B",null],"character_chosen":"IRONCLAD","items_purchased":["Bronze Scales","Disarm","Mummified Hand","Wild Strike","Fire Breathing","Thunderclap","BlessingOfTheForge","Dark Embrace","Bag of Marbles","Torii","Medical Kit","Centennial Puzzle","Heavy Blade","Panacea","EssenceOfSteel"],"campfire_rested":0,"item_purchase_floors":[0,0,0,0,0,0,0,20,20,46,46,46,46,46,53],"current_hp_per_floor":[46,39,45,45,38,38,44,50,50,54,54,60,60,60,60,60,71,71,71,75,66,66,66,67,67,67,69,69,69,69,69,69,70,70,70,70,70,70,66,66,66,66,66,66,66,66,66,66,66,56,64,64,66,51,50],"gold":46,"neow_bonus":"","is_daily":false,"chose_seed":false,"campfire_upgraded":11,"win_rate":0.0,"timestamp":1612707368,"path_taken":["M","?","M","?","?","R","?","M","T","E","R","M","R","M","R","BOSS","M","M","$","M","M","R","E","M","T","E","M","?","R","?","R","BOSS","M","?","?","M","?","R","E","R","T","R","?","?","M","E","R","BOSS","R","$","E","BOSS"],"items_purchased_type":["Relic","Card","Relic","Card","Card","Card","Potion","Card","Relic","Relic","Relic","Relic","Card","Card","Potion"],"build_version":"2020-12-22","purchased_purges":3,"victory":true,"max_hp_per_floor":[75,75,75,75,75,75,75,75,75,75,75,75,75,75,75,75,75,75,75,75,75,75,75,75,75,75,75,75,70,70,70,70,70,70,70,70,70,70,66,66,66,66,66,66,66,66,66,66,66,66,66,66,66,66,66],"relic_stats":{"Torii":34,"counters":[287,1254],"Pen Nib":[10],"PreservedInsect":77,"Bag of Preparation":[44],"Ginger":[6],"Medical Kit":[13],"Burning Blood":1194,"Nunchaku":[5],"Centennial Puzzle":[39],"Mummified Hand":[176],"Bronze Scales":[367],"Prayer Wheel":15,"MealTicket":6,"obtain_stats":[{"Whetstone":23,"Ginger":45,"Boot":24,"Old Coin":10,"Blood Vial":41,"Sundial":47,"MealTicket":43,"Kunai":38,"Slimebound:AggressiveSlimeRelic":38,"MerchantsRug":38,"Pear":20,"betterAltar:BloodRelic":30,"Blue Candle":10,"Velvet Choker":34,"Eternal Feather":6,"Pen Nib":21,"Guardian:PocketSentry":40,"Akabeko":9,"Bird Faced Urn":54,"MutagenicStrength":21,"Snecko Eye":17,"Mark of Pain":17,"StrikeDummy":25,"Unceasing Top":0,"Regal Pillow":0,"Lantern":3,"Torii":12,"Singing Bowl":24,"sneckomod:BlankCard":9,"Magic Flower":26,"StoneCalendar":24,"Bag of Preparation":10,"Smiling Mask":41,"Burning Blood":0,"Matryoshka":26,"Shovel":10,"InkBottle":11,"Paper Frog":29,"Golden Idol":3,"Self Forming Clay":28,"Guardian:GemstoneGun":0,"Thread and Needle":0,"PreservedInsect":40,"Seething Fire":0,"MawBank":24,"Ornamental Fan":9,"Turnip":42,"Slimebound:AbsorbEndCombat":0,"Bottled Lightning":41,"Champion Belt":24,"hexamod:BolsterEngine":26,"Toy Ornithopter":44,"Tiny House":34,"Calipers":48,"Vajra":48,"Hammer of Thor":0,"Sozu":17,"Centennial Puzzle":27,"HornCleat":30,"DollysMirror":0,"Philosopher\u0027s Stone":34,"Prayer Wheel":36,"Toxic Egg 2":11,"Girya":0,"Happy Flower":11,"Astrolabe":17,"Dead Branch":44,"Oddly Smooth Stone":27,"Letter Opener":0,"War Paint":4,"Question Card":26,"sneckomod:SneckoTalon":17,"Du-Vu Doll":43,"Anvil of the Gods":0,"Brimstone":29,"Shuriken":21,"Bronze Scales":47,"Molten Egg 2":26,"bronze:MakeshiftBattery":34,"Meat on the Bone":48,"Darkstone Periapt":28,"Black Blood":17,"Mango":0,"Incense Burner":0,"Empty Cage":17,"ClockworkSouvenir":38,"Nunchaku":12,"TheAbacus":47,"Slimebound:StickyStick":48,"Mummified Hand":0,"Gambling Chip":12,"Pantograph":54,"Red Mask":31,"Odd Mushroom":14,"Orichalcum":26,"Medical Kit":0,"White Beast Statue":8,"Mercury Hourglass":54,"Peace Pipe":0,"CaptainsWheel":45,"Anchor":54,"Bag of Marbles":3,"Coffee Dripper":34,"Membership Card":0,"FossilizedHelix":0,"TungstenRod":42},{"Whetstone":30,"Ginger":282,"Boot":168,"Old Coin":23,"Blood Vial":39,"Sundial":151,"MealTicket":39,"Kunai":38,"Slimebound:AggressiveSlimeRelic":38,"MerchantsRug":38,"Pear":12,"betterAltar:BloodRelic":143,"Blue Candle":50,"Velvet Choker":88,"Eternal Feather":4,"Pen Nib":82,"Guardian:PocketSentry":92,"Akabeko":5,"Bird Faced Urn":72,"MutagenicStrength":166,"Snecko Eye":107,"Mark of Pain":165,"StrikeDummy":31,"Unceasing Top":18,"Regal Pillow":18,"Lantern":20,"Torii":239,"Singing Bowl":244,"sneckomod:BlankCard":213,"Magic Flower":110,"StoneCalendar":57,"Bag of Preparation":265,"Smiling Mask":118,"Burning Blood":0,"Matryoshka":31,"Shovel":162,"InkBottle":6,"Paper Frog":169,"Golden Idol":2,"Self Forming Clay":169,"Guardian:GemstoneGun":260,"Thread and Needle":127,"PreservedInsect":177,"Seething Fire":0,"MawBank":222,"Ornamental Fan":22,"Turnip":67,"Slimebound:AbsorbEndCombat":0,"Bottled Lightning":66,"Champion Belt":110,"hexamod:BolsterEngine":57,"Toy Ornithopter":120,"Tiny House":228,"Calipers":233,"Vajra":41,"Hammer of Thor":0,"Sozu":10,"Centennial Puzzle":86,"HornCleat":248,"DollysMirror":127,"Philosopher\u0027s Stone":35,"Prayer Wheel":37,"Toxic Egg 2":23,"Girya":127,"Happy Flower":77,"Astrolabe":53,"Dead Branch":93,"Oddly Smooth Stone":32,"Letter Opener":18,"War Paint":2,"Question Card":245,"sneckomod:SneckoTalon":268,"Du-Vu Doll":178,"Anvil of the Gods":0,"Brimstone":86,"Shuriken":109,"Bronze Scales":69,"Molten Egg 2":15,"bronze:MakeshiftBattery":278,"Meat on the Bone":41,"Darkstone Periapt":110,"Black Blood":193,"Mango":183,"Incense Burner":0,"Empty Cage":26,"ClockworkSouvenir":38,"Nunchaku":51,"TheAbacus":41,"Slimebound:StickyStick":257,"Mummified Hand":260,"Gambling Chip":24,"Pantograph":97,"Red Mask":277,"Odd Mushroom":9,"Orichalcum":168,"Medical Kit":0,"White Beast Statue":5,"Mercury Hourglass":182,"Peace Pipe":73,"CaptainsWheel":94,"Anchor":126,"Bag of Marbles":46,"Coffee Dripper":61,"Membership Card":18,"FossilizedHelix":44,"TungstenRod":149},{"Whetstone":105,"Ginger":1230,"Boot":768,"Old Coin":85,"Blood Vial":132,"Sundial":685,"MealTicket":132,"Kunai":129,"Slimebound:AggressiveSlimeRelic":129,"MerchantsRug":129,"Pear":52,"betterAltar:BloodRelic":643,"Blue Candle":181,"Velvet Choker":369,"Eternal Feather":13,"Pen Nib":349,"Guardian:PocketSentry":380,"Akabeko":19,"Bird Faced Urn":311,"MutagenicStrength":761,"Snecko Eye":449,"Mark of Pain":757,"StrikeDummy":108,"Unceasing Top":73,"Regal Pillow":73,"Lantern":77,"Torii":1045,"Singing Bowl":1065,"sneckomod:BlankCard":953,"Magic Flower":460,"StoneCalendar":219,"Bag of Preparation":1158,"Smiling Mask":498,"Burning Blood":0,"Matryoshka":108,"Shovel":740,"InkBottle":25,"Paper Frog":772,"Golden Idol":6,"Self Forming Clay":772,"Guardian:GemstoneGun":1142,"Thread and Needle":536,"PreservedInsect":806,"Seething Fire":0,"MawBank":979,"Ornamental Fan":81,"Turnip":279,"Slimebound:AbsorbEndCombat":0,"Bottled Lightning":274,"Champion Belt":460,"hexamod:BolsterEngine":219,"Toy Ornithopter":504,"Tiny House":994,"Calipers":1007,"Vajra":139,"Hammer of Thor":0,"Sozu":45,"Centennial Puzzle":364,"HornCleat":1084,"DollysMirror":536,"Philosopher\u0027s Stone":121,"Prayer Wheel":127,"Toxic Egg 2":85,"Girya":536,"Happy Flower":333,"Astrolabe":198,"Dead Branch":383,"Oddly Smooth Stone":110,"Letter Opener":73,"War Paint":6,"Question Card":1072,"sneckomod:SneckoTalon":1175,"Du-Vu Doll":809,"Anvil of the Gods":0,"Brimstone":364,"Shuriken":456,"Bronze Scales":289,"Molten Egg 2":59,"bronze:MakeshiftBattery":1216,"Meat on the Bone":139,"Darkstone Periapt":460,"Black Blood":871,"Mango":832,"Incense Burner":0,"Empty Cage":95,"ClockworkSouvenir":129,"Nunchaku":186,"TheAbacus":139,"Slimebound:StickyStick":1121,"Mummified Hand":1142,"Gambling Chip":89,"Pantograph":402,"Red Mask":1207,"Odd Mushroom":35,"Orichalcum":768,"Medical Kit":0,"White Beast Statue":19,"Mercury Hourglass":825,"Peace Pipe":319,"CaptainsWheel":386,"Anchor":528,"Bag of Marbles":164,"Coffee Dripper":245,"Membership Card":73,"FossilizedHelix":156,"TungstenRod":676}],"InkBottle":[30]},"card_choices":[{"not_picked":["Flex","Intimidate"],"picked":"Uppercut","floor":1.0},{"not_picked":["Cleave","Flex","Hemokinesis"],"picked":"SKIP","floor":1.0},{"not_picked":["Heavy Blade","Metallicize"],"picked":"True Grit","floor":3.0},{"not_picked":["Body Slam","Headbutt"],"picked":"Iron Wave","floor":3.0},{"not_picked":["Sever Soul","Headbutt"],"picked":"Shrug It Off","floor":7},{"not_picked":["True Grit","Twin Strike"],"picked":"Feel No Pain","floor":7},{"not_picked":["Havoc","Perfected Strike"],"picked":"Offering","floor":8},{"not_picked":["Body Slam","Twin Strike","Warcry"],"picked":"SKIP","floor":8},{"not_picked":["Armaments","Pommel Strike"],"picked":"Feel No Pain","floor":10},{"not_picked":["Headbutt","Wild Strike"],"picked":"Feel No Pain","floor":12},{"not_picked":["Entrench","Clash"],"picked":"Reckless Charge","floor":12},{"not_picked":["Warcry","Body Slam"],"picked":"Battle Trance","floor":14},{"not_picked":["Headbutt","Iron Wave","Ghostly Armor"],"picked":"SKIP","floor":14},{"not_picked":["Impervious","Barricade"],"picked":"Demon Form","floor":16},{"not_picked":["Perfected Strike+1","Bloodletting"],"picked":"Armaments+1","floor":18},{"not_picked":["Battle Trance","Power Through"],"picked":"Whirlwind","floor":18},{"not_picked":["Second Wind","Blood for Blood"],"picked":"Warcry+1","floor":19},{"not_picked":["Heavy Blade","Iron Wave","Twin Strike"],"picked":"SKIP","floor":19},{"not_picked":["Anger","Thunderclap"],"picked":"Fire Breathing","floor":21},{"not_picked":["Shrug It Off","Whirlwind"],"picked":"Power Through+1","floor":21},{"not_picked":["True Grit","Bludgeon"],"picked":"Feel No Pain","floor":22},{"not_picked":["Perfected Strike","Cleave"],"picked":"Shrug It Off","floor":22},{"not_picked":["True Grit","Whirlwind"],"picked":"Barricade","floor":24},{"not_picked":["Wild Strike","Armaments"],"picked":"Pummel","floor":25},{"not_picked":["Clash","Havoc"],"picked":"Shockwave","floor":25},{"not_picked":["Headbutt","Bloodletting","Sword Boomerang"],"picked":"SKIP","floor":27},{"not_picked":["Heavy Blade","Shrug It Off","Pommel Strike"],"picked":"SKIP","floor":28},{"not_picked":["Body Slam","True Grit","Clothesline"],"picked":"SKIP","floor":28},{"not_picked":["Exhume","Brutality"],"picked":"Demon Form","floor":33},{"not_picked":["Rupture","Intimidate"],"picked":"Entrench+1","floor":35},{"not_picked":["Havoc","Flex"],"picked":"Body Slam","floor":35},{"not_picked":["Anger+1","Ghostly Armor"],"picked":"Infernal Blade+1","floor":38},{"not_picked":["Searing Blow","Perfected Strike","Headbutt"],"picked":"SKIP","floor":38},{"not_picked":["Havoc","Iron Wave+1","Searing Blow"],"picked":"SKIP","floor":41},{"not_picked":["Armaments+1","Twin Strike"],"picked":"Impervious","floor":45},{"not_picked":["Anger+1","Pommel Strike+1"],"picked":"Feel No Pain","floor":47},{"not_picked":["Reckless Charge","Sword Boomerang+1","Hemokinesis"],"picked":"SKIP","floor":47},{"not_picked":["Headbutt","Battle Trance+1"],"picked":"Flame Barrier","floor":48},{"not_picked":["Battle Trance","Flex"],"picked":"Demon Form","floor":54}],"player_experience":1026186,"relics_obtained":[{"floor":9,"key":"MealTicket"},{"floor":10,"key":"Bag of Preparation"},{"floor":24,"key":"Pen Nib"},{"floor":27,"key":"InkBottle"},{"floor":31,"key":"Red Mask"},{"floor":41,"key":"Nunchaku"},{"floor":43,"key":"Paper Frog"},{"floor":45,"key":"Ginger"},{"floor":48,"key":"PreservedInsect"},{"floor":54,"key":"Vajra"}],"event_choices":[{"cards_removed":["Strike_R"],"damage_healed":0.0,"max_hp_gain":0.0,"max_hp_loss":0.0,"gold_gain":0.0,"event_name":"Golden Wing","player_choice":"Card Removal","floor":2.0,"gold_loss":0.0,"damage_taken":7.0},{"damage_healed":0.0,"max_hp_gain":0.0,"max_hp_loss":0.0,"gold_gain":0.0,"event_name":"betterThird:BetterSerpent","player_choice":"Ignored","floor":4.0,"gold_loss":0.0,"damage_taken":130.0},{"damage_healed":0,"gold_gain":75,"player_choice":"Touch","damage_taken":7,"max_hp_gain":0,"max_hp_loss":0,"event_name":"FaceTrader","floor":5,"gold_loss":0},{"damage_healed":0,"gold_gain":0,"player_choice":"Became a vampire","damage_taken":0,"max_hp_gain":0,"max_hp_loss":5,"event_name":"Vampires","floor":29,"gold_loss":0,"cards_obtained":["Bite"]},{"damage_healed":0,"gold_gain":0,"player_choice":"Fought Bandits","damage_taken":0,"max_hp_gain":0,"max_hp_loss":0,"event_name":"Masked Bandits","floor":31,"gold_loss":0},{"cards_removed":["Wild Strike"],"damage_healed":0,"gold_gain":0,"player_choice":"Removed Attack","damage_taken":0,"max_hp_gain":0,"max_hp_loss":0,"event_name":"Falling","floor":36,"gold_loss":0},{"damage_healed":0,"gold_gain":222,"player_choice":"Wore Mask","damage_taken":0,"max_hp_gain":0,"max_hp_loss":0,"event_name":"Tomb of Lord Red Mask","floor":37,"gold_loss":0},{"damage_healed":0,"gold_gain":0,"player_choice":"Max HP","damage_taken":0,"max_hp_gain":0,"max_hp_loss":4,"event_name":"Winding Halls","floor":39,"gold_loss":0},{"damage_healed":0,"gold_gain":0,"player_choice":"Fight","damage_taken":0,"max_hp_gain":0,"max_hp_loss":0,"event_name":"Mysterious Sphere","floor":45,"gold_loss":0}],"is_beta":false,"boss_relics":[{"not_picked":["Empty Cage","Busted Crown"],"picked":"sneckomod:SneckoTalon"},{"not_picked":["SacredBark","Snecko Eye"],"picked":"bronze:MakeshiftBattery"}],"items_purged_floors":[0,0,20],"is_endless":false,"potions_floor_spawned":[1,7,10,12,16,22,24,25,27,35,41,47,48],"ascension_level":14}}