{"host":"t7mx8yfj1no5p62f","time":1612669220,"event":{"mods":["BaseMod","Colored Map","Colored Powertips","Curses Come First","Minty Spire (QoL Compilation)","Relic Stats","StSLib"],"gold_per_floor":[10,28,45,45,69,69,69,102,102,143,68,68,68,82,82,178,178,197,197,210,91,107,107,142,142,168,187,187,202,243,257,257,350,350,366,0,0,13,34,97,97,97,97,128,178,178,199,232,232,252,252,252],"floor_reached":51,"language":"ENG","playtime":1901,"items_purged":["Strike_R","Strike_R"],"score":1398,"play_id":"9991732b-3bcd-4a20-93fc-03424197be49","local_time":"20210206224020","is_ascension_mode":true,"campfire_choices":[{"data":"Apotheosis","floor":6.0,"key":"SMITH"},{"data":"Inflame","floor":12.0,"key":"SMITH"},{"data":"Uppercut","floor":15.0,"key":"SMITH"},{"data":"Carnage","floor":23.0,"key":"SMITH"},{"data":"Anger","floor":25.0,"key":"SMITH"},{"data":"Disarm","floor":32.0,"key":"SMITH"},{"floor":41.0,"key":"RECALL"}],"circlet_count":0,"master_deck":["AscendersBane","Strike_R","Strike_R","Defend_R","Defend_R","Defend_R","Defend_R","Bash","Apotheosis+1","Anger+1","Inflame+1","Impervious","Uppercut+1","Evolve","Reckless Charge","Carnage+1","Impervious","Necronomicurse","Infernal Blade","Disarm+1","Intimidate","Bludgeon","Dark Embrace","Flame Barrier","Dark Shackles","HandOfGreed","Whirlwind","Warcry+1"],"relics":["Burning Blood","Golden Idol","Odd Mushroom","Mercury Hourglass","Sundial","Coffee Dripper","Necronomicon","Eternal Feather","Nunchaku","Ornamental Fan","Fusion Hammer","Membership Card","Potion Belt","Toy Ornithopter","Happy Flower"],"acts_visited":["Exordium","TheCity","TheBeyond"],"potions_floor_usage":[45,50,51,51],"damage_taken":[{"damage":3.0,"enemies":"Cultist","floor":1.0,"turns":4.0},{"damage":16.0,"enemies":"Small Slimes","floor":2.0,"turns":4.0},{"damage":4.0,"enemies":"Jaw Worm","floor":3.0,"turns":4.0},{"damage":1.0,"enemies":"2 Fungi Beasts","floor":5.0,"turns":4.0},{"damage":8.0,"enemies":"The Mushroom Lair","floor":8.0,"turns":4.0},{"damage":19.0,"enemies":"Lagavulin","floor":10.0,"turns":7.0},{"damage":8.0,"enemies":"3 Louse","floor":14.0,"turns":3.0},{"damage":22.0,"enemies":"Slime Boss","floor":16.0,"turns":5.0},{"damage":0.0,"enemies":"Chosen","floor":18.0,"turns":3.0},{"damage":25.0,"enemies":"Shell Parasite","floor":20.0,"turns":3.0},{"damage":17.0,"enemies":"Shelled Parasite and Fungi","floor":22.0,"turns":3.0},{"damage":5.0,"enemies":"Gremlin Leader","floor":24.0,"turns":4.0},{"damage":12.0,"enemies":"Snecko","floor":27.0,"turns":4.0},{"damage":0.0,"enemies":"Sentry and Sphere","floor":29.0,"turns":2.0},{"damage":4.0,"enemies":"Book of Stabbing","floor":30.0,"turns":3.0},{"damage":1.0,"enemies":"Chosen and Byrds","floor":31.0,"turns":8.0},{"damage":37.0,"enemies":"Collector","floor":33.0,"turns":8.0},{"damage":0.0,"enemies":"3 Shapes","floor":35.0,"turns":5.0},{"damage":0.0,"enemies":"3 Darklings","floor":38.0,"turns":4.0},{"damage":0.0,"enemies":"Spire Growth","floor":39.0,"turns":3.0},{"damage":52.0,"enemies":"Reptomancer","floor":40.0,"turns":10.0},{"damage":21,"enemies":"Nemesis","floor":44,"turns":6},{"damage":0,"enemies":"Jaw Worm Horde","floor":45,"turns":3},{"damage":2,"enemies":"Sphere and 2 Shapes","floor":47,"turns":3},{"damage":5,"enemies":"3 Darklings","floor":48,"turns":4},{"damage":71,"enemies":"Awakened One","floor":50,"turns":12},{"damage":38,"enemies":"Donu and Deca","floor":51,"turns":3}],"seed_played":"2867432803904240275","potions_obtained":[{"floor":5.0,"key":"DistilledChaos"},{"floor":8.0,"key":"BloodPotion"},{"floor":16.0,"key":"PowerPotion"},{"floor":20.0,"key":"GamblersBrew"},{"floor":24.0,"key":"Explosive Potion"},{"floor":30.0,"key":"SteroidPotion"},{"floor":38.0,"key":"SneckoOil"},{"floor":44,"key":"Explosive Potion"},{"floor":47,"key":"Fire Potion"},{"floor":48,"key":"Strength Potion"}],"is_trial":false,"path_per_floor":["M","M","M","?","M","R","?","?","T","E","?","R","?","M","R","B",null,"M","?","M","$","M","R","E","R","T","M","?","M","E","M","R","B",null,"M","$","?","M","M","E","R","?","T","E","M","R","M","M","R","B","B"],"character_chosen":"IRONCLAD","items_purchased":["Infernal Blade","Membership Card","Dark Embrace","Potion Belt","Flame Barrier"],"campfire_rested":0,"item_purchase_floors":[21,36,36,36,36],"current_hp_per_floor":[71,61,63,37,42,42,47,45,45,32,32,32,32,30,30,14,64,70,49,46,46,35,35,36,48,48,42,42,48,50,55,67,36,69,75,75,65,71,77,31,46,46,46,31,42,57,61,62,77,17,0,0],"gold":252,"neow_bonus":"RANDOM_COLORLESS_2","is_daily":false,"chose_seed":false,"campfire_upgraded":6,"win_rate":0.0,"timestamp":1612669220,"path_taken":["M","M","M","?","M","R","?","?","T","E","?","R","?","M","R","BOSS","M","?","M","$","M","R","E","R","T","M","?","M","E","M","R","BOSS","M","$","?","M","M","E","R","?","T","E","M","R","?","M","R","BOSS","BOSS"],"items_purchased_type":["Card","Relic","Card","Relic","Card"],"build_version":"2020-12-22","purchased_purges":2,"victory":false,"max_hp_per_floor":[75,75,75,75,75,75,80,80,80,80,80,80,80,80,80,80,80,80,80,80,80,80,80,80,80,80,80,80,80,80,80,80,80,80,80,80,80,80,80,80,80,80,80,80,80,80,80,80,80,80,80,80],"relic_stats":{"Nunchaku":[18],"Happy Flower":[8],"counters":[27,125],"Golden Idol":151,"Sundial":[6],"Ornamental Fan":[132],"Eternal Feather":69,"Necronomicon":[64],"obtain_stats":[{"Potion Belt":36,"Happy Flower":44,"Golden Idol":4,"Eternal Feather":24,"Odd Mushroom":8,"Burning Blood":0,"Mercury Hourglass":9,"Nunchaku":26,"Sundial":10,"Ornamental Fan":30,"Fusion Hammer":34,"Coffee Dripper":17,"Necronomicon":19,"Membership Card":36,"Toy Ornithopter":40},{"Potion Belt":18,"Happy Flower":22,"Golden Idol":3,"Eternal Feather":12,"Odd Mushroom":5,"Burning Blood":0,"Mercury Hourglass":5,"Nunchaku":12,"Sundial":6,"Ornamental Fan":15,"Fusion Hammer":17,"Coffee Dripper":8,"Necronomicon":9,"Membership Card":18,"Toy Ornithopter":21},{"Potion Belt":77,"Happy Flower":100,"Golden Idol":12,"Eternal Feather":48,"Odd Mushroom":20,"Burning Blood":0,"Mercury Hourglass":20,"Nunchaku":48,"Sundial":27,"Ornamental Fan":57,"Fusion Hammer":72,"Coffee Dripper":35,"Necronomicon":38,"Membership Card":77,"Toy Ornithopter":94}],"Burning Blood":156,"Toy Ornithopter":20,"Mercury Hourglass":[424]},"card_choices":[{"not_picked":["Sadistic Nature","Magnetism"],"picked":"Apotheosis","floor":0.0},{"not_picked":["Flex","Pommel Strike"],"picked":"Anger","floor":1.0},{"not_picked":["Disarm","Iron Wave"],"picked":"Inflame","floor":2.0},{"not_picked":["Sword Boomerang","Headbutt"],"picked":"Impervious","floor":3.0},{"not_picked":["Heavy Blade","Burning Pact"],"picked":"Uppercut","floor":5.0},{"not_picked":["Dark Embrace","Heavy Blade"],"picked":"Evolve","floor":8.0},{"not_picked":["Double Tap","Flex"],"picked":"Reckless Charge","floor":10.0},{"not_picked":["Pommel Strike","Headbutt"],"picked":"Carnage","floor":14.0},{"not_picked":["Limit Break","Corruption"],"picked":"Impervious","floor":16.0},{"not_picked":["Sword Boomerang","Twin Strike","Sever Soul"],"picked":"SKIP","floor":18.0},{"not_picked":["Dual Wield","Cleave","Armaments+1"],"picked":"SKIP","floor":20.0},{"not_picked":["Iron Wave","Fiend Fire","Dropkick+1"],"picked":"SKIP","floor":22.0},{"not_picked":["Wild Strike","Clothesline+1","Infernal Blade+1"],"picked":"SKIP","floor":24.0},{"not_picked":["Cleave","Havoc","Body Slam"],"picked":"SKIP","floor":27.0},{"not_picked":["Flex","Headbutt","Warcry"],"picked":"SKIP","floor":29.0},{"not_picked":["Inflame","Fire Breathing"],"picked":"Disarm","floor":30.0},{"not_picked":["Body Slam","Armaments+1"],"picked":"Intimidate","floor":31.0},{"not_picked":["Juggernaut","Limit Break"],"picked":"Bludgeon","floor":33.0},{"not_picked":["Iron Wave+1","Pommel Strike","Twin Strike"],"picked":"SKIP","floor":35.0},{"not_picked":["Finesse","Magnetism"],"picked":"Dark Shackles","floor":37.0},{"not_picked":["Panache","Finesse"],"picked":"HandOfGreed","floor":37.0},{"not_picked":["Intimidate+1","Entrench","Iron Wave"],"picked":"SKIP","floor":38.0},{"not_picked":["Headbutt","Searing Blow","Wild Strike+1"],"picked":"SKIP","floor":39.0},{"not_picked":["Second Wind","Cleave"],"picked":"Whirlwind","floor":40.0},{"not_picked":["Searing Blow","Sever Soul"],"picked":"Warcry+1","floor":44},{"not_picked":["Infernal Blade","Havoc+1","Armaments+1"],"picked":"SKIP","floor":45},{"not_picked":["Havoc","Heavy Blade","Carnage"],"picked":"SKIP","floor":47},{"not_picked":["Immolate","Pummel","Rupture"],"picked":"SKIP","floor":48}],"player_experience":1949096,"relics_obtained":[{"floor":8.0,"key":"Odd Mushroom"},{"floor":9.0,"key":"Mercury Hourglass"},{"floor":10.0,"key":"Sundial"},{"floor":19.0,"key":"Necronomicon"},{"floor":24.0,"key":"Eternal Feather"},{"floor":26.0,"key":"Nunchaku"},{"floor":30.0,"key":"Ornamental Fan"},{"floor":40.0,"key":"Toy Ornithopter"},{"floor":44,"key":"Happy Flower"}],"event_choices":[{"damage_healed":0.0,"max_hp_gain":0.0,"max_hp_loss":0.0,"gold_gain":0.0,"event_name":"Golden Idol","player_choice":"Take Damage","floor":4.0,"gold_loss":0.0,"damage_taken":26.0,"relics_obtained":["Golden Idol"]},{"damage_healed":0.0,"max_hp_gain":5.0,"max_hp_loss":0.0,"gold_gain":0.0,"event_name":"Big Fish","player_choice":"Donut","floor":7.0,"gold_loss":0.0,"damage_taken":0.0},{"damage_healed":0.0,"max_hp_gain":0.0,"max_hp_loss":0.0,"gold_gain":0.0,"event_name":"Mushrooms","player_choice":"Fought Mushrooms","floor":8.0,"gold_loss":0.0,"damage_taken":0.0},{"cards_removed":["Strike_R"],"damage_healed":0.0,"max_hp_gain":0.0,"max_hp_loss":0.0,"gold_gain":0.0,"event_name":"The Cleric","player_choice":"Card Removal","floor":11.0,"gold_loss":75.0,"damage_taken":0.0},{"damage_healed":0.0,"max_hp_gain":0.0,"max_hp_loss":0.0,"gold_gain":0.0,"event_name":"Liars Game","player_choice":"Ignored","floor":13.0,"gold_loss":0.0,"damage_taken":0.0},{"damage_healed":0.0,"max_hp_gain":0.0,"max_hp_loss":0.0,"gold_gain":0.0,"event_name":"Cursed Tome","player_choice":"Obtained Book","floor":19.0,"gold_loss":0.0,"damage_taken":21.0},{"damage_healed":0.0,"max_hp_gain":0.0,"max_hp_loss":0.0,"gold_gain":0.0,"event_name":"The Mausoleum","player_choice":"Ignored","floor":28.0,"gold_loss":0.0,"damage_taken":0.0},{"damage_healed":0.0,"max_hp_gain":0.0,"max_hp_loss":0.0,"gold_gain":0.0,"event_name":"SensoryStone","player_choice":"Memory 3","floor":37.0,"gold_loss":0.0,"damage_taken":10.0},{"damage_healed":0,"gold_gain":0,"player_choice":"0 cards matched","damage_taken":0,"max_hp_gain":0,"max_hp_loss":0,"event_name":"Match and Keep!","floor":42,"gold_loss":0,"cards_obtained":[]}],"is_beta":false,"boss_relics":[{"not_picked":["Runic Cube","Tiny House"],"picked":"Coffee Dripper"},{"not_picked":["Empty Cage","Cursed Key"],"picked":"Fusion Hammer"}],"items_purged_floors":[21,36],"is_endless":false,"potions_floor_spawned":[5,8,16,20,24,27,30,38,44,47,48],"killed_by":"Donu and Deca","ascension_level":20}}