{"host":"seujf6kmfn3ctpoe","time":1612701068,"event":{"mods":["BaseMod","Colored Map","Minty Spire (QoL Compilation)","Permanent Neow","Relic Sorter","Relic Stats","StSLib"],"gold_per_floor":[11,11,86,86,102,102,120,120,120,120,45,70,70,108,108,108,108],"floor_reached":16,"language":"ENG","playtime":430,"items_purged":["Strike_G"],"score":103,"play_id":"40d80544-9581-4464-8bf6-55501eeec489","local_time":"20210207133108","is_ascension_mode":true,"campfire_choices":[{"data":"Dash","floor":6,"key":"SMITH"},{"data":"Backflip","floor":8,"key":"SMITH"},{"data":"Bouncing Flask","floor":13,"key":"SMITH"},{"floor":15,"key":"REST"}],"circlet_count":0,"master_deck":["Strike_G","Strike_G","Strike_G","Defend_G","Defend_G","Defend_G","Defend_G","Defend_G","Survivor","Neutralize","Backflip+1","Dash+1","Expertise","Bouncing Flask+1"],"relics":["Ring of the Snake","Bird Faced Urn","Golden Idol","Matryoshka","Meat on the Bone"],"acts_visited":["Exordium"],"potions_floor_usage":[],"damage_taken":[{"damage":3,"enemies":"Jaw Worm","floor":1,"turns":6},{"damage":0,"enemies":"Small Slimes","floor":5,"turns":4},{"damage":0,"enemies":"2 Louse","floor":7,"turns":2},{"damage":10,"enemies":"Looter","floor":12,"turns":4},{"damage":25,"enemies":"Gremlin Nob","floor":14,"turns":6},{"damage":39,"enemies":"Hexaghost","floor":16,"turns":12}],"seed_played":"-5025158378599677304","potions_obtained":[{"floor":1,"key":"ColorlessPotion"}],"is_trial":false,"path_per_floor":["M","?","?","?","M","R","M","R","T","?","$","M","R","E","R","B"],"character_chosen":"THE_SILENT","items_purchased":[],"campfire_rested":1,"item_purchase_floors":[],"current_hp_per_floor":[67,65,54,54,54,54,54,54,54,54,54,44,44,19,38,0,0],"gold":108,"neow_bonus":"ONE_RARE_RELIC","is_daily":false,"chose_seed":false,"campfire_upgraded":3,"win_rate":0.0,"timestamp":1612701068,"path_taken":["M","?","?","?","M","R","M","R","T","?","?","M","R","E","R","BOSS"],"items_purchased_type":[],"build_version":"2020-12-22","purchased_purges":1,"victory":false,"max_hp_per_floor":[70,65,65,65,65,65,65,65,65,65,65,65,65,65,65,65,65],"relic_stats":{"counters":[6,34],"Golden Idol":20,"Bird Faced Urn":[0],"obtain_stats":[{"Matryoshka":9,"Golden Idol":2,"Bird Faced Urn":0,"Ring of the Snake":0,"Meat on the Bone":14},{"Matryoshka":3,"Golden Idol":1,"Bird Faced Urn":0,"Ring of the Snake":0,"Meat on the Bone":5},{"Matryoshka":12,"Golden Idol":6,"Bird Faced Urn":0,"Ring of the Snake":0,"Meat on the Bone":22}],"Ring of the Snake":[12],"Meat on the Bone":0},"card_choices":[{"not_picked":["Concentrate","Sucker Punch"],"picked":"Backflip","floor":1},{"not_picked":["Blade Dance","Underhanded Strike"],"picked":"Dash","floor":5},{"not_picked":["Flechettes","PiercingWail","Tactician"],"picked":"SKIP","floor":7},{"not_picked":["PiercingWail","Dagger Spray"],"picked":"Bouncing Flask","floor":12},{"not_picked":["Calculated Gamble","Dagger Spray","PiercingWail"],"picked":"SKIP","floor":14}],"player_experience":422904,"relics_obtained":[{"floor":9,"key":"Matryoshka"},{"floor":14,"key":"Meat on the Bone"}],"event_choices":[{"damage_healed":0,"gold_gain":0,"player_choice":"Lose Max HP","damage_taken":0,"relics_obtained":["Golden Idol"],"max_hp_gain":0,"max_hp_loss":5,"event_name":"Golden Idol","floor":2,"gold_loss":0},{"damage_healed":0,"gold_gain":75,"player_choice":"Gather Gold","damage_taken":11,"max_hp_gain":0,"max_hp_loss":0,"event_name":"World of Goop","floor":3,"gold_loss":0},{"damage_healed":0,"gold_gain":0,"player_choice":"Ignored","damage_taken":0,"max_hp_gain":0,"max_hp_loss":0,"event_name":"Liars Game","floor":4,"gold_loss":0},{"damage_healed":0,"gold_gain":0,"cards_transformed":["Strike_G"],"player_choice":"Change","damage_taken":0,"max_hp_gain":0,"max_hp_loss":0,"event_name":"Living Wall","floor":10,"gold_loss":0,"cards_obtained":["Expertise"]}],"is_beta":false,"boss_relics":[],"items_purged_floors":[11],"is_endless":false,"potions_floor_spawned":[1],"killed_by":"Hexaghost","ascension_level":1}}