{"host":"4rvakrj1idbgia3f","time":1612686333,"event":{"mods":["BaseMod","Colored Map","Colored Powertips","DeckTracker","Highlight Path","Minty Spire (QoL Compilation)","Random Character Button","StSLib"],"gold_per_floor":[117,136,136,149,149,149,165,185,185,185,185,68,112,127,127,127,127],"floor_reached":16,"language":"JPN","playtime":609,"items_purged":[],"score":204,"play_id":"3e8c9e53-a575-48f2-981d-6843dfd6418f","local_time":"20210207172533","is_ascension_mode":true,"campfire_choices":[{"data":"Blade Dance","floor":6.0,"key":"SMITH"},{"data":"Quick Slash","floor":11.0,"key":"SMITH"},{"data":"Cloak And Dagger","floor":15.0,"key":"SMITH"}],"circlet_count":0,"master_deck":["AscendersBane","Strike_G","Strike_G","Strike_G","Strike_G","Strike_G","Defend_G","Defend_G","Defend_G","Defend_G","Defend_G","Survivor","Neutralize+1","Blade Dance+1","Quick Slash+1","Cloak And Dagger+1","Die Die Die","Neutralize","Leg Sweep","Footwork","PiercingWail"],"relics":["Ring of the Snake","Golden Idol","Pantograph","Paper Crane","Question Card","Kunai"],"acts_visited":["Exordium"],"potions_floor_usage":[],"damage_taken":[{"damage":1.0,"enemies":"2 Louse","floor":1.0,"turns":3.0},{"damage":2.0,"enemies":"Small Slimes","floor":2.0,"turns":4.0},{"damage":1.0,"enemies":"Cultist","floor":4.0,"turns":4.0},{"damage":12.0,"enemies":"Exordium Thugs","floor":7.0,"turns":6.0},{"damage":1.0,"enemies":"2 Fungi Beasts","floor":8.0,"turns":3.0},{"damage":7.0,"enemies":"Lagavulin","floor":13.0,"turns":8.0},{"damage":0.0,"enemies":"Gremlin Gang","floor":14.0,"turns":4.0},{"damage":60,"enemies":"Hexaghost","floor":16,"turns":14}],"seed_played":"8844239637241119515","potions_obtained":[{"floor":4.0,"key":"PowerPotion"},{"floor":7.0,"key":"GhostInAJar"}],"is_trial":false,"path_per_floor":["M","M","?","M","?","R","M","M","T","T","R","?","E","M","R","B"],"character_chosen":"THE_SILENT","items_purchased":[],"campfire_rested":0,"item_purchase_floors":[],"current_hp_per_floor":[58,56,56,55,55,55,43,42,42,42,42,42,35,35,35,0,0],"gold":127,"neow_bonus":"UPGRADE_CARD","is_daily":false,"chose_seed":false,"campfire_upgraded":3,"win_rate":0.0,"timestamp":1612686333,"path_taken":["M","M","?","M","?","R","M","?","T","?","R","?","E","M","R","BOSS"],"items_purchased_type":[],"build_version":"2020-12-22","purchased_purges":0,"victory":false,"max_hp_per_floor":[66,66,60,60,60,60,60,60,60,60,60,60,60,60,60,60,60],"card_choices":[{"not_picked":["Deflect","Bane"],"picked":"Blade Dance","floor":1.0},{"not_picked":["Backflip","PiercingWail"],"picked":"Quick Slash","floor":2.0},{"not_picked":["Slice","PiercingWail"],"picked":"Cloak And Dagger","floor":4.0},{"not_picked":["Blade Dance","Setup"],"picked":"Leg Sweep","floor":7.0},{"not_picked":["All Out Attack","Flying Knee","Calculated Gamble"],"picked":"SKIP","floor":8.0},{"not_picked":["Heel Hook","Escape Plan","Slice"],"picked":"Footwork","floor":13.0},{"not_picked":["Sucker Punch","Bane","Underhanded Strike"],"picked":"PiercingWail","floor":14.0}],"player_experience":2226113,"relics_obtained":[{"floor":9.0,"key":"Pantograph"},{"floor":10.0,"key":"Paper Crane"},{"floor":13.0,"key":"Kunai"}],"event_choices":[{"damage_healed":0.0,"max_hp_gain":0.0,"max_hp_loss":6.0,"gold_gain":0.0,"event_name":"Golden Idol","player_choice":"Lose Max HP","floor":3.0,"gold_loss":0.0,"damage_taken":0.0,"relics_obtained":["Golden Idol"]},{"damage_healed":0.0,"max_hp_gain":0.0,"max_hp_loss":0.0,"gold_gain":0.0,"event_name":"Match and Keep!","player_choice":"2 cards matched","floor":5.0,"gold_loss":0.0,"damage_taken":0.0,"cards_obtained":["Die Die Die","Neutralize"]},{"damage_healed":0.0,"max_hp_gain":0.0,"max_hp_loss":0.0,"gold_gain":0.0,"event_name":"WeMeetAgain","player_choice":"Paid Gold","floor":12.0,"gold_loss":117.0,"damage_taken":0.0,"relics_obtained":["Question Card"]}],"is_beta":false,"boss_relics":[],"items_purged_floors":[],"is_endless":false,"potions_floor_spawned":[4,7],"killed_by":"Hexaghost","ascension_level":20}}