{"host":"d52brwsy6af8zvaq","time":1612724570,"event":{"mods":["AchievementEnabler","BaseMod","Bestiary","Highlight Path","Minty Spire (QoL Compilation)","Quick Restart","Relic Stats","ojb\u0027s Better Paths Mod"],"gold_per_floor":[110,110,9,19,32,58,58,58,58],"floor_reached":8,"language":"ENG","playtime":322,"items_purged":[],"score":112,"play_id":"22568bd1-0566-4cc2-a59d-a7832e1d43a6","local_time":"20210207120250","is_ascension_mode":true,"campfire_choices":[{"floor":7,"key":"REST"}],"circlet_count":0,"master_deck":["AscendersBane","Strike_B","Strike_B","Strike_B","Strike_B","Defend_B","Defend_B","Defend_B","Defend_B","Zap","Dualcast","Sweeping Beam","Melter","Coolheaded","Chaos","Undo","Sunder"],"relics":["Cracked Core","Blood Vial","Pen Nib"],"acts_visited":["Exordium"],"potions_floor_usage":[6],"damage_taken":[{"damage":2,"enemies":"Jaw Worm","floor":1,"turns":3},{"damage":1,"enemies":"Cultist","floor":4,"turns":4},{"damage":3,"enemies":"Small Slimes","floor":5,"turns":3},{"damage":67,"enemies":"Gremlin Nob","floor":6,"turns":5},{"damage":45,"enemies":"Lagavulin","floor":8,"turns":9}],"seed_played":"-4251479846516306708","potions_obtained":[{"floor":1,"key":"SmokeBomb"},{"floor":4,"key":"Swift Potion"}],"is_trial":false,"path_per_floor":["M","?","$","M","M","E","R","E"],"character_chosen":"DEFECT","items_purchased":["Melter","Coolheaded"],"campfire_rested":1,"item_purchase_floors":[3,3],"current_hp_per_floor":[69,69,69,70,69,4,27,0,0],"gold":58,"neow_bonus":"TEN_PERCENT_HP_BONUS","is_daily":false,"chose_seed":false,"campfire_upgraded":0,"win_rate":0.0,"timestamp":1612724570,"path_taken":["M","?","$","M","?","E","R","E"],"items_purchased_type":["Card","Card"],"build_version":"2020-12-22","purchased_purges":0,"victory":false,"max_hp_per_floor":[78,78,78,78,78,78,78,78,78],"relic_stats":{"Blood Vial":8,"counters":[5,24],"Pen Nib":[0],"obtain_stats":[{"Blood Vial":2,"Pen Nib":6,"Cracked Core":0},{"Blood Vial":1,"Pen Nib":4,"Cracked Core":0},{"Blood Vial":3,"Pen Nib":15,"Cracked Core":0}]},"card_choices":[{"not_picked":["Beam Cell","Stack"],"picked":"Sweeping Beam","floor":1},{"not_picked":["Lockon","Streamline"],"picked":"Chaos","floor":4},{"not_picked":["Chaos","Barrage"],"picked":"Undo","floor":5},{"not_picked":["Fission","Stack"],"picked":"Sunder","floor":6}],"player_experience":2185190,"relics_obtained":[{"floor":6,"key":"Pen Nib"}],"event_choices":[{"damage_healed":0,"gold_gain":0,"player_choice":"Gave Potion","damage_taken":0,"relics_obtained":["Blood Vial"],"max_hp_gain":0,"max_hp_loss":0,"event_name":"WeMeetAgain","floor":2,"gold_loss":0}],"is_beta":false,"boss_relics":[],"items_purged_floors":[],"is_endless":false,"potions_floor_spawned":[1,4],"killed_by":"Lagavulin","ascension_level":20}}