{"host":"rolltorest","time":1612665011,"event":{"mods":["BaseMod","Minty Spire (QoL Compilation)","Relic Stats","Slay the Relics Exporter","StSLib"],"gold_per_floor":[116,136,80,100,25,55,0,0,0,0,0],"floor_reached":10,"language":"ENG","playtime":210,"items_purged":["Strike_R"],"score":132,"play_id":"e6768413-0a74-42bf-bef6-8e1e266696d0","local_time":"20210206183011","is_ascension_mode":true,"campfire_choices":[{"floor":8,"key":"REST"}],"circlet_count":0,"master_deck":["AscendersBane","Strike_R","Strike_R","Strike_R","Strike_R","Defend_R","Defend_R","Defend_R","Defend_R","Bash","Spot Weakness","Battle Trance","Clothesline","Thunderclap","Dark Embrace"],"relics":["Black Star","Champion Belt","Juzu Bracelet","Pantograph","Girya"],"acts_visited":["Exordium"],"potions_floor_usage":[],"damage_taken":[{"damage":3,"enemies":"2 Louse","floor":1,"turns":4},{"damage":2,"enemies":"Cultist","floor":2,"turns":4},{"damage":12,"enemies":"Small Slimes","floor":4,"turns":3},{"damage":47,"enemies":"Lagavulin","floor":6,"turns":7},{"damage":24,"enemies":"Gremlin Nob","floor":10,"turns":4}],"seed_played":"4697798712456288262","potions_obtained":[{"floor":4,"key":"LiquidBronze"}],"is_trial":false,"path_per_floor":["M","M","$","M","$","E","?","R","T","E"],"character_chosen":"IRONCLAD","items_purchased":["Clothesline"],"campfire_rested":1,"item_purchase_floors":[3],"current_hp_per_floor":[65,63,63,51,51,4,4,26,26,2,2],"gold":0,"neow_bonus":"BOSS_RELIC","is_daily":false,"chose_seed":false,"campfire_upgraded":0,"win_rate":0.0,"timestamp":1612665011,"path_taken":["M","M","$","M","$","E","?","R","T","E"],"items_purchased_type":["Card"],"build_version":"2020-12-18","purchased_purges":1,"victory":false,"max_hp_per_floor":[75,75,75,75,75,75,75,75,75,75,75],"relic_stats":{"counters":[5,22],"Pantograph":0,"Black Star":1,"Juzu Bracelet":0,"Champion Belt":[1],"obtain_stats":[{"Girya":9,"Pantograph":7,"Black Star":0,"Juzu Bracelet":6,"Champion Belt":6,"Burning Blood":0},{"Girya":4,"Pantograph":4,"Black Star":0,"Juzu Bracelet":4,"Champion Belt":4,"Burning Blood":0},{"Girya":18,"Pantograph":18,"Black Star":0,"Juzu Bracelet":18,"Champion Belt":18,"Burning Blood":0}]},"card_choices":[{"not_picked":["Cleave","Pommel Strike"],"picked":"Spot Weakness","floor":1},{"not_picked":["Evolve","Heavy Blade"],"picked":"Battle Trance","floor":2},{"not_picked":["Body Slam","Fire Breathing"],"picked":"Thunderclap","floor":4},{"not_picked":["Sever Soul","Evolve"],"picked":"Dark Embrace","floor":6}],"player_experience":1901025,"relics_obtained":[{"floor":6,"key":"Champion Belt"},{"floor":6,"key":"Juzu Bracelet"},{"floor":9,"key":"Girya"}],"event_choices":[{"damage_healed":0,"gold_gain":0,"player_choice":"Paid Gold","damage_taken":0,"relics_obtained":["Pantograph"],"max_hp_gain":0,"max_hp_loss":0,"event_name":"WeMeetAgain","floor":7,"gold_loss":55}],"is_beta":true,"boss_relics":[],"items_purged_floors":[5],"is_endless":false,"potions_floor_spawned":[4],"killed_by":"Gremlin Nob","ascension_level":20}}