{"host":"y3h3n3f7seyagppx","time":1612738733,"event":{"mods":["AlwaysNeverKeys","BaseMod","Better Vampires","Colored Powertips","DeckTracker","Emptier Cage","Minty Spire (QoL Compilation)","Permanent Neow","Quick Restart","Rare Cards Sparkle","Relic Sorter","Relic Stats","StSLib","Transform Curses"],"gold_per_floor":[110,127,177,192,192,232,197,197,221,246,294,90,90,117,117,220,220,202,202,31,31,31,31,65,65,116,159,159,195,236,262,262,262,262],"floor_reached":33,"language":"ENG","playtime":2751,"items_purged":["Strike_G"],"score":622,"play_id":"2454ba98-fd52-4926-a885-1a5c0028dff3","local_time":"20210207175853","is_ascension_mode":true,"campfire_choices":[{"data":"Dash","floor":8.0,"key":"SMITH"},{"data":"Deadly Poison","floor":13.0,"key":"SMITH"},{"data":"Neutralize","floor":15.0,"key":"SMITH"},{"floor":23.0,"key":"REST"},{"data":"Backstab","floor":25.0,"key":"SMITH"},{"floor":32.0,"key":"REST"}],"circlet_count":0,"master_deck":["AscendersBane","Strike_G","Strike_G","Strike_G","Defend_G","Defend_G","Defend_G","Defend_G","Survivor","Neutralize+1","Dash+1","Flying Knee","Leg Sweep","Deadly Poison+1","PiercingWail","Infinite Blades","Bouncing Flask","Bullet Time","Dagger Throw+1","Backstab+1","Blade Dance","Footwork","Accuracy","Leg Sweep","Blade Dance"],"relics":["Ring of the Snake","Bloody Idol","Omamori","CeramicFish","Mummified Hand","Philosopher\u0027s Stone","Sling","Enchiridion","Singing Bowl","Anchor","Prayer Wheel","Molten Egg 2","Pear"],"acts_visited":["Exordium","TheCity"],"potions_floor_usage":[33],"damage_taken":[{"damage":6.0,"enemies":"Cultist","floor":1.0,"turns":4.0},{"damage":1.0,"enemies":"Jaw Worm","floor":2.0,"turns":7.0},{"damage":1.0,"enemies":"Small Slimes","floor":4.0,"turns":3.0},{"damage":20.0,"enemies":"3 Sentries","floor":6.0,"turns":9.0},{"damage":0.0,"enemies":"Blue Slaver","floor":10.0,"turns":5.0},{"damage":24.0,"enemies":"Gremlin Nob","floor":11.0,"turns":4.0},{"damage":1.0,"enemies":"3 Louse","floor":14.0,"turns":6.0},{"damage":12.0,"enemies":"Hexaghost","floor":16.0,"turns":9.0},{"damage":4.0,"enemies":"2 Thieves","floor":18.0,"turns":4.0},{"damage":6.0,"enemies":"Book of Stabbing","floor":24.0,"turns":4.0},{"damage":17.0,"enemies":"Slavers","floor":27.0,"turns":7.0},{"damage":0.0,"enemies":"Spheric Guardian","floor":29.0,"turns":3.0},{"damage":20.0,"enemies":"Gremlin Leader","floor":30.0,"turns":5.0},{"damage":38.0,"enemies":"Chosen and Byrds","floor":31.0,"turns":7.0},{"damage":47,"enemies":"Collector","floor":33,"turns":6}],"seed_played":"-9016976766657759096","potions_obtained":[{"floor":4.0,"key":"AttackPotion"},{"floor":14.0,"key":"Explosive Potion"},{"floor":18.0,"key":"AttackPotion"},{"floor":27.0,"key":"Weak Potion"},{"floor":29.0,"key":"Dexterity Potion"}],"is_trial":false,"path_per_floor":["M","M","?","M","?","E","?","R","T","M","E","$","R","M","R","B",null,"M","?","$","?","$","R","E","R","T","E","T","M","E","M","R","B"],"character_chosen":"THE_SILENT","items_purchased":["Infinite Blades","Fire Potion","Sling"],"campfire_rested":2,"item_purchase_floors":[12,12,20],"current_hp_per_floor":[53,52,46,45,45,25,38,38,38,38,14,14,14,13,13,1,41,37,37,37,16,16,32,36,36,41,34,34,49,49,23,42,0,0],"gold":262,"neow_bonus":"REMOVE_TWO","is_daily":false,"chose_seed":false,"campfire_upgraded":4,"win_rate":0.0,"timestamp":1612738733,"path_taken":["M","M","?","?","?","E","?","R","T","M","E","$","R","M","R","BOSS","M","?","$","?","?","R","E","R","T","E","?","M","E","M","R","BOSS"],"items_purchased_type":["Card","Potion","Relic"],"build_version":"2020-12-22","purchased_purges":1,"victory":false,"max_hp_per_floor":[60,60,60,60,54,54,54,54,54,54,54,54,54,54,54,54,54,54,54,54,54,54,54,54,54,54,54,54,54,64,66,66,66,66],"relic_stats":{"Singing Bowl":2,"counters":[15,83],"Mummified Hand":[28],"Bloody Idol":60,"CeramicFish":108,"Prayer Wheel":2,"obtain_stats":[{"Pear":30,"Singing Bowl":24,"Golden Idol":5,"CeramicFish":9,"Enchiridion":21,"Omamori":6,"Sling":20,"Anchor":26,"Mummified Hand":11,"Bloody Idol":19,"Philosopher\u0027s Stone":17,"Prayer Wheel":27,"Molten Egg 2":28,"Ring of the Snake":0},{"Pear":13,"Singing Bowl":10,"Golden Idol":3,"CeramicFish":4,"Enchiridion":9,"Omamori":4,"Sling":9,"Anchor":10,"Mummified Hand":6,"Bloody Idol":9,"Philosopher\u0027s Stone":8,"Prayer Wheel":11,"Molten Egg 2":11,"Ring of the Snake":0},{"Pear":70,"Singing Bowl":55,"Golden Idol":14,"CeramicFish":23,"Enchiridion":51,"Omamori":23,"Sling":51,"Anchor":55,"Mummified Hand":32,"Bloody Idol":51,"Philosopher\u0027s Stone":47,"Prayer Wheel":62,"Molten Egg 2":62,"Ring of the Snake":0}],"Ring of the Snake":[30]},"card_choices":[{"not_picked":["Backflip","Blur","Calculated Gamble"],"picked":"SKIP","floor":1.0},{"not_picked":["Backflip","Blur","Calculated Gamble"],"picked":"SKIP","floor":1.0},{"not_picked":["Poisoned Stab","Underhanded Strike"],"picked":"Dash","floor":2.0},{"not_picked":["Sucker Punch","Leg Sweep"],"picked":"Flying Knee","floor":4.0},{"not_picked":["Calculated Gamble","Backflip"],"picked":"Leg Sweep","floor":6.0},{"not_picked":["Escape Plan","Choke"],"picked":"Deadly Poison","floor":10.0},{"not_picked":["Deflect","Prepared"],"picked":"PiercingWail","floor":11.0},{"not_picked":["Quick Slash","Deadly Poison"],"picked":"Bouncing Flask","floor":14.0},{"not_picked":["Venomology","Doppelganger"],"picked":"Bullet Time","floor":16.0},{"not_picked":["Deadly Poison","Cloak And Dagger"],"picked":"Dagger Throw+1","floor":18.0},{"not_picked":["Dodge and Roll","Concentrate"],"picked":"Backstab","floor":24.0},{"not_picked":["Poisoned Stab","Deflect"],"picked":"Blade Dance","floor":27.0},{"not_picked":["Cloak And Dagger","Dagger Throw+1"],"picked":"Footwork","floor":29.0},{"not_picked":["Prepared","Deflect"],"picked":"Accuracy","floor":29.0},{"not_picked":["Backstab+1","Distraction"],"picked":"Leg Sweep","floor":30.0},{"not_picked":["Dagger Spray+1","Cloak And Dagger"],"picked":"Blade Dance","floor":31.0},{"not_picked":["Caltrops","Storm of Steel","Concentrate+1"],"picked":"Singing Bowl","floor":31.0}],"player_experience":21937096,"relics_obtained":[{"floor":6.0,"key":"Omamori"},{"floor":9.0,"key":"CeramicFish"},{"floor":11.0,"key":"Mummified Hand"},{"floor":21.0,"key":"Enchiridion"},{"floor":24.0,"key":"Singing Bowl"},{"floor":26.0,"key":"Anchor"},{"floor":27.0,"key":"Prayer Wheel"},{"floor":28.0,"key":"Molten Egg 2"},{"floor":30.0,"key":"Pear"}],"event_choices":[{"damage_healed":0.0,"max_hp_gain":0.0,"max_hp_loss":0.0,"gold_gain":50.0,"event_name":"FaceTrader","player_choice":"Touch","floor":3.0,"gold_loss":0.0,"damage_taken":6.0},{"damage_healed":0.0,"max_hp_gain":0.0,"max_hp_loss":6.0,"gold_gain":0.0,"event_name":"Golden Idol","player_choice":"Lose Max HP","floor":5.0,"gold_loss":0.0,"damage_taken":0.0,"relics_obtained":["Golden Idol"]},{"damage_healed":13.0,"max_hp_gain":0.0,"max_hp_loss":0.0,"gold_gain":0.0,"event_name":"The Cleric","player_choice":"Healed","floor":7.0,"gold_loss":35.0,"damage_taken":0.0},{"damage_healed":0.0,"max_hp_gain":0.0,"max_hp_loss":0.0,"gold_gain":0.0,"event_name":"Forgotten Altar","player_choice":"Gave Idol","floor":19.0,"relics_lost":["Golden Idol"],"gold_loss":0.0,"damage_taken":0.0,"relics_obtained":["Bloody Idol"]},{"damage_healed":0.0,"max_hp_gain":0.0,"max_hp_loss":0.0,"gold_gain":0.0,"event_name":"Cursed Tome","player_choice":"Obtained Book","floor":21.0,"gold_loss":0.0,"damage_taken":21.0}],"is_beta":false,"boss_relics":[{"not_picked":["Calling Bell","Astrolabe"],"picked":"Philosopher\u0027s Stone"}],"items_purged_floors":[12],"is_endless":false,"potions_floor_spawned":[4,14,18,27,29],"killed_by":"Collector","ascension_level":20}}