{"host":"hzswyuuwdl03wwzr","time":1612676184,"event":{"mods":["100% Spire Juice","ATMod(∞¢Ë™Mod)","AchievementEnabler","Act Like it!","BaseMod","Gensokyo","Hallownest","Marisa£®ÏF”Í°°ƒß¿Ì…≥£©","Minty Spire (QoL Compilation)","Reliquary","Remilia_Scarlet Moed£®¿Ÿ√◊¿Ú—«°§Àπø®¿◊Ãÿ£©3.3.5","Replay The Spire","StSLib","The Bug Knight","The Cursed","The Senshi","The Servant 0.9.4","Yakumo Yukari mod","Youmu£®ªÍ∆«—˝√Œ£©","Yuyuko","°æπ¶ƒ‹Mod°øªÏ„Á÷Æª∑–ﬁ∏¥≤π∂°","°æ“≈ŒÔø®≈∆°øREMEMod"],"gold_per_floor":[110,125,25,25,25,25,42,42,68,83,118,136,136,149,149,246,246,265,190,190,209,58,58,58,58,58,58,258,321,321,425,425,622,622,717,799,839,225,313,113,113,173,173,0,115,160,260,360,360,410,410,410,10,93,93,93],"floor_reached":55,"language":"ZHS","playtime":2298,"items_purged":["Moonworks:Strike"],"score":1193,"play_id":"f5dd5a42-d3db-4b7a-bb45-15b5f96eb871","local_time":"20210207133624","is_ascension_mode":false,"campfire_choices":[{"data":"Moonworks:StarBlastingFuse","floor":6,"key":"SMITH"},{"data":"Moonworks:EvilSpyWorkPreparation","floor":8,"key":"SMITH"},{"data":"Moonworks:NicePresent","floor":15,"key":"SMITH"},{"data":"Moonworks:AngelHand","floor":23,"key":"SMITH"},{"floor":25,"key":"RECALL"},{"data":"Moonworks:AngelHand","floor":27,"key":"SMITH"},{"floor":30,"key":"REST"},{"data":"Moonworks:RedAndBlue","floor":32,"key":"SMITH"},{"data":"Moonworks:LongDistanceShot","floor":41,"key":"SMITH"},{"floor":49,"key":"REST"},{"data":"Moonworks:Ambush","floor":52,"key":"SMITH"}],"circlet_count":0,"master_deck":["Moonworks:Strike","Moonworks:Strike","Moonworks:Defend","Moonworks:Defend","Moonworks:Defend","Moonworks:Defend","Moonworks:Ambush+1","Moonworks:LongDistanceShot+1","Moonworks:StarBlastingFuse+1","Moonworks:EvilSpyWorkPreparation+1","Moonworks:AngelHand+1","Moonworks:DeployBits+1","Moonworks:RedAndBlue+1","Moonworks:SakisCookie+1","Moonworks:NicePresent+1","Moonworks:ImmovableObject+1","Moonworks:AngelHand+1","Moonworks:NicePresent+1","Moonworks:EvilSpyWorkPreparation+1","Moonworks:Dinner+1","Moonworks:MiracleRedBeanIceCream+1","Moonworks:LulusLuckyEgg+1","Moonworks:BackdoorTrade+1","Moonworks:EvilSpyWorkPreparation+1","Moonworks:LulusLuckyEgg+1"],"relics":["Moonworks:BrokenBomb","Moonworks:Homemark","AT_ATBox","REME_ComplimentaryCards","reliquary:BoilingFlask","reliquary:Aerogel","reliquary:SilkGlove","reliquary:RedCape","AT_MibuBalloonWealth","Unceasing Top","Darkstone Periapt","AT_Manta","Guide Book","REME_HandOfSuture","AT_RedNoBalance","Counterbalance","Red Mask","Replay:Towering Pillar of Hats","HandDrill","Centennial Puzzle","reliquary:Stiletto"],"acts_visited":["Gensokyo:Gensokyo","TheCity","TheBeyond","TheEnding"],"potions_floor_usage":[1,16,18,33,33,33,50,50,55,55,55],"damage_taken":[{"damage":4,"enemies":"Gensokyo:Gryphon","floor":1,"turns":4},{"damage":1,"enemies":"Gensokyo:Python","floor":2,"turns":3},{"damage":5,"enemies":"Gensokyo:2_Kodama","floor":7,"turns":3},{"damage":6,"enemies":"Gensokyo:LivingMonolith","floor":10,"turns":4},{"damage":3,"enemies":"Gensokyo:Cirno","floor":11,"turns":6},{"damage":0,"enemies":"Gensokyo:Python_and_Kodama","floor":12,"turns":2},{"damage":6,"enemies":"Gensokyo:Gryphon_and_Rabbit","floor":14,"turns":3},{"damage":10,"enemies":"Gensokyo:Reimu","floor":16,"turns":7},{"damage":15,"enemies":"2 Thieves","floor":18,"turns":5},{"damage":0,"enemies":"Spheric Guardian","floor":21,"turns":3},{"damage":2,"enemies":"Colosseum Slavers","floor":28,"turns":4},{"damage":10,"enemies":"Colosseum Nobs","floor":28,"turns":4},{"damage":0,"enemies":"Centurion and Healer","floor":29,"turns":5},{"damage":0,"enemies":"Slavers","floor":31,"turns":5},{"damage":20,"enemies":"Pondfish","floor":33,"turns":10},{"damage":28,"enemies":"3 Shapes","floor":35,"turns":3},{"damage":0,"enemies":"Orb Walker","floor":37,"turns":3},{"damage":0,"enemies":"Sphere and 2 Shapes","floor":39,"turns":3},{"damage":25,"enemies":"Giant Head","floor":40,"turns":6},{"damage":26,"enemies":"Nemesis","floor":42,"turns":11},{"damage":25,"enemies":"4 Shapes","floor":45,"turns":3},{"damage":26,"enemies":"Transient","floor":46,"turns":5},{"damage":0,"enemies":"Mind Bloom Boss Battle","floor":47,"turns":3},{"damage":41,"enemies":"Donu and Deca","floor":50,"turns":3},{"damage":0,"enemies":"Shield and Spear","floor":54,"turns":5},{"damage":82,"enemies":"The Heart","floor":55,"turns":8}],"seed_played":"-3650647784012358191","potions_obtained":[{"floor":1,"key":"REME_GoldPotion"},{"floor":2,"key":"Flashbang"},{"floor":7,"key":"Venom Potion"},{"floor":16,"key":"SkillPotion"},{"floor":21,"key":"ColorlessPotion"},{"floor":31,"key":"BlessingOfTheForge"},{"floor":36,"key":"SneckoOil"},{"floor":36,"key":"Strength Potion"},{"floor":36,"key":"Moonworks:OneHundredPercentOrangeJuicePotion"},{"floor":46,"key":"Explosive Potion"},{"floor":54,"key":"SneckoOil"}],"is_trial":false,"path_per_floor":["M","M","?","?","?","R","M","R","T","M","E","M","?","M","R","B",null,"M","?","?","M","$","R","$","R","T","R","?","M","R","E","R","B",null,"M","?","M","$","M","E","R","E","T","?","M","M","?","?","R","B",null,"R","$","E","B"],"character_chosen":"THE_STARBREAKER","items_purchased":["AT_MibuBalloonWealth","Guide Book","REME_HandOfSuture","AT_SilverBalance","HandDrill","Centennial Puzzle","Moonworks:OneHundredPercentOrangeJuicePotion"],"campfire_rested":2,"item_purchase_floors":[22,38,38,38,53,53,53],"current_hp_per_floor":[56,55,55,55,55,55,50,50,50,44,41,41,47,41,41,33,66,53,53,41,43,43,43,43,43,43,43,31,31,52,54,54,34,71,43,43,45,45,35,42,42,65,65,65,29,35,61,61,71,16,71,71,71,71,0,0],"gold":93,"neow_bonus":"ONE_RANDOM_RARE_CARD","is_daily":false,"chose_seed":false,"campfire_upgraded":8,"win_rate":0.0,"timestamp":1612676184,"path_taken":["M","M","?","?","?","R","M","R","T","M","E","?","?","M","R","BOSS","M","?","?","M","$","R","$","R","T","R","?","M","R","E","R","BOSS","M","?","M","$","M","E","R","E","T","?","M","M","?","?","R","BOSS","R","$","E","BOSS"],"items_purchased_type":["Relic","Relic","Relic","Relic","Relic","Relic","Potion"],"build_version":"2020-12-22","purchased_purges":1,"victory":false,"max_hp_per_floor":[60,60,60,60,60,60,60,60,60,60,60,60,66,66,66,66,66,66,66,71,71,71,71,71,71,71,71,71,71,71,71,71,71,71,71,71,71,71,71,71,71,71,71,71,71,71,71,71,71,71,71,71,71,71,71,71],"card_choices":[{"not_picked":["Moonworks:BindingChains","Moonworks:ImOnFire"],"picked":"Moonworks:EvilSpyWorkPreparation","floor":1},{"not_picked":["Moonworks:SelfDestruct","Moonworks:IndiscriminateFireSupport"],"picked":"Moonworks:AngelHand","floor":2},{"not_picked":["Moonworks:IndiscriminateFireSupport","Moonworks:DeployBits"],"picked":"Moonworks:RedAndBlue","floor":7},{"not_picked":["Moonworks:EvilSpyWorkPreparation","Moonworks:Assault","Moonworks:SelfDestruct"],"picked":"SKIP","floor":10},{"not_picked":["Moonworks:BigBangBell","Moonworks:CloudOfSeagulls"],"picked":"Moonworks:SakisCookie","floor":11},{"not_picked":["Moonworks:WindyEnchantment","Moonworks:BigMagnum"],"picked":"Moonworks:NicePresent","floor":12},{"not_picked":["Moonworks:RedAndBlue","Moonworks:ImmovableObject","Moonworks:Assault"],"picked":"SKIP","floor":14},{"not_picked":["Moonworks:CloudOfSeagulls","Moonworks:SakisCookie"],"picked":"Moonworks:ImmovableObject","floor":18},{"not_picked":["Moonworks:MiracleRedBeanIceCream+1","Moonworks:ScrambledEve"],"picked":"Moonworks:AngelHand","floor":21},{"not_picked":["Moonworks:BindingChains","Moonworks:FinalSurgery","Moonworks:DeployBits"],"picked":"SKIP","floor":29},{"not_picked":["Moonworks:EvilSpyWorkPreparation+1","Moonworks:DeployBits+1"],"picked":"Moonworks:NicePresent+1","floor":31},{"not_picked":["Moonworks:NicePresent","Moonworks:ReproductionOfRecords+1","Moonworks:BigMagnum"],"picked":"SKIP","floor":35},{"not_picked":["Moonworks:TacticalRetreat+1","Moonworks:BigMagnum"],"picked":"Moonworks:EvilSpyWorkPreparation+1","floor":36},{"not_picked":["Moonworks:BigMagnum+1","Moonworks:JonathanRush+1"],"picked":"Moonworks:Dinner+1","floor":37},{"not_picked":["Moonworks:IndiscriminateFireSupport","Moonworks:ReproductionOfRecords"],"picked":"Moonworks:MiracleRedBeanIceCream+1","floor":39},{"not_picked":["Moonworks:SubspaceTunnel","Moonworks:BigMagnum"],"picked":"Moonworks:LulusLuckyEgg+1","floor":42},{"not_picked":["Moonworks:CloudOfSeagulls","Moonworks:ImOnFire"],"picked":"Moonworks:BackdoorTrade+1","floor":45},{"not_picked":["Moonworks:Assault","Moonworks:ReproductionOfRecords+1"],"picked":"Moonworks:EvilSpyWorkPreparation+1","floor":46},{"not_picked":["Moonworks:IntelligenceOfficer+1","Moonworks:AnotherUltimateWeapon"],"picked":"Moonworks:LulusLuckyEgg+1","floor":47},{"not_picked":["Moonworks:x16BigRocket","Moonworks:Assault+1","Moonworks:SakisCookie"],"picked":"SKIP","floor":54}],"player_experience":38189,"relics_obtained":[{"floor":9,"key":"reliquary:Aerogel"},{"floor":11,"key":"reliquary:SilkGlove"},{"floor":28,"key":"Unceasing Top"},{"floor":28,"key":"Darkstone Periapt"},{"floor":31,"key":"AT_Manta"},{"floor":43,"key":"Counterbalance"},{"floor":47,"key":"Replay:Towering Pillar of Hats"},{"floor":54,"key":"reliquary:Stiletto"}],"event_choices":[{"cards_removed":["Moonworks:Strike"],"damage_healed":0,"gold_gain":0,"player_choice":"Gave Gold","damage_taken":0,"max_hp_gain":0,"max_hp_loss":0,"event_name":"Beggar","floor":19,"gold_loss":75},{"damage_healed":0,"gold_gain":0,"player_choice":"Shed Blood","damage_taken":17,"max_hp_gain":5,"max_hp_loss":0,"event_name":"Forgotten Altar","floor":20,"gold_loss":0},{"damage_healed":0,"gold_gain":0,"player_choice":"Fight","damage_taken":0,"max_hp_gain":0,"max_hp_loss":0,"event_name":"Colosseum","floor":28,"gold_loss":0},{"damage_healed":0,"gold_gain":0,"player_choice":"Fought Nobs","damage_taken":0,"max_hp_gain":0,"max_hp_loss":0,"event_name":"Colosseum","floor":28,"gold_loss":0},{"damage_healed":0,"gold_gain":0,"player_choice":"Paid","damage_taken":0,"relics_obtained":["Red Mask"],"max_hp_gain":0,"max_hp_loss":0,"event_name":"Tomb of Lord Red Mask","floor":44,"gold_loss":173},{"damage_healed":0,"gold_gain":0,"player_choice":"Fight","damage_taken":0,"max_hp_gain":0,"max_hp_loss":0,"event_name":"MindBloom","floor":47,"gold_loss":0},{"damage_healed":0,"gold_gain":100,"player_choice":"Pray","damage_taken":0,"max_hp_gain":0,"max_hp_loss":0,"event_name":"Golden Shrine","floor":48,"gold_loss":0}],"is_beta":false,"boss_relics":[{"not_picked":["REME_DuelDisc","Replay:Drink Me"],"picked":"reliquary:RedCape"},{"not_picked":["ReplayTheSpireMod:DimensionalGlitch","Painkiller Herb","reliquary:RedPaperclip"]}],"items_purged_floors":[38],"is_endless":false,"potions_floor_spawned":[1,2,7,16,21,28,31,39,40,46,54],"killed_by":"The Heart","ascension_level":0}}