{"host":"qgrlfjrqk9z96gfi","time":1612657942,"event":{"mods":["BaseMod","Block Reminder","Colored Map","Custom Start","DeckTracker","Minty Spire (QoL Compilation)"],"gold_per_floor":[109,109,109,121,27,54,34,34,34,51,80,93,120,139,139,139,139],"floor_reached":16,"language":"ENG","playtime":371,"items_purged":[],"score":290,"play_id":"b8699976-dd48-4543-bbbd-91371348e894","local_time":"20210206143222","is_ascension_mode":true,"campfire_choices":[{"data":"Bouncing Flask","floor":8.0,"key":"SMITH"},{"floor":15,"key":"REST"}],"circlet_count":0,"master_deck":["AscendersBane","Strike_G","Strike_G","Strike_G","Strike_G","Strike_G","Defend_G","Defend_G","Defend_G","Defend_G","Defend_G","Survivor","Neutralize","Bouncing Flask+1","Finisher","Poisoned Stab","Concentrate","Dagger Spray","Eviscerate","Burst"],"relics":["Ring of the Snake","NeowsBlessing","Gremlin Horn","Oddly Smooth Stone","Boot","Bag of Preparation","Dead Branch"],"acts_visited":["Exordium"],"potions_floor_usage":[14,16],"damage_taken":[{"damage":0.0,"enemies":"2 Louse","floor":1.0,"turns":1.0},{"damage":0.0,"enemies":"Small Slimes","floor":4.0,"turns":1.0},{"damage":0.0,"enemies":"Lagavulin","floor":6.0,"turns":1.0},{"damage":0.0,"enemies":"Cultist","floor":10.0,"turns":3.0},{"damage":30.0,"enemies":"3 Sentries","floor":11.0,"turns":7.0},{"damage":0.0,"enemies":"2 Fungi Beasts","floor":12.0,"turns":2.0},{"damage":22.0,"enemies":"Lagavulin","floor":13.0,"turns":5.0},{"damage":6,"enemies":"Exordium Wildlife","floor":14,"turns":2},{"damage":22,"enemies":"The Guardian","floor":16,"turns":4}],"seed_played":"5719169439088059141","potions_obtained":[{"floor":1.0,"key":"SkillPotion"},{"floor":7.0,"key":"GhostInAJar"},{"floor":11.0,"key":"Strength Potion"},{"floor":13.0,"key":"LiquidBronze"}],"is_trial":false,"path_per_floor":["M","?","?","M","$","E","?","R","T","M","E","M","E","M","R","B"],"character_chosen":"THE_SILENT","items_purchased":["Poisoned Stab","Concentrate"],"campfire_rested":1,"item_purchase_floors":[5,5],"current_hp_per_floor":[59,54,59,59,59,59,59,59,59,59,29,29,7,1,22,0,0],"gold":139,"neow_bonus":"THREE_ENEMY_KILL","is_daily":false,"chose_seed":false,"campfire_upgraded":1,"win_rate":0.0,"timestamp":1612657942,"path_taken":["M","?","?","M","$","E","?","R","T","M","E","?","E","M","R","BOSS"],"items_purchased_type":["Card","Card"],"build_version":"2020-12-22","purchased_purges":0,"victory":false,"max_hp_per_floor":[66,66,71,71,71,71,71,71,71,71,71,71,71,71,71,71,71],"card_choices":[{"not_picked":["Sucker Punch","Slice"],"picked":"Bouncing Flask","floor":1.0},{"not_picked":["Prepared","Dodge and Roll"],"picked":"Finisher","floor":4.0},{"not_picked":["Dodge and Roll","Flying Knee"],"picked":"Dagger Spray","floor":6.0},{"not_picked":["Prepared","Dagger Throw","Bane"],"picked":"SKIP","floor":10.0},{"not_picked":["Dodge and Roll","Deflect","Dagger Throw"],"picked":"SKIP","floor":11.0},{"not_picked":["Deflect","Prepared","Masterful Stab"],"picked":"SKIP","floor":12.0},{"not_picked":["Acrobatics","Outmaneuver"],"picked":"Eviscerate","floor":13.0},{"not_picked":["PiercingWail","Prepared"],"picked":"Burst","floor":14}],"player_experience":1118872,"relics_obtained":[{"floor":6.0,"key":"Oddly Smooth Stone"},{"floor":9.0,"key":"Boot"},{"floor":11.0,"key":"Bag of Preparation"},{"floor":13.0,"key":"Dead Branch"}],"event_choices":[{"damage_healed":0.0,"max_hp_gain":0.0,"max_hp_loss":0.0,"gold_gain":0.0,"event_name":"Scrap Ooze","player_choice":"Success","floor":2.0,"gold_loss":0.0,"damage_taken":5.0,"relics_obtained":["Gremlin Horn"]},{"damage_healed":0.0,"max_hp_gain":5.0,"max_hp_loss":0.0,"gold_gain":0.0,"event_name":"Big Fish","player_choice":"Donut","floor":3.0,"gold_loss":0.0,"damage_taken":0.0},{"damage_healed":0.0,"max_hp_gain":0.0,"max_hp_loss":0.0,"gold_gain":0.0,"event_name":"The Woman in Blue","player_choice":"Bought 1 Potion","floor":7.0,"gold_loss":0.0,"damage_taken":0.0}],"is_beta":false,"boss_relics":[],"items_purged_floors":[],"is_endless":false,"potions_floor_spawned":[1,10,11,13],"killed_by":"The Guardian","ascension_level":20}}