{"host":"6pfj0wha12yu6wq3","time":1612701533,"event":{"mods":["AchievementEnabler","BaseMod","Colored Map","Colored Powertips","Curses Come First","DeckTracker","Minty Spire (QoL Compilation)","RNG Fix","Relic Sorter","Relic Stats","StSLib","UnlockEverythingMod","ojb\u0027s Better Paths Mod","ojb\u0027s Info Mod"],"gold_per_floor":[117,42,60,75,94,94,113,139,165,183,183,211,224,252,252,329,329,341,370,380,122,47,75,75,107,130,130,144,169,187,202,202,276,276,290,315,370,370,383,383,415,435,461,487,506,531,548,560,560,560,560,560,560,7,32,32],"floor_reached":57,"language":"ENG","playtime":7349,"items_purged":["Normality","Defend_G","Defend_G"],"score":3157,"play_id":"9cb20336-659f-4b6c-aa21-e88b56ced32f","local_time":"20210207073853","is_ascension_mode":true,"campfire_choices":[{"data":"Blade Dance","floor":6.0,"key":"SMITH"},{"data":"Accuracy","floor":15.0,"key":"SMITH"},{"data":"Wraith Form v2","floor":24.0,"key":"SMITH"},{"data":"Phantasmal Killer","floor":27.0,"key":"SMITH"},{"data":"Leg Sweep","floor":32,"key":"SMITH"},{"floor":40,"key":"RECALL"},{"data":"Expertise","floor":49,"key":"SMITH"},{"data":"After Image","floor":53,"key":"SMITH"}],"circlet_count":0,"master_deck":["AscendersBane","Strike_G","Strike_G","Strike_G","Strike_G","Defend_G","Survivor","Neutralize","Blade Dance+1","Leg Sweep+1","Slice","Accuracy+1","Dagger Spray","Endless Agony","After Image+1","Phantasmal Killer+1","Dash","Acrobatics","Expertise+1","Wraith Form v2+1","Bullet Time+1","Eviscerate+1","Blade Dance+1","Prepared+1","Night Terror+1","Concentrate+1","Backstab","Acrobatics+1","Blur+1","Concentrate+1","Venomology+1","Blur+1","Acrobatics+1","Tools of the Trade"],"relics":["Ring of the Snake","Incense Burner","InkBottle","Gambling Chip","Bag of Preparation","PreservedInsect","Shuriken","Odd Mushroom","HoveringKite","Red Mask","Frozen Eye","Toxic Egg 2","Mango","Regal Pillow","Philosopher\u0027s Stone","Ginger","Meat on the Bone","Oddly Smooth Stone","Omamori","HornCleat","TheAbacus","Pen Nib"],"acts_visited":["Exordium","TheCity","TheBeyond","TheEnding"],"potions_floor_usage":[42,46,47,47,47,47,47,47,47,47,48,56],"damage_taken":[{"damage":13.0,"enemies":"Jaw Worm","floor":1.0,"turns":7.0},{"damage":2.0,"enemies":"Small Slimes","floor":3.0,"turns":5.0},{"damage":0.0,"enemies":"2 Louse","floor":4.0,"turns":2.0},{"damage":10.0,"enemies":"Lots of Slimes","floor":5.0,"turns":7.0},{"damage":0.0,"enemies":"Blue Slaver","floor":7.0,"turns":2.0},{"damage":3.0,"enemies":"Gremlin Nob","floor":8.0,"turns":3.0},{"damage":0.0,"enemies":"3 Louse","floor":10.0,"turns":3.0},{"damage":6.0,"enemies":"Lagavulin","floor":12.0,"turns":4.0},{"damage":0.0,"enemies":"Exordium Thugs","floor":13.0,"turns":2.0},{"damage":0.0,"enemies":"The Mushroom Lair","floor":14.0,"turns":2.0},{"damage":14.0,"enemies":"Hexaghost","floor":16.0,"turns":8.0},{"damage":0.0,"enemies":"Spheric Guardian","floor":18.0,"turns":2.0},{"damage":2.0,"enemies":"Masked Bandits","floor":19.0,"turns":4.0},{"damage":3.0,"enemies":"2 Thieves","floor":20.0,"turns":2.0},{"damage":5.0,"enemies":"Book of Stabbing","floor":23.0,"turns":4.0},{"damage":5.0,"enemies":"Slavers","floor":25.0,"turns":4.0},{"damage":0.0,"enemies":"Centurion and Healer","floor":28.0,"turns":3.0},{"damage":0,"enemies":"Gremlin Leader","floor":29,"turns":3},{"damage":0,"enemies":"Snecko","floor":30,"turns":2},{"damage":3,"enemies":"Snake Plant","floor":31,"turns":2},{"damage":1,"enemies":"Champ","floor":33,"turns":6},{"damage":0,"enemies":"Orb Walker","floor":35,"turns":1},{"damage":0,"enemies":"Mind Bloom Boss Battle","floor":36,"turns":3},{"damage":11,"enemies":"2 Orb Walkers","floor":37,"turns":3},{"damage":0,"enemies":"3 Shapes","floor":39,"turns":2},{"damage":0,"enemies":"Giant Head","floor":41,"turns":5},{"damage":0,"enemies":"Spire Growth","floor":42,"turns":6},{"damage":0,"enemies":"Reptomancer","floor":44,"turns":5},{"damage":0,"enemies":"3 Darklings","floor":45,"turns":12},{"damage":0,"enemies":"Nemesis","floor":46,"turns":8},{"damage":0,"enemies":"Transient","floor":47,"turns":6},{"damage":0,"enemies":"Writhing Mass","floor":48,"turns":10},{"damage":0,"enemies":"Awakened One","floor":50,"turns":7},{"damage":3,"enemies":"Time Eater","floor":51,"turns":12},{"damage":0,"enemies":"Shield and Spear","floor":55,"turns":6},{"damage":3,"enemies":"The Heart","floor":56,"turns":7}],"seed_played":"8440729761701901403","potions_obtained":[{"floor":3.0,"key":"CunningPotion"},{"floor":8.0,"key":"Explosive Potion"},{"floor":10.0,"key":"Energy Potion"},{"floor":12.0,"key":"AttackPotion"},{"floor":14.0,"key":"CultistPotion"},{"floor":16.0,"key":"DuplicationPotion"},{"floor":18.0,"key":"LiquidMemories"},{"floor":28.0,"key":"Ancient Potion"},{"floor":29,"key":"SteroidPotion"},{"floor":41,"key":"Fruit Juice"},{"floor":42,"key":"Ancient Potion"}],"is_trial":false,"path_per_floor":["M","$","M","M","M","R","M","E","T","M","?","E","M","?","R","B",null,"M","?","M","$","?","E","R","E","T","R","M","E","M","M","R","B",null,"M","?","?","?","M","R","E","M","T","E","M","E","M","M","R","B","B",null,"R","$","E","B",null],"character_chosen":"THE_SILENT","items_purchased":["Frozen Eye","HornCleat","TheAbacus"],"campfire_rested":0,"item_purchase_floors":[21,54,54],"current_hp_per_floor":[46,46,44,44,34,34,34,31,31,31,53,47,47,47,47,33,58,58,56,53,53,53,48,48,57,57,57,57,57,57,54,54,53,73,73,73,62,62,62,62,62,67,67,67,67,67,79,79,79,79,76,83,83,83,83,80],"gold":32,"neow_bonus":"ONE_RARE_RELIC","is_daily":false,"chose_seed":false,"campfire_upgraded":7,"win_rate":0.0,"timestamp":1612701533,"path_taken":["M","$","M","M","M","R","M","E","T","M","?","E","M","?","R","BOSS","M","?","M","$","?","E","R","E","T","R","M","E","?","M","R","BOSS","M","?","?","?","M","R","E","M","T","E","M","E","M","?","R","BOSS","BOSS","R","$","E","BOSS"],"items_purchased_type":["Relic","Relic","Relic"],"build_version":"2020-12-22","purchased_purges":3,"victory":true,"max_hp_per_floor":[66,66,66,66,66,66,66,66,66,66,66,66,66,66,66,66,66,66,66,66,66,66,66,66,80,80,80,80,80,80,80,80,80,80,80,80,80,80,80,80,80,85,85,85,85,85,85,85,85,85,85,85,85,85,85,85],"relic_stats":{"Regal Pillow":0,"counters":[36,170],"HoveringKite":[74],"PreservedInsect":487,"Pen Nib":[3],"Bag of Preparation":[62],"Ginger":[11],"TheAbacus":[24],"Shuriken":[134],"Gambling Chip":[209],"obtain_stats":[{"Regal Pillow":29,"HoveringKite":17,"Oddly Smooth Stone":43,"Mango":25,"PreservedInsect":9,"Pen Nib":55,"Bag of Preparation":8,"Incense Burner":36,"Omamori":44,"Ginger":37,"Odd Mushroom":14,"Frozen Eye":21,"HornCleat":54,"TheAbacus":54,"Shuriken":12,"Gambling Chip":0,"Philosopher\u0027s Stone":34,"Red Mask":19,"Toxic Egg 2":23,"InkBottle":46,"Ring of the Snake":0,"Meat on the Bone":41},{"Regal Pillow":18,"HoveringKite":11,"Oddly Smooth Stone":27,"Mango":16,"PreservedInsect":6,"Pen Nib":35,"Bag of Preparation":6,"Incense Burner":23,"Omamori":28,"Ginger":24,"Odd Mushroom":10,"Frozen Eye":14,"HornCleat":34,"TheAbacus":34,"Shuriken":8,"Gambling Chip":0,"Philosopher\u0027s Stone":21,"Red Mask":13,"Toxic Egg 2":15,"InkBottle":30,"Ring of the Snake":0,"Meat on the Bone":26},{"Regal Pillow":67,"HoveringKite":45,"Oddly Smooth Stone":97,"Mango":61,"PreservedInsect":26,"Pen Nib":163,"Bag of Preparation":26,"Incense Burner":81,"Omamori":102,"Ginger":84,"Odd Mushroom":37,"Frozen Eye":53,"HornCleat":157,"TheAbacus":157,"Shuriken":33,"Gambling Chip":0,"Philosopher\u0027s Stone":77,"Red Mask":51,"Toxic Egg 2":57,"InkBottle":122,"Ring of the Snake":0,"Meat on the Bone":91}],"InkBottle":[40],"Ring of the Snake":[73],"Meat on the Bone":0},"card_choices":[{"not_picked":["Outmaneuver","Footwork","Blur"],"picked":"SKIP","floor":1.0},{"not_picked":["Outmaneuver","Prepared"],"picked":"Blade Dance","floor":3.0},{"not_picked":["Concentrate","Deadly Poison"],"picked":"Leg Sweep","floor":4.0},{"not_picked":["Sucker Punch","Infinite Blades"],"picked":"Slice","floor":5.0},{"not_picked":["Backflip","Quick Slash"],"picked":"Accuracy","floor":7.0},{"not_picked":["Heel Hook","Deflect","Tactician"],"picked":"SKIP","floor":8.0},{"not_picked":["Skewer","Concentrate","Footwork"],"picked":"SKIP","floor":10.0},{"not_picked":["Dodge and Roll","Masterful Stab"],"picked":"Dagger Spray","floor":12.0},{"not_picked":["Prepared","Outmaneuver"],"picked":"Endless Agony","floor":13.0},{"not_picked":["Calculated Gamble","Quick Slash"],"picked":"After Image","floor":14.0},{"not_picked":["A Thousand Cuts","Malaise"],"picked":"Phantasmal Killer","floor":16.0},{"not_picked":["Prepared","Dagger Spray"],"picked":"Dash","floor":18.0},{"not_picked":["Catalyst","Deadly Poison","Outmaneuver"],"picked":"SKIP","floor":20.0},{"not_picked":["Storm of Steel+1","Underhanded Strike"],"picked":"Wraith Form v2","floor":23.0},{"not_picked":["Deadly Poison+1","Deflect+1"],"picked":"Bullet Time+1","floor":25.0},{"not_picked":["Slice+1","Poisoned Stab","Quick Slash"],"picked":"SKIP","floor":28.0},{"not_picked":["Flying Knee","Dodge and Roll+1"],"picked":"Eviscerate+1","floor":29},{"not_picked":["Flying Knee","Acrobatics+1"],"picked":"Blade Dance+1","floor":30},{"not_picked":["Slice","Expertise+1"],"picked":"Prepared+1","floor":31},{"not_picked":["Bullet Time+1","Storm of Steel+1"],"picked":"Night Terror+1","floor":33},{"not_picked":["Slice","Tactician+1"],"picked":"Concentrate+1","floor":35},{"not_picked":["Noxious Fumes","Bane"],"picked":"Acrobatics+1","floor":39},{"not_picked":["Sucker Punch","Deadly Poison+1"],"picked":"Blur+1","floor":41},{"not_picked":["Bane","Poisoned Stab","Dodge and Roll+1"],"picked":"SKIP","floor":42},{"not_picked":["Underhanded Strike","Outmaneuver+1"],"picked":"Concentrate+1","floor":44},{"not_picked":["Blur+1","PiercingWail+1"],"picked":"Venomology+1","floor":45},{"not_picked":["Tactician+1","Finisher"],"picked":"Blur+1","floor":46},{"not_picked":["Sucker Punch","Crippling Poison+1","Flechettes+1"],"picked":"SKIP","floor":47},{"not_picked":["Skewer","Quick Slash"],"picked":"Acrobatics+1","floor":48},{"not_picked":["Blur+1","Bouncing Flask+1"],"picked":"Tools of the Trade","floor":55}],"player_experience":657384,"relics_obtained":[{"floor":8.0,"key":"Bag of Preparation"},{"floor":9.0,"key":"PreservedInsect"},{"floor":12.0,"key":"Shuriken"},{"floor":14.0,"key":"Odd Mushroom"},{"floor":19.0,"key":"Red Mask"},{"floor":23.0,"key":"Toxic Egg 2"},{"floor":25.0,"key":"Mango"},{"floor":29,"key":"Regal Pillow"},{"floor":36,"key":"Incense Burner"},{"floor":37,"key":"Ginger"},{"floor":41,"key":"Meat on the Bone"},{"floor":43,"key":"Oddly Smooth Stone"},{"floor":44,"key":"Omamori"},{"floor":46,"key":"InkBottle"},{"floor":55,"key":"Pen Nib"}],"event_choices":[{"damage_healed":22.0,"max_hp_gain":0.0,"max_hp_loss":0.0,"gold_gain":0.0,"event_name":"Big Fish","player_choice":"Banana","floor":11.0,"gold_loss":0.0,"damage_taken":0.0},{"damage_healed":0.0,"max_hp_gain":0.0,"max_hp_loss":0.0,"gold_gain":0.0,"event_name":"Mushrooms","player_choice":"Fought Mushrooms","floor":14.0,"gold_loss":0.0,"damage_taken":0.0},{"damage_healed":0.0,"max_hp_gain":0.0,"max_hp_loss":0.0,"gold_gain":0.0,"event_name":"Masked Bandits","player_choice":"Fought Bandits","floor":19.0,"gold_loss":0.0,"damage_taken":0.0},{"damage_healed":0.0,"max_hp_gain":0.0,"max_hp_loss":0.0,"gold_gain":0.0,"cards_transformed":["Defend_G","Defend_G"],"event_name":"Designer","player_choice":"Transformed Cards","floor":22.0,"gold_loss":75.0,"damage_taken":0.0,"cards_obtained":["Acrobatics","Expertise"]},{"damage_healed":0,"gold_gain":0,"player_choice":"Fight","damage_taken":0,"max_hp_gain":0,"max_hp_loss":0,"event_name":"MindBloom","floor":36,"gold_loss":0},{"damage_healed":0,"gold_gain":0,"player_choice":"Fight","damage_taken":0,"max_hp_gain":0,"max_hp_loss":0,"event_name":"Mysterious Sphere","floor":37,"gold_loss":0},{"damage_healed":0,"gold_gain":0,"cards_transformed":["Strike_G"],"player_choice":"Transformed","damage_taken":0,"max_hp_gain":0,"max_hp_loss":0,"event_name":"Transmorgrifier","floor":38,"gold_loss":0,"cards_obtained":["Backstab"]}],"is_beta":false,"boss_relics":[{"not_picked":["Ectoplasm","Velvet Choker"],"picked":"HoveringKite"},{"not_picked":["Cursed Key","Pandora\u0027s Box"],"picked":"Philosopher\u0027s Stone"}],"items_purged_floors":[2,21,54],"is_endless":false,"potions_floor_spawned":[3,8,10,12,14,16,18,28,29,30,31,33,41,42,45,47,48,55],"ascension_level":20}}