{"host":"4nk64u0og8aplzuu","time":1612696666,"event":{"mods":["BaseMod","Highlight Path","Minty Spire (QoL Compilation)"],"gold_per_floor":[111,111,286,47,12,24,41,73,73,103,114,124,124,143,143,248,248,268,268,193,206,221,221,247,247,247,280,297,297,329,329,329,428,428,438,488,488,52,70,98,117,117,143,154,166,201,201,201,201],"floor_reached":48,"language":"ENG","playtime":4717,"items_purged":["Defend_G","Doubt"],"score":777,"play_id":"a9a77704-1b2c-4e6c-8183-9c064841dc68","local_time":"20210207041746","is_ascension_mode":true,"campfire_choices":[{"data":"Trip","floor":15,"key":"SMITH"},{"data":"Skewer","floor":23,"key":"SMITH"},{"data":"Survivor","floor":32,"key":"SMITH"},{"data":"Envenom","floor":42,"key":"SMITH"}],"circlet_count":0,"master_deck":["Defend_G","Defend_G","Defend_G","Survivor+1","Neutralize","Escape Plan","Trip+1","Sucker Punch+1","Acrobatics","Acrobatics","Skewer+1","Cloak And Dagger","Masterful Stab","Backstab","Burst","Footwork","Reflex+1","Outmaneuver","Envenom+1","RitualDagger","Prepared","Bite","Bite","Bite","Bite","Bite","Cloak And Dagger+1","RitualDagger+1","Bullet Time","Infinite Blades+1","Finisher+1","Tactician","Riddle With Holes+1","Blade Dance+1","Tactician+1"],"relics":["Ring of the Snake","Chemical X","Thread and Needle","TungstenRod","Ninja Scroll","Runic Pyramid","Gambling Chip","Shuriken","Oddly Smooth Stone","Letter Opener","Coffee Dripper","Unceasing Top","Whetstone","PreservedInsect","Torii","Nunchaku","Anchor"],"acts_visited":["Exordium","TheCity","TheBeyond"],"potions_floor_usage":[12,16,27],"damage_taken":[{"damage":7,"enemies":"Jaw Worm","floor":1,"turns":5},{"damage":7,"enemies":"Small Slimes","floor":6,"turns":3},{"damage":0,"enemies":"2 Louse","floor":7,"turns":2},{"damage":27,"enemies":"Gremlin Nob","floor":8,"turns":4},{"damage":28,"enemies":"3 Sentries","floor":10,"turns":11},{"damage":8,"enemies":"Blue Slaver","floor":11,"turns":2},{"damage":0,"enemies":"Red Slaver","floor":12,"turns":2},{"damage":0,"enemies":"Gremlin Gang","floor":14,"turns":3},{"damage":2,"enemies":"The Guardian","floor":16,"turns":14},{"damage":1,"enemies":"Shell Parasite","floor":18,"turns":3},{"damage":0,"enemies":"2 Thieves","floor":21,"turns":3},{"damage":14,"enemies":"Snake Plant","floor":22,"turns":5},{"damage":11,"enemies":"Slavers","floor":24,"turns":7},{"damage":0,"enemies":"Book of Stabbing","floor":27,"turns":5},{"damage":0,"enemies":"Sentry and Sphere","floor":28,"turns":4},{"damage":17,"enemies":"Gremlin Leader","floor":30,"turns":4},{"damage":36,"enemies":"Champ","floor":33,"turns":10},{"damage":6,"enemies":"Orb Walker","floor":35,"turns":3},{"damage":0,"enemies":"Mind Bloom Boss Battle","floor":36,"turns":3},{"damage":12,"enemies":"3 Darklings","floor":39,"turns":3},{"damage":0,"enemies":"Giant Head","floor":40,"turns":4},{"damage":10,"enemies":"Jaw Worm Horde","floor":41,"turns":4},{"damage":11,"enemies":"Writhing Mass","floor":44,"turns":4},{"damage":8,"enemies":"3 Darklings","floor":45,"turns":4},{"damage":16,"enemies":"Reptomancer","floor":46,"turns":3},{"damage":30,"enemies":"4 Shapes","floor":48,"turns":5}],"seed_played":"-3432323916446846484","potions_obtained":[{"floor":1,"key":"Ancient Potion"},{"floor":7,"key":"FearPotion"},{"floor":11,"key":"PowerPotion"},{"floor":16,"key":"Regen Potion"},{"floor":18,"key":"Fire Potion"},{"floor":19,"key":"DuplicationPotion"},{"floor":19,"key":"EntropicBrew"},{"floor":19,"key":"SpeedPotion"},{"floor":36,"key":"SteroidPotion"},{"floor":40,"key":"DuplicationPotion"}],"is_trial":false,"path_per_floor":["M","?","?","$","?","M","M","E","T","E","M","M","?","M","R","B",null,"M","?","$","M","M","R","E","?","T","E","M","?","E","?","R","B",null,"M","?","?","$","M","E","M","R","T","M","M","E","?","M"],"character_chosen":"THE_SILENT","items_purchased":["Chemical X","Trip","Tactician","Whetstone","PreservedInsect"],"campfire_rested":0,"item_purchase_floors":[4,4,38,38,38],"current_hp_per_floor":[70,63,63,63,77,70,70,43,43,15,7,7,77,77,77,75,77,76,76,76,76,62,62,51,46,46,46,46,46,37,37,37,23,53,47,53,53,53,45,51,43,43,43,34,30,18,18,0,0],"gold":201,"neow_bonus":"TEN_PERCENT_HP_BONUS","is_daily":false,"chose_seed":false,"campfire_upgraded":4,"win_rate":0.0,"timestamp":1612696666,"path_taken":["M","?","?","?","?","M","?","E","T","E","M","M","?","M","R","BOSS","M","?","$","M","?","R","E","?","T","E","M","?","E","?","R","BOSS","M","?","?","$","M","E","?","R","T","M","M","E","?","M"],"items_purchased_type":["Relic","Card","Card","Relic","Relic"],"build_version":"2020-12-22","purchased_purges":2,"victory":false,"max_hp_per_floor":[77,77,77,77,77,77,77,77,77,77,77,77,77,77,77,77,77,77,77,77,77,77,77,77,77,77,77,77,53,53,53,53,53,53,53,53,53,53,53,53,53,53,53,53,53,53,53,53,53],"card_choices":[{"not_picked":["PiercingWail","Slice"],"picked":"Escape Plan","floor":1},{"not_picked":["Leg Sweep","Cloak And Dagger"],"picked":"Sucker Punch","floor":6},{"not_picked":["PiercingWail","Infinite Blades"],"picked":"Acrobatics","floor":7},{"not_picked":["Cloak And Dagger","Slice"],"picked":"Acrobatics","floor":8},{"not_picked":["Underhanded Strike","Infinite Blades"],"picked":"Skewer","floor":10},{"not_picked":["Underhanded Strike","Sucker Punch"],"picked":"Cloak And Dagger","floor":11},{"not_picked":["Infinite Blades","Bane"],"picked":"Masterful Stab","floor":12},{"not_picked":["Terror","Bouncing Flask"],"picked":"Backstab","floor":14},{"not_picked":["Grand Finale","Night Terror"],"picked":"Burst","floor":16},{"not_picked":["Poisoned Stab","Bane"],"picked":"Footwork","floor":18},{"not_picked":["PiercingWail","Acrobatics"],"picked":"Reflex+1","floor":21},{"not_picked":["Backflip","Quick Slash"],"picked":"Outmaneuver","floor":22},{"not_picked":["Deadly Poison","Dodge and Roll"],"picked":"Envenom","floor":24},{"not_picked":["Quick Slash+1","Backflip+1"],"picked":"Prepared","floor":27},{"not_picked":["Dagger Spray","Heel Hook","Bane+1"],"picked":"SKIP","floor":28},{"not_picked":["Backflip+1","Dash+1"],"picked":"Cloak And Dagger+1","floor":30},{"not_picked":["Venomology","Storm of Steel"],"picked":"Bullet Time","floor":33},{"not_picked":["Noxious Fumes+1","Acrobatics"],"picked":"Infinite Blades+1","floor":35},{"not_picked":["Blade Dance+1","Deflect+1"],"picked":"Finisher+1","floor":36},{"not_picked":["Acrobatics","Caltrops","Poisoned Stab"],"picked":"SKIP","floor":39},{"not_picked":["Dagger Throw+1","Caltrops","Night Terror"],"picked":"SKIP","floor":40},{"not_picked":["Heel Hook+1","Dash"],"picked":"Riddle With Holes+1","floor":41},{"not_picked":["Caltrops","Deflect"],"picked":"Blade Dance+1","floor":44},{"not_picked":["Finisher+1","Dagger Throw+1"],"picked":"Tactician+1","floor":45},{"not_picked":["Masterful Stab","Acrobatics+1","Dagger Throw+1"],"picked":"SKIP","floor":46}],"player_experience":371272,"relics_obtained":[{"floor":8,"key":"Thread and Needle"},{"floor":9,"key":"TungstenRod"},{"floor":10,"key":"Ninja Scroll"},{"floor":24,"key":"Gambling Chip"},{"floor":26,"key":"Shuriken"},{"floor":27,"key":"Oddly Smooth Stone"},{"floor":30,"key":"Letter Opener"},{"floor":36,"key":"Unceasing Top"},{"floor":40,"key":"Torii"},{"floor":43,"key":"Nunchaku"},{"floor":46,"key":"Anchor"}],"event_choices":[{"cards_removed":["Defend_G"],"damage_healed":0,"gold_gain":0,"player_choice":"Card Removal","damage_taken":7,"max_hp_gain":0,"max_hp_loss":0,"event_name":"Golden Wing","floor":2,"gold_loss":0},{"damage_healed":0,"gold_gain":175,"player_choice":"AGREE","damage_taken":0,"max_hp_gain":0,"max_hp_loss":0,"event_name":"Liars Game","floor":3,"gold_loss":0,"cards_obtained":["Doubt"]},{"damage_healed":19,"gold_gain":0,"player_choice":"Healed","damage_taken":0,"max_hp_gain":0,"max_hp_loss":0,"event_name":"The Cleric","floor":5,"gold_loss":35},{"damage_healed":70,"gold_gain":0,"player_choice":"Full Heal","damage_taken":0,"max_hp_gain":0,"max_hp_loss":0,"event_name":"Wheel of Change","floor":13,"gold_loss":0},{"damage_healed":0,"gold_gain":0,"player_choice":"Got Potions","damage_taken":0,"max_hp_gain":0,"max_hp_loss":0,"event_name":"Lab","floor":19,"gold_loss":0},{"damage_healed":0,"gold_gain":0,"player_choice":"Joined the Cult","damage_taken":6,"max_hp_gain":0,"max_hp_loss":0,"event_name":"Nest","floor":25,"gold_loss":0,"cards_obtained":["RitualDagger"]},{"damage_healed":0,"gold_gain":0,"player_choice":"Became a vampire","damage_taken":0,"max_hp_gain":0,"max_hp_loss":24,"event_name":"Vampires","floor":29,"gold_loss":0,"cards_obtained":["Bite","Bite","Bite","Bite","Bite"]},{"damage_healed":0,"gold_gain":0,"player_choice":"Copied","damage_taken":0,"max_hp_gain":0,"max_hp_loss":0,"event_name":"Duplicator","floor":31,"gold_loss":0,"cards_obtained":["RitualDagger"]},{"damage_healed":0,"gold_gain":0,"player_choice":"Fight","damage_taken":0,"max_hp_gain":0,"max_hp_loss":0,"event_name":"MindBloom","floor":36,"gold_loss":0},{"damage_healed":0,"gold_gain":0,"player_choice":"0 cards matched","damage_taken":0,"max_hp_gain":0,"max_hp_loss":0,"event_name":"Match and Keep!","floor":37,"gold_loss":0,"cards_obtained":[]},{"damage_healed":0,"gold_gain":0,"player_choice":"Ignored","damage_taken":0,"max_hp_gain":0,"max_hp_loss":0,"event_name":"SecretPortal","floor":47,"gold_loss":0}],"is_beta":false,"boss_relics":[{"not_picked":["Busted Crown","Snecko Eye"],"picked":"Runic Pyramid"},{"not_picked":["Fusion Hammer","Philosopher\u0027s Stone"],"picked":"Coffee Dripper"}],"items_purged_floors":[20,38],"is_endless":false,"potions_floor_spawned":[1,7,11,16,18,21,36,39,40,44],"killed_by":"4 Shapes","ascension_level":3}}