{"host":"w4ub8crw9ou4a5am","time":1612735800,"event":{"mods":["2.2 Compatiblity","BaseMod","Hermit","Jorbs\u0027s Wanderer Trilogy","Marisa????????","Minty Spire (QoL Compilation)","Remilia??????","StSLib","The Animator","The Bug Knight","The Cursed","The Disciple","The Senshi","The Servant 0.9.4"],"gold_per_floor":[111,186,186,196,48,73,73,73,73,73,90,125,125,192,192,297,306,332,355,315,332,11,11,48,48,48,71,180,209,209,228,228,337,337,359,377,1376,159,168,168,180,180,180,221,64,86,95,111,111,111,111,111,46,80,80],"floor_reached":56,"language":"ENG","playtime":5184,"items_purged":[],"score":1250,"play_id":"2c3285d1-b0da-4dc9-82d6-dbb9039e7a12","local_time":"20210207171000","is_ascension_mode":false,"campfire_choices":[{"floor":7,"key":"REST"},{"floor":8,"key":"REST"},{"floor":10,"key":"REST"},{"data":"TheCursedMod:CircleOfBlood","floor":13,"key":"SMITH"},{"floor":15,"key":"REST"},{"floor":23,"key":"REST"},{"data":"TheCursedMod:LuckyCharm","floor":25,"key":"SMITH"},{"floor":32,"key":"RECALL"},{"data":"Apotheosis","floor":40,"key":"SMITH"},{"data":"TheCursedMod:UltimatePain","floor":42,"key":"SMITH"},{"data":"Dramatic Entrance","floor":49,"key":"SMITH"},{"data":"TheCursedMod:CursedStaff","floor":52,"key":"SMITH"}],"circlet_count":0,"master_deck":["TheCursedMod:Strike_TheCursed","TheCursedMod:Strike_TheCursed+1","TheCursedMod:Strike_TheCursed","TheCursedMod:Strike_TheCursed","TheCursedMod:Defend_TheCursed","TheCursedMod:Defend_TheCursed","TheCursedMod:Defend_TheCursed","TheCursedMod:Defend_TheCursed","TheCursedMod:CursedWand","TheCursedMod:CleanUpWorkshop","Parasite","TheCursedMod:CursedShiv","TheCursedMod:SpitefulStrike","TheCursedMod:HellfireBreathing","TheCursedMod:CursedAmulet","TheCursedMod:CircleOfBlood+1","TheCursedMod:CursedSpellbook","TheCursedMod:CursedRelics+1","CurseOfTheBell","TheCursedMod:WearCloak","TheCursedMod:DoubleShield","TheCursedMod:LuckyCharm+1","TheCursedMod:AbyssShockwave","TheCursedMod:Hemoplague","TheCursedMod:CursedShiv","TheCursedMod:EmpowerCircles+1","TheCursedMod:HellfireBreathing+1","TheCursedMod:UltimatePain+1","TheCursedMod:CursedMace","Apotheosis+1","Finesse","Mayhem+1","Dramatic Entrance+1","TheCursedMod:SurpriseAttack","TheCursedMod:CursedStaff+1","TheCursedMod:Hemoplague+1","Wraith","TheCursedMod:VitalStrike","TheCursedMod:HellfireBreathing+1","TheCursedMod:CircleOfBlood","TheCursedMod:CursedStaff+1","TheCursedMod:ReleasedKnowledge+1","Writhe","TheCursedMod:NeowsMight","TheCursedMod:SoulReap+1"],"relics":["TheCursedMod:BlackMagic101","WingedGreaves","Spirit Poop","Happy Flower","Juzu Bracelet","Singing Bowl","Kunai","CeramicFish","Calling Bell","Omamori","Meat on the Bone","Lizard Tail","AntiCross","Potion Belt","TheCursedMod:MagicCandle","Frozen Egg 2","Busted Crown","TheCursedMod:SoulVessel","Blue Candle","Sling","Pear","Mummified Hand","Whetstone"],"acts_visited":["Exordium","TheCity","TheBeyond","TheEnding"],"potions_floor_usage":[19,19,28,31,50,50,54],"damage_taken":[{"damage":6,"enemies":"2 Louse","floor":1,"turns":3},{"damage":0,"enemies":"Cultist","floor":4,"turns":3},{"damage":45,"enemies":"3 Sentries","floor":6,"turns":9},{"damage":0,"enemies":"Small Slimes","floor":11,"turns":3},{"damage":18,"enemies":"Gremlin Nob","floor":12,"turns":5},{"damage":18,"enemies":"Gremlin Nob","floor":14,"turns":4},{"damage":55,"enemies":"Hexaghost","floor":16,"turns":13},{"damage":32,"enemies":"3 Byrds","floor":18,"turns":6},{"damage":19,"enemies":"Chosen","floor":19,"turns":5},{"damage":10,"enemies":"Snake Plant","floor":21,"turns":5},{"damage":21,"enemies":"Gremlin Leader","floor":24,"turns":5},{"damage":18,"enemies":"Chosen and Byrds","floor":27,"turns":4},{"damage":7,"enemies":"Colosseum Slavers","floor":28,"turns":4},{"damage":17,"enemies":"Colosseum Nobs","floor":28,"turns":3},{"damage":18,"enemies":"Shelled Parasite and Fungi","floor":29,"turns":4},{"damage":20,"enemies":"Cultist and Chosen","floor":31,"turns":5},{"damage":29,"enemies":"Collector","floor":33,"turns":7},{"damage":22,"enemies":"3 Darklings","floor":35,"turns":4},{"damage":15,"enemies":"Orb Walker","floor":41,"turns":2},{"damage":11,"enemies":"Giant Head","floor":44,"turns":5},{"damage":8,"enemies":"Writhing Mass","floor":46,"turns":3},{"damage":7,"enemies":"Transient","floor":48,"turns":5},{"damage":80,"enemies":"Time Eater","floor":50,"turns":7},{"damage":45,"enemies":"Shield and Spear","floor":54,"turns":4},{"damage":89,"enemies":"The Heart","floor":55,"turns":7}],"seed_played":"7324044343890008657","potions_obtained":[{"floor":6,"key":"SmokeBomb"},{"floor":14,"key":"DuplicationPotion"},{"floor":16,"key":"GamblersBrew"},{"floor":18,"key":"ColorlessPotion"},{"floor":21,"key":"Weak Potion"},{"floor":33,"key":"SteroidPotion"},{"floor":35,"key":"Energy Potion"},{"floor":48,"key":"AttackPotion"}],"is_trial":false,"path_per_floor":["M","?","?","M","$","E","R","R","T","R","M","E","R","?","R","B",null,"M","M","?","M","$","R","E","R","T","M","?","M","?","M","R","B",null,"M","?","?","$","?","R","M","R","T","E","$","M","?","M","R","B",null,"R","$","E","B",null],"character_chosen":"THE_CURSED","items_purchased":["Happy Flower","AntiCross","TheCursedMod:LuckyCharm","TheCursedMod:SoulVessel","Blue Candle","Sling","Mayhem+1","Dramatic Entrance","TheCursedMod:SurpriseAttack","TheCursedMod:CursedStaff","TheCursedMod:Hemoplague+1","DistilledChaos","TheCursedMod:HellfireBreathing+1","TheCursedMod:CircleOfBlood","TheCursedMod:CursedStaff","TheCursedMod:NeowsMight"],"campfire_rested":5,"item_purchase_floors":[5,22,22,38,38,38,38,38,38,38,38,38,45,45,45,53],"current_hp_per_floor":[69,58,58,58,58,13,35,57,57,75,75,57,57,47,69,20,75,45,42,42,42,42,65,52,52,52,50,42,48,73,57,57,40,77,59,51,51,51,51,51,58,58,68,85,85,82,91,93,93,60,93,93,93,63,22],"gold":80,"neow_bonus":"ONE_RARE_RELIC","is_daily":false,"chose_seed":false,"campfire_upgraded":6,"win_rate":0.0,"timestamp":1612735800,"path_taken":["M","?","?","?","$","E","R","R","T","R","M","E","R","?","R","BOSS","M","M","?","M","$","R","E","R","T","M","?","M","?","M","R","BOSS","M","?","?","$","?","R","M","R","T","E","$","M","?","M","R","BOSS","R","$","E","BOSS"],"items_purchased_type":["Relic","Relic","Card","Relic","Relic","Relic","Card","Card","Card","Card","Card","Potion","Card","Card","Card","Card"],"build_version":"2020-12-22","purchased_purges":0,"victory":true,"max_hp_per_floor":[75,75,75,75,75,75,75,75,75,75,75,75,75,75,75,75,75,75,75,75,77,77,77,77,77,77,77,77,77,77,77,77,77,77,77,79,79,79,79,79,81,81,91,91,91,91,91,93,93,93,93,93,93,93,93],"card_choices":[{"not_picked":["TheCursedMod:VitalStrike","TheCursedMod:CircleOfWindfury"],"picked":"TheCursedMod:CursedShiv","floor":1},{"not_picked":["TheCursedMod:CursedBlade","TheCursedMod:TacticalStrike"],"picked":"TheCursedMod:SpitefulStrike","floor":4},{"not_picked":["TheCursedMod:TacticalStrike","TheCursedMod:CircleOfFlame"],"picked":"TheCursedMod:HellfireBreathing","floor":6},{"not_picked":["TheCursedMod:TacticalStrike","TheCursedMod:RavingStaff"],"picked":"TheCursedMod:CursedAmulet","floor":11},{"not_picked":["TheCursedMod:WearCloak","TheCursedMod:Evocation"],"picked":"TheCursedMod:CircleOfBlood","floor":12},{"not_picked":["TheCursedMod:StingEye","TheCursedMod:CircleOfFlame"],"picked":"TheCursedMod:CursedSpellbook","floor":14},{"not_picked":["TheCursedMod:OutForBlood","TheCursedMod:CircleOfAbyss"],"picked":"TheCursedMod:CursedRelics","floor":16},{"not_picked":["TheCursedMod:SaltUponWound","TheCursedMod:CursedMace"],"picked":"TheCursedMod:WearCloak","floor":18},{"not_picked":["TheCursedMod:Mangle","TheCursedMod:CircleOfCorruption"],"picked":"TheCursedMod:DoubleShield","floor":19},{"not_picked":["TheCursedMod:CircleOfWindfury","TheCursedMod:CircleOfFlame","TheCursedMod:WearCloak+1"],"picked":"Singing Bowl","floor":21},{"not_picked":["TheCursedMod:RapidMovement","TheCursedMod:RavingStaff"],"picked":"TheCursedMod:AbyssShockwave","floor":24},{"not_picked":["TheCursedMod:FleshFromBone","TheCursedMod:SaltUponWound"],"picked":"TheCursedMod:Hemoplague","floor":27},{"not_picked":["TheCursedMod:Stigma","TheCursedMod:Mangle"],"picked":"TheCursedMod:CursedShiv","floor":28},{"not_picked":["TheCursedMod:CursedShiv+1","TheCursedMod:SurpriseAttack"],"picked":"TheCursedMod:EmpowerCircles+1","floor":29},{"not_picked":["TheCursedMod:CursedShiv","TheCursedMod:RavingStaff"],"picked":"TheCursedMod:HellfireBreathing+1","floor":31},{"not_picked":["TheCursedMod:ForbiddenAlchemy","TheCursedMod:DarkBarrier"],"picked":"TheCursedMod:UltimatePain","floor":33},{"not_picked":[],"picked":"TheCursedMod:CursedMace","floor":35},{"not_picked":[],"picked":"Apotheosis","floor":36},{"not_picked":["Apotheosis"],"picked":"Singing Bowl","floor":36},{"not_picked":[],"picked":"Finesse","floor":36},{"not_picked":["TheCursedMod:BlessingInDisguise"],"picked":"Singing Bowl","floor":41},{"not_picked":[],"picked":"TheCursedMod:VitalStrike","floor":44},{"not_picked":[],"picked":"TheCursedMod:ReleasedKnowledge+1","floor":46},{"not_picked":["TheCursedMod:Torture"],"picked":"Singing Bowl","floor":48},{"not_picked":[],"picked":"TheCursedMod:SoulReap+1","floor":54}],"player_experience":1659971,"relics_obtained":[{"floor":6,"key":"Juzu Bracelet"},{"floor":9,"key":"Singing Bowl"},{"floor":12,"key":"Kunai"},{"floor":14,"key":"CeramicFish"},{"floor":17,"key":"Omamori"},{"floor":17,"key":"Meat on the Bone"},{"floor":17,"key":"Lizard Tail"},{"floor":24,"key":"Potion Belt"},{"floor":28,"key":"TheCursedMod:MagicCandle"},{"floor":28,"key":"Frozen Egg 2"},{"floor":43,"key":"Pear"},{"floor":44,"key":"Mummified Hand"},{"floor":54,"key":"Whetstone"}],"event_choices":[{"damage_healed":0,"gold_gain":75,"player_choice":"Gather Gold","damage_taken":11,"max_hp_gain":0,"max_hp_loss":0,"event_name":"World of Goop","floor":2,"gold_loss":0},{"cards_removed":["TheCursedMod:Dregs"],"damage_healed":0,"gold_gain":0,"player_choice":"Offered Curse","damage_taken":0,"relics_obtained":["Spirit Poop"],"max_hp_gain":0,"max_hp_loss":0,"event_name":"Bonfire Elementals","floor":3,"gold_loss":0},{"damage_healed":0,"gold_gain":30,"player_choice":"Searched \u00273\u0027 times","damage_taken":0,"max_hp_gain":0,"max_hp_loss":0,"event_name":"Dead Adventurer","floor":14,"gold_loss":0},{"damage_healed":0,"gold_gain":0,"player_choice":"Upgrade","damage_taken":0,"max_hp_gain":0,"max_hp_loss":0,"event_name":"Designer","floor":20,"gold_loss":40,"cards_upgraded":["TheCursedMod:CursedRelics"]},{"damage_healed":0,"gold_gain":0,"player_choice":"Fight","damage_taken":0,"max_hp_gain":0,"max_hp_loss":0,"event_name":"Colosseum","floor":28,"gold_loss":0},{"damage_healed":0,"gold_gain":0,"player_choice":"Fought Nobs","damage_taken":0,"max_hp_gain":0,"max_hp_loss":0,"event_name":"Colosseum","floor":28,"gold_loss":0},{"damage_healed":25,"gold_gain":0,"player_choice":"Heal","damage_taken":0,"max_hp_gain":0,"max_hp_loss":0,"event_name":"The Library","floor":30,"gold_loss":0},{"damage_healed":0,"gold_gain":0,"player_choice":"Memory 3","damage_taken":10,"max_hp_gain":0,"max_hp_loss":0,"event_name":"SensoryStone","floor":36,"gold_loss":0},{"damage_healed":0,"gold_gain":999,"player_choice":"Gold","damage_taken":0,"max_hp_gain":0,"max_hp_loss":0,"event_name":"MindBloom","floor":37,"gold_loss":0,"cards_obtained":["Normality","Normality"]},{"damage_healed":0,"gold_gain":0,"player_choice":"Ignored","damage_taken":0,"max_hp_gain":0,"max_hp_loss":0,"event_name":"OrinTheCat","floor":39,"gold_loss":0},{"damage_healed":23,"gold_gain":0,"player_choice":"Writhe","damage_taken":0,"max_hp_gain":0,"max_hp_loss":0,"event_name":"Winding Halls","floor":47,"gold_loss":0,"cards_obtained":["Writhe"]}],"is_beta":false,"boss_relics":[{"not_picked":["Black Star","Runic Pyramid"],"picked":"Calling Bell"},{"not_picked":["Empty Cage","Astrolabe"],"picked":"Busted Crown"}],"items_purged_floors":[],"is_endless":false,"potions_floor_spawned":[6,14,16,18,21,28,33,35,48],"ascension_level":0}}