{"host":"s41rn2jhghpwfrvz","time":1612680810,"event":{"mods":["BaseMod","Minty Spire (QoL Compilation)","Quick Restart","Relic Stats","SuperFastMode"],"gold_per_floor":[111,36,53,53,65,96,96,129,129,146,179,179,209,159,159,238,238,257,257,272,288,323,352,378,408,431,305,318,345,361,406,406,480,480,490,506,76,92,92,107,141,141,164,194,194,214,214,242,242,242,242,242,242,108,135,135],"floor_reached":57,"language":"ENG","playtime":1465,"items_purged":["Intimidate","Consecrate","Crippling Poison"],"score":3736,"play_id":"958a2ce7-a491-48ee-9bf6-cffe5acaa8a1","local_time":"20210207085330","daily_mods":["SealedDeck","Diverse","DeadlyEvents"],"is_ascension_mode":true,"campfire_choices":[{"data":"Body Slam","floor":7,"key":"SMITH"},{"data":"Body Slam","floor":15,"key":"SMITH"},{"data":"Dark Embrace","floor":32,"key":"SMITH"},{"floor":42,"key":"RECALL"},{"data":"Skim","floor":45,"key":"SMITH"},{"data":"Blur","floor":49,"key":"SMITH"},{"data":"Burning Pact","floor":53,"key":"SMITH"}],"circlet_count":0,"master_deck":["AscendersBane","Conserve Battery","Seeing Red","Body Slam+1","Burning Pact+1","Shrug It Off","TalkToTheHand+1","Body Slam+1","After Image","Dark Embrace+1","Skim+1","Blur+1","After Image"],"relics":["Burning Blood","Mummified Hand","HornCleat","Darkstone Periapt","Smiling Mask","Black Star","Centennial Puzzle","Art of War","Anchor","Incense Burner","Bronze Scales","Pantograph","Lantern","Bottled Lightning","Happy Flower","Tiny Chest","Orichalcum","Potion Belt","Busted Crown","Gremlin Horn","DollysMirror","Lizard Tail","Frozen Egg 2","Whetstone","Strawberry","White Beast Statue","The Courier","Meat on the Bone","Boot","Nunchaku","Bag of Marbles"],"acts_visited":["Exordium","TheCity","TheBeyond","TheEnding"],"potions_floor_usage":[6,10,11,56,56,56,56],"damage_taken":[{"damage":2,"enemies":"Jaw Worm","floor":1,"turns":3},{"damage":3,"enemies":"Small Slimes","floor":3,"turns":2},{"damage":0,"enemies":"2 Louse","floor":5,"turns":2},{"damage":41,"enemies":"Gremlin Nob","floor":6,"turns":4},{"damage":0,"enemies":"Lagavulin","floor":8,"turns":3},{"damage":7,"enemies":"Exordium Thugs","floor":10,"turns":3},{"damage":8,"enemies":"3 Sentries","floor":11,"turns":7},{"damage":0,"enemies":"Gremlin Nob","floor":13,"turns":3},{"damage":0,"enemies":"Slime Boss","floor":16,"turns":6},{"damage":4,"enemies":"2 Thieves","floor":18,"turns":3},{"damage":0,"enemies":"Spheric Guardian","floor":20,"turns":2},{"damage":0,"enemies":"3 Cultists","floor":21,"turns":4},{"damage":10,"enemies":"Book of Stabbing","floor":22,"turns":4},{"damage":11,"enemies":"Slavers","floor":23,"turns":4},{"damage":5,"enemies":"Gremlin Leader","floor":24,"turns":4},{"damage":1,"enemies":"Slavers","floor":25,"turns":2},{"damage":0,"enemies":"Snake Plant","floor":28,"turns":2},{"damage":0,"enemies":"Book of Stabbing","floor":29,"turns":2},{"damage":0,"enemies":"Cultist and Chosen","floor":30,"turns":3},{"damage":0,"enemies":"Automaton","floor":33,"turns":5},{"damage":0,"enemies":"3 Shapes","floor":35,"turns":2},{"damage":0,"enemies":"Orb Walker","floor":36,"turns":1},{"damage":0,"enemies":"Writhing Mass","floor":38,"turns":3},{"damage":0,"enemies":"Maw","floor":40,"turns":3},{"damage":0,"enemies":"Reptomancer","floor":41,"turns":3},{"damage":0,"enemies":"Giant Head","floor":44,"turns":3},{"damage":0,"enemies":"Transient","floor":46,"turns":3},{"damage":0,"enemies":"Reptomancer","floor":48,"turns":2},{"damage":0,"enemies":"Donu and Deca","floor":50,"turns":3},{"damage":0,"enemies":"Awakened One","floor":51,"turns":3},{"damage":0,"enemies":"Shield and Spear","floor":55,"turns":2},{"damage":0,"enemies":"The Heart","floor":56,"turns":5}],"seed_played":"2556806929424011095","potions_obtained":[{"floor":3,"key":"Energy Potion"},{"floor":6,"key":"DistilledChaos"},{"floor":8,"key":"LiquidBronze"},{"floor":10,"key":"Fruit Juice"},{"floor":18,"key":"Strength Potion"},{"floor":21,"key":"DuplicationPotion"},{"floor":33,"key":"Swift Potion"},{"floor":40,"key":"PowerPotion"},{"floor":48,"key":"DuplicationPotion"}],"is_trial":true,"path_per_floor":["M","$","M","?","M","E","R","E","T","M","E","?","E","$","R","B",null,"M","?","M","M","E","E","E","E","T","$","M","E","M","T","R","B",null,"M","M","$","M","T","M","E","R","T","E","R","M","?","E","R","B","B",null,"R","$","E","B",null],"character_chosen":"IRONCLAD","items_purchased":["Blur","Gremlin Horn","DollysMirror","Nunchaku"],"campfire_rested":0,"item_purchase_floors":[27,37,37,54],"current_hp_per_floor":[72,72,75,80,80,45,45,51,51,55,53,46,52,52,52,58,78,80,80,85,85,81,76,77,82,82,82,85,85,85,85,85,85,85,85,85,85,85,85,85,85,85,92,92,92,92,92,92,92,92,92,92,92,92,92,92],"gold":135,"neow_bonus":"","is_daily":false,"chose_seed":false,"campfire_upgraded":6,"win_rate":0.0,"timestamp":1612680810,"path_taken":["M","$","M","?","M","E","R","E","T","M","E","?","E","?","R","BOSS","M","?","M","M","?","E","?","E","T","?","M","E","?","?","R","BOSS","M","M","?","M","?","?","E","R","T","?","R","M","?","E","R","BOSS","BOSS","R","$","E","BOSS"],"items_purchased_type":["Card","Relic","Relic","Relic"],"build_version":"2020-12-22","purchased_purges":3,"victory":true,"max_hp_per_floor":[75,75,75,80,80,80,80,80,80,85,85,85,85,85,85,85,85,85,85,85,85,85,85,85,85,85,85,85,85,85,85,85,85,85,85,85,85,85,85,85,85,85,92,92,92,92,92,92,92,92,92,92,92,92,92,92],"relic_stats":{"Darkstone Periapt":0,"Happy Flower":[15],"Gremlin Horn":[13,13],"counters":[32,101],"Whetstone":["TalkToTheHand"],"Orichalcum":[0],"Smiling Mask":125,"Boot":[0],"Burning Blood":86,"Centennial Puzzle":[9],"Lizard Tail":0,"Nunchaku":[2],"Busted Crown":18,"Mummified Hand":[61],"Bronze Scales":[115],"Pantograph":0,"Tiny Chest":1,"Black Star":9,"Art of War":[1],"obtain_stats":[{"Darkstone Periapt":11,"Lantern":25,"Gremlin Horn":37,"Incense Burner":23,"Whetstone":41,"Smiling Mask":13,"Boot":48,"Burning Blood":0,"Centennial Puzzle":22,"Lizard Tail":39,"Nunchaku":54,"HornCleat":8,"Mummified Hand":6,"DollysMirror":37,"Pantograph":24,"Strawberry":43,"Tiny Chest":29,"Potion Belt":31,"Happy Flower":26,"The Courier":44,"Orichalcum":29,"Frozen Egg 2":41,"White Beast Statue":44,"Anchor":23,"Busted Crown":34,"Bronze Scales":24,"Black Star":17,"Art of War":22,"Bag of Marbles":55,"Bottled Lightning":25,"Meat on the Bone":48},{"Darkstone Periapt":7,"Lantern":16,"Gremlin Horn":22,"Incense Burner":14,"Whetstone":25,"Smiling Mask":8,"Boot":28,"Burning Blood":0,"Centennial Puzzle":13,"Lizard Tail":23,"Nunchaku":30,"HornCleat":5,"Mummified Hand":4,"DollysMirror":22,"Pantograph":15,"Strawberry":25,"Tiny Chest":18,"Potion Belt":19,"Happy Flower":16,"The Courier":26,"Orichalcum":18,"Frozen Egg 2":25,"White Beast Statue":26,"Anchor":14,"Busted Crown":20,"Bronze Scales":15,"Black Star":9,"Art of War":13,"Bag of Marbles":31,"Bottled Lightning":16,"Meat on the Bone":28},{"Darkstone Periapt":24,"Lantern":56,"Gremlin Horn":71,"Incense Burner":50,"Whetstone":80,"Smiling Mask":27,"Boot":88,"Burning Blood":0,"Centennial Puzzle":46,"Lizard Tail":74,"Nunchaku":94,"HornCleat":14,"Mummified Hand":11,"DollysMirror":71,"Pantograph":54,"Strawberry":80,"Tiny Chest":60,"Potion Belt":63,"Happy Flower":56,"The Courier":83,"Orichalcum":60,"Frozen Egg 2":80,"White Beast Statue":83,"Anchor":50,"Busted Crown":68,"Bronze Scales":54,"Black Star":33,"Art of War":46,"Bag of Marbles":96,"Bottled Lightning":56,"Meat on the Bone":88}],"Meat on the Bone":0},"card_choices":[{"not_picked":["Flex","Iron Wave","Halt"],"picked":"SKIP","floor":1},{"not_picked":["Second Wind","Sever Soul"],"picked":"TalkToTheHand","floor":3},{"not_picked":["Poisoned Stab","FlurryOfBlows","Anger"],"picked":"SKIP","floor":5},{"not_picked":["PathToVictory","ConjureBlade","Clash"],"picked":"SKIP","floor":6},{"not_picked":["Melter","Bane","SashWhip"],"picked":"SKIP","floor":8},{"not_picked":["Steam","Armaments"],"picked":"Body Slam","floor":10},{"not_picked":["Pray","Twin Strike","Tempest"],"picked":"SKIP","floor":11},{"not_picked":["BowlingBash","Riddle With Holes","Tempest"],"picked":"SKIP","floor":13},{"not_picked":["Brilliance","Night Terror"],"picked":"After Image","floor":16},{"not_picked":["Setup","Prepared","Fasting2"],"picked":"SKIP","floor":18},{"not_picked":["CrushJoints+1","Steam Power"],"picked":"Dark Embrace","floor":20},{"not_picked":["Dagger Spray","Perfected Strike","Clash+1"],"picked":"SKIP","floor":21},{"not_picked":["Outmaneuver","Endless Agony","Judgement"],"picked":"SKIP","floor":22},{"not_picked":["Compile Driver","CutThroughFate","Calculated Gamble"],"picked":"SKIP","floor":23},{"not_picked":["Catalyst","Anger","Intimidate"],"picked":"SKIP","floor":24},{"not_picked":["Clothesline","Prepared"],"picked":"Skim","floor":25},{"not_picked":["Turbo","SandsOfTime","True Grit+1"],"picked":"SKIP","floor":28},{"not_picked":["Gash","Coolheaded","Skewer"],"picked":"SKIP","floor":29},{"not_picked":["Cold Snap","Reinforced Body","Blade Dance"],"picked":"SKIP","floor":30},{"not_picked":["Prostrate"],"picked":"SKIP","floor":35},{"not_picked":["Eviscerate"],"picked":"SKIP","floor":36},{"not_picked":["CrushJoints"],"picked":"SKIP","floor":38},{"not_picked":["FollowUp"],"picked":"SKIP","floor":40},{"not_picked":["White Noise"],"picked":"SKIP","floor":41},{"not_picked":["Infinite Blades+1"],"picked":"SKIP","floor":44},{"not_picked":["Power Through"],"picked":"SKIP","floor":46},{"not_picked":["Finisher"],"picked":"SKIP","floor":48},{"not_picked":["Armaments"],"picked":"SKIP","floor":55}],"player_experience":1884448,"relics_obtained":[{"floor":6,"key":"Mummified Hand"},{"floor":8,"key":"HornCleat"},{"floor":11,"key":"Darkstone Periapt"},{"floor":13,"key":"Smiling Mask"},{"floor":22,"key":"Centennial Puzzle"},{"floor":22,"key":"Art of War"},{"floor":23,"key":"Anchor"},{"floor":23,"key":"Incense Burner"},{"floor":24,"key":"Bronze Scales"},{"floor":24,"key":"Pantograph"},{"floor":25,"key":"Lantern"},{"floor":25,"key":"Bottled Lightning"},{"floor":26,"key":"Happy Flower"},{"floor":29,"key":"Tiny Chest"},{"floor":29,"key":"Orichalcum"},{"floor":31,"key":"Potion Belt"},{"floor":39,"key":"Lizard Tail"},{"floor":41,"key":"Frozen Egg 2"},{"floor":41,"key":"Whetstone"},{"floor":43,"key":"Strawberry"},{"floor":44,"key":"White Beast Statue"},{"floor":44,"key":"The Courier"},{"floor":48,"key":"Meat on the Bone"},{"floor":48,"key":"Boot"},{"floor":55,"key":"Bag of Marbles"}],"event_choices":[{"damage_healed":0,"gold_gain":0,"player_choice":"Donut","damage_taken":0,"max_hp_gain":5,"max_hp_loss":0,"event_name":"Big Fish","floor":4,"gold_loss":0},{"cards_removed":["Quick Slash"],"damage_healed":0,"gold_gain":0,"player_choice":"Card Removal","damage_taken":7,"max_hp_gain":0,"max_hp_loss":0,"event_name":"Golden Wing","floor":12,"gold_loss":0},{"damage_healed":0,"gold_gain":0,"player_choice":"Ignored","damage_taken":0,"max_hp_gain":0,"max_hp_loss":0,"event_name":"Transmorgrifier","floor":19,"gold_loss":0},{"cards_removed":["Terror"],"damage_healed":0,"gold_gain":0,"player_choice":"Removed Skill","damage_taken":0,"max_hp_gain":0,"max_hp_loss":0,"event_name":"Falling","floor":47,"gold_loss":0}],"is_beta":false,"boss_relics":[{"not_picked":["Fusion Hammer","Coffee Dripper"],"picked":"Black Star"},{"not_picked":["Sozu","Tiny House"],"picked":"Busted Crown"}],"items_purged_floors":[2,14,27],"is_endless":false,"potions_floor_spawned":[3,6,8,10,18,21,23,29,33,40,41,46,48,55],"ascension_level":20}}