{"host":"u9h06qdlnp3wgzsw","time":1612678136,"event":{"mods":["Act Like it!","BaseMod","Conspire","Curses Come First","Downfall","Hallownest","Hermit","Hubris","Minty Spire (QoL Compilation)","Quick Restart","Rare Cards Sparkle","Replay The Spire","Shop Mod","StSLib","The Disciple","The Hierophant","The Servant 0.9.4"],"gold_per_floor":[13,13,33,45,45,45,55,70,70,70,70,70,70],"floor_reached":12,"language":"ENG","playtime":959,"items_purged":[],"score":95,"play_id":"f4f2a2b9-4a88-4981-8342-5e3e428c2b1c","local_time":"20210207010856","is_ascension_mode":false,"campfire_choices":[],"circlet_count":0,"master_deck":["Strike_R","Strike_R","Strike_R","Bash","Pummel","Anger","Hallownest:skillLeafShield","Hallownest:skillLeafShield","Hallownest:skillLeafShield","Hallownest:skillLeafShield","Hallownest:skillLeafShield"],"relics":["Burning Blood","Hallownest:DreamNailRelic","Letter Opener"],"acts_visited":["Exordium"],"potions_floor_usage":[7],"damage_taken":[{"damage":6,"enemies":"Hallownest:2_Baldur","floor":1,"turns":4},{"damage":1,"enemies":"Hallownest:monsterHuskWarrior","floor":3,"turns":4},{"damage":25,"enemies":"Hallownest:2_Tiktiks_1_Baldur_1_Crawlid","floor":4,"turns":12},{"damage":0,"enemies":"Hallownest:monsterAspidMother","floor":6,"turns":3},{"damage":27,"enemies":"Hallownest:1_Ooma_and_2_Uuma","floor":7,"turns":8},{"damage":37,"enemies":"Hallownest:2_Tiktiks_1_Baldur_1_Crawlid","floor":8,"turns":8},{"damage":20,"enemies":"Hallownest:eliteMossKnight","floor":12,"turns":5}],"seed_played":"5060775921606494458","potions_obtained":[{"floor":3,"key":"Swift Potion"},{"floor":7,"key":"champ:CounterPotion"}],"is_trial":false,"path_per_floor":["M","?","?","M","?","M","M","M","T","?","?","E"],"character_chosen":"IRONCLAD","items_purchased":[],"campfire_rested":0,"item_purchase_floors":[],"current_hp_per_floor":[80,80,80,61,61,67,46,15,15,15,15,0,0],"gold":70,"neow_bonus":"REMOVE_TWO","is_daily":false,"chose_seed":false,"campfire_upgraded":0,"win_rate":0.0,"timestamp":1612678136,"path_taken":["M","?","?","M","?","M","?","M","T","?","?","E"],"items_purchased_type":[],"build_version":"2020-12-22","purchased_purges":0,"victory":false,"max_hp_per_floor":[80,80,80,80,80,80,80,80,80,80,80,80,80],"card_choices":[{"not_picked":["Iron Wave","Sword Boomerang","hubris:CleavingFinish"],"picked":"SKIP","floor":1},{"not_picked":["Shrug It Off","ReplayTheSpireMod:Strike From Hell"],"picked":"Pummel","floor":3},{"not_picked":["ReplayTheSpireMod:LeadingStrike","Twin Strike"],"picked":"Anger","floor":4},{"not_picked":["True Grit","Iron Wave","Infernal Blade"],"picked":"SKIP","floor":6},{"not_picked":["Perfected Strike","Havoc","Thunderclap"],"picked":"SKIP","floor":7},{"not_picked":["Pommel Strike","Headbutt","Uppercut"],"picked":"SKIP","floor":8}],"player_experience":1025397,"relics_obtained":[{"floor":9,"key":"Letter Opener"}],"event_choices":[],"is_beta":false,"boss_relics":[],"items_purged_floors":[],"is_endless":false,"potions_floor_spawned":[3,7],"killed_by":"Hallownest:eliteMossKnight","ascension_level":0}}