{"host":"2qyxu97h6u4ukicb","time":1612657151,"event":{"mods":["AchievementEnabler","BaseMod","BetterRewards","Colored Map","Colored Powertips","Minty Spire (QoL Compilation)","Replay The Spire","Shop Mod","StSLib"],"gold_per_floor":[117,117,117,171,186,186,136,136,136,154,171,171,171,183,183,278,278,293,61,61,47,146,46,46],"floor_reached":23,"language":"ENG","playtime":1888,"items_purged":["ReplayTheSpireMod:Splinters"],"score":179,"play_id":"651f7f75-03c8-4c26-a50a-3b49945564a9","local_time":"20210206181911","is_ascension_mode":false,"campfire_choices":[{"data":"Accuracy","floor":6,"key":"SMITH"},{"data":"Cloak And Dagger","floor":8,"key":"SMITH"},{"data":"Poisoned Stab","floor":13,"key":"SMITH"},{"data":"Deadly Poison","floor":15,"key":"SMITH"}],"circlet_count":0,"master_deck":["Strike_G","Strike_G+1","Strike_G","Strike_G","Strike_G","Defend_G","Defend_G","Defend_G","Defend_G","Defend_G+1","Survivor","Neutralize+1","Cloak And Dagger+1","Dash","Accuracy+1","Cloak And Dagger+1","Poisoned Stab+1","Hidden Blade","Deadly Poison+1","CommonCold","Outmaneuver+1","Decay"],"relics":["Ring of the Snake","NeowsBlessing","Pen Nib","Replay:Ancient Bell","Simple Rune","Singing Bowl","The Specimen","MerchantsRug"],"acts_visited":["Exordium","TheCity"],"potions_floor_usage":[16,16,21,21,23,23],"damage_taken":[{"damage":0,"enemies":"Small Slimes","floor":1,"turns":1},{"damage":0,"enemies":"2 Louse","floor":5,"turns":1},{"damage":0,"enemies":"Jaw Worm","floor":10,"turns":1},{"damage":6,"enemies":"Large Slime","floor":11,"turns":2},{"damage":1,"enemies":"Exordium Thugs","floor":14,"turns":4},{"damage":53,"enemies":"Fading Forest","floor":16,"turns":11},{"damage":27,"enemies":"3 Byrds","floor":18,"turns":5},{"damage":10,"enemies":"2 Thieves","floor":21,"turns":4},{"damage":43,"enemies":"Gremlin Leader","floor":23,"turns":3}],"seed_played":"5603274591241739543","potions_obtained":[{"floor":5,"key":"Milkshake"},{"floor":14,"key":"Strength Potion"},{"floor":16,"key":"Strength Potion"},{"floor":18,"key":"EntropicBrew"}],"is_trial":false,"path_per_floor":["M","?","?","?","M","R","?","R","T","M","M","$","R","M","R","B",null,"M","$","?","M","?","E"],"character_chosen":"THE_SILENT","items_purchased":["MerchantsRug"],"campfire_rested":0,"item_purchase_floors":[19],"current_hp_per_floor":[70,70,70,70,70,70,70,70,70,70,64,64,64,63,63,10,76,49,49,49,41,41,0,0],"gold":46,"neow_bonus":"THREE_ENEMY_KILL","is_daily":false,"chose_seed":false,"campfire_upgraded":4,"win_rate":0.0,"timestamp":1612657151,"path_taken":["M","?","?","?","?","R","?","R","T","M","M","$","R","M","R","BOSS","M","$","?","M","?","E"],"items_purchased_type":["Relic"],"build_version":"2020-12-22","purchased_purges":1,"victory":false,"max_hp_per_floor":[70,70,70,70,70,70,70,70,70,70,70,70,70,70,70,70,76,76,76,76,78,78,78,78],"card_choices":[{"not_picked":["Quick Slash","Caltrops"],"picked":"Cloak And Dagger","floor":1},{"not_picked":["ReplayTheSpireMod:The Works","Dagger Throw"],"picked":"Dash","floor":4},{"not_picked":["Underhanded Strike","Bane"],"picked":"Accuracy","floor":4},{"not_picked":["Dagger Throw","PiercingWail"],"picked":"Cloak And Dagger","floor":5},{"not_picked":["Toxin Wave","Outmaneuver"],"picked":"Poisoned Stab","floor":10},{"not_picked":["Deflect","ReplayTheSpireMod:Tripwire"],"picked":"Hidden Blade","floor":11},{"not_picked":["Outmaneuver","A Thousand Cuts"],"picked":"Deadly Poison","floor":14},{"not_picked":["Looming Evil","CommonCold","ReplayTheSpireMod:Splinters"],"picked":"Singing Bowl","floor":17},{"not_picked":["ReplayTheSpireMod:Splinters","Looming Evil","Voices"],"picked":"Singing Bowl","floor":17},{"not_picked":["ReplayTheSpireMod:Faulty Equipment","Amnesia","ReplayTheSpireMod:IOU"],"picked":"Singing Bowl","floor":17},{"not_picked":["Acrobatics","ReplayTheSpireMod:Shiv Toss"],"picked":"Outmaneuver+1","floor":18},{"not_picked":["Acrobatics","Skewer","Dagger Throw"],"picked":"Singing Bowl","floor":21}],"player_experience":788694,"relics_obtained":[{"floor":4,"key":"Pen Nib"}],"event_choices":[{"damage_healed":0,"gold_gain":0,"player_choice":"Grow","damage_taken":0,"max_hp_gain":0,"max_hp_loss":0,"event_name":"Living Wall","floor":3,"gold_loss":0,"cards_upgraded":["Cloak And Dagger"]},{"cards_removed":["ReplayTheSpireMod:Splinters"],"damage_healed":0,"gold_gain":0,"player_choice":"Card Removal","damage_taken":0,"max_hp_gain":0,"max_hp_loss":0,"event_name":"The Cleric","floor":7,"gold_loss":50},{"damage_healed":0,"gold_gain":0,"player_choice":"Smashed Altar","damage_taken":0,"max_hp_gain":0,"max_hp_loss":0,"event_name":"Forgotten Altar","floor":20,"gold_loss":0,"cards_obtained":["Decay"]},{"damage_healed":0,"gold_gain":99,"player_choice":"Stole From Cult","damage_taken":0,"max_hp_gain":0,"max_hp_loss":0,"event_name":"Nest","floor":22,"gold_loss":0}],"is_beta":false,"boss_relics":[{"not_picked":["Snecko Scales","Tiny House"],"picked":"Replay:Ancient Bell"},{"not_picked":["Pet Ghost","Ancient Tea Set"],"picked":"Simple Rune"},{"not_picked":["Replay:WaspNest","Mummified Hand"],"picked":"Singing Bowl"},{"not_picked":["Counterbalance","Tough Bandages"],"picked":"The Specimen"}],"items_purged_floors":[19],"is_endless":false,"potions_floor_spawned":[5,14,16,18],"killed_by":"Gremlin Leader","ascension_level":0}}