{"host":"37oqtghf9y5f3cz2","time":1612660923,"event":{"mods":["2.2 Compatiblity","AchievementEnabler","Act Like it!","Ascension Reborn","BaseMod","Better Altar","Better Match","Better Note","Better Sensory Stone","Better Skull","Better Third Choice","Better Vampires","BetterRewards","Colored Map","Colored Powertips","Downfall","Hermit","Hubris","Infinite Spire","Marked Mod","Minty Spire (QoL Compilation)","Permanent Neow","Quick Restart","Red Circlet Mod","Relic Stats","Replay The Spire","Retaliation","Shop Mod","Spicy Shops","StSLib","SuperFastMode","The Blackbeard","The Blue Laboratory","Transform Curses"],"gold_per_floor":[218,230,247,247,262,289,301,318,318,318,32,46,46,76,76,176,176,191,116,134,149,160,160,160],"floor_reached":23,"language":"ENG","playtime":1382,"items_purged":[],"score":197,"play_id":"9253212d-6973-475c-a0f4-34ded1038b67","local_time":"20210206172203","is_ascension_mode":false,"campfire_choices":[{"floor":13,"key":"RECALL"},{"floor":15,"key":"REST"}],"circlet_count":0,"master_deck":["Strike_R","Strike_R","Strike_R","Strike_R","Strike_R","Defend_R","Defend_R","Defend_R","Defend_R","Bash","DDmod:SpikedSkill","hubris:ReadiedAction","Iron Wave","Rage","Searing Blow","Seeing Red","Immolate+1","Rage","Anger","Juggernaut","Metallicize","Panache","DDmod:SpikedSkill","Heavy Blade+1","Feed","Flame Barrier"],"relics":["Burning Blood","Pondfish Scales","infinitespire:WardingShard","Vajra","Electric Blood"],"acts_visited":["Exordium","TheCity"],"potions_floor_usage":[6,16,16,16,22],"damage_taken":[{"damage":12,"enemies":"Small Slimes","floor":1,"turns":5},{"damage":8,"enemies":"2 Louse","floor":2,"turns":3},{"damage":5,"enemies":"Jaw Worm","floor":3,"turns":5},{"damage":13,"enemies":"Lots of Slimes","floor":5,"turns":3},{"damage":35,"enemies":"Gremlin Nob","floor":6,"turns":4},{"damage":3,"enemies":"Large Slime","floor":7,"turns":6},{"damage":1,"enemies":"Exordium Wildlife","floor":8,"turns":4},{"damage":0,"enemies":"3 Louse","floor":12,"turns":5},{"damage":35,"enemies":"The Guardian","floor":16,"turns":13},{"damage":30,"enemies":"2 Thieves","floor":18,"turns":4},{"damage":11,"enemies":"3 Byrds","floor":20,"turns":5},{"damage":22,"enemies":"Centurion and Healer","floor":21,"turns":7},{"damage":31,"enemies":"Snake Plant","floor":22,"turns":6},{"damage":11,"enemies":"Replay:Snechameleon","floor":23,"turns":3}],"seed_played":"-7815286889684662057","potions_obtained":[{"floor":3,"key":"DuplicationPotion"},{"floor":6,"key":"blueLaboratory:RememoryPotion"},{"floor":7,"key":"Strength Potion"},{"floor":12,"key":"EssenceOfSteel"},{"floor":21,"key":"blueLaboratory:LouseDecoction"},{"floor":22,"key":"Elixir"}],"is_trial":false,"path_per_floor":["M","M","M","?","M","E","M","M","T","?","$","M","R","?","R","B",null,"M","?","M","M","M","E"],"character_chosen":"IRONCLAD","items_purchased":["infinitespire:WardingShard","Rage"],"campfire_rested":1,"item_purchase_floors":[11,11],"current_hp_per_floor":[74,72,73,73,66,37,40,45,45,45,45,51,51,51,75,46,80,56,56,51,35,10,0,0],"gold":160,"neow_bonus":"HUNDRED_GOLD","is_daily":false,"chose_seed":false,"campfire_upgraded":0,"win_rate":0.0,"timestamp":1612660923,"path_taken":["M","M","M","?","M","E","M","M","T","?","$","M","R","?","R","BOSS","M","?","?","M","M","E"],"items_purchased_type":["Relic","Card"],"build_version":"2020-12-22","purchased_purges":0,"victory":false,"max_hp_per_floor":[80,80,80,80,80,80,80,80,80,80,80,80,80,80,80,80,80,80,80,80,80,80,80,80],"relic_stats":{"counters":[14,72],"obtain_stats":[{"Pondfish Scales":6,"infinitespire:WardingShard":11,"Vajra":14,"Electric Blood":17,"Burning Blood":0},{"Pondfish Scales":5,"infinitespire:WardingShard":7,"Vajra":8,"Electric Blood":9,"Burning Blood":0},{"Pondfish Scales":20,"infinitespire:WardingShard":30,"Vajra":35,"Electric Blood":48,"Burning Blood":0}],"Burning Blood":78},"card_choices":[{"not_picked":["Dual Wield","Iron Wave"],"picked":"Cleave","floor":1},{"not_picked":["Defy Death","DDmod:PokeAttack"],"picked":"DDmod:SpikedSkill","floor":2},{"not_picked":["Bloodletting","Body Slam"],"picked":"hubris:ReadiedAction","floor":3},{"not_picked":["Thunderclap","Clash"],"picked":"Iron Wave","floor":5},{"not_picked":["Hemokinesis","Thunderclap"],"picked":"Rage","floor":6},{"not_picked":["Defy Death","True Grit"],"picked":"Searing Blow","floor":7},{"not_picked":["Clash","Havoc"],"picked":"Seeing Red","floor":8},{"not_picked":["Ghostly Armor","Twin Strike"],"picked":"Anger","floor":12},{"not_picked":["Impervious","DDmod:PlatedThornsSkill"],"picked":"Juggernaut","floor":16},{"not_picked":["Carnage","DDmod:EasePowerCard"],"picked":"Metallicize","floor":18},{"not_picked":["ReplayTheSpireMod:Brewmster","Midas Touch"],"picked":"Panache","floor":19},{"not_picked":["True Grit","Replay:Undeath\u0027s Touch"],"picked":"DDmod:SpikedSkill","floor":19},{"not_picked":["Bloodletting+1","Disarm+1"],"picked":"Heavy Blade+1","floor":20},{"not_picked":["Havoc","DDmod:CallousedSkill"],"picked":"Feed","floor":21},{"not_picked":["Blood for Blood","Entrench"],"picked":"Flame Barrier","floor":22}],"player_experience":2049160,"relics_obtained":[{"floor":6,"key":"Pondfish Scales"}],"event_choices":[{"damage_healed":0,"gold_gain":0,"player_choice":"Ignored","damage_taken":0,"max_hp_gain":0,"max_hp_loss":0,"event_name":"Golden Wing","floor":4,"gold_loss":0},{"damage_healed":0,"gold_gain":30,"player_choice":"Searched \u00272\u0027 times","damage_taken":0,"relics_obtained":["Vajra"],"max_hp_gain":0,"max_hp_loss":0,"event_name":"Dead Adventurer","floor":14,"gold_loss":0},{"damage_healed":0,"gold_gain":0,"player_choice":"1","damage_taken":0,"max_hp_gain":0,"max_hp_loss":0,"event_name":"betterMatch:BetterMatch","floor":19,"gold_loss":0,"cards_obtained":["betterMatch:ColorlessRareCard","betterMatch:CommonCard"]}],"is_beta":false,"boss_relics":[{"not_picked":["Replay:Drink Me","hubris:Stopwatch"],"picked":"Electric Blood"}],"items_purged_floors":[],"is_endless":false,"potions_floor_spawned":[3,6,7,12,21,22],"killed_by":"Replay:Snechameleon","ascension_level":0}}