{"host":"jvd5k9mqzerszifx","time":1612681117,"event":{"mods":["AchievementEnabler","Act Like it!","BaseMod","Bestiary","Better Note","Better Third Choice","Colored Map","Colored Powertips","Conspire","DeckTracker","Gensokyo","GungeonMod","Hallownest","Hermit","Hubris","Infinite Spire","Jorbs\u0027s Wanderer Trilogy","Koishi","Marisa（F雨　魔理沙）","Minty Spire (QoL Compilation)","MostiFishMod","Relic Stats","Replay The Spire","Reworked Bosses","Spicy Shops","StSLib","The Administrix","The Bug Knight","The Cursed","The Hierophant","The Jungle","The Servant 0.9.4","【功能Mod】聪明的最终Boss"],"gold_per_floor":[122,122,158,158,252,320,320,390,438,63,89,89,89,159,159,365,365,403,69,99,649,677,677,65,65,113,13,45,77,77,105,105,385,385,495,495,609,609,609,763,763,917,917,1077,363,485,629,743,767,791,791],"floor_reached":50,"language":"ZHS","playtime":2687,"items_purged":[],"score":1367,"play_id":"3c7ec4bc-ec40-4de6-bb56-d6aae95aa794","local_time":"20210207145837","is_ascension_mode":true,"campfire_choices":[{"data":"hermit:Strike_Hermit","floor":7,"key":"PURGE"},{"data":"hermit:Strike_Hermit","floor":7,"key":"PURGE"},{"data":"hermit:Strike_Hermit","floor":7,"key":"PURGE"},{"data":"hermit:Defend_Hermit","floor":7,"key":"PURGE"},{"data":"hermit:Defend_Hermit","floor":7,"key":"PURGE"},{"data":"hermit:Defend_Hermit","floor":7,"key":"PURGE"},{"data":"hermit:Snapshot","floor":7,"key":"SMITH"},{"data":"hermit:Strike_Hermit","floor":7,"key":"SMITH"},{"data":"hermit:Defend_Hermit","floor":7,"key":"SMITH"},{"data":"hermit:Covet","floor":7,"key":"SMITH"},{"data":"MostiFishMod:ButterFly","floor":7,"key":"SMITH"},{"data":"hermit:WideOpen","floor":7,"key":"SMITH"},{"data":"hermit:CursedWeapon","floor":7,"key":"SMITH"},{"floor":7,"key":"REST"},{"floor":7,"key":"RECALL"},{"data":"hermit:Feint","floor":15,"key":"SMITH"},{"data":"hermit:Dive","floor":15,"key":"SMITH"},{"data":"hermit:Deadeye","floor":15,"key":"SMITH"},{"data":"hermit:Defend_Hermit+1","floor":15,"key":"PURGE"},{"data":"hermit:Strike_Hermit+1","floor":15,"key":"PURGE"},{"floor":15,"key":"REST"},{"floor":15,"key":"REST"},{"data":"hermit:Quickdraw","floor":23,"key":"SMITH"},{"data":"hermit:BigShot","floor":23,"key":"SMITH"},{"data":"hermit:Quickdraw","floor":23,"key":"SMITH"},{"data":"hermit:Coalescence","floor":23,"key":"SMITH"},{"data":"hermit:CursedWeapon","floor":23,"key":"SMITH"},{"floor":23,"key":"REST"},{"data":"hermit:HighCaliber","floor":30,"key":"SMITH"},{"data":"Bandage Up","floor":30,"key":"SMITH"},{"data":"hermit:HighCaliber+1","floor":30,"key":"PURGE"},{"floor":30,"key":"REST"},{"floor":30,"key":"REST"},{"data":"hermit:Coalescence","floor":32,"key":"SMITH"},{"floor":32,"key":"REST"},{"floor":41,"key":"REST"},{"floor":41,"key":"REST"},{"data":"hermit:Horror","floor":49,"key":"SMITH"},{"data":"hermit:Snapshot+1","floor":49,"key":"PURGE"},{"data":"hermit:Quickdraw+1","floor":49,"key":"PURGE"},{"floor":49,"key":"REST"},{"floor":49,"key":"REST"},{"floor":49,"key":"REST"}],"circlet_count":0,"master_deck":["AscendersBane","hermit:Covet+1","MostiFishMod:ButterFly+1","hermit:WideOpen+1","hermit:CursedWeapon+1","hermit:Dissolve+1","hermit:Feint+1","hermit:Dive+1","hermit:Deadeye+1","hermit:Quickdraw+1","hermit:BigShot+1","hermit:Reprieve+1","hermit:Coalescence+1","hermit:CursedWeapon+1","Bandage Up+1","hermit:Brawl+1","hermit:Coalescence+1","hermit:PistolWhip+1","hermit:Gambit+1","hermit:Determination+1","infinitespire:FutureSight+1","hermit:Gestalt+1","hermit:Quickdraw+1","hermit:WideOpen+1","hermit:Horror+1","hermit:EyeOfTheStorm+1","hermit:EyeOfTheStorm"],"relics":["hermit:Momento","Peace Pipe","Ginger","Turnip","Unceasing Top","Omamori","Ice Cream","The Courier","Medical Kit","WingedGreaves","HandDrill","Frozen Eye","Blue Candle","BrkXgEgg","DaveBox","GreenFoldingFan","SynthV:TestCard","Ring of Peace","ReplayTheSpireMod:Ring of Challenge","Nunchaku","conspire:TopHat","Dream Catcher","DemoMod:GnawedKey","HollowMod:LifeEnderRelic","Sling","Gensokyo:LunaticRedEyes","DemoMod:Orange","FeatherPendant","Singing Bowl","Replay:Baseball","Blue Doll","Bag of Marbles","PreservedInsect","Replay:Wax Seal","Bottled Lightning","Orichalcum","Bottled Flame","SlaversCollar","TimeFreeze","BionicSphere","Ornamental Fan","Anchor","Replay:Bottled Snecko","Letter Opener","hubris:EmptyBottle","Oddly Smooth Stone","Thread and Needle","Darkstone Periapt","Pen Nib","MawBank"],"acts_visited":["Gensokyo:Gensokyo","TheCity","TheBeyond"],"potions_floor_usage":[33,50,50,50],"damage_taken":[{"damage":4,"enemies":"Gensokyo:Gryphon","floor":1,"turns":2},{"damage":4,"enemies":"Gensokyo:Python","floor":3,"turns":2},{"damage":4,"enemies":"Gensokyo:Mamizou","floor":6,"turns":3},{"damage":22,"enemies":"Gensokyo:Cirno","floor":8,"turns":5},{"damage":6,"enemies":"Gensokyo:3_Fairies","floor":11,"turns":3},{"damage":8,"enemies":"Gensokyo:Mamizou","floor":14,"turns":4},{"damage":6,"enemies":"Gensokyo:Reimu","floor":16,"turns":3},{"damage":0,"enemies":"Chosen","floor":18,"turns":1},{"damage":6,"enemies":"3 Byrds","floor":20,"turns":2},{"damage":4,"enemies":"Snake Plant","floor":22,"turns":1},{"damage":2,"enemies":"Centurion and Healer","floor":28,"turns":1},{"damage":8,"enemies":"3 Cultists","floor":29,"turns":2},{"damage":6,"enemies":"Chosen and Byrds","floor":31,"turns":1},{"damage":12,"enemies":"Automaton","floor":33,"turns":3},{"damage":12,"enemies":"3 Darklings","floor":35,"turns":1},{"damage":10,"enemies":"Orb Walker","floor":37,"turns":1},{"damage":6,"enemies":"Giant Head","floor":40,"turns":1},{"damage":4,"enemies":"Reptomancer","floor":42,"turns":1},{"damage":4,"enemies":"HollowMod:StalkingDevout","floor":44,"turns":1},{"damage":4,"enemies":"Transient","floor":46,"turns":1},{"damage":2,"enemies":"4 Shapes","floor":47,"turns":1},{"damage":8,"enemies":"infinitespire:Three Voidlings","floor":48,"turns":2},{"damage":285,"enemies":"Time Eater","floor":50,"turns":21}],"seed_played":"8221145516416688384","potions_obtained":[{"floor":6,"key":"SkillPotion"},{"floor":8,"key":"BlessingOfTheForge"},{"floor":16,"key":"FairyPotion"},{"floor":20,"key":"hermit:BlackBile"},{"floor":29,"key":"Elixir"},{"floor":33,"key":"SpeedPotion"}],"is_trial":false,"path_per_floor":["M","?","M","?","T","E","R","E","T","$","M","?","?","E","R","B",null,"M","$","M","?","M","R","$","?","T","$","M","M","R","M","R","B",null,"M","AVR","M","?","?","E","R","E","T","E","$","M","M","?","R","B"],"character_chosen":"HERMIT","items_purchased":["DemoMod:GnawedKey","HollowMod:LifeEnderRelic","Sling","Singing Bowl","Replay:Baseball","Blue Doll","Bag of Marbles","PreservedInsect","Replay:Wax Seal","Bottled Lightning","Bottled Flame","hubris:EmptyBottle","Oddly Smooth Stone","Thread and Needle","Darkstone Periapt","Pen Nib"],"campfire_rested":12,"item_purchase_floors":[10,10,10,19,19,24,24,24,24,24,27,45,45,45,45,45],"current_hp_per_floor":[75,75,75,75,75,75,75,63,63,63,71,64,64,82,87,87,87,87,87,87,87,87,89,89,89,89,89,91,91,91,91,93,93,93,93,93,95,95,95,97,97,97,97,99,99,101,101,101,103,0,0],"gold":791,"neow_bonus":"RANDOM_COLORLESS","is_daily":false,"chose_seed":false,"campfire_upgraded":19,"win_rate":0.0,"timestamp":1612681117,"path_taken":["M","?","?","?","?","E","R","E","T","?","?","?","?","E","R","BOSS","M","$","?","?","?","R","$","?","T","?","?","?","R","M","R","BOSS","M","AVR","M","?","?","E","R","E","T","E","$","?","M","?","R","BOSS"],"items_purchased_type":["Relic","Relic","Relic","Relic","Relic","Relic","Relic","Relic","Relic","Relic","Relic","Relic","Relic","Relic","Relic","Relic"],"build_version":"2020-12-22","purchased_purges":0,"victory":false,"max_hp_per_floor":[75,75,75,75,75,75,75,75,75,75,75,75,75,87,87,87,87,87,87,87,87,87,89,89,89,89,89,91,91,91,91,93,93,93,93,93,95,95,95,97,97,97,97,99,99,101,101,101,103,101,101],"relic_stats":{"Darkstone Periapt":0,"Singing Bowl":16,"counters":[23,63],"Blue Candle":[6],"PreservedInsect":253,"Pen Nib":[12],"Ginger":[66],"Letter Opener":[213],"Orichalcum":[12],"Medical Kit":[6],"MawBank":96,"Peace Pipe":15,"Nunchaku":[28],"Dream Catcher":11,"Ornamental Fan":[156],"Turnip":[0],"HandDrill":[36],"obtain_stats":[{"Ice Cream":0,"DemoMod:GlassGuonStoneRelic":3,"Ginger":0,"Sling":10,"GreenFoldingFan":0,"HandDrill":0,"Replay:Wax Seal":24,"DemoMod:Orange":14,"Blue Candle":0,"Oddly Smooth Stone":45,"Pen Nib":45,"Letter Opener":44,"TimeFreeze":36,"SlaversCollar":34,"Replay:Baseball":19,"Bottled Flame":27,"BionicSphere":40,"hermit:Momento":0,"Unceasing Top":0,"Darkstone Periapt":45,"DaveBox":0,"Singing Bowl":19,"Blue Doll":24,"hubris:EmptyBottle":45,"conspire:TopHat":8,"Gensokyo:LunaticRedEyes":13,"Frozen Eye":0,"Nunchaku":6,"Dream Catcher":9,"Ring of Peace":4,"WingedGreaves":0,"DemoMod:GnawedKey":10,"Replay:Bottled Snecko":43,"HollowMod:LifeEnderRelic":10,"Thread and Needle":45,"The Courier":0,"BrkXgEgg":0,"PreservedInsect":24,"Omamori":0,"Orichalcum":26,"Medical Kit":0,"MawBank":46,"Peace Pipe":0,"Anchor":42,"SynthV:TestCard":1,"FeatherPendant":17,"Ornamental Fan":40,"Turnip":0,"Bag of Marbles":24,"Bottled Lightning":24,"ReplayTheSpireMod:Ring of Challenge":4},{"Ice Cream":0,"DemoMod:GlassGuonStoneRelic":2,"Ginger":0,"Sling":4,"GreenFoldingFan":0,"HandDrill":0,"Replay:Wax Seal":10,"DemoMod:Orange":6,"Blue Candle":0,"Oddly Smooth Stone":19,"Pen Nib":19,"Letter Opener":19,"TimeFreeze":15,"SlaversCollar":14,"Replay:Baseball":8,"Bottled Flame":10,"BionicSphere":17,"hermit:Momento":0,"Unceasing Top":0,"Darkstone Periapt":19,"DaveBox":0,"Singing Bowl":8,"Blue Doll":10,"hubris:EmptyBottle":19,"conspire:TopHat":4,"Gensokyo:LunaticRedEyes":5,"Frozen Eye":0,"Nunchaku":3,"Dream Catcher":4,"Ring of Peace":2,"WingedGreaves":0,"DemoMod:GnawedKey":4,"Replay:Bottled Snecko":18,"HollowMod:LifeEnderRelic":4,"Thread and Needle":19,"The Courier":0,"BrkXgEgg":0,"PreservedInsect":10,"Omamori":0,"Orichalcum":10,"Medical Kit":0,"MawBank":20,"Peace Pipe":0,"Anchor":18,"SynthV:TestCard":1,"FeatherPendant":7,"Ornamental Fan":17,"Turnip":0,"Bag of Marbles":10,"Bottled Lightning":10,"ReplayTheSpireMod:Ring of Challenge":2},{"Ice Cream":0,"DemoMod:GlassGuonStoneRelic":4,"Ginger":0,"Sling":12,"GreenFoldingFan":0,"HandDrill":0,"Replay:Wax Seal":26,"DemoMod:Orange":19,"Blue Candle":0,"Oddly Smooth Stone":38,"Pen Nib":38,"Letter Opener":38,"TimeFreeze":34,"SlaversCollar":33,"Replay:Baseball":23,"Bottled Flame":26,"BionicSphere":36,"hermit:Momento":0,"Unceasing Top":0,"Darkstone Periapt":38,"DaveBox":0,"Singing Bowl":23,"Blue Doll":26,"hubris:EmptyBottle":38,"conspire:TopHat":12,"Gensokyo:LunaticRedEyes":15,"Frozen Eye":0,"Nunchaku":7,"Dream Catcher":12,"Ring of Peace":4,"WingedGreaves":0,"DemoMod:GnawedKey":12,"Replay:Bottled Snecko":37,"HollowMod:LifeEnderRelic":12,"Thread and Needle":38,"The Courier":0,"BrkXgEgg":0,"PreservedInsect":26,"Omamori":0,"Orichalcum":26,"Medical Kit":0,"MawBank":39,"Peace Pipe":0,"Anchor":37,"SynthV:TestCard":2,"FeatherPendant":22,"Ornamental Fan":36,"Turnip":0,"Bag of Marbles":26,"Bottled Lightning":26,"ReplayTheSpireMod:Ring of Challenge":4}],"Unceasing Top":[58]},"card_choices":[{"not_picked":["Enlightenment","Madness"],"picked":"MostiFishMod:ButterFly","floor":0},{"not_picked":["hermit:Feint","hermit:HighCaliber"],"picked":"hermit:WideOpen","floor":1},{"not_picked":["hermit:Spite","hermit:Manifest","hermit:Malice","hermit:PistolWhip"],"picked":"hermit:CursedWeapon","floor":3},{"not_picked":["hermit:ShadowCloak","hermit:BodyArmor","hermit:GhostlyPresence","hermit:Shortfuse"],"picked":"hermit:Dissolve+1","floor":6},{"not_picked":["hermit:HighCaliber","hermit:NoHoldsBarred","hermit:Manifest","hermit:ItchyTrigger"],"picked":"hermit:Feint","floor":8},{"not_picked":["hermit:Coalescence","hermit:Vantage","hermit:SprayPray","hermit:EyeOfTheStorm"],"picked":"hermit:Dive","floor":11},{"not_picked":["hermit:Shortfuse","hermit:Enervate","hermit:Dive","hermit:FromBeyond+1"],"picked":"hermit:Deadeye","floor":14},{"not_picked":["hermit:CursedWeapon","hermit:Feint","hermit:TrackingShot","hermit:PistolWhip"],"picked":"hermit:Quickdraw","floor":15},{"not_picked":["hermit:Spite","hermit:HighCaliber","hermit:Snipe","hermit:Feint"],"picked":"hermit:BigShot","floor":15},{"not_picked":["hermit:Adapt+1","hermit:RoundhouseKick+1","hermit:DeadOrAlive+1","hermit:Dissolve+1"],"picked":"hermit:Reprieve+1","floor":16},{"not_picked":["hermit:TrackingShot","hermit:BodyArmor","hermit:ItchyTrigger+1","hermit:Manifest"],"picked":"hermit:Quickdraw","floor":18},{"not_picked":["hermit:PistolWhip","hermit:NoHoldsBarred+1","hermit:Scavenge","hermit:Virtue"],"picked":"hermit:Coalescence","floor":20},{"not_picked":["hermit:WideOpen","hermit:BigShot","hermit:Midnight+1","hermit:HighCaliber"],"picked":"hermit:CursedWeapon","floor":22},{"not_picked":["hermit:WideOpen","hermit:TakeCover","hermit:Desperado","hermit:Feint","hermit:DeadMansHand"],"picked":"Singing Bowl","floor":23},{"not_picked":["hermit:Manifest","hermit:Scavenge","hermit:TakeCover+1","hermit:Malice","hermit:LowProfile+1"],"picked":"Singing Bowl","floor":28},{"not_picked":["hermit:CursedWeapon","hermit:BodyArmor","hermit:NoHoldsBarred","hermit:Headshot"],"picked":"hermit:Brawl+1","floor":29},{"not_picked":["hermit:HighCaliber","hermit:Dive+1","hermit:LowProfile","hermit:LoneWolf"],"picked":"hermit:Coalescence","floor":30},{"not_picked":["hermit:HoleUp+1","hermit:EternalForm+1","hermit:SprayPray","hermit:Enervate"],"picked":"hermit:PistolWhip+1","floor":31},{"not_picked":["hermit:HighCaliber","hermit:SprayPray","hermit:Feint","hermit:DeadMansHand","hermit:CalledShot"],"picked":"Singing Bowl","floor":32},{"not_picked":["hermit:Reprieve+1","hermit:Adapt+1","hermit:HighNoon+1","hermit:Magnum+1"],"picked":"hermit:Gambit+1","floor":33},{"not_picked":["hermit:BodyArmor","hermit:EyeOfTheStorm","hermit:Scavenge+1","hermit:NoHoldsBarred+1"],"picked":"hermit:Determination+1","floor":35},{"not_picked":["hermit:Scavenge","hermit:Ricochet+1","hermit:CalledShot","hermit:Showdown+1","hermit:ShadowCloak"],"picked":"Singing Bowl","floor":37},{"not_picked":["hermit:TrackingShot+1","hermit:Vantage","hermit:OverwhelmingPower+1","hermit:Combo","hermit:Feint+1"],"picked":"Singing Bowl","floor":40},{"not_picked":["hermit:LuckOfTheDraw","hermit:ItchyTrigger+1","hermit:Scavenge+1","hermit:Dive"],"picked":"hermit:Gestalt+1","floor":41},{"not_picked":["hermit:Headshot+1","hermit:Manifest","hermit:CalledShot","hermit:Scavenge+1"],"picked":"hermit:Quickdraw+1","floor":41},{"not_picked":["hermit:Spite","hermit:Showdown+1","hermit:HeroicBravado+1","hermit:LowProfile+1"],"picked":"hermit:WideOpen+1","floor":42},{"not_picked":["hermit:ItchyTrigger","hermit:Quickdraw+1","hermit:Manifest","hermit:HighNoon+1","hermit:CursedWeapon"],"picked":"Singing Bowl","floor":44},{"not_picked":["hermit:LowProfile+1","hermit:HeroicBravado+1","hermit:DeadMansHand+1","hermit:BigShot","hermit:Misfire"],"picked":"Singing Bowl","floor":46},{"not_picked":["hermit:HoleUp+1","hermit:Cheat+1","hermit:ShadowCloak+1","hermit:Malice"],"picked":"hermit:Horror","floor":47},{"not_picked":["hermit:Feint+1","hermit:Vantage+1","hermit:GhostlyPresence","hermit:DeadMansHand+1","hermit:LowProfile+1"],"picked":"Singing Bowl","floor":49},{"not_picked":["hermit:BodyArmor+1","hermit:Midnight+1","hermit:Feint+1","hermit:Snipe+1"],"picked":"hermit:EyeOfTheStorm+1","floor":49},{"not_picked":["hermit:WideOpen+1","hermit:Vantage","hermit:Coalescence","hermit:HoleUp+1"],"picked":"hermit:EyeOfTheStorm","floor":49}],"player_experience":344481,"relics_obtained":[{"floor":1,"key":"SynthV:TestCard"},{"floor":4,"key":"Ring of Peace"},{"floor":4,"key":"ReplayTheSpireMod:Ring of Challenge"},{"floor":6,"key":"Nunchaku"},{"floor":8,"key":"conspire:TopHat"},{"floor":9,"key":"Dream Catcher"},{"floor":14,"key":"DemoMod:Orange"},{"floor":26,"key":"Orichalcum"},{"floor":40,"key":"BionicSphere"},{"floor":40,"key":"Ornamental Fan"},{"floor":42,"key":"Anchor"},{"floor":43,"key":"Replay:Bottled Snecko"},{"floor":44,"key":"Letter Opener"},{"floor":46,"key":"MawBank"}],"event_choices":[{"damage_healed":0,"gold_gain":275,"player_choice":"Desecrate","damage_taken":0,"max_hp_gain":0,"max_hp_loss":0,"event_name":"Golden Shrine","floor":21,"gold_loss":0,"cards_obtained":["Regret"]},{"damage_healed":0,"gold_gain":0,"player_choice":"2 cards matched","damage_taken":0,"max_hp_gain":0,"max_hp_loss":0,"event_name":"Match and Keep!","floor":25,"gold_loss":0,"cards_obtained":["hermit:HighCaliber","Bandage Up"]},{"damage_healed":0,"gold_gain":0,"player_choice":"Ignored","damage_taken":0,"max_hp_gain":0,"max_hp_loss":0,"event_name":"Upgrade Shrine","floor":39,"gold_loss":0}],"is_beta":false,"boss_relics":[{"not_picked":["Honey Jar","conspire:SpecialSausage"],"picked":"FeatherPendant"},{"not_picked":["Astrolabe","hubris:GrandSneckoEye"],"picked":"SlaversCollar"}],"items_purged_floors":[],"is_endless":false,"potions_floor_spawned":[6,8,16,20,29,33,37,44,47],"killed_by":"Time Eater","ascension_level":10}}