{"host":"i73ch23exsqar74a","time":1612729561,"event":{"mods":["AchievementEnabler","Aspiration","Astrologer","Bard","Bartender","BaseMod","Beaked The Cultist","Better Sensory Stone","CCEM2","CapriCore","Challenge The Spire","ChefMod","Chen","Colored Map","Colored Powertips","Conjunction","Conspire","Downfall","Fireblade Mod","FutureSeer","GifTheSpireLib","Glutton Mod","Gremlin Mod","Halation","Hermit","Highlight Path","HololiveMod","Hubris","Infinite Spire","Jedi Mod","Lobotomy","LobotomyExtend","Luminous","Marked Mod","Minty Spire (QoL Compilation)","Prisma Mod","Quarter Circle Forward PUNCH!","Quick Restart","Random Character Button","RatMod","Relic Sorter","Reliquary","Replay The Spire","SOS???????","Shade Mod","Spicy Shops","Spikes Relics","Spire Arcade","StSLib","Stuff the Spire","The Alterego","The Animator","The Bug Knight","The Construct","The Cursed","The Druid","The Exalted","The Immortal","The Judge","The Poker Player","The Sage","The Wild Card","TheHero","TheSwordswoman","TheVacant","TheVelvet","Thieving Mod","Yuri Mod","???Mod??????Boss","???mod?????"],"gold_per_floor":[118,138,138,152,167,167,202,202,202,228,228,228,253,269,269,366,366,377,377,377,393,413,446,446,478,478,496,496,496,503,523,523,606,606,616,25,45,63,73,73,90,116,116,143,159,159,189,189,189,189,189],"floor_reached":50,"language":"ENG","playtime":1788,"items_purged":[],"score":1068,"play_id":"b2216612-0e51-4c78-8435-798bc9332677","local_time":"20210208002601","is_ascension_mode":true,"campfire_choices":[{"data":"FireBladeMod:SmokeInTheEyes","floor":6.0,"key":"SMITH"},{"data":"FireBladeMod:FireBarrier","floor":8.0,"key":"SMITH"},{"data":"FireBladeMod:ScorchingStrike","floor":11.0,"key":"SMITH"},{"data":"FireBladeMod:ThirstForBlood","floor":15.0,"key":"SMITH"},{"data":"FireBladeMod:DeathBlade","floor":24.0,"key":"SMITH"},{"data":"FireBladeMod:ThirstForBlood","floor":28.0,"key":"SMITH"},{"floor":32.0,"key":"REST"},{"data":"FireBladeMod:ThirstForBlood","floor":40,"key":"SMITH"},{"data":"FireBladeMod:LightningCombo","floor":46,"key":"SMITH"},{"data":"FireBladeMod:Shove","floor":49,"key":"SMITH"}],"circlet_count":0,"master_deck":["infinitespire:Punishment+1","FireBladeMod:StrikeFireBlade","FireBladeMod:DefendFireBlade","FireBladeMod:DefendFireBlade","FireBladeMod:DefendFireBlade","FireBladeMod:DefendFireBlade","FireBladeMod:FlamingSword","FireBladeMod:FireBarrier+1","FireBladeMod:SoulStrike","FireBladeMod:BackhandSwing","Masterful Stab","Neutralize","Eviscerate","FireBladeMod:SmokeInTheEyes+1","FireBladeMod:ScorchingStrike+1","FireBladeMod:ComplexAttack","StuffTheSpire:CuriosityCurse","FireBladeMod:ThirstForBlood+1","FireBladeMod:DeathBlade+1","FireBladeMod:ScorchingCleave","FireBladeMod:StingingSlash","FireBladeMod:ThirstForBlood+1","FireBladeMod:Turtle+1","FireBladeMod:SoulStrike+1","FireBladeMod:ThirstForBlood+1","FireBladeMod:SteadyEndurance+1","FireBladeMod:ComboCleave+1","FireBladeMod:LightningCombo+1","FireBladeMod:Ignition","FireBladeMod:SmokySwing","FireBladeMod:ThirdDegree","FireBladeMod:Shove+1","FireBladeMod:Unbalance+1","FireBladeMod:ComplexAttack+1","FireBladeMod:QuickJabs","FireBladeMod:Reposition"],"relics":["FireBladeMod:DuelistLocket","reliquary:FerryPass","qcfpunch:Not_Strongest_Fighting_Style_Guidebook","LetterFromLob","reliquary:RosewoodLute","aspiration:FrozenJewel","ReplayTheSpireMod:Lightbulb","Smiling Mask","StuffTheSpire:Barrel","Replay:Cursed D8","Ring of Peace","Ring of Panic","Hololive_LightStick","StuffTheSpire:HeavyRock","Ornamental Fan","Gaze_r","LaetitiaHeart","Sandwich","Dead Branch","ReplayTheSpireMod:TigerMarble","Happy Flower","ZombieTooth","Bromod:ArcaneAvenger","reliquary:SilkGlove"],"acts_visited":["Exordium","TheCity","TheBeyond"],"potions_floor_usage":[47],"damage_taken":[{"damage":0.0,"enemies":"Cultist","floor":1.0,"turns":2.0},{"damage":0.0,"enemies":"infinitespire:Voidling","floor":2.0,"turns":2.0},{"damage":0.0,"enemies":"Small Slimes","floor":4.0,"turns":2.0},{"damage":1.0,"enemies":"conspire:2 RoseBushes","floor":5.0,"turns":3.0},{"damage":6.0,"enemies":"Replay:BlueRogue","floor":7.0,"turns":3.0},{"damage":0.0,"enemies":"Gremlin Nob","floor":10.0,"turns":2.0},{"damage":0.0,"enemies":"Blue Slaver","floor":14.0,"turns":1.0},{"damage":0.0,"enemies":"Slime Boss","floor":16.0,"turns":2.0},{"damage":0.0,"enemies":"Chosen","floor":18.0,"turns":1.0},{"damage":22.0,"enemies":"Snake Plant","floor":21.0,"turns":3.0},{"damage":0.0,"enemies":"Centurion and Healer","floor":22.0,"turns":4.0},{"damage":0.0,"enemies":"Slavers","floor":23.0,"turns":3.0},{"damage":8.0,"enemies":"Replay:Snechameleon","floor":25.0,"turns":3.0},{"damage":0.0,"enemies":"Sentry and Sphere","floor":27.0,"turns":2.0},{"damage":0.0,"enemies":"conspire:Head Lice","floor":29.0,"turns":1.0},{"damage":4.0,"enemies":"Snake Plant","floor":30.0,"turns":4.0},{"damage":0.0,"enemies":"Centurion and Healer","floor":31.0,"turns":2.0},{"damage":0.0,"enemies":"Automaton","floor":33.0,"turns":6.0},{"damage":0,"enemies":"3 Darklings","floor":35,"turns":3},{"damage":0,"enemies":"3 Shapes","floor":37,"turns":2},{"damage":0,"enemies":"3 Darklings","floor":38,"turns":3},{"damage":0,"enemies":"Writhing Mass","floor":39,"turns":4},{"damage":0,"enemies":"4 Shapes","floor":41,"turns":3},{"damage":0,"enemies":"Nemesis","floor":42,"turns":3},{"damage":0,"enemies":"Giant Head","floor":44,"turns":4},{"damage":0,"enemies":"Sphere and 2 Shapes","floor":45,"turns":2},{"damage":0,"enemies":"Reptomancer","floor":47,"turns":3},{"damage":80,"enemies":"Awakened One","floor":50,"turns":7}],"seed_played":"7455500180962306523","potions_obtained":[{"floor":4.0,"key":"BlessingOfTheForge"},{"floor":5.0,"key":"Dexterity Potion"},{"floor":7.0,"key":"FearPotion"},{"floor":21.0,"key":"Dexterity Potion"},{"floor":27.0,"key":"Fruit Juice"},{"floor":37,"key":"Explosive Potion"}],"is_trial":false,"path_per_floor":["M","M","?","M","M","R","E","R","T","E","R","?","T","M","R","B",null,"M","?","?","M","M","E","R","E","T","M","R","E","M","M","R","B",null,"M","$","M","M","M","R","M","E","T","E","M","R","E","?","R","B"],"character_chosen":"THE_FIREBLADE","items_purchased":["Dead Branch","FireBladeMod:SmokySwing","ReplayTheSpireMod:TigerMarble","FireBladeMod:ThirdDegree"],"campfire_rested":1,"item_purchase_floors":[36,36,36,36],"current_hp_per_floor":[70,70,70,70,69,69,63,63,63,63,63,63,63,63,63,63,68,68,68,68,46,46,46,46,38,38,46,46,49,45,45,68,68,76,76,76,78,78,78,78,78,78,78,78,78,78,78,78,78,0,0],"gold":189,"neow_bonus":"RANDOM_COMMON_RELIC","is_daily":false,"chose_seed":false,"campfire_upgraded":9,"win_rate":0.0,"timestamp":1612729561,"path_taken":["M","M","?","?","M","R","E","R","T","E","R","?","?","M","R","BOSS","M","?","?","?","M","E","R","E","T","M","R","E","M","?","R","BOSS","M","$","M","M","M","R","M","E","T","E","M","R","E","?","R","BOSS"],"items_purchased_type":["Relic","Card","Relic","Card"],"build_version":"2020-12-22","purchased_purges":0,"victory":false,"max_hp_per_floor":[70,70,70,70,70,70,70,70,70,70,70,70,70,70,70,70,70,70,70,70,70,70,70,70,70,70,78,78,78,78,78,78,78,78,78,78,78,78,78,78,78,78,78,78,78,78,78,78,78,78,78],"card_choices":[{"not_picked":["FireBladeMod:ScorchingStrike","FireBladeMod:StunningBlow"],"picked":"FireBladeMod:SoulStrike","floor":1.0},{"not_picked":["FireBladeMod:SteadyEndurance","FireBladeMod:Shove"],"picked":"FireBladeMod:BackhandSwing","floor":2.0},{"not_picked":["FireBladeMod:ArmSmash","FireBladeMod:ComplexAttack"],"picked":"FireBladeMod:SmokeInTheEyes","floor":4.0},{"not_picked":["FireBladeMod:DoubleDash","FireBladeMod:RapidDodges"],"picked":"FireBladeMod:ScorchingStrike","floor":5.0},{"not_picked":["FireBladeMod:Blitzkreig","FireBladeMod:BackhandSwing","FireBladeMod:IronEndurance"],"picked":"SKIP","floor":7.0},{"not_picked":["FireBladeMod:HealthyEndurance","FireBladeMod:QuickJabs"],"picked":"FireBladeMod:ComplexAttack","floor":10.0},{"not_picked":["FireBladeMod:ComplexDefense","FireBladeMod:Turtle"],"picked":"FireBladeMod:ThirstForBlood","floor":14.0},{"not_picked":["FireBladeMod:RapidHits","FireBladeMod:GlassGreatsword"],"picked":"FireBladeMod:DeathBlade","floor":16.0},{"not_picked":["FireBladeMod:BasicSmash","FireBladeMod:IronEndurance"],"picked":"FireBladeMod:ScorchingCleave","floor":18.0},{"not_picked":["FireBladeMod:SteadyEndurance","FireBladeMod:WellPrepared"],"picked":"FireBladeMod:StingingSlash","floor":21.0},{"not_picked":["FireBladeMod:Flames+1","FireBladeMod:SmokeInTheEyes"],"picked":"FireBladeMod:ThirstForBlood","floor":22.0},{"not_picked":["FireBladeMod:WellPrepared","FireBladeMod:LearnTells"],"picked":"FireBladeMod:Turtle+1","floor":23.0},{"not_picked":["FireBladeMod:DoubleDash","FireBladeMod:Robust"],"picked":"FireBladeMod:SoulStrike+1","floor":25.0},{"not_picked":["FireBladeMod:SmashingEndurance","FireBladeMod:ComboSlashes"],"picked":"FireBladeMod:ThirstForBlood","floor":27.0},{"not_picked":["FireBladeMod:BasicSmash+1","FireBladeMod:ScorchingCleave"],"picked":"FireBladeMod:SteadyEndurance+1","floor":30.0},{"not_picked":["FireBladeMod:SmashingEndurance","FireBladeMod:BattleStamina"],"picked":"FireBladeMod:ComboCleave+1","floor":31.0},{"not_picked":["FireBladeMod:DeathBlade","FireBladeMod:Blitzkreig"],"picked":"FireBladeMod:Ignition","floor":33.0},{"not_picked":["FireBladeMod:BackhandSwing","FireBladeMod:BasicSmash+1","FireBladeMod:AbsorbEnergy+1"],"picked":"SKIP","floor":35},{"not_picked":["FireBladeMod:ComplexAttack","FireBladeMod:FlashBang","FireBladeMod:SmashingEndurance"],"picked":"SKIP","floor":37},{"not_picked":["FireBladeMod:Robust","FireBladeMod:Tempo+1"],"picked":"FireBladeMod:Shove","floor":38},{"not_picked":["FireBladeMod:IronEndurance+1","FireBladeMod:ArmSmash"],"picked":"FireBladeMod:Unbalance+1","floor":39},{"not_picked":["FireBladeMod:Flames+1","FireBladeMod:Feint+1"],"picked":"FireBladeMod:ComplexAttack+1","floor":41},{"not_picked":["FireBladeMod:SmokeScreen+1","FireBladeMod:HellFire"],"picked":"FireBladeMod:QuickJabs","floor":42},{"not_picked":["FireBladeMod:ThirdDegree+1","FireBladeMod:StingingSlash","FireBladeMod:QuickJabs"],"picked":"SKIP","floor":44},{"not_picked":["FireBladeMod:SmashingEndurance","FireBladeMod:IronEndurance+1","FireBladeMod:Tempo"],"picked":"SKIP","floor":45},{"not_picked":["FireBladeMod:WellPrepared","FireBladeMod:ComboCleave"],"picked":"FireBladeMod:Reposition","floor":47}],"player_experience":1415785,"relics_obtained":[{"floor":1.0,"key":"LetterFromLob"},{"floor":7.0,"key":"reliquary:RosewoodLute"},{"floor":9.0,"key":"aspiration:FrozenJewel"},{"floor":10.0,"key":"ReplayTheSpireMod:Lightbulb"},{"floor":13.0,"key":"StuffTheSpire:Barrel"},{"floor":20.0,"key":"Ring of Peace"},{"floor":20.0,"key":"Ring of Panic"},{"floor":23.0,"key":"Hololive_LightStick"},{"floor":25.0,"key":"StuffTheSpire:HeavyRock"},{"floor":26.0,"key":"Ornamental Fan"},{"floor":42,"key":"Happy Flower"},{"floor":43,"key":"ZombieTooth"},{"floor":44,"key":"reliquary:FerryPass"},{"floor":47,"key":"Bromod:ArcaneAvenger"}],"event_choices":[{"damage_healed":0,"gold_gain":0,"player_choice":"Gave Potion","damage_taken":0,"relics_obtained":["reliquary:SilkGlove"],"max_hp_gain":0,"max_hp_loss":0,"event_name":"WeMeetAgain","floor":48,"gold_loss":0}],"is_beta":false,"boss_relics":[{"not_picked":["beaked:MawFillet","CCEMRelics:ExpiredCReal"],"picked":"Replay:Cursed D8"},{"not_picked":["StuffTheSpire:Kangaroo","Cursed Key"],"picked":"Sandwich"}],"items_purged_floors":[],"is_endless":false,"potions_floor_spawned":[4,5,7,16,21,27,29,37,38,41,42],"killed_by":"Awakened One","ascension_level":5}}