{"host":"1zjc08c6hob33401","time":1612723815,"event":{"mods":["AchievementEnabler","Act Like it!","Aspiration","BaseMod","Downfall","Elementarium","Energized Spire","Evolution","Friendly Minions","Gensokyo","GifTheSpireLib","Hubris","Infinite Spire","Jedi Mod","Menagerie","Minty Spire (QoL Compilation)","Pale of the Ancients","Quick Restart","Reliquary","Replay The Spire","Retaliation","Shop Mod","Spicy Shops","Spire Arcade","StS++","StSLib","Stuff the Spire","The Blue Laboratory","Wandering Minibosses","??????REMEMod"],"gold_per_floor":[119,119,137,152,163,163,198,209,209,236,236,0,0,16,16,16,16],"floor_reached":16,"language":"RUS","playtime":628,"items_purged":["Pain"],"score":224,"play_id":"ca69c07e-713a-4736-9710-232ae88f2bb0","local_time":"20210207205015","is_ascension_mode":true,"campfire_choices":[{"data":"Doom and Gloom","floor":6,"key":"SMITH"},{"data":"Double Energy","floor":11,"key":"SMITH"},{"data":"BootSequence","floor":15,"key":"SMITH"}],"circlet_count":0,"master_deck":["AscendersBane","Sweeping Beam","Sweeping Beam","Sweeping Beam","Sweeping Beam","Defend_B","Defend_B","Defend_B","Defend_B","Zap","Dualcast","bronze:AlphaBuild+1","Compile Driver","Beam Cell","Conserve Battery","Doom and Gloom+1","Undo","Double Energy+1","BootSequence+1","Capacitor","Ball Lightning"],"relics":["Cracked Core","EVO:Axolotl","REME_ComplimentaryCards","Gensokyo:LunaticRedEyes","Sundial","infinitespire:CheckeredPen","StSpp:Monolith","Strawberry"],"acts_visited":["Gensokyo:Gensokyo"],"potions_floor_usage":[16],"damage_taken":[{"damage":0,"enemies":"Gensokyo:Python","floor":1,"turns":2},{"damage":0,"enemies":"Gensokyo:Gryphon","floor":3,"turns":2},{"damage":0,"enemies":"Gensokyo:2_Kodama","floor":4,"turns":2},{"damage":0,"enemies":"Gensokyo:LivingMonolith","floor":5,"turns":3},{"damage":19,"enemies":"Gensokyo:Mamizou","floor":7,"turns":7},{"damage":3,"enemies":"Gensokyo:Kitsune","floor":8,"turns":3},{"damage":14,"enemies":"Gensokyo:Aya","floor":10,"turns":5},{"damage":0,"enemies":"Gensokyo:3_Kodama","floor":14,"turns":2},{"damage":36,"enemies":"Gensokyo:Kokoro","floor":16,"turns":6}],"seed_played":"2084749274985638471","potions_obtained":[{"floor":4,"key":"Swift Potion"},{"floor":7,"key":"sneckomod:MuddlingPotion"}],"is_trial":false,"path_per_floor":["M","?","M","M","M","R","E","M","T","E","R","$","?","M","R","B"],"character_chosen":"DEFECT","items_purchased":["Strawberry","Capacitor"],"campfire_rested":0,"item_purchase_floors":[12,12],"current_hp_per_floor":[64,64,64,64,64,64,45,42,42,28,28,35,35,35,35,0,0],"gold":16,"neow_bonus":"UPGRADE_CARD","is_daily":false,"chose_seed":false,"campfire_upgraded":3,"win_rate":0.0,"timestamp":1612723815,"path_taken":["M","?","M","M","M","R","E","M","T","E","R","$","?","M","R","BOSS"],"items_purchased_type":["Relic","Card"],"build_version":"2020-12-22","purchased_purges":1,"victory":false,"max_hp_per_floor":[71,71,71,71,71,71,71,71,71,71,71,78,78,78,78,78,78],"card_choices":[{"not_picked":["Reinforced Body","StuffTheSpire:LoadUp"],"picked":"Compile Driver","floor":1},{"not_picked":["Aggregate","Redo"],"picked":"Beam Cell","floor":3},{"not_picked":["Rebound","Stack"],"picked":"Conserve Battery","floor":4},{"not_picked":["Cold Snap","Turbo"],"picked":"Doom and Gloom","floor":5},{"not_picked":["StuffTheSpire:NuclearReactor","Hello World"],"picked":"Undo","floor":7},{"not_picked":["jedi:BurstFrost","Panic Button"],"picked":"Double Energy","floor":8},{"not_picked":["BasicCrystalCard","StSpp:Fierceness"],"picked":"BootSequence","floor":10},{"not_picked":["jedi:BurstFrost","Steam"],"picked":"Ball Lightning","floor":14}],"player_experience":731519,"relics_obtained":[{"floor":7,"key":"Sundial"},{"floor":9,"key":"infinitespire:CheckeredPen"},{"floor":10,"key":"StSpp:Monolith"}],"event_choices":[],"is_beta":false,"boss_relics":[],"items_purged_floors":[12],"is_endless":false,"potions_floor_spawned":[4,7],"killed_by":"Gensokyo:Kokoro","ascension_level":19}}