{"host":"zs3tguvuxkh90jf4","time":1612722751,"event":{"mods":["AchievementEnabler","BaseMod","Better Silent Start","Better-Laid Plans","BetterRewards","Block Reminder","Colored Map","Colored Powertips","Gold Saver","Minty Spire (QoL Compilation)","Shop Mod","StSLib","Transform Curses"],"gold_per_floor":[3019,3038,1850,1868,1071,1089,1108,1108,1108,1108,1124,1146,1173,1185,1185,1262,1262,1280,1772,1772,1790,1790,1790,1821,1791,1791,1820,1833,881,881,896,896,972,972,990,990,990,990],"floor_reached":37,"language":"ENG","playtime":1839,"items_purged":["Defend_G","Strike_G","Strike_G","Defend_G"],"score":802,"play_id":"4be34ee2-bfd3-4158-abb5-e7f697509583","local_time":"20210207103231","is_ascension_mode":true,"campfire_choices":[{"floor":8.0,"key":"REST"},{"floor":10.0,"key":"RECALL"},{"floor":15.0,"key":"REST"},{"data":"After Image","floor":23,"key":"SMITH"},{"floor":32,"key":"REST"}],"circlet_count":0,"master_deck":["AscendersBane","Strike_G","Strike_G","Defend_G","Defend_G","Survivor+1","Neutralize","Dagger Spray","Bane","Deadly Poison+1","Outmaneuver","Sucker Punch","PiercingWail","Accuracy","Dodge and Roll","Good Instincts","Terror","Caltrops","Blade Dance","Poisoned Stab","Finisher","Cloak And Dagger+1","Deflect+1","After Image+1","Distraction+1","Distraction+1","Adrenaline+1","Enlightenment+1","RitualDagger","Footwork+1","Writhe","Envenom","Noxious Fumes","Cloak And Dagger+1","Phantasmal Killer+1","Noxious Fumes","A Thousand Cuts","Cloak And Dagger+1","Secret Weapon+1"],"relics":["Ring of the Snake","NeowsBlessing","Bronze Scales","Incense Burner","MerchantsRug","Darkstone Periapt","Juzu Bracelet","Strange Spoon","Toxic Egg 2","Odd Mushroom","SlaversCollar","Pantograph","Ornamental Fan","Sundial","Oddly Smooth Stone","Omamori","Tough Bandages","Mummified Hand","WristBlade"],"acts_visited":["Exordium","TheCity","TheBeyond"],"potions_floor_usage":[21,24,27,31,37,37],"damage_taken":[{"damage":0.0,"enemies":"Small Slimes","floor":1.0,"turns":1.0},{"damage":0.0,"enemies":"Jaw Worm","floor":2.0,"turns":1.0},{"damage":0.0,"enemies":"2 Louse","floor":4.0,"turns":1.0},{"damage":14.0,"enemies":"Exordium Wildlife","floor":6.0,"turns":5.0},{"damage":15.0,"enemies":"Exordium Thugs","floor":7.0,"turns":5.0},{"damage":0.0,"enemies":"Looter","floor":11.0,"turns":3.0},{"damage":8.0,"enemies":"The Mushroom Lair","floor":12.0,"turns":2.0},{"damage":17.0,"enemies":"3 Sentries","floor":13.0,"turns":4.0},{"damage":14.0,"enemies":"Red Slaver","floor":14.0,"turns":3.0},{"damage":31.0,"enemies":"The Guardian","floor":16.0,"turns":8.0},{"damage":0.0,"enemies":"3 Byrds","floor":18.0,"turns":5.0},{"damage":8,"enemies":"2 Thieves","floor":21,"turns":4},{"damage":36,"enemies":"Gremlin Leader","floor":24,"turns":7},{"damage":3,"enemies":"Slavers","floor":27,"turns":5},{"damage":7,"enemies":"Snake Plant","floor":28,"turns":3},{"damage":13,"enemies":"Centurion and Healer","floor":31,"turns":4},{"damage":13,"enemies":"Champ","floor":33,"turns":10},{"damage":17,"enemies":"3 Shapes","floor":35,"turns":5},{"damage":65,"enemies":"2 Orb Walkers","floor":37,"turns":3}],"seed_played":"-5640441944721222141","potions_obtained":[{"floor":2.0,"key":"Strength Potion"},{"floor":6.0,"key":"SkillPotion"},{"floor":14.0,"key":"SteroidPotion"},{"floor":18.0,"key":"Regen Potion"},{"floor":25,"key":"SneckoOil"},{"floor":25,"key":"Dexterity Potion"},{"floor":28,"key":"CunningPotion"},{"floor":31,"key":"Ancient Potion"}],"is_trial":false,"path_per_floor":["M","M","$","M","$","M","M","R","T","R","M","?","E","M","R","B",null,"M","$","?","M","?","R","E","?","T","E","M","$","?","M","R","B",null,"M","?","?"],"character_chosen":"THE_SILENT","items_purchased":["Bronze Scales","Incense Burner","Fruit Juice","Orrery","MerchantsRug","Accuracy","Dodge and Roll","Good Instincts","Darkstone Periapt","Juzu Bracelet","Strange Spoon","Caltrops","PowerPotion","Pantograph","Lee\u0027s Waffle","Ornamental Fan","Distraction+1","Adrenaline+1","Explosive Potion","Enlightenment+1","Tough Bandages","Mummified Hand","Cloak And Dagger+1","Phantasmal Killer+1"],"campfire_rested":3,"item_purchase_floors":[3,3,3,3,3,3,3,3,5,5,5,5,5,19,19,19,19,19,19,19,29,29,29,29],"current_hp_per_floor":[59,59,64,64,64,50,35,56,56,56,56,48,31,17,38,7,55,55,78,72,64,70,70,46,46,46,43,36,36,36,23,48,60,78,61,61,0,0],"gold":990,"neow_bonus":"THREE_ENEMY_KILL","is_daily":false,"chose_seed":false,"campfire_upgraded":1,"win_rate":0.0,"timestamp":1612722751,"path_taken":["M","M","$","M","$","M","M","R","T","R","M","?","E","M","R","BOSS","M","$","?","M","?","R","E","?","T","E","M","?","?","M","R","BOSS","M","?","?"],"items_purchased_type":["Relic","Relic","Potion","Relic","Relic","Card","Card","Card","Relic","Relic","Relic","Card","Potion","Relic","Relic","Relic","Card","Card","Potion","Card","Relic","Relic","Card","Card"],"build_version":"2020-12-22","purchased_purges":4,"victory":false,"max_hp_per_floor":[66,66,71,71,71,71,71,71,71,71,71,71,71,71,71,71,71,71,78,78,78,84,84,84,84,84,84,84,84,84,84,84,84,84,84,84,84,84],"card_choices":[{"not_picked":["Quick Slash","Setup"],"picked":"Dagger Spray","floor":1.0},{"not_picked":["Setup","Quick Slash"],"picked":"Bane","floor":2.0},{"not_picked":["Outmaneuver","Night Terror"],"picked":"Deadly Poison","floor":3.0},{"not_picked":["Night Terror","Slice"],"picked":"Outmaneuver","floor":3.0},{"not_picked":["All Out Attack","Heel Hook"],"picked":"Sucker Punch","floor":3.0},{"not_picked":["Bullet Time","Well Laid Plans"],"picked":"PiercingWail","floor":3.0},{"not_picked":["Deadly Poison","Dodge and Roll"],"picked":"Terror","floor":4.0},{"not_picked":["Sucker Punch","Caltrops"],"picked":"Blade Dance","floor":6.0},{"not_picked":["Flying Knee","Prepared"],"picked":"Poisoned Stab","floor":7.0},{"not_picked":["Caltrops","Expertise+1"],"picked":"Finisher","floor":11.0},{"not_picked":["Masterful Stab","Venomology+1"],"picked":"Cloak And Dagger+1","floor":13.0},{"not_picked":["Quick Slash","Concentrate+1"],"picked":"Deflect+1","floor":14.0},{"not_picked":["Grand Finale","Glass Knife"],"picked":"After Image","floor":16.0},{"not_picked":["Sucker Punch+1","Escape Plan+1"],"picked":"Distraction+1","floor":18.0},{"not_picked":["PiercingWail+1","Distraction+1"],"picked":"Footwork+1","floor":21},{"not_picked":["Outmaneuver+1","Distraction+1","Dagger Spray+1"],"picked":"SKIP","floor":24},{"not_picked":["Terror+1","Flying Knee+1"],"picked":"Envenom","floor":27},{"not_picked":["Quick Slash","Outmaneuver+1"],"picked":"Noxious Fumes","floor":28},{"not_picked":["Masterful Stab","Outmaneuver+1","Footwork"],"picked":"SKIP","floor":31},{"not_picked":["Unload","Burst+1"],"picked":"A Thousand Cuts","floor":33},{"not_picked":["Endless Agony","Deadly Poison+1"],"picked":"Cloak And Dagger+1","floor":35},{"not_picked":["Flash of Steel","Jack Of All Trades+1"],"picked":"Secret Weapon+1","floor":36}],"player_experience":541730,"relics_obtained":[{"floor":9.0,"key":"Toxic Egg 2"},{"floor":12.0,"key":"Odd Mushroom"},{"floor":13.0,"key":"War Paint"},{"floor":24,"key":"Oddly Smooth Stone"},{"floor":27,"key":"Omamori"}],"event_choices":[{"damage_healed":0.0,"max_hp_gain":0.0,"max_hp_loss":0.0,"gold_gain":0.0,"event_name":"Mushrooms","player_choice":"Fought Mushrooms","floor":12.0,"gold_loss":0.0,"damage_taken":0.0},{"damage_healed":0,"gold_gain":0,"player_choice":"Joined the Cult","damage_taken":6,"max_hp_gain":0,"max_hp_loss":0,"event_name":"Nest","floor":20,"gold_loss":0,"cards_obtained":["RitualDagger"]},{"damage_healed":0,"gold_gain":0,"player_choice":"Opened","damage_taken":0,"relics_obtained":["Sundial"],"max_hp_gain":0,"max_hp_loss":0,"event_name":"The Mausoleum","floor":22,"gold_loss":0,"cards_obtained":["Writhe"]},{"damage_healed":0,"gold_gain":0,"player_choice":"Bought 2 Potions","damage_taken":0,"max_hp_gain":0,"max_hp_loss":0,"event_name":"The Woman in Blue","floor":25,"gold_loss":0},{"damage_healed":0,"gold_gain":0,"player_choice":"1 cards matched","damage_taken":0,"max_hp_gain":0,"max_hp_loss":0,"event_name":"Match and Keep!","floor":30,"gold_loss":0,"cards_obtained":["Noxious Fumes"]},{"damage_healed":0,"gold_gain":0,"player_choice":"Memory 1","damage_taken":0,"max_hp_gain":0,"max_hp_loss":0,"event_name":"SensoryStone","floor":36,"gold_loss":0},{"damage_healed":0,"gold_gain":0,"player_choice":"Fight","damage_taken":0,"max_hp_gain":0,"max_hp_loss":0,"event_name":"Mysterious Sphere","floor":37,"gold_loss":0}],"is_beta":false,"boss_relics":[{"not_picked":["Tiny House","Coffee Dripper"],"picked":"SlaversCollar"},{"not_picked":["Runic Pyramid","Cursed Key"],"picked":"WristBlade"}],"items_purged_floors":[3,5,19,29],"is_endless":false,"potions_floor_spawned":[2,6,7,14,18,28,31,33],"killed_by":"2 Orb Walkers","ascension_level":18}}