{"host":"w01zow3jg16g8jdh","time":1612696826,"event":{"mods":["AchievementEnabler","BaseMod","DeckTracker","Keyboard Shortcuts","Minty Spire (QoL Compilation)","Permanent Neow","StSLib","SuperFastMode"],"gold_per_floor":[117,135,147,157,169,169,129,129,129],"floor_reached":8,"language":"KOR","playtime":189,"items_purged":[],"score":100,"play_id":"b0e43b69-baa1-41c5-a430-5c1dfea8f330","local_time":"20210207202026","is_ascension_mode":true,"campfire_choices":[{"data":"Coolheaded","floor":6,"key":"SMITH"}],"circlet_count":0,"master_deck":["AscendersBane","Strike_B","Strike_B","Strike_B","Strike_B","Defend_B","Defend_B","Defend_B","Defend_B","Zap","Dualcast","Coolheaded+1","Conserve Battery","Self Repair","Capacitor","Go for the Eyes","Undo"],"relics":["Sozu"],"acts_visited":["Exordium"],"potions_floor_usage":[],"damage_taken":[{"damage":4,"enemies":"2 Louse","floor":1,"turns":3},{"damage":2,"enemies":"Small Slimes","floor":2,"turns":4},{"damage":1,"enemies":"Cultist","floor":3,"turns":4},{"damage":10,"enemies":"Exordium Thugs","floor":4,"turns":5},{"damage":20,"enemies":"Large Slime","floor":5,"turns":7},{"damage":3,"enemies":"Looter","floor":7,"turns":4},{"damage":46,"enemies":"3 Sentries","floor":8,"turns":10}],"seed_played":"5950377263613520009","potions_obtained":[],"is_trial":false,"path_per_floor":["M","M","M","M","M","R","M","E"],"character_chosen":"DEFECT","items_purchased":[],"campfire_rested":0,"item_purchase_floors":[],"current_hp_per_floor":[60,58,57,54,41,41,45,0,0],"gold":129,"neow_bonus":"BOSS_RELIC","is_daily":false,"chose_seed":false,"campfire_upgraded":1,"win_rate":0.0,"timestamp":1612696826,"path_taken":["M","M","M","M","M","R","M","E"],"items_purchased_type":[],"build_version":"2020-12-22","purchased_purges":0,"victory":false,"max_hp_per_floor":[71,71,71,71,71,71,71,71,71],"card_choices":[{"not_picked":["Turbo","Beam Cell"],"picked":"Coolheaded","floor":1},{"not_picked":["Tempest","BootSequence"],"picked":"Conserve Battery","floor":2},{"not_picked":["Rip and Tear","Auto Shields"],"picked":"Self Repair","floor":3},{"not_picked":["Force Field","Sweeping Beam"],"picked":"Capacitor","floor":4},{"not_picked":["Reinforced Body","Stack"],"picked":"Go for the Eyes","floor":5},{"not_picked":["White Noise","Glacier"],"picked":"Undo","floor":7}],"player_experience":363671,"relics_obtained":[],"event_choices":[],"is_beta":false,"boss_relics":[],"items_purged_floors":[],"is_endless":false,"potions_floor_spawned":[2,3,4],"killed_by":"3 Sentries","ascension_level":20}}