{"host":"j019w4cyowrad0mf","time":1612662821,"event":{"mods":["2.2 Compatiblity","Act Like it!","BaseMod","CapriCore","Gensokyo","HololiveMod","Marisa????????","Minty Spire (QoL Compilation)","Reimu??????","StSLib","Waifu the Spire","WarShipGirlsR/????R mod"],"gold_per_floor":[78,89,89,14,14,45,45,45,45,77,94,109,189,202,202,301,301,313,313,324,342,362,55,55,73,100,100,117,117,131,150,150,150,150],"floor_reached":33,"language":"ENG","playtime":2086,"items_purged":["Hololive_Defend"],"score":361,"play_id":"11b59145-755a-4870-bd32-f6e65cfae525","local_time":"20210206175341","is_ascension_mode":false,"campfire_choices":[{"data":"Hololive_Yoholoon","floor":8.0,"key":"SMITH"},{"floor":15.0,"key":"REST"},{"data":"Hololive_HuntDinosaur","floor":24,"key":"SMITH"},{"data":"Hololive_Thief","floor":29,"key":"SMITH"},{"floor":32,"key":"RECALL"}],"circlet_count":0,"master_deck":["Hololive_Strike","Hololive_Strike","Hololive_Strike","Hololive_Strike","Hololive_Defend","Hololive_Sequa","Hololive_Rebound","Hololive_CocoNews","Hololive_Yoholoon+1","Hololive_Drill","Hololive_LuckPotion","Hololive_LuckPotion","Hololive_OvertimeWork","Hololive_Yoholoon","Hololive_Thief+1","Hololive_OvertimeWork+1","Hololive_FlyingPonyTail","Hololive_CocoNews","Hololive_CallYozoraMel+1","Hololive_Trident","Hololive_FlyingPonyTail","Hololive_Trident","Hololive_HuntDinosaur+1","Hololive_CallInugamiKorone+1","Hololive_CallUruhaRushia","Hololive_BringToTrial","Hololive_CallFriendA","Hololive_ILoveYou+1"],"relics":["Hololive_TheStar","Hololive_OneManArmy","Ginger","Gensokyo:NagashiBinaDoll","Happy Flower","SlaversCollar","Potion Belt","TheAbacus","Orrery","Bag of Preparation"],"acts_visited":["Exordium","Gensokyo:Gensokyo"],"potions_floor_usage":[18,18,30,30,33],"damage_taken":[{"damage":0.0,"enemies":"Gensokyo:3_Fairies","floor":1.0,"turns":2.0},{"damage":0.0,"enemies":"Gensokyo:Python","floor":2.0,"turns":2.0},{"damage":0.0,"enemies":"Gensokyo:Aya","floor":6.0,"turns":4.0},{"damage":26.0,"enemies":"Gensokyo:Cirno","floor":10.0,"turns":6.0},{"damage":0.0,"enemies":"Gensokyo:Gryphon","floor":11.0,"turns":2.0},{"damage":0.0,"enemies":"Gensokyo:Python_and_Kodama","floor":12.0,"turns":3.0},{"damage":0.0,"enemies":"Gensokyo:Kitsune","floor":14.0,"turns":3.0},{"damage":0.0,"enemies":"Gensokyo:Yukari","floor":16.0,"turns":6.0},{"damage":0,"enemies":"Gensokyo:3_Dogs","floor":18,"turns":3},{"damage":0,"enemies":"Gensokyo:2_Gloops","floor":20,"turns":3},{"damage":7,"enemies":"Gensokyo:Swordslinger","floor":21,"turns":3},{"damage":3,"enemies":"Gensokyo:Mirror_and_Dog","floor":22,"turns":4},{"damage":2,"enemies":"Gensokyo:Wraith","floor":25,"turns":4},{"damage":6,"enemies":"Gensokyo:Chomper_and_Gloop","floor":28,"turns":4},{"damage":0,"enemies":"Gensokyo:Swordslinger","floor":30,"turns":3},{"damage":7,"enemies":"Gensokyo:Slime_Group","floor":31,"turns":4},{"damage":39,"enemies":"Gensokyo:Eternal_Rivals","floor":33,"turns":9}],"seed_played":"-7759754840743683766","potions_obtained":[{"floor":2.0,"key":"DuplicationPotion"},{"floor":11.0,"key":"SpeedPotion"},{"floor":18,"key":"AttackPotion"},{"floor":22,"key":"AttackPotion"},{"floor":25,"key":"Dexterity Potion"},{"floor":30,"key":"SkillPotion"}],"is_trial":false,"path_per_floor":["M","M","?","$","?","E","$","R","T","E","M","M","?","M","R","B",null,"M","?","M","M","M","COS","R","M","T","?","M","R","M","M","R","B"],"character_chosen":"Hololive_HololiveCharacter","items_purchased":[],"campfire_rested":1,"item_purchase_floors":[],"current_hp_per_floor":[32,32,32,32,32,32,32,32,32,6,6,6,6,6,24,24,32,32,30,30,23,20,20,30,28,28,28,30,30,30,30,30,0,0],"gold":150,"neow_bonus":"REMOVE_TWO","is_daily":false,"chose_seed":false,"campfire_upgraded":3,"win_rate":0.0,"timestamp":1612662821,"path_taken":["M","M","?","$","?","E","?","R","T","E","?","M","?","M","R","BOSS","M","?","?","M","?","COS","R","M","T","?","?","R","M","?","R","BOSS"],"items_purchased_type":[],"build_version":"2020-12-22","purchased_purges":1,"victory":false,"max_hp_per_floor":[32,32,32,32,32,32,32,32,32,32,32,32,32,32,32,32,32,32,30,30,30,30,30,30,30,30,30,30,30,30,30,30,30,30],"card_choices":[{"not_picked":["Hololive_LuckPotion","Hololive_Sequa","Hololive_HuntDinosaur"],"picked":"Hololive_CocoNews","floor":1.0},{"not_picked":["Hololive_Breathe","Hololive_CallAkaiHaato","Hololive_Psychosis"],"picked":"Hololive_Yoholoon","floor":2.0},{"not_picked":["Hololive_RevenueBasedLive","Hololive_CallNakiriAyame","Hololive_CallHoushouMarine"],"picked":"Hololive_Drill","floor":6.0},{"not_picked":["Hololive_Psychosis","Hololive_CallYuzukiChoco","Hololive_OpenUp"],"picked":"Hololive_LuckPotion","floor":10.0},{"not_picked":["Hololive_CallUsadaPekora","Hololive_Watashimo","Hololive_CallAyundaRisu"],"picked":"Hololive_LuckPotion","floor":11.0},{"not_picked":["Hololive_Drill","Hololive_CallAmaneKanata","Hololive_FlyingPonyTail"],"picked":"Hololive_OvertimeWork","floor":12.0},{"not_picked":["Hololive_Watashimo","Hololive_Rebound","Hololive_Breathe"],"picked":"Hololive_Yoholoon","floor":14.0},{"not_picked":["Hololive_WolfAndLamb","Hololive_Nanodesu","Hololive_StarCraft"],"picked":"Hololive_Thief","floor":16.0},{"not_picked":["Hololive_Psychosis+1","Hololive_CallYogiri","Hololive_RevenueBasedLive"],"picked":"Hololive_OvertimeWork+1","floor":18},{"not_picked":["Hololive_CallOzoraSubaru","Hololive_Psychosis","Hololive_Sequa+1"],"picked":"Hololive_FlyingPonyTail","floor":20},{"not_picked":["Hololive_AWSL","Hololive_BringToTrial+1","Hololive_CallYukihanaLamy+1"],"picked":"Hololive_CocoNews","floor":21},{"not_picked":["Hololive_DevilCharm","Hololive_CallHoshimachiSuisei","Hololive_Breathe"],"picked":"Hololive_CallYozoraMel+1","floor":22},{"not_picked":["Hololive_Watashimo","Hololive_Rebound","Hololive_Drill+1"],"picked":"Hololive_Trident","floor":23},{"not_picked":["Hololive_RevenueBasedLive","Hololive_CallShiroganeNoel","Hololive_Psychosis"],"picked":"Hololive_FlyingPonyTail","floor":23},{"not_picked":["Hololive_Rebound","Hololive_Watashimo","Hololive_OvertimeWork"],"picked":"Hololive_Trident","floor":23},{"not_picked":["Hololive_Trident","Hololive_CallAiraniIofifteen","Hololive_CallCivia"],"picked":"Hololive_HuntDinosaur","floor":23},{"not_picked":["Hololive_Trident","Hololive_Drill+1","Hololive_CallHoushouMarine+1"],"picked":"Hololive_CallInugamiKorone+1","floor":23},{"not_picked":["Hololive_Nanodesu","Hololive_StrengthChampion","Hololive_Breathe"],"picked":"Hololive_CallUruhaRushia","floor":25},{"not_picked":["Hololive_Rebound+1","Hololive_RevenueBasedLive","Hololive_CallSpadeEcho+1"],"picked":"Hololive_BringToTrial","floor":28},{"not_picked":["Hololive_OvertimeWork","Hololive_StrengthChampion","Hololive_CallYuzukiChoco"],"picked":"Hololive_CallFriendA","floor":30},{"not_picked":["Hololive_StrengthChampion+1","Hololive_FlyingPonyTail","Hololive_Sequa"],"picked":"Hololive_ILoveYou+1","floor":31}],"player_experience":362833,"relics_obtained":[{"floor":6.0,"key":"Eternal Feather"},{"floor":10.0,"key":"Happy Flower"},{"floor":26,"key":"Bag of Preparation"}],"event_choices":[],"is_beta":false,"boss_relics":[{"not_picked":["Pandora\u0027s Box","Busted Crown"],"picked":"SlaversCollar"}],"items_purged_floors":[4],"is_endless":false,"potions_floor_spawned":[2,11,18,22,25,30],"killed_by":"Gensokyo:Eternal_Rivals","ascension_level":0}}