{"host":"1v3mnj67s3trvm6y","time":1612693491,"event":{"mods":["BaseMod","Challenge The Spire","Downfall","Minty Spire (QoL Compilation)","StSLib"],"gold_per_floor":[300,314,328,152,162,47,95,95,95,112,112,112,147,160,176,278,278,278,291,303,315,415,415,415,415,315,315,315,334,369,3,22,121,121,21,40,25,39,55,40,88,100,0,20,5,52,52,52,64,64,64,64],"floor_reached":50,"language":"ENG","playtime":5290,"items_purged":["champ:Strike","champ:Strike","champ:Defend"],"score":618,"play_id":"f3f99422-d955-494e-834e-8c10257e8f4e","local_time":"20210207192451","is_ascension_mode":false,"campfire_choices":[{"data":"champ:Taunt","floor":1,"key":"SMITH"},{"data":"champ:EnragedBash","floor":8,"key":"SMITH"},{"data":"champ:DancingMaster","floor":18,"key":"SMITH"},{"data":"champ:SkillfulDodge","floor":23,"key":"SMITH"},{"floor":26,"key":"RECALL"},{"data":"champ:FancyFootwork","floor":35,"key":"SMITH"},{"data":"champ:Shatter","floor":43,"key":"SMITH"}],"circlet_count":0,"master_deck":["champ:Defend+1","champ:Defend+1","champ:Execute","champ:Taunt+1","champ:DefensiveStyle","champ:EnragedBash+1","champ:FocusedBerserking","champ:GutPunch","champ:Shatter+1","champ:PreciseThrust","Jack Of All Trades+1","champ:MurderStrike","champ:ShieldSlam","champ:FlashCut","champ:TornadoPunch","champ:FancyFootwork+1","champ:DancingMaster+1","champ:EnGarde+1","champ:DefensiveStyle+1","champ:SkillfulDodge+1","champ:DancingMaster+1","champ:BringItOn+1","champ:RisingSlash+1","champ:FlashCut+1","champ:DancingMaster+1","champ:SkillfulDodge+1","champ:VampiricStrike","champ:GutPunch+1","champ:DefensiveShout","champ:Devastate","champ:BringItOn+1","champ:FaceSlap","champ:FlashCut+1","champ:StanceDance","champ:IronFortress+1","champ:GutPunch+1"],"relics":["champ:ChampionCrown","Old Coin","Juzu Bracelet","Smiling Mask","Empty Cage","downfall:HeartBlessingBlue","Spirit Poop","champ:FightingForDummies","MealTicket","DollysMirror","Coffee Dripper","downfall:HeartBlessingGreen","Whetstone","downfall:HeartBlessingRed","Vajra"],"acts_visited":["Exordium","TheCity","TheBeyond"],"potions_floor_usage":[21,30,30,33,39,40,50,50],"damage_taken":[{"damage":20,"enemies":"Jaw Worm","floor":2,"turns":6},{"damage":20,"enemies":"Cultist","floor":3,"turns":3},{"damage":25,"enemies":"downfall:FleeingMerchant","floor":4,"turns":4},{"damage":20,"enemies":"Small Slimes","floor":5,"turns":3},{"damage":31,"enemies":"downfall:FleeingMerchant","floor":6,"turns":4},{"damage":17,"enemies":"Blue Slaver","floor":10,"turns":3},{"damage":44,"enemies":"Lagavulin","floor":13,"turns":7},{"damage":5,"enemies":"Lots of Slimes","floor":14,"turns":3},{"damage":0,"enemies":"Exordium Thugs","floor":15,"turns":2},{"damage":58,"enemies":"SI_SHIV_ARCHETYPE","floor":16,"turns":10},{"damage":26,"enemies":"Shell Parasite","floor":19,"turns":5},{"damage":10,"enemies":"Spheric Guardian","floor":20,"turns":3},{"damage":45,"enemies":"Shelled Parasite and Fungi","floor":21,"turns":9},{"damage":23,"enemies":"Centurion and Healer","floor":29,"turns":8},{"damage":50,"enemies":"Slavers","floor":30,"turns":7},{"damage":20,"enemies":"downfall:FleeingMerchant","floor":31,"turns":4},{"damage":47,"enemies":"Snake Plant","floor":32,"turns":5},{"damage":33,"enemies":"WA_ARCHETYPE_CALM","floor":33,"turns":13},{"damage":41,"enemies":"3 Darklings","floor":36,"turns":8},{"damage":5,"enemies":"downfall:FleeingMerchant","floor":37,"turns":4},{"damage":5,"enemies":"Orb Walker","floor":38,"turns":4},{"damage":48,"enemies":"Maw","floor":39,"turns":7},{"damage":6,"enemies":"downfall:FleeingMerchant","floor":40,"turns":4},{"damage":25,"enemies":"3 Darklings","floor":42,"turns":6},{"damage":25,"enemies":"Sphere and 2 Shapes","floor":44,"turns":8},{"damage":29,"enemies":"downfall:FleeingMerchant","floor":45,"turns":4},{"damage":20,"enemies":"Reptomancer","floor":46,"turns":6},{"damage":47,"enemies":"Maw","floor":49,"turns":6},{"damage":119,"enemies":"IC_BLOCK_ARCHETYPE","floor":50,"turns":6}],"seed_played":"-3515431245574579803","potions_obtained":[{"floor":2,"key":"LiquidMemories"},{"floor":3,"key":"Energy Potion"},{"floor":5,"key":"sneckomod:MuddlingPotion"},{"floor":14,"key":"SteroidPotion"},{"floor":16,"key":"Dexterity Potion"},{"floor":29,"key":"Weak Potion"},{"floor":30,"key":"sneckomod:MuddlingPotion"},{"floor":33,"key":"FairyPotion"},{"floor":38,"key":"PowerPotion"},{"floor":39,"key":"Block Potion"},{"floor":46,"key":"Explosive Potion"}],"is_trial":false,"path_per_floor":["R","M","M","$","M","$","T","R","?","M","?","?","E","M","M","B",null,"R","M","M","M","?","R","T","?","R","?","?","M","E","$","M","B",null,"R","M","$","M","M","$","T","M","R","M","?","E","?","?","M","B"],"character_chosen":"THE_CHAMP","items_purchased":["champ:Duel","champ:GutPunch","MealTicket","DollysMirror"],"campfire_rested":0,"item_purchase_floors":[4,4,31,31],"current_hp_per_floor":[90,85,85,85,85,84,84,84,84,77,77,77,73,73,73,70,90,90,84,84,69,69,69,69,69,79,79,79,76,41,41,19,19,100,100,84,99,99,96,99,99,89,89,79,65,65,65,65,43,0,0,0],"gold":64,"neow_bonus":"ONE_RARE_RELIC","is_daily":false,"chose_seed":false,"campfire_upgraded":6,"win_rate":0.0,"timestamp":1612693491,"path_taken":["R","M","M","$","M","$","T","R","?","M","?","?","E","M","M","BOSS","R","M","M","M","?","R","T","?","R","?","?","M","E","$","M","BOSS","R","M","$","M","M","$","T","M","R","M","?","E","?","?","M","BOSS"],"items_purchased_type":["Card","Card","Relic","Relic"],"build_version":"2020-12-22","purchased_purges":3,"victory":false,"max_hp_per_floor":[90,90,90,90,90,90,90,90,90,90,90,90,90,90,90,90,90,90,90,90,90,90,90,90,90,100,100,100,100,100,100,100,100,100,100,100,100,100,100,100,100,100,100,100,100,100,100,100,100,100,100,100],"card_choices":[{"not_picked":["champ:FocusedDefense","champ:ViciousMockery"],"picked":"champ:DefensiveStyle","floor":2},{"not_picked":["champ:ShieldSigil","champ:BringItOn"],"picked":"champ:EnragedBash","floor":3},{"not_picked":["champ:DefensiveShout","champ:AdrenalArmor"],"picked":"champ:FocusedBerserking","floor":4},{"not_picked":["champ:BerserkersShout","champ:GutPunch"],"picked":"champ:Shatter","floor":5},{"not_picked":["champ:EndlessRage","champ:CalledShot"],"picked":"champ:PreciseThrust","floor":6},{"not_picked":["champ:BladeFlurry","champ:BerserkersShout"],"picked":"champ:ShieldSlam","floor":10},{"not_picked":["champ:AdrenalArmor","champ:Parry"],"picked":"champ:FlashCut","floor":13},{"not_picked":["champ:Shatter","champ:Circumvent"],"picked":"champ:TornadoPunch","floor":14},{"not_picked":["champ:PerfectedStrike","champ:Lariat"],"picked":"champ:FancyFootwork","floor":15},{"not_picked":["champ:CheapShot","champ:IgnorePain"],"picked":"champ:DancingMaster","floor":16},{"not_picked":["champ:TornadoPunch","champ:BerserkersShout+1"],"picked":"champ:EnGarde+1","floor":19},{"not_picked":["champ:FaceSlap+1","champ:EnGarde+1"],"picked":"champ:DefensiveStyle+1","floor":20},{"not_picked":["champ:AdrenalArmor+1","champ:ShieldSlam+1"],"picked":"champ:SkillfulDodge","floor":21},{"not_picked":["champ:BerserkersShout+1","champ:DefensiveShout"],"picked":"champ:BringItOn+1","floor":29},{"not_picked":["champ:Circumvent","champ:FocusedBerserking"],"picked":"champ:RisingSlash","floor":30},{"not_picked":["champ:ShieldSigil","champ:CrownThrow"],"picked":"champ:FlashCut","floor":31},{"not_picked":["champ:Duel+1","champ:DancingMaster"],"picked":"champ:SkillfulDodge+1","floor":32},{"not_picked":["champ:UltimateStance","champ:MurderStrike"],"picked":"champ:VampiricStrike","floor":33},{"not_picked":["champ:AdrenalArmor+1","champ:FanOfKnives+1"],"picked":"champ:GutPunch+1","floor":36},{"not_picked":["champ:Haymaker+1","champ:PreciseThrust+1"],"picked":"champ:DefensiveShout","floor":37},{"not_picked":["champ:BerserkersShout+1","champ:PerfectedStrike"],"picked":"champ:Devastate","floor":38},{"not_picked":["champ:EnGarde+1","champ:BerserkersShout"],"picked":"champ:BringItOn+1","floor":39},{"not_picked":["champ:Haymaker+1","champ:Parry"],"picked":"champ:FaceSlap","floor":40},{"not_picked":["champ:CrownThrow+1","champ:BerserkersShout+1"],"picked":"champ:FlashCut+1","floor":42},{"not_picked":["champ:SteelEdge","champ:DefensiveShout"],"picked":"champ:StanceDance","floor":44},{"not_picked":["champ:RisingSlash+1","champ:FanOfKnives","champ:BerserkersShout"],"picked":"SKIP","floor":45},{"not_picked":["champ:Lariat+1","champ:PerfectedStrike"],"picked":"champ:IronFortress+1","floor":46},{"not_picked":["champ:Shatter+1","champ:DeathBlow+1"],"picked":"champ:GutPunch+1","floor":49}],"player_experience":1705819,"relics_obtained":[{"floor":7,"key":"Juzu Bracelet"},{"floor":13,"key":"Smiling Mask"},{"floor":30,"key":"champ:FightingForDummies"},{"floor":41,"key":"Whetstone"},{"floor":46,"key":"Vajra"}],"event_choices":[{"cards_removed":["downfall:Malfunctioning"],"damage_healed":0,"gold_gain":0,"player_choice":"Offered Curse","damage_taken":0,"relics_obtained":["Spirit Poop"],"max_hp_gain":0,"max_hp_loss":0,"event_name":"Bonfire Elementals","floor":27,"gold_loss":0},{"cards_removed":["champ:Duel"],"damage_healed":0,"gold_gain":0,"player_choice":"Removed Attack","damage_taken":0,"max_hp_gain":0,"max_hp_loss":0,"event_name":"Falling","floor":47,"gold_loss":0},{"damage_healed":0,"gold_gain":0,"player_choice":"Ignored","damage_taken":0,"max_hp_gain":0,"max_hp_loss":0,"event_name":"Mysterious Sphere","floor":48,"gold_loss":0}],"is_beta":false,"boss_relics":[{"not_picked":["Sozu","Runic Pyramid"],"picked":"Empty Cage"},{"not_picked":["Velvet Choker","Pandora\u0027s Box"],"picked":"Coffee Dripper"}],"items_purged_floors":[4,6,31],"is_endless":false,"potions_floor_spawned":[2,3,5,14,16,29,30,33,38,39,46,49],"killed_by":"IC_BLOCK_ARCHETYPE","ascension_level":0}}