{"host":"uv231blk40vjdojr","time":1612724225,"event":{"mods":["BaseMod","Minty Spire (QoL Compilation)","Relic Stats","ojb\u0027s Info Mod"],"gold_per_floor":[109,109,109,132,153,153,187,187,187,7,31,65,77,104,116,258,270,305,330,363,465,3,3,44,44,71,92,92,130,130,130,130,258,258,274,299,315,340,47,91,109,153,153,173,173,173,173,236,236,236,236,236,34,72,72],"floor_reached":56,"language":"ENG","playtime":3584,"items_purged":["Strike_P"],"score":1329,"play_id":"f301d89b-4927-4de5-9f9e-23b386c39897","local_time":"20210207195705","is_ascension_mode":true,"campfire_choices":[{"data":"Eruption","floor":6.0,"key":"SMITH"},{"data":"Conclude","floor":8.0,"key":"SMITH"},{"data":"TalkToTheHand","floor":15.0,"key":"SMITH"},{"data":"Apotheosis","floor":23.0,"key":"SMITH"},{"data":"Vigilance","floor":25.0,"key":"SMITH"},{"data":"CutThroughFate","floor":28.0,"key":"SMITH"},{"data":"ThirdEye","floor":30.0,"key":"SMITH"},{"floor":32.0,"key":"RECALL"},{"data":"DevaForm","floor":47,"key":"SMITH"},{"data":"LikeWater","floor":49,"key":"SMITH"},{"data":"Prostrate","floor":52,"key":"SMITH"}],"circlet_count":0,"master_deck":["Strike_P","Strike_P+1","Defend_P","Defend_P+1","Eruption+1","Vigilance+1","FlurryOfBlows","CutThroughFate+1","EmptyFist","Conclude+1","CarveReality","Prostrate+1","Halt+1","TalkToTheHand+1","Brilliance","Alpha+1","FearNoEvil","Prostrate+1","Apotheosis+1","BowlingBash","ThirdEye+1","DevaForm+1","Adaptation+1","EmptyMind+1","LikeWater+1","Crescendo","Indignation+1","WaveOfTheHand+1","TalkToTheHand","Study","Meditate+1"],"relics":["Coffee Dripper","Golden Idol","Pear","Sundial","MawBank","Runic Pyramid","MealTicket","ClockworkSouvenir","War Paint","Bronze Scales","Gremlin Horn","Empty Cage","Bird Faced Urn","Potion Belt","Lizard Tail","Pocketwatch","Letter Opener"],"acts_visited":["Exordium","TheCity","TheBeyond","TheEnding"],"potions_floor_usage":[37,38,40,50,54,55],"damage_taken":[{"damage":0.0,"enemies":"Cultist","floor":1.0,"turns":2.0},{"damage":2.0,"enemies":"Small Slimes","floor":4.0,"turns":3.0},{"damage":0.0,"enemies":"2 Louse","floor":5.0,"turns":2.0},{"damage":8.0,"enemies":"Gremlin Nob","floor":7.0,"turns":3.0},{"damage":0.0,"enemies":"Blue Slaver","floor":11.0,"turns":2.0},{"damage":11.0,"enemies":"Lagavulin","floor":12.0,"turns":4.0},{"damage":2.0,"enemies":"Gremlin Gang","floor":14.0,"turns":3.0},{"damage":0.0,"enemies":"Slime Boss","floor":16.0,"turns":4.0},{"damage":0.0,"enemies":"2 Thieves","floor":18.0,"turns":3.0},{"damage":0.0,"enemies":"Chosen","floor":19.0,"turns":3.0},{"damage":2.0,"enemies":"3 Cultists","floor":20.0,"turns":4.0},{"damage":9.0,"enemies":"Book of Stabbing","floor":24.0,"turns":5.0},{"damage":3.0,"enemies":"Centurion and Healer","floor":27.0,"turns":4.0},{"damage":2.0,"enemies":"Slavers","floor":29.0,"turns":3.0},{"damage":15.0,"enemies":"Collector","floor":33.0,"turns":6.0},{"damage":6.0,"enemies":"3 Shapes","floor":35.0,"turns":3.0},{"damage":0.0,"enemies":"3 Darklings","floor":36.0,"turns":3.0},{"damage":0,"enemies":"Jaw Worm Horde","floor":37,"turns":5},{"damage":25,"enemies":"Transient","floor":38,"turns":5},{"damage":18,"enemies":"Nemesis","floor":40,"turns":5},{"damage":29,"enemies":"Writhing Mass","floor":41,"turns":6},{"damage":13,"enemies":"Giant Head","floor":42,"turns":8},{"damage":4,"enemies":"4 Shapes","floor":44,"turns":4},{"damage":23,"enemies":"Mind Bloom Boss Battle","floor":48,"turns":5},{"damage":32,"enemies":"Awakened One","floor":50,"turns":9},{"damage":16,"enemies":"Shield and Spear","floor":54,"turns":6},{"damage":57,"enemies":"The Heart","floor":55,"turns":8}],"seed_played":"-5768424024651774795","potions_obtained":[{"floor":1.0,"key":"SneckoOil"},{"floor":12.0,"key":"GamblersBrew"},{"floor":16.0,"key":"Weak Potion"},{"floor":19.0,"key":"Swift Potion"},{"floor":29.0,"key":"Swift Potion"},{"floor":36.0,"key":"BottledMiracle"},{"floor":37,"key":"SteroidPotion"},{"floor":40,"key":"SneckoOil"},{"floor":41,"key":"Fire Potion"},{"floor":48,"key":"EssenceOfSteel"}],"is_trial":false,"path_per_floor":["M","?","?","M","M","R","E","R","T","$","M","E","?","M","R","B",null,"M","M","M","?","$","R","E","R","T","M","R","E","R","?","R","B",null,"M","M","M","M","$","E","M","E","T","M","?","?","R","?","R","B",null,"R","$","E","B",null],"character_chosen":"WATCHER","items_purchased":["CarveReality","Prostrate","MealTicket","Apotheosis","ClockworkSouvenir","Bird Faced Urn","PowerPotion","TalkToTheHand","Study"],"campfire_rested":0,"item_purchase_floors":[10,10,22,22,22,39,53,53,53],"current_hp_per_floor":[72,67,67,65,65,65,67,67,67,67,67,56,41,39,39,39,77,77,77,75,63,63,63,54,54,54,51,51,49,49,49,49,34,77,71,71,71,46,61,49,28,23,23,27,27,67,67,48,48,24,67,67,67,55,10],"gold":72,"neow_bonus":"BOSS_RELIC","is_daily":false,"chose_seed":false,"campfire_upgraded":10,"win_rate":0.0,"timestamp":1612724225,"path_taken":["M","?","?","M","M","R","E","R","T","$","M","E","?","?","R","BOSS","M","M","?","?","$","R","E","R","T","?","R","E","R","?","R","BOSS","M","M","M","M","$","E","M","E","T","M","?","?","R","?","R","BOSS","R","$","E","BOSS"],"items_purchased_type":["Card","Card","Relic","Card","Relic","Relic","Potion","Card","Card"],"build_version":"2020-12-22","purchased_purges":1,"victory":true,"max_hp_per_floor":[72,67,67,67,67,67,77,77,77,77,77,77,77,77,77,77,77,77,77,77,77,77,77,77,77,77,77,77,77,77,77,77,77,77,77,77,77,77,77,77,77,77,77,77,77,67,67,67,67,67,67,67,67,67,67],"relic_stats":{"Gremlin Horn":[16,16],"counters":[27,118],"Golden Idol":228,"Letter Opener":[35],"War Paint":["Alpha","Defend_P"],"MawBank":120,"Lizard Tail":0,"Sundial":[12],"Bronze Scales":[280],"Bird Faced Urn":[58],"MealTicket":15,"obtain_stats":[{"Potion Belt":40,"Pear":7,"Gremlin Horn":29,"Golden Idol":2,"Letter Opener":54,"War Paint":24,"MawBank":12,"Empty Cage":34,"ClockworkSouvenir":22,"Lizard Tail":42,"Sundial":9,"Bronze Scales":26,"Bird Faced Urn":39,"MealTicket":22,"Coffee Dripper":0,"PureWater":0,"Runic Pyramid":17,"Pocketwatch":48},{"Potion Belt":20,"Pear":4,"Gremlin Horn":14,"Golden Idol":1,"Letter Opener":26,"War Paint":12,"MawBank":6,"Empty Cage":15,"ClockworkSouvenir":11,"Lizard Tail":22,"Sundial":4,"Bronze Scales":12,"Bird Faced Urn":19,"MealTicket":11,"Coffee Dripper":0,"PureWater":0,"Runic Pyramid":8,"Pocketwatch":24},{"Potion Belt":72,"Pear":10,"Gremlin Horn":45,"Golden Idol":2,"Letter Opener":110,"War Paint":38,"MawBank":16,"Empty Cage":51,"ClockworkSouvenir":33,"Lizard Tail":86,"Sundial":10,"Bronze Scales":38,"Bird Faced Urn":67,"MealTicket":33,"Coffee Dripper":0,"PureWater":0,"Runic Pyramid":23,"Pocketwatch":95}],"Pocketwatch":[0]},"card_choices":[{"not_picked":["WreathOfFlame","Prostrate"],"picked":"FlurryOfBlows","floor":1.0},{"not_picked":["Collect","Perseverance"],"picked":"CutThroughFate","floor":4.0},{"not_picked":["SashWhip","Crescendo"],"picked":"EmptyFist","floor":5.0},{"not_picked":["Consecrate","ClearTheMind"],"picked":"Conclude","floor":7.0},{"not_picked":["Crescendo","FlyingSleeves"],"picked":"Halt","floor":11.0},{"not_picked":["SandsOfTime","EmptyMind"],"picked":"TalkToTheHand","floor":12.0},{"not_picked":["CutThroughFate","EmptyBody"],"picked":"Brilliance","floor":14.0},{"not_picked":["Wish","Omniscience"],"picked":"Alpha","floor":16.0},{"not_picked":["Protect","Conclude"],"picked":"FearNoEvil","floor":18.0},{"not_picked":["EmptyFist","CutThroughFate"],"picked":"Prostrate+1","floor":19.0},{"not_picked":["JustLucky+1","ReachHeaven","FlurryOfBlows"],"picked":"SKIP","floor":20.0},{"not_picked":["EmptyBody+1","Halt","FlurryOfBlows"],"picked":"SKIP","floor":24.0},{"not_picked":["ThirdEye","CrushJoints"],"picked":"BowlingBash","floor":27.0},{"not_picked":["Consecrate","CutThroughFate+1"],"picked":"ThirdEye","floor":29.0},{"not_picked":["LessonLearned","Blasphemy"],"picked":"DevaForm","floor":33.0},{"not_picked":["SashWhip","FlyingSleeves+1"],"picked":"Adaptation+1","floor":35.0},{"not_picked":["PathToVictory","WreathOfFlame+1","Indignation"],"picked":"SKIP","floor":36.0},{"not_picked":["TalkToTheHand","Consecrate"],"picked":"EmptyMind+1","floor":37},{"not_picked":["BattleHymn+1","FollowUp","JustLucky"],"picked":"SKIP","floor":38},{"not_picked":["Protect+1","Worship+1"],"picked":"LikeWater","floor":40},{"not_picked":["WindmillStrike","ThirdEye"],"picked":"Crescendo","floor":41},{"not_picked":["ClearTheMind+1","Judgement"],"picked":"Indignation+1","floor":42},{"not_picked":["SashWhip","FlyingSleeves","EmptyFist+1"],"picked":"SKIP","floor":44},{"not_picked":["ForeignInfluence","PathToVictory+1"],"picked":"WaveOfTheHand+1","floor":48},{"not_picked":["Weave+1","EmptyFist+1"],"picked":"Meditate+1","floor":54}],"player_experience":749195,"relics_obtained":[{"floor":7.0,"key":"Pear"},{"floor":9.0,"key":"Sundial"},{"floor":12.0,"key":"MawBank"},{"floor":24.0,"key":"War Paint"},{"floor":26.0,"key":"Bronze Scales"},{"floor":29.0,"key":"Gremlin Horn"},{"floor":40,"key":"Potion Belt"},{"floor":42,"key":"Lizard Tail"},{"floor":48,"key":"Pocketwatch"},{"floor":54,"key":"Letter Opener"}],"event_choices":[{"damage_healed":0.0,"max_hp_gain":0.0,"max_hp_loss":5.0,"gold_gain":0.0,"event_name":"Golden Idol","player_choice":"Lose Max HP","floor":2.0,"gold_loss":0.0,"damage_taken":0.0,"relics_obtained":["Golden Idol"]},{"damage_healed":0.0,"max_hp_gain":0.0,"max_hp_loss":0.0,"gold_gain":0.0,"event_name":"Liars Game","player_choice":"Ignored","floor":3.0,"gold_loss":0.0,"damage_taken":0.0},{"damage_healed":0.0,"max_hp_gain":0.0,"max_hp_loss":0.0,"gold_gain":0.0,"event_name":"Shining Light","player_choice":"Entered Light","floor":13.0,"gold_loss":0.0,"damage_taken":15.0,"cards_upgraded":["Strike_P","Halt"]},{"damage_healed":0.0,"max_hp_gain":0.0,"max_hp_loss":0.0,"gold_gain":90.0,"event_name":"Knowing Skull","player_choice":"GOLD ","floor":21.0,"potions_obtained":[],"gold_loss":0.0,"damage_taken":12.0,"cards_obtained":[]},{"damage_healed":0.0,"max_hp_gain":0.0,"max_hp_loss":0.0,"gold_gain":0.0,"event_name":"The Mausoleum","player_choice":"Ignored","floor":31.0,"gold_loss":0.0,"damage_taken":0.0},{"cards_removed":["Defend_P"],"damage_healed":0,"gold_gain":0,"player_choice":"Removed Skill","damage_taken":0,"max_hp_gain":0,"max_hp_loss":0,"event_name":"Falling","floor":45,"gold_loss":0},{"damage_healed":67,"gold_gain":0,"player_choice":"Heal","damage_taken":0,"max_hp_gain":0,"max_hp_loss":10,"event_name":"The Moai Head","floor":46,"gold_loss":0},{"damage_healed":0,"gold_gain":0,"player_choice":"Fight","damage_taken":0,"max_hp_gain":0,"max_hp_loss":0,"event_name":"MindBloom","floor":48,"gold_loss":0}],"is_beta":false,"boss_relics":[{"not_picked":["Busted Crown","Astrolabe"],"picked":"Runic Pyramid"},{"not_picked":["Tiny House","SacredBark"],"picked":"Empty Cage"}],"items_purged_floors":[10],"is_endless":false,"potions_floor_spawned":[1,12,16,19,29,36,37,40,41,48],"ascension_level":1}}