{"host":"kxz5izodaorfb9am","time":1612725342,"event":{"mods":["BaseMod","GifTheSpireLib","Minty Spire (QoL Compilation)","Shop Mod","StSLib"],"gold_per_floor":[117,133,58,70,70,70,87,119,119,129,129,204,235,250,250,250,250],"floor_reached":16,"language":"ENG","playtime":1252,"items_purged":["Strike_R"],"score":134,"play_id":"13cf5a95-5986-4354-b51e-5625988ce0b5","local_time":"20210207201542","is_ascension_mode":true,"campfire_choices":[{"data":"Shrug It Off","floor":6,"key":"SMITH"},{"floor":15,"key":"REST"}],"circlet_count":0,"master_deck":["Strike_R","Strike_R","Defend_R+1","Defend_R","Defend_R+1","Bash","Hemokinesis","Ghostly Armor","Shrug It Off+1","Battle Trance","Power Through","Fire Breathing"],"relics":["Burning Blood","War Paint","Mummified Hand"],"acts_visited":["Exordium"],"potions_floor_usage":[13,14],"damage_taken":[{"damage":14,"enemies":"Jaw Worm","floor":1,"turns":2},{"damage":3,"enemies":"Cultist","floor":2,"turns":3},{"damage":6,"enemies":"Small Slimes","floor":4,"turns":3},{"damage":4,"enemies":"Blue Slaver","floor":7,"turns":4},{"damage":27,"enemies":"Gremlin Nob","floor":8,"turns":4},{"damage":12,"enemies":"Exordium Wildlife","floor":10,"turns":3},{"damage":13,"enemies":"3 Sentries","floor":13,"turns":11},{"damage":14,"enemies":"Gremlin Gang","floor":14,"turns":5},{"damage":54,"enemies":"Hexaghost","floor":16,"turns":11}],"seed_played":"-3004462990831941455","potions_obtained":[{"floor":7,"key":"SpeedPotion"},{"floor":10,"key":"Dexterity Potion"}],"is_trial":false,"path_per_floor":["M","M","$","M","?","R","M","E","T","M","?","?","E","M","R","B"],"character_chosen":"IRONCLAD","items_purchased":[],"campfire_rested":1,"item_purchase_floors":[],"current_hp_per_floor":[72,75,75,75,75,75,77,56,56,50,50,39,32,24,48,0,0],"gold":250,"neow_bonus":"TRANSFORM_CARD","is_daily":false,"chose_seed":false,"campfire_upgraded":1,"win_rate":0.0,"timestamp":1612725342,"path_taken":["M","M","$","M","?","R","M","E","T","?","?","?","E","M","R","BOSS"],"items_purchased_type":[],"build_version":"2020-12-22","purchased_purges":1,"victory":false,"max_hp_per_floor":[80,80,80,80,80,80,80,80,80,80,80,80,80,80,80,80,80],"card_choices":[{"not_picked":["Clothesline","Body Slam"],"picked":"Ghostly Armor","floor":1},{"not_picked":["Thunderclap","Reckless Charge"],"picked":"Shrug It Off","floor":2},{"not_picked":["Spot Weakness","Evolve"],"picked":"Battle Trance","floor":4},{"not_picked":["Warcry","Cleave","Clash"],"picked":"SKIP","floor":7},{"not_picked":["Warcry","Cleave","Clash"],"picked":"SKIP","floor":7},{"not_picked":["Pommel Strike","Heavy Blade"],"picked":"Power Through","floor":8},{"not_picked":["Pummel","Spot Weakness","Headbutt"],"picked":"SKIP","floor":10},{"not_picked":["Clash","Flex"],"picked":"Fire Breathing","floor":13},{"not_picked":["Anger","Headbutt","Sword Boomerang"],"picked":"SKIP","floor":14}],"player_experience":308575,"relics_obtained":[{"floor":8,"key":"War Paint"},{"floor":13,"key":"Mummified Hand"}],"event_choices":[{"cards_removed":["Defend_R"],"damage_healed":0,"gold_gain":0,"player_choice":"Offered Basic","damage_taken":0,"max_hp_gain":0,"max_hp_loss":0,"event_name":"Bonfire Elementals","floor":5,"gold_loss":0},{"cards_removed":["Strike_R"],"damage_healed":0,"gold_gain":0,"player_choice":"Forget","damage_taken":0,"max_hp_gain":0,"max_hp_loss":0,"event_name":"Living Wall","floor":11,"gold_loss":0},{"damage_healed":0,"gold_gain":75,"player_choice":"Gather Gold","damage_taken":11,"max_hp_gain":0,"max_hp_loss":0,"event_name":"World of Goop","floor":12,"gold_loss":0}],"is_beta":false,"boss_relics":[],"items_purged_floors":[3],"is_endless":false,"potions_floor_spawned":[7,10],"killed_by":"Hexaghost","ascension_level":4}}