{"host":"1v3mnj67s3trvm6y","time":1612700918,"event":{"mods":["BaseMod","Challenge The Spire","Downfall","Minty Spire (QoL Compilation)","StSLib"],"gold_per_floor":[99,116,179,179,193,193,193,193,193,213,113,144,158,71,84,180,180,80,99,111,131,55,55,55,71,71,71,71,81,81,66,76,171,171,71,89,102,102,116,126,126,157,157,157,174,174,174,174,192,192,192,192],"floor_reached":50,"language":"ENG","playtime":7352,"items_purged":[],"score":524,"play_id":"af89bb66-ef2e-4b71-9a5c-6ce7b9671845","local_time":"20210207212838","is_ascension_mode":false,"campfire_choices":[{"data":"sneckomod:TailWhip","floor":1,"key":"SMITH"},{"floor":6,"key":"REST"},{"data":"sneckomod:WideSting","floor":11,"key":"SMITH"},{"data":"sneckomod:Cheat","floor":18,"key":"SMITH"},{"floor":26,"key":"RECALL"},{"floor":28,"key":"REST"},{"floor":30,"key":"REST"},{"data":"sneckomod:TrashToTreasure","floor":35,"key":"SMITH"},{"data":"sneckomod:Nope","floor":44,"key":"SMITH"}],"circlet_count":0,"master_deck":["sneckomod:Strike","sneckomod:Strike","sneckomod:Defend","sneckomod:Defend","sneckomod:TailWhip+1","sneckomod:SnekBite","sneckomod:Unknown","sneckomod:UnknownDraw","sneckomod:UnknownDraw","sneckomod:IronFang","bronze:WildBeam","sneckomod:WideSting+1","sneckomod:SoulExchange","sneckomod:SoulDraw","sneckomod:UnknownStrike+1","sneckomod:SerpentIdol","sneckomod:Cheat+1","CurseOfTheBell","sneckomod:SlitherStrike+1","Good Instincts","sneckomod:UnknownStrike+1","sneckomod:QuickBite+1","sneckomod:SnakeSap+1","sneckomod:SoulDraw+1","Slimebound:CheckThePlaybook","downfall:Icky","sneckomod:TrashToTreasure+1","sneckomod:UnknownCommonAttack+1","sneckomod:Nope+1","sneckomod:SoulRoll+1","BootSequence","sneckomod:ImprovisedAttack+1","sneckomod:WideSting+1","Doubt","champ:HeavySlash+1","sneckomod:UnknownCommonSkill+1","champ:HoldFirm","sneckomod:UnknownRareAttack+1"],"relics":["sneckomod:SneckoSoul","Pantograph","StrikeDummy","downfall:HeartBlessingBlue","Molten Egg 2","Calling Bell","Strawberry","The Courier","Ice Cream","downfall:HeartBlessingGreen","Frozen Egg 2","bronze:MakeshiftBattery","downfall:HeartBlessingRed","Darkstone Periapt","HornCleat"],"acts_visited":["Exordium","TheCity","TheBeyond"],"potions_floor_usage":[5,22,37,37,49],"damage_taken":[{"damage":0,"enemies":"Small Slimes","floor":2,"turns":1},{"damage":31,"enemies":"Lagavulin Event","floor":3,"turns":6},{"damage":0,"enemies":"2 Louse","floor":5,"turns":2},{"damage":8,"enemies":"Jaw Worm","floor":10,"turns":2},{"damage":13,"enemies":"Lagavulin","floor":12,"turns":4},{"damage":0,"enemies":"Exordium Wildlife","floor":13,"turns":2},{"damage":0,"enemies":"downfall:FleeingMerchant","floor":14,"turns":4},{"damage":7,"enemies":"Lots of Slimes","floor":15,"turns":2},{"damage":22,"enemies":"IC_STATUS_ARCHETYPE","floor":16,"turns":5},{"damage":18,"enemies":"Shell Parasite","floor":19,"turns":8},{"damage":26,"enemies":"Snake Plant","floor":20,"turns":3},{"damage":25,"enemies":"Centurion and Healer","floor":21,"turns":7},{"damage":7,"enemies":"downfall:FleeingMerchant","floor":22,"turns":4},{"damage":0,"enemies":"Snecko","floor":25,"turns":2},{"damage":40,"enemies":"Snake Plant","floor":29,"turns":4},{"damage":8,"enemies":"downfall:FleeingMerchant","floor":31,"turns":4},{"damage":0,"enemies":"Centurion and Healer","floor":32,"turns":5},{"damage":45,"enemies":"SI_MIRROR_ARCHETYPE","floor":33,"turns":8},{"damage":10,"enemies":"Orb Walker","floor":36,"turns":3},{"damage":20,"enemies":"3 Darklings","floor":37,"turns":5},{"damage":3,"enemies":"Transient","floor":39,"turns":5},{"damage":23,"enemies":"Jaw Worm Horde","floor":40,"turns":5},{"damage":32,"enemies":"Reptomancer","floor":42,"turns":5},{"damage":23,"enemies":"Writhing Mass","floor":45,"turns":5},{"damage":26,"enemies":"Spire Growth","floor":49,"turns":4},{"damage":100,"enemies":"DF_ARCHETYPE_ORBS","floor":50,"turns":7}],"seed_played":"-2821766794086501133","potions_obtained":[{"floor":3,"key":"Explosive Potion"},{"floor":13,"key":"Regen Potion"},{"floor":15,"key":"GamblersBrew"},{"floor":29,"key":"DistilledChaos"},{"floor":32,"key":"Fire Potion"},{"floor":33,"key":"SkillPotion"},{"floor":37,"key":"GamblersBrew"},{"floor":45,"key":"hexamod:SoulburnPotion"}],"is_trial":false,"path_per_floor":["R","M","?","?","M","R","T","?","?","M","R","E","M","$","M","B",null,"R","M","M","M","$","?","T","M","R","?","R","M","R","$","M","B",null,"R","M","M","?","M","M","T","E","?","R","M","?","R","?","M","B"],"character_chosen":"THE_SNECKO","items_purchased":["sneckomod:UnknownStrike+1","sneckomod:SnakeSap+1"],"campfire_rested":3,"item_purchase_floors":[14,22],"current_hp_per_floor":[90,90,59,52,52,79,79,79,84,76,86,73,80,80,73,76,112,112,94,68,43,50,50,50,50,50,50,83,43,76,68,68,48,112,112,102,82,82,79,56,56,24,118,118,95,95,95,95,69,0,0,0],"gold":192,"neow_bonus":"TRANSFORM_CARD","is_daily":false,"chose_seed":false,"campfire_upgraded":5,"win_rate":0.0,"timestamp":1612700918,"path_taken":["R","M","?","?","M","R","T","?","?","M","R","E","M","$","M","BOSS","R","M","M","M","$","?","T","M","R","?","R","M","R","?","M","BOSS","R","M","M","?","?","M","T","E","?","R","M","?","R","?","M","BOSS"],"items_purchased_type":["Card","Card"],"build_version":"2020-12-22","purchased_purges":0,"victory":false,"max_hp_per_floor":[90,90,90,90,90,90,90,90,95,95,105,105,105,105,105,105,112,112,112,112,112,112,112,112,112,112,112,112,112,112,112,112,112,112,112,112,112,112,112,112,112,112,118,118,118,118,118,118,118,118,118,118],"card_choices":[{"not_picked":["sneckomod:UnknownCommonAttack","sneckomod:DiceCrush"],"picked":"sneckomod:UnknownDraw","floor":2},{"not_picked":["sneckomod:UnknownBlock","sneckomod:UnknownCommonSkill"],"picked":"sneckomod:Memorize","floor":3},{"not_picked":["sneckomod:UnendingSupply","sneckomod:DiceBlock"],"picked":"sneckomod:IronFang","floor":5},{"not_picked":["sneckomod:UnknownStrength","sneckomod:DiceBoulder"],"picked":"sneckomod:WideSting","floor":10},{"not_picked":["sneckomod:Memorize","sneckomod:QuickMove"],"picked":"sneckomod:SoulExchange","floor":12},{"not_picked":["sneckomod:UnendingSupply","sneckomod:UnknownUncommonPower"],"picked":"sneckomod:CheapStock","floor":13},{"not_picked":["sneckomod:ImprovisedGuard","sneckomod:SoulRoll"],"picked":"sneckomod:SoulDraw","floor":14},{"not_picked":["sneckomod:Unknown2Cost","sneckomod:DiceBlock"],"picked":"sneckomod:SerpentIdol","floor":15},{"not_picked":["sneckomod:UnknownBoss","sneckomod:SerpentMind"],"picked":"sneckomod:Cheat","floor":16},{"not_picked":["sneckomod:SoulDraw","sneckomod:SoulRoll"],"picked":"sneckomod:SlitherStrike+1","floor":19},{"not_picked":["sneckomod:UnknownDexterity","sneckomod:UnknownClassTHE_BRONZE_AUTOMATON"],"picked":"sneckomod:UnknownColorless","floor":20},{"not_picked":["sneckomod:Rotation+1","sneckomod:UnknownDraw"],"picked":"sneckomod:UnknownStrike+1","floor":21},{"not_picked":["sneckomod:WideSting+1","sneckomod:SoulCleanse+1"],"picked":"sneckomod:QuickBite+1","floor":22},{"not_picked":["sneckomod:DiceCrush+1","sneckomod:QuickMove"],"picked":"sneckomod:SoulDraw+1","floor":25},{"not_picked":["sneckomod:SoulRoll+1","sneckomod:MasterEye+1"],"picked":"sneckomod:TrashToTreasure","floor":29},{"not_picked":["sneckomod:Cheat","sneckomod:Unknown2Cost"],"picked":"sneckomod:UnknownCommonAttack+1","floor":31},{"not_picked":["sneckomod:Unknown1Cost","sneckomod:UnknownCommonSkill"],"picked":"sneckomod:Nope","floor":32},{"not_picked":["sneckomod:Unknown3Cost","sneckomod:UnlimitedRolls+1"],"picked":"sneckomod:UnknownRareSkill","floor":33},{"not_picked":["sneckomod:UnknownClassTHE_BRONZE_AUTOMATON+1","sneckomod:SerpentIdol"],"picked":"sneckomod:Unknown2Cost+1","floor":36},{"not_picked":["sneckomod:UnknownClassTHE_CHAMP_GRAY+1","sneckomod:UnknownClassTHE_BRONZE_AUTOMATON"],"picked":"sneckomod:SoulRoll+1","floor":37},{"not_picked":["sneckomod:UnknownDraw","sneckomod:SlitherStrike+1"],"picked":"sneckomod:ImprovisedAttack+1","floor":39},{"not_picked":["sneckomod:DiceCrush+1","sneckomod:UnknownDraw"],"picked":"sneckomod:WideSting+1","floor":40},{"not_picked":["sneckomod:UnknownX","sneckomod:UnknownWeak"],"picked":"sneckomod:Memorize+1","floor":42},{"not_picked":["sneckomod:UnknownDraw","sneckomod:UnknownClassTHE_BRONZE_AUTOMATON+1"],"picked":"sneckomod:UnknownCommonSkill+1","floor":45},{"not_picked":["sneckomod:DiceCrush+1","sneckomod:SnakeSap+1"],"picked":"sneckomod:UnknownRareAttack+1","floor":49}],"player_experience":1711109,"relics_obtained":[{"floor":3,"key":"Pantograph"},{"floor":12,"key":"Molten Egg 2"},{"floor":17,"key":"Strawberry"},{"floor":17,"key":"The Courier"},{"floor":17,"key":"Ice Cream"},{"floor":24,"key":"Frozen Egg 2"},{"floor":41,"key":"Darkstone Periapt"},{"floor":42,"key":"HornCleat"}],"event_choices":[{"damage_healed":0,"gold_gain":0,"player_choice":"Success","damage_taken":7,"relics_obtained":["StrikeDummy"],"max_hp_gain":0,"max_hp_loss":0,"event_name":"Scrap Ooze","floor":4,"gold_loss":0},{"cards_removed":["sneckomod:Defend"],"damage_healed":0,"gold_gain":0,"player_choice":"Forget","damage_taken":0,"max_hp_gain":0,"max_hp_loss":0,"event_name":"Living Wall","floor":8,"gold_loss":0},{"damage_healed":0,"gold_gain":0,"player_choice":"Donut","damage_taken":0,"max_hp_gain":5,"max_hp_loss":0,"event_name":"Big Fish","floor":9,"gold_loss":0},{"damage_healed":0,"gold_gain":0,"player_choice":"Ignored","damage_taken":0,"max_hp_gain":0,"max_hp_loss":0,"event_name":"Ghosts","floor":23,"gold_loss":0},{"damage_healed":0,"gold_gain":0,"player_choice":"Ignored","damage_taken":0,"max_hp_gain":0,"max_hp_loss":0,"event_name":"Mysterious Sphere","floor":46,"gold_loss":0},{"cards_removed":["sneckomod:CheapStock"],"damage_healed":0,"gold_gain":0,"player_choice":"Removed Power","damage_taken":0,"max_hp_gain":0,"max_hp_loss":0,"event_name":"Falling","floor":48,"gold_loss":0}],"is_beta":false,"boss_relics":[{"not_picked":["Pandora\u0027s Box","Runic Dome"],"picked":"Calling Bell"},{"not_picked":["Black Star","Fusion Hammer"],"picked":"bronze:MakeshiftBattery"}],"items_purged_floors":[],"is_endless":false,"potions_floor_spawned":[3,13,15,29,32,33,37,45],"killed_by":"DF_ARCHETYPE_ORBS","ascension_level":0}}