{"host":"4h8o09gisu0rxdvb","time":1612677046,"event":{"mods":["BaseMod","Better Third Choice","Hermit","Minty Spire (QoL Compilation)","Reliquary","Replay The Spire","StSLib","The Construct","The Death Knight","The Hierophant","The Runesmith"],"gold_per_floor":[113,133,88,108,120,120,151,151,206,206,206,239,262,276,276,380,380,396,311,311,330,240,110,10,41,41,41,72,72,72,92,92,188,188,199,217,217,217],"floor_reached":37,"language":"ENG","playtime":3156,"items_purged":["DeathKnight:Strike_DeathKnight","DeathKnight:Strike_DeathKnight"],"score":415,"play_id":"4c3aae17-81aa-44ca-a984-4be37d56c7b1","local_time":"20210207005046","is_ascension_mode":false,"campfire_choices":[{"floor":6,"key":"REST"},{"data":"DeathKnight:RuneStrike","floor":8,"key":"SMITH"},{"data":"DeathKnight:BladedArmor","floor":10,"key":"SMITH"},{"floor":15,"key":"REST"},{"floor":29,"key":"REST"},{"floor":32,"key":"REST"}],"circlet_count":0,"master_deck":["DeathKnight:Strike_DeathKnight","DeathKnight:Strike_DeathKnight+1","DeathKnight:Defend_DeathKnight","DeathKnight:Defend_DeathKnight","DeathKnight:Defend_DeathKnight+1","DeathKnight:Defend_DeathKnight","DeathKnight:Defend_DeathKnight","DeathKnight:RuneTap","DeathKnight:RuneStrike+1","DeathKnight:Lichborne","DeathKnight:DeathGrip","DeathKnight:HartStrike+1","DeathKnight:IcyTouch","DeathKnight:BladedArmor+1","DeathKnight:BloodStrike+1","DeathKnight:BloodBoil","DeathKnight:Runesurge","AbeCurse","DeathKnight:PathOfFrost+1","DeathKnight:BladedArmor","DeathKnight:DancingRuneblade","DeathKnight:DancingRuneblade","DeathKnight:ShatteringStrikes+1","Hallucinations","DeathKnight:BladedArmor","DeathKnight:MarkOfBlood","DeathKnight:MarkOfBlood","DeathKnight:Hysteria+1","DeathKnight:IceboundArmor+1"],"relics":["DeathKnight:BrokenRuneblade","betterThird:SlimedRelic","Iron Hammer","reliquary:RosewoodLute","Gremlin Food","DeathKnight:SylvanasMusicBox","Odd Mushroom","Abe\u0027s Treasure","DeathKnight:ScourgePlagueSample","GremlinMask","Ginger","Lantern","ReplayTheSpireMod:Ring of Exchange","Ring of Panic","Omamori","WarpedTongs","DollysMirror"],"acts_visited":["Exordium","TheCity","TheBeyond"],"potions_floor_usage":[7,12,36],"damage_taken":[{"damage":1,"enemies":"Cultist","floor":1,"turns":4},{"damage":9,"enemies":"Jaw Worm","floor":2,"turns":5},{"damage":4,"enemies":"2 Louse","floor":4,"turns":2},{"damage":14,"enemies":"Blue Slaver","floor":5,"turns":4},{"damage":6,"enemies":"Gremlin Nob","floor":7,"turns":5},{"damage":16,"enemies":"Lagavulin","floor":12,"turns":6},{"damage":4,"enemies":"The Mushroom Lair","floor":13,"turns":4},{"damage":2,"enemies":"Lots of Slimes","floor":14,"turns":5},{"damage":22,"enemies":"The Guardian","floor":16,"turns":10},{"damage":0,"enemies":"Shell Parasite","floor":18,"turns":3},{"damage":0,"enemies":"Spheric Guardian","floor":21,"turns":3},{"damage":34,"enemies":"Slavers","floor":25,"turns":5},{"damage":23,"enemies":"Gremlin Leader","floor":28,"turns":7},{"damage":0,"enemies":"Shelled Parasite and Fungi","floor":31,"turns":4},{"damage":8,"enemies":"Champ","floor":33,"turns":7},{"damage":16,"enemies":"Orb Walker","floor":35,"turns":4},{"damage":21,"enemies":"3 Darklings","floor":36,"turns":6},{"damage":49,"enemies":"Transient","floor":37,"turns":4}],"seed_played":"2295151409003590128","potions_obtained":[{"floor":2,"key":"FearPotion"},{"floor":7,"key":"SkillPotion"},{"floor":31,"key":"EssenceOfSteel"},{"floor":33,"key":"BlessingOfTheForge"},{"floor":35,"key":"Elixir"}],"is_trial":false,"path_per_floor":["M","M","?","M","M","R","E","R","T","R","?","E","?","M","R","B",null,"M","?","?","M","?","$","$","E","T","?","E","R","?","M","R","B",null,"M","M","M"],"character_chosen":"DEATH_KNIGHT","items_purchased":["DeathKnight:DancingRuneblade"],"campfire_rested":4,"item_purchase_floors":[23],"current_hp_per_floor":[81,72,61,57,43,67,61,61,61,61,58,42,38,36,60,38,82,82,82,82,82,82,82,82,48,48,48,25,49,49,49,73,65,82,66,45,0,0],"gold":217,"neow_bonus":"TEN_PERCENT_HP_BONUS","is_daily":false,"chose_seed":false,"campfire_upgraded":2,"win_rate":0.0,"timestamp":1612677046,"path_taken":["M","?","?","M","M","R","E","R","T","R","?","E","?","M","R","BOSS","M","?","?","?","?","?","$","E","T","?","E","R","?","?","R","BOSS","M","M","M"],"items_purchased_type":["Card"],"build_version":"2020-12-22","purchased_purges":2,"victory":false,"max_hp_per_floor":[82,82,82,82,82,82,82,82,82,82,82,82,82,82,82,82,82,82,82,82,82,82,82,82,82,82,82,82,82,82,82,82,82,82,82,82,82,82],"card_choices":[{"not_picked":["DeathKnight:BloodEchoes","DeathKnight:Pestilence"],"picked":"DeathKnight:Lichborne","floor":1},{"not_picked":["DeathKnight:MindFreeze","DeathKnight:RuneShock"],"picked":"DeathKnight:DeathGrip","floor":2},{"not_picked":["DeathKnight:BoneSpear","DeathKnight:BludPresence"],"picked":"DeathKnight:HartStrike","floor":4},{"not_picked":["DeathKnight:HornOfWinter","DeathKnight:VampiricBlood"],"picked":"DeathKnight:IcyTouch","floor":5},{"not_picked":["DeathKnight:FesteringStrike","DeathKnight:Pestilence"],"picked":"DeathKnight:BladedArmor","floor":7},{"not_picked":["DeathKnight:Rot","DeathKnight:Hysteria"],"picked":"DeathKnight:BloodStrike","floor":12},{"not_picked":["DeathKnight:Pestilence","DeathKnight:PathOfFrost"],"picked":"DeathKnight:BloodBoil","floor":13},{"not_picked":["DeathKnight:RunicCorruption","DeathKnight:MindFreeze","DeathKnight:DeathsAdvance"],"picked":"SKIP","floor":14},{"not_picked":["DeathKnight:ArmyOfTheDead","DeathKnight:Defile"],"picked":"DeathKnight:Runesurge","floor":16},{"not_picked":["DeathKnight:RaiseAlly","DeathKnight:MindFreeze"],"picked":"DeathKnight:PathOfFrost+1","floor":18},{"not_picked":["DeathKnight:DeathAndDecay","DeathKnight:UnholyFrenzy"],"picked":"DeathKnight:BladedArmor","floor":21},{"not_picked":["DeathKnight:Rot+1","DeathKnight:RaiseAlly"],"picked":"DeathKnight:ShatteringStrikes+1","floor":25},{"not_picked":["DeathKnight:IcyTouch","DeathKnight:PillarOfFrost","DeathKnight:BloodTap"],"picked":"SKIP","floor":28},{"not_picked":["DeathKnight:BloodTap+1","DeathKnight:HartStrike"],"picked":"DeathKnight:BladedArmor","floor":31},{"not_picked":["DeathKnight:ReapingStrike","DeathKnight:Frostscythe"],"picked":"DeathKnight:MarkOfBlood","floor":33},{"not_picked":["DeathKnight:ScourgeStrike+1","DeathKnight:DeathsAdvance+1"],"picked":"DeathKnight:Hysteria+1","floor":35},{"not_picked":["DeathKnight:ShatteringStrikes+1","DeathKnight:BladedArmor"],"picked":"DeathKnight:IceboundArmor+1","floor":36}],"player_experience":455481,"relics_obtained":[{"floor":7,"key":"Iron Hammer"},{"floor":9,"key":"reliquary:RosewoodLute"},{"floor":12,"key":"DeathKnight:SylvanasMusicBox"},{"floor":13,"key":"Odd Mushroom"},{"floor":25,"key":"Ginger"},{"floor":26,"key":"Lantern"},{"floor":27,"key":"ReplayTheSpireMod:Ring of Exchange"},{"floor":27,"key":"Ring of Panic"},{"floor":28,"key":"Omamori"}],"event_choices":[{"damage_healed":0,"gold_gain":0,"player_choice":"Slimed","damage_taken":11,"max_hp_gain":0,"max_hp_loss":0,"event_name":"betterThird:BetterGoop","floor":3,"gold_loss":45},{"damage_healed":0,"gold_gain":0,"player_choice":"Relic ","damage_taken":3,"max_hp_gain":0,"max_hp_loss":0,"event_name":"betterThird:BetterScrap","floor":11,"gold_loss":0,"cards_obtained":["Limit Break"]},{"damage_healed":0,"gold_gain":0,"player_choice":"Fought Mushrooms","damage_taken":0,"max_hp_gain":0,"max_hp_loss":0,"event_name":"Mushrooms","floor":13,"gold_loss":0},{"damage_healed":0,"gold_gain":0,"player_choice":"Obtained Relic","damage_taken":0,"relics_obtained":["DeathKnight:ScourgePlagueSample"],"max_hp_gain":0,"max_hp_loss":0,"event_name":"Addict","floor":19,"gold_loss":85},{"damage_healed":0,"gold_gain":0,"player_choice":"Trade","damage_taken":0,"relics_obtained":["GremlinMask"],"max_hp_gain":0,"max_hp_loss":0,"event_name":"FaceTrader","floor":20,"gold_loss":0},{"cards_removed":["DeathKnight:Strike_DeathKnight"],"damage_healed":0,"gold_gain":0,"player_choice":"Upgrade and Remove","damage_taken":0,"max_hp_gain":0,"max_hp_loss":0,"event_name":"Designer","floor":22,"gold_loss":90,"cards_upgraded":["DeathKnight:Strike_DeathKnight"]},{"damage_healed":0,"gold_gain":0,"player_choice":"Rummage","damage_taken":0,"relics_obtained":["WarpedTongs"],"max_hp_gain":0,"max_hp_loss":0,"event_name":"Accursed Blacksmith","floor":30,"gold_loss":0,"cards_obtained":["Pain"]}],"is_beta":false,"boss_relics":[{"not_picked":["Ring of Chaos","construct:ClawGrip"],"picked":"Abe\u0027s Treasure"},{"not_picked":["Coffee Dripper","Velvet Choker"],"picked":"DollysMirror"}],"items_purged_floors":[23,24],"is_endless":false,"potions_floor_spawned":[2,7,31,33,35],"killed_by":"Transient","ascension_level":0}}