{"host":"9hmnsypyq1c5u7i3","time":1612678859,"event":{"mods":["BaseMod","Bestiary","Hermit","Marisa????????","Minty Spire (QoL Compilation)","Permanent Neow","Quick Restart","Relic Stats","StSLib","The Cursed","The Hierophant"],"gold_per_floor":[114,23,39,39,54,54,73,73,73,73,73,93,93,93,93,93,93],"floor_reached":16,"language":"ENG","playtime":946,"items_purged":[],"score":180,"play_id":"5c57c60d-b838-4895-b4e4-de58d93ce884","local_time":"20210207012059","is_ascension_mode":true,"campfire_choices":[{"floor":6,"key":"REST"},{"data":"Footwork","floor":8,"key":"SMITH"},{"floor":11,"key":"REST"},{"data":"Neutralize","floor":13,"key":"SMITH"},{"floor":15,"key":"REST"}],"circlet_count":0,"master_deck":["AscendersBane","Strike_G","Strike_G","Strike_G","Defend_G","Defend_G+1","Defend_G","Defend_G","Defend_G","Survivor+1","Neutralize+1","Dagger Spray","Footwork+1","Slice","Backflip","Sucker Punch"],"relics":["Ring of the Snake","Torii","Tingsha"],"acts_visited":["Exordium"],"potions_floor_usage":[7],"damage_taken":[{"damage":6,"enemies":"Cultist","floor":1,"turns":6},{"damage":10,"enemies":"Jaw Worm","floor":3,"turns":4},{"damage":0,"enemies":"2 Louse","floor":5,"turns":3},{"damage":16,"enemies":"Exordium Thugs","floor":7,"turns":6},{"damage":9,"enemies":"Large Slime","floor":12,"turns":8},{"damage":52,"enemies":"Hexaghost","floor":16,"turns":16}],"seed_played":"-8947310642200733114","potions_obtained":[{"floor":5,"key":"EssenceOfSteel"},{"floor":7,"key":"FairyPotion"}],"is_trial":false,"path_per_floor":["M","$","M","?","M","R","M","R","T","?","R","M","R","?","R","B"],"character_chosen":"THE_SILENT","items_purchased":["Footwork","Slice"],"campfire_rested":3,"item_purchase_floors":[2,2],"current_hp_per_floor":[53,53,43,17,17,36,20,20,20,20,39,30,30,10,29,0,0],"gold":93,"neow_bonus":"REMOVE_CARD","is_daily":false,"chose_seed":false,"campfire_upgraded":2,"win_rate":0.0,"timestamp":1612678859,"path_taken":["M","$","?","?","M","R","M","R","T","?","R","M","R","?","R","BOSS"],"items_purchased_type":["Card","Card"],"build_version":"2020-12-22","purchased_purges":0,"victory":false,"max_hp_per_floor":[66,66,66,66,66,66,66,66,66,66,66,66,66,66,66,66,66],"relic_stats":{"Torii":11,"counters":[6,43],"Tingsha":[9],"obtain_stats":[{"Torii":4,"Tingsha":9,"Ring of the Snake":0},{"Torii":2,"Tingsha":4,"Ring of the Snake":0},{"Torii":10,"Tingsha":19,"Ring of the Snake":0}],"Ring of the Snake":[12]},"card_choices":[{"not_picked":["PiercingWail","Backflip"],"picked":"Dagger Spray","floor":1},{"not_picked":["Prepared","Bane"],"picked":"Backflip","floor":3},{"not_picked":["Prepared","PiercingWail"],"picked":"Sucker Punch","floor":5},{"not_picked":["Endless Agony","Flying Knee","Outmaneuver"],"picked":"SKIP","floor":7},{"not_picked":["Catalyst","Eviscerate","Riddle With Holes"],"picked":"SKIP","floor":12}],"player_experience":940557,"relics_obtained":[{"floor":9,"key":"Tingsha"}],"event_choices":[{"damage_healed":0,"gold_gain":0,"player_choice":"Success","damage_taken":26,"relics_obtained":["Torii"],"max_hp_gain":0,"max_hp_loss":0,"event_name":"Scrap Ooze","floor":4,"gold_loss":0},{"cards_removed":["Strike_G"],"damage_healed":0,"gold_gain":0,"player_choice":"Forget","damage_taken":0,"max_hp_gain":0,"max_hp_loss":0,"event_name":"Living Wall","floor":10,"gold_loss":0},{"damage_healed":0,"gold_gain":0,"player_choice":"Entered Light","damage_taken":20,"max_hp_gain":0,"max_hp_loss":0,"event_name":"Shining Light","floor":14,"gold_loss":0,"cards_upgraded":["Defend_G","Survivor"]}],"is_beta":false,"boss_relics":[],"items_purged_floors":[],"is_endless":false,"potions_floor_spawned":[5,7],"killed_by":"Hexaghost","ascension_level":20}}