{"host":"gc8h028r85mpey4t","time":1612678156,"event":{"mods":["BaseMod","BetterRewards","Colored Powertips","Minty Spire (QoL Compilation)","StSLib","The Senshi"],"gold_per_floor":[114,124,94,108,108,108,120,120,120,133,133,153,153,171,171,269,269,287,303,313,238,338,338,355,355,355,355,355],"floor_reached":27,"language":"ENG","playtime":1580,"items_purged":[],"score":207,"play_id":"6b622709-4106-49db-89d6-29a78d1f414a","local_time":"20210206220916","is_ascension_mode":false,"campfire_choices":[{"data":"Strike_B","floor":6,"key":"SMITH"},{"data":"Conserve Battery","floor":8,"key":"SMITH"},{"data":"Dualcast","floor":11,"key":"SMITH"},{"data":"Zap","floor":13,"key":"SMITH"},{"data":"Rebound","floor":15,"key":"SMITH"},{"data":"Strike_B","floor":23,"key":"SMITH"},{"data":"Beam Cell","floor":25,"key":"SMITH"}],"circlet_count":0,"master_deck":["Strike_B","Strike_B","Strike_B+1","Strike_B+1","Defend_B","Defend_B","Defend_B","Defend_B","Zap+1","Dualcast+1","Conserve Battery+1","Conserve Battery","Leap","Rebound+1","Glacier","Beam Cell+1","Machine Learning","Reinforced Body","Conserve Battery","Rip and Tear"],"relics":["Cracked Core","NeowsBlessing","Mercury Hourglass","Ornamental Fan"],"acts_visited":["Exordium","TheCity"],"potions_floor_usage":[20,20,20],"damage_taken":[{"damage":0,"enemies":"Small Slimes","floor":1,"turns":1},{"damage":0,"enemies":"2 Louse","floor":2,"turns":1},{"damage":0,"enemies":"Cultist","floor":4,"turns":1},{"damage":23,"enemies":"Gremlin Gang","floor":7,"turns":8},{"damage":0,"enemies":"Large Slime","floor":10,"turns":5},{"damage":0,"enemies":"Exordium Wildlife","floor":12,"turns":4},{"damage":11,"enemies":"Gremlin Gang","floor":14,"turns":5},{"damage":22,"enemies":"The Guardian","floor":16,"turns":13},{"damage":11,"enemies":"3 Byrds","floor":18,"turns":4},{"damage":11,"enemies":"Shell Parasite","floor":19,"turns":9},{"damage":12,"enemies":"Centurion and Healer","floor":20,"turns":10},{"damage":8,"enemies":"Snecko","floor":24,"turns":5},{"damage":19,"enemies":"Cultist and Chosen","floor":27,"turns":8}],"seed_played":"6570334205401833418","potions_obtained":[{"floor":1,"key":"Regen Potion"},{"floor":12,"key":"Ancient Potion"},{"floor":16,"key":"Weak Potion"}],"is_trial":false,"path_per_floor":["M","M","?","M","?","R","M","R","T","M","R","M","R","M","R","B",null,"M","M","M","?","?","R","M","R","T","M"],"character_chosen":"DEFECT","items_purchased":[],"campfire_rested":0,"item_purchase_floors":[],"current_hp_per_floor":[75,75,75,75,75,75,52,52,52,52,52,52,52,41,41,19,75,64,53,56,56,56,56,48,48,48,29,29],"gold":355,"neow_bonus":"THREE_ENEMY_KILL","is_daily":false,"chose_seed":false,"campfire_upgraded":7,"win_rate":0.0,"timestamp":1612678156,"path_taken":["M","M","?","M","?","R","M","R","T","M","R","M","R","?","R","BOSS","M","?","M","?","?","R","?","R","T","M"],"items_purchased_type":[],"build_version":"2020-12-22","purchased_purges":0,"victory":false,"max_hp_per_floor":[75,75,75,75,75,75,75,75,75,75,75,75,75,75,75,75,75,75,75,75,75,75,75,75,75,75,75,75],"card_choices":[{"not_picked":["Beam Cell","Rebound"],"picked":"Conserve Battery","floor":1},{"not_picked":["Stack","Hologram"],"picked":"Tempest","floor":2},{"not_picked":["Rebound","Redo"],"picked":"Conserve Battery","floor":4},{"not_picked":["Force Field","Storm"],"picked":"Leap","floor":7},{"not_picked":["Compile Driver","Cold Snap"],"picked":"Rebound","floor":10},{"not_picked":["Turbo","Rebound"],"picked":"Glacier","floor":12},{"not_picked":["Biased Cognition","Coolheaded"],"picked":"Beam Cell","floor":14},{"not_picked":["Echo Form","Biased Cognition"],"picked":"Machine Learning","floor":16},{"not_picked":["Stack","FTL"],"picked":"Reinforced Body","floor":18},{"not_picked":["Static Discharge+1","Rip and Tear"],"picked":"Chill","floor":19},{"not_picked":["Loop","Turbo"],"picked":"Conserve Battery","floor":20},{"not_picked":["Turbo","Redo"],"picked":"Rip and Tear","floor":24}],"player_experience":114020,"relics_obtained":[{"floor":9,"key":"Mercury Hourglass"},{"floor":26,"key":"Ornamental Fan"}],"event_choices":[{"damage_healed":0,"gold_gain":0,"player_choice":"Left Gold","damage_taken":0,"max_hp_gain":0,"max_hp_loss":0,"event_name":"World of Goop","floor":3,"gold_loss":30},{"cards_removed":["Tempest"],"damage_healed":0,"gold_gain":0,"player_choice":"Purged","damage_taken":0,"max_hp_gain":0,"max_hp_loss":0,"event_name":"Purifier","floor":5,"gold_loss":0},{"cards_removed":["Chill"],"damage_healed":0,"gold_gain":0,"player_choice":"Gave Gold","damage_taken":0,"max_hp_gain":0,"max_hp_loss":0,"event_name":"Beggar","floor":21,"gold_loss":75},{"damage_healed":0,"gold_gain":100,"player_choice":"Pray","damage_taken":0,"max_hp_gain":0,"max_hp_loss":0,"event_name":"Golden Shrine","floor":22,"gold_loss":0}],"is_beta":false,"boss_relics":[{"not_picked":["Velvet Choker","Runic Dome","Ectoplasm"]}],"items_purged_floors":[],"is_endless":false,"potions_floor_spawned":[1,12,16,18],"killed_by":"Cultist and Chosen","ascension_level":0}}