{"host":"oeh4wb93hhtrshvk","time":1612699110,"event":{"mods":["2.2 Compatiblity","AchievementEnabler","Act Like it!","Aspiration","BaseMod","Better Skull","Better Third Choice","Block Reminder","Bossed Relics","Card Filter","Colored Powertips","Conspire","Curses Come First","Defuse TimeMaze Blight","Displayed Cursed Tome","Downfall","Energized Spire","GifTheSpireLib","Hermit","Hubris","Infinite Spire","Marisa????????","Minty Spire (QoL Compilation)","Pale of the Ancients","Quick Restart","Rare Cards Sparkle","Relic Filter","Reliquary","Replay The Spire","Shop Mod","Spicy Shops","StS++","StSLib","The Blue Laboratory","The Cursed","Transform Curses","Wandering Minibosses","Weighted Paths","Wide Potions"],"gold_per_floor":[117,42,42,103,117,117,149,149,176,201,201,230,240,253,253,348,348,362,362,362,397,410,410,410,410],"floor_reached":23,"language":"FRA","playtime":1058,"items_purged":[],"score":277,"play_id":"08d07b5b-3be8-497c-b903-e9f712c0969f","local_time":"20210207125830","daily_mods":["Heirloom","DeadlyEvents"],"is_ascension_mode":false,"campfire_choices":[{"data":"infinitespire:Gouge","floor":6,"key":"SMITH"},{"floor":8,"key":"REST"}],"circlet_count":0,"master_deck":["conspire:GhostlyStrike","conspire:GhostlyStrike","conspire:GhostlyStrike","conspire:GhostlyStrike","conspire:GhostlyDefend","conspire:GhostlyDefend","conspire:GhostlyDefend","conspire:GhostlyDefend","bronze:Replicate","bronze:Goto","bronze:DigitalCarnage","infinitespire:Gouge+1","bronze:Branch","bronze:DigitalCarnage","bronze:SpaghettiCode","bronze:Mutator","infinitespire:Gouge+1","bronze:Format","bronze:ForLoop"],"relics":["bronze:BronzeCore","StSpp:XCola","Ancient Tea Set","Art of War","Dream Catcher","reliquary:RedPaperclip","aspiration:RitualStick","Boot"],"acts_visited":["Exordium","TheCity"],"potions_floor_usage":[21,21,21],"damage_taken":[{"damage":1,"enemies":"Jaw Worm","floor":1,"turns":4},{"damage":0,"enemies":"2 Louse","floor":5,"turns":2},{"damage":5,"enemies":"3 Sentries","floor":7,"turns":7},{"damage":4,"enemies":"Gremlin Nob","floor":10,"turns":3},{"damage":5,"enemies":"3 Sentries","floor":12,"turns":4},{"damage":0,"enemies":"Small Slimes","floor":13,"turns":2},{"damage":0,"enemies":"Looter","floor":14,"turns":1},{"damage":1,"enemies":"Fading Forest","floor":16,"turns":11},{"damage":11,"enemies":"Shell Parasite","floor":18,"turns":4},{"damage":26,"enemies":"Gremlin Leader","floor":21,"turns":5},{"damage":0,"enemies":"Chosen","floor":22,"turns":2},{"damage":20,"enemies":"Slavers","floor":23,"turns":2}],"seed_played":"-3808159527832479885","potions_obtained":[{"floor":1,"key":"SkillPotion"},{"floor":4,"key":"ColorlessPotion"},{"floor":4,"key":"EntropicBrew"},{"floor":5,"key":"Adrenaline Potion"}],"is_trial":true,"path_per_floor":["M","$","?","?","M","R","E","R","T","E","?","E","M","M","R","B",null,"M","?","?","E","M","E"],"character_chosen":"THE_AUTOMATON","items_purchased":["Regal Pillow"],"campfire_rested":1,"item_purchase_floors":[2],"current_hp_per_floor":[69,69,52,24,24,24,19,55,55,51,51,46,46,46,46,55,70,59,45,45,19,19,0,0,0],"gold":410,"neow_bonus":"","is_daily":false,"chose_seed":false,"campfire_upgraded":1,"win_rate":0.0,"timestamp":1612699110,"path_taken":["M","$","?","?","M","R","E","R","T","E","?","E","M","M","R","BOSS","M","?","?","?","M","E"],"items_purchased_type":["Relic"],"build_version":"2020-12-22","purchased_purges":0,"victory":false,"max_hp_per_floor":[70,70,70,70,70,70,70,70,70,70,70,70,70,70,70,70,70,70,70,70,70,70,70,70,70],"card_choices":[{"not_picked":["bronze:CutThrough","bronze:Philosophize"],"picked":"bronze:DigitalCarnage","floor":1},{"not_picked":["infinitespire:FutureSight","infinitespire:Execution"],"picked":"infinitespire:Gouge","floor":3},{"not_picked":["bronze:Shield","bronze:BugBarrage"],"picked":"bronze:Branch","floor":5},{"not_picked":["bronze:FineTuning","bronze:Overheat"],"picked":"bronze:DigitalCarnage","floor":7},{"not_picked":["bronze:Overheat","bronze:DigitalCarnage","bronze:DelayedGuard"],"picked":"SKIP","floor":10},{"not_picked":["bronze:Iterate","bronze:Constructor","bronze:Deprecate"],"picked":"SKIP","floor":12},{"not_picked":["bronze:WhirlingStrike","bronze:Deprecate"],"picked":"bronze:SpaghettiCode","floor":13},{"not_picked":["bronze:Turbo","bronze:Boost","bronze:Fortify"],"picked":"SKIP","floor":14},{"not_picked":["bronze:HyperBeam","bronze:ShipIt"],"picked":"bronze:Mutator","floor":16},{"not_picked":["bronze:Deprecate","bronze:WildBeam","bronze:Iterate"],"picked":"SKIP","floor":18},{"not_picked":["bronze:ForLoop","bronze:CutThrough"],"picked":"bronze:Format","floor":21},{"not_picked":["bronze:Deprecate","bronze:WhirlingStrike"],"picked":"bronze:ForLoop","floor":22}],"player_experience":666957,"relics_obtained":[{"floor":7,"key":"Ancient Tea Set"},{"floor":9,"key":"aspiration:ChemicalBlood"},{"floor":10,"key":"Art of War"},{"floor":12,"key":"Dream Catcher"},{"floor":21,"key":"Boot"}],"event_choices":[{"damage_healed":0,"gold_gain":0,"player_choice":"Agree","damage_taken":0,"max_hp_gain":0,"max_hp_loss":0,"event_name":"conspire:LoneGhost","floor":11,"gold_loss":0},{"damage_healed":0,"gold_gain":0,"player_choice":"Copied","damage_taken":0,"max_hp_gain":0,"max_hp_loss":0,"event_name":"Duplicator","floor":20,"gold_loss":0,"cards_obtained":["infinitespire:Gouge"]}],"is_beta":false,"boss_relics":[{"not_picked":["Sozu","aspiration:SilentSkillbook"],"picked":"reliquary:RedPaperclip"}],"items_purged_floors":[],"is_endless":false,"potions_floor_spawned":[1,5,7,13,14,18],"killed_by":"Slavers","ascension_level":0}}