{"host":"x9frttga5yiwhf39","time":1612672156,"event":{"mods":["Astrologer","BaseMod","Better Third Choice","Block Reminder","Colored Map","DeckTracker","Downfall","Highlight Path","Minty Spire (QoL Compilation)","Permanent Neow","StSLib","The Administrix","The Construct","The Cursed","The Disciple","The Gatherer","The Marked","The Runesmith","The Servant 0.9.4"],"gold_per_floor":[99,114,134,144,144,144,168,186,213,213,241,260,160,177,195,295,295,295,310,310,322,342,417,440,203,303,338,354,373,392,409,419,519,519,319,330,330,348,348,399,444,471,237,237,248,248,282,302,319,319,319],"floor_reached":50,"language":"ENG","playtime":2272,"items_purged":["TheCursedMod:Defend_TheCursed","TheCursedMod:Strike_TheCursed"],"score":690,"play_id":"46b2206d-97d7-48f9-8301-52b62c596d35","local_time":"20210206232916","is_ascension_mode":false,"campfire_choices":[{"floor":1,"key":"RECALL"},{"floor":13,"key":"REST"},{"floor":18,"key":"REST"},{"floor":35,"key":"REST"},{"data":"1","floor":46,"key":"LIFT"}],"circlet_count":0,"master_deck":["TheCursedMod:Strike_TheCursed+1","TheCursedMod:Strike_TheCursed","TheCursedMod:Defend_TheCursed+1","TheCursedMod:Defend_TheCursed","TheCursedMod:CursedWand+1","TheCursedMod:CleanUpWorkshop+1","TheCursedMod:Dregs","TheCursedMod:FuryStrike+1","TheCursedMod:SurpriseAttack","TheCursedMod:FuryStrike+1","TheCursedMod:CursedStaff","Writhe","TheCursedMod:WearCloak+1","TheCursedMod:CursedMace","TheCursedMod:CursedAmulet","TheCursedMod:NeowsMight+1","TheCursedMod:Obscuration","TheCursedMod:DemonSword","TheCursedMod:HellfireBreathing+1","TheCursedMod:WearCloak","TheCursedMod:TacticalStrike+1","TheCursedMod:SpitefulPray","TheCursedMod:SpitefulPlan+1","TheCursedMod:SurpriseAttack+1","TheCursedMod:CursedBlade+1","CurseOfTheBell","TheCursedMod:CursedStaff+1","TheCursedMod:FuryStrike+1","TheCursedMod:SurpriseAttack+1","TheCursedMod:SoulReap+1","TheCursedMod:SoulReap+1","Parasite","TheCursedMod:VoidForm"],"relics":["expansioncontent:StudyCardRelic","downfall:ShatteredFragment","Juzu Bracelet","construct:RocketBooster","Dream Catcher","downfall:HeartBlessingRed","Fusion Hammer","PreservedInsect","champ:DeflectingBracers","construct:FoamFinger","Bottled Tornado","Calling Bell","Nunchaku","Molten Egg 2","Incense Burner","downfall:HeartBlessingGreen","downfall:HeartBlessingBlue","CaptainsWheel","Regal Pillow","Mango","Girya","Blood Vial","Bag of Marbles"],"acts_visited":["Exordium","TheCity","TheBeyond"],"potions_floor_usage":[27,50],"damage_taken":[{"damage":2,"enemies":"2 Louse","floor":2,"turns":3},{"damage":0,"enemies":"Cultist","floor":3,"turns":2},{"damage":0,"enemies":"Jaw Worm","floor":4,"turns":4},{"damage":10,"enemies":"Exordium Thugs","floor":8,"turns":3},{"damage":9,"enemies":"3 Sentries","floor":9,"turns":5},{"damage":7,"enemies":"Gremlin Nob","floor":11,"turns":3},{"damage":5,"enemies":"Red Slaver","floor":12,"turns":2},{"damage":0,"enemies":"2 Fungi Beasts","floor":14,"turns":2},{"damage":0,"enemies":"Large Slime","floor":15,"turns":2},{"damage":0,"enemies":"IC_STATUS_ARCHETYPE","floor":16,"turns":3},{"damage":0,"enemies":"Spheric Guardian","floor":19,"turns":2},{"damage":0,"enemies":"Centurion and Healer","floor":21,"turns":3},{"damage":0,"enemies":"Snake Plant","floor":22,"turns":2},{"damage":0,"enemies":"downfall:FleeingMerchant","floor":25,"turns":4},{"damage":0,"enemies":"Colosseum Nobs","floor":26,"turns":3},{"damage":0,"enemies":"Book of Stabbing","floor":27,"turns":2},{"damage":0,"enemies":"Sentry and Sphere","floor":28,"turns":3},{"damage":15,"enemies":"Centurion and Healer","floor":29,"turns":3},{"damage":0,"enemies":"3 Cultists","floor":30,"turns":3},{"damage":9,"enemies":"Shelled Parasite and Fungi","floor":31,"turns":2},{"damage":0,"enemies":"Centurion and Healer","floor":32,"turns":2},{"damage":11,"enemies":"SI_MIRROR_ARCHETYPE","floor":33,"turns":7},{"damage":6,"enemies":"Orb Walker","floor":36,"turns":3},{"damage":15,"enemies":"3 Darklings","floor":38,"turns":3},{"damage":21,"enemies":"2 Orb Walkers","floor":40,"turns":4},{"damage":0,"enemies":"Reptomancer","floor":42,"turns":3},{"damage":1,"enemies":"downfall:FleeingMerchant","floor":43,"turns":3},{"damage":0,"enemies":"Transient","floor":45,"turns":5},{"damage":10,"enemies":"Nemesis","floor":47,"turns":3},{"damage":2,"enemies":"4 Shapes","floor":48,"turns":3},{"damage":0,"enemies":"Writhing Mass","floor":49,"turns":2},{"damage":112,"enemies":"WA_ARCHETYPE_DIVINITY","floor":50,"turns":5}],"seed_played":"-1705385172920986266","potions_obtained":[{"floor":8,"key":"FearPotion"},{"floor":9,"key":"DistilledChaos"},{"floor":11,"key":"Dexterity Potion"},{"floor":23,"key":"downfall:CursedFountainPotion"},{"floor":27,"key":"Dexterity Potion"},{"floor":33,"key":"AttackPotion"},{"floor":37,"key":"ColorlessPotion"}],"is_trial":false,"path_per_floor":["R","M","M","M","?","?","T","M","E","?","E","M","R","M","M","B",null,"R","M","?","M","M","?","T","$","?","E","M","M","M","M","M","B",null,"R","M","?","M","?","?","T","E","$","?","M","R","E","M","M","B"],"character_chosen":"THE_CURSED","items_purchased":["PreservedInsect","Girya","Blood Vial"],"campfire_rested":3,"item_purchase_floors":[25,43,43],"current_hp_per_floor":[75,73,73,73,61,61,61,51,42,42,35,30,52,52,52,52,75,75,75,61,61,61,61,61,61,61,61,61,46,46,37,37,26,80,90,84,84,69,79,58,58,72,71,71,82,82,83,91,93,0,0],"gold":319,"neow_bonus":"BOSS_RELIC","is_daily":false,"chose_seed":false,"campfire_upgraded":0,"win_rate":0.0,"timestamp":1612672156,"path_taken":["R","M","M","M","?","?","T","M","E","?","E","M","R","M","M","BOSS","R","M","?","M","M","?","T","$","?","E","M","M","M","M","M","BOSS","R","M","?","M","?","?","T","E","$","?","M","R","E","M","M","BOSS"],"items_purchased_type":["Relic","Relic","Relic"],"build_version":"2020-12-22","purchased_purges":2,"victory":false,"max_hp_per_floor":[75,75,75,75,75,75,75,75,75,75,75,75,75,75,75,75,75,75,75,80,80,80,80,80,80,80,80,80,80,80,80,80,80,80,90,90,90,90,79,79,79,93,93,93,93,93,93,93,93,93,93],"card_choices":[{"not_picked":["TheCursedMod:CursedShiv","TheCursedMod:SpitefulPlan"],"picked":"TheCursedMod:FuryStrike","floor":2},{"not_picked":["TheCursedMod:FleshFromBone","TheCursedMod:Stretching"],"picked":"TheCursedMod:SurpriseAttack","floor":3},{"not_picked":["TheCursedMod:CircleOfBlood","TheCursedMod:RapidMovement"],"picked":"TheCursedMod:FuryStrike","floor":4},{"not_picked":["TheCursedMod:CircleOfFlame","TheCursedMod:CircleOfCorruption","TheCursedMod:SmokeScreen"],"picked":"SKIP","floor":8},{"not_picked":["TheCursedMod:ReleasedKnowledge","TheCursedMod:DarkBarrier"],"picked":"TheCursedMod:CursedStaff","floor":9},{"not_picked":["TheCursedMod:Stretching","TheCursedMod:RapidMovement"],"picked":"TheCursedMod:WearCloak","floor":11},{"not_picked":["TheCursedMod:Stigma","TheCursedMod:Grudge"],"picked":"TheCursedMod:CursedMace","floor":12},{"not_picked":["TheCursedMod:Stigma","TheCursedMod:RapidMovement"],"picked":"TheCursedMod:CursedAmulet","floor":13},{"not_picked":["TheCursedMod:Torture","TheCursedMod:RavingStaff"],"picked":"TheCursedMod:NeowsMight","floor":14},{"not_picked":["TheCursedMod:DoubleShield","TheCursedMod:CursedStaff"],"picked":"TheCursedMod:Obscuration","floor":15},{"not_picked":["TheCursedMod:Neurasthenia","TheCursedMod:ForbiddenAlchemy"],"picked":"TheCursedMod:DemonSword","floor":16},{"not_picked":["TheCursedMod:FleshFromBone+1","TheCursedMod:WearCloak"],"picked":"TheCursedMod:HellfireBreathing","floor":18},{"not_picked":["TheCursedMod:BlessingInDisguise","TheCursedMod:SpitefulStrike"],"picked":"TheCursedMod:WearCloak","floor":19},{"not_picked":["TheCursedMod:AbyssShockwave","TheCursedMod:WearCloak","TheCursedMod:SmokeScreen"],"picked":"SKIP","floor":21},{"not_picked":["TheCursedMod:CursedAmulet","TheCursedMod:Stretching"],"picked":"TheCursedMod:TacticalStrike+1","floor":22},{"not_picked":["TheCursedMod:Torture+1","TheCursedMod:ReleasedKnowledge","TheCursedMod:BloodBarrier"],"picked":"SKIP","floor":25},{"not_picked":["TheCursedMod:ManaBullet","TheCursedMod:SmokeScreen"],"picked":"TheCursedMod:SpitefulPray","floor":26},{"not_picked":["TheCursedMod:BloodBarrier","TheCursedMod:CursedBlade+1"],"picked":"TheCursedMod:SpitefulPlan+1","floor":27},{"not_picked":["TheCursedMod:PrepareRite","TheCursedMod:CursedArmor","TheCursedMod:RapidMovement"],"picked":"SKIP","floor":28},{"not_picked":["TheCursedMod:AshesToAshes+1","TheCursedMod:TacticalStrike","TheCursedMod:CursedArmor"],"picked":"SKIP","floor":29},{"not_picked":["TheCursedMod:DemonSword","TheCursedMod:SpreadPlague","TheCursedMod:ReleasedKnowledge"],"picked":"SKIP","floor":30},{"not_picked":["TheCursedMod:Torture","TheCursedMod:StingEye"],"picked":"TheCursedMod:SurpriseAttack+1","floor":31},{"not_picked":["TheCursedMod:SpreadPlague+1","TheCursedMod:StingEye"],"picked":"TheCursedMod:CursedBlade+1","floor":32},{"not_picked":["TheCursedMod:SpitefulPlan+1","TheCursedMod:CircleOfFlame+1"],"picked":"TheCursedMod:CursedStaff+1","floor":35},{"not_picked":["TheCursedMod:CircleOfFocus+1","TheCursedMod:SoulReap+1"],"picked":"TheCursedMod:FuryStrike+1","floor":36},{"not_picked":["TheCursedMod:SmokeScreen+1","TheCursedMod:RapidMovement"],"picked":"TheCursedMod:SurpriseAttack+1","floor":38},{"not_picked":["TheCursedMod:Mangle+1","TheCursedMod:SmokeScreen","TheCursedMod:CircleOfFlame"],"picked":"SKIP","floor":42},{"not_picked":["TheCursedMod:RapidMovement","TheCursedMod:WearCloak"],"picked":"TheCursedMod:SoulReap+1","floor":43},{"not_picked":["TheCursedMod:CursedSpellbook","TheCursedMod:Wield+1"],"picked":"TheCursedMod:SoulReap+1","floor":45},{"not_picked":["TheCursedMod:BloodBarrier+1","TheCursedMod:BlessingInDisguise+1","TheCursedMod:SoulReap+1"],"picked":"SKIP","floor":47},{"not_picked":["TheCursedMod:ReleasedStrength","TheCursedMod:CircleOfFocus","TheCursedMod:Evocation+1"],"picked":"SKIP","floor":48},{"not_picked":["TheCursedMod:Evocation","TheCursedMod:CircleOfCorruption+1"],"picked":"TheCursedMod:VoidForm","floor":49}],"player_experience":137152,"relics_obtained":[{"floor":7,"key":"Juzu Bracelet"},{"floor":9,"key":"construct:RocketBooster"},{"floor":11,"key":"Dream Catcher"},{"floor":26,"key":"champ:DeflectingBracers"},{"floor":26,"key":"construct:FoamFinger"},{"floor":27,"key":"Bottled Tornado"},{"floor":34,"key":"Nunchaku"},{"floor":34,"key":"Molten Egg 2"},{"floor":34,"key":"Incense Burner"},{"floor":40,"key":"CaptainsWheel"},{"floor":41,"key":"Regal Pillow"},{"floor":42,"key":"Mango"},{"floor":47,"key":"Bag of Marbles"}],"event_choices":[{"cards_removed":["TheCursedMod:Defend_TheCursed"],"damage_healed":0,"gold_gain":0,"player_choice":"Offered Basic","damage_taken":0,"max_hp_gain":0,"max_hp_loss":0,"event_name":"Bonfire Elementals","floor":6,"gold_loss":0},{"damage_healed":0,"gold_gain":0,"player_choice":"Got Potions","damage_taken":0,"max_hp_gain":0,"max_hp_loss":0,"event_name":"Lab","floor":37,"gold_loss":0},{"damage_healed":0,"gold_gain":0,"player_choice":"Fight","damage_taken":0,"max_hp_gain":0,"max_hp_loss":0,"event_name":"Mysterious Sphere","floor":40,"gold_loss":0},{"cards_removed":["TheCursedMod:Strike_TheCursed"],"damage_healed":0,"gold_gain":0,"player_choice":"Removed Attack","damage_taken":0,"max_hp_gain":0,"max_hp_loss":0,"event_name":"Falling","floor":44,"gold_loss":0}],"is_beta":false,"boss_relics":[{"not_picked":["SacredBark","Philosopher\u0027s Stone"],"picked":"Fusion Hammer"},{"not_picked":["construct:ClawGrip","Tiny House"],"picked":"Calling Bell"}],"items_purged_floors":[25,43],"is_endless":false,"potions_floor_spawned":[8,9,11,15,16,26,27,29,33,36,40,47,48,49],"killed_by":"WA_ARCHETYPE_DIVINITY","ascension_level":0}}