{"host":"wuernuywc9gl215o","time":1612719610,"event":{"mods":["AchievementEnabler","BaseMod","Block Reminder","Highlight Path","Key Reminder","Minty Spire (QoL Compilation)","Permanent Neow","Potion Indicator Mod","Quick Restart","Relic Stats"],"gold_per_floor":[359,370,382,382,15,15,27,59,82,82,114,19,37,56,56,130,130,143,163,176,176,176,176,211,221,246,280,299,315,315,240,240,315,315,334,284,284,295,295,295,325,325,370,222,253,278,28,42,42,42,42,42,5,37,37,37],"floor_reached":55,"language":"ENG","playtime":4510,"items_purged":["Doubt"],"score":1363,"play_id":"32f8bc17-aedf-4ef7-9168-f3a60d6adedc","local_time":"20210207174010","is_ascension_mode":true,"campfire_choices":[{"data":"After Image","floor":6.0,"key":"SMITH"},{"floor":10.0,"key":"REST"},{"floor":15.0,"key":"REST"},{"data":"Wraith Form v2","floor":23.0,"key":"SMITH"},{"floor":30.0,"key":"REST"},{"data":"Blade Dance","floor":32.0,"key":"SMITH"},{"floor":40,"key":"RECALL"},{"floor":49,"key":"REST"},{"floor":52,"key":"REST"}],"circlet_count":0,"master_deck":["AscendersBane","Strike_G+1","Strike_G+1","Strike_G+1","Strike_G+1","Defend_G+1","Defend_G+1","Defend_G+1","Defend_G+1","Defend_G+1","Survivor","Neutralize","Footwork","Backstab","Acrobatics+1","After Image+1","Underhanded Strike","Caltrops","Corpse Explosion+1","Flying Knee","Dodge and Roll+1","Deflect","Blade Dance+1","Endless Agony","Dagger Throw","Wraith Form v2+1","Cloak And Dagger","Predator","Choke+1","Skewer","Skewer","Blade Dance","Finisher","Burst","Cloak And Dagger","Magnetism","Quick Slash","Quick Slash","Cloak And Dagger","Venomology","After Image","Infinite Blades+1","Blur","PiercingWail"],"relics":["Ring of the Snake","Frozen Eye","PreservedInsect","Nunchaku","Juzu Bracelet","Snecko Eye","Pear","War Paint","Bag of Marbles","Pantograph","Fusion Hammer","Ancient Tea Set","Lee\u0027s Waffle","Strawberry","Torii","Happy Flower"],"acts_visited":["Exordium","TheCity","TheBeyond","TheEnding"],"potions_floor_usage":[33,33,41,48,50,50,54,54,54,55],"damage_taken":[{"damage":5.0,"enemies":"Cultist","floor":1.0,"turns":5.0},{"damage":2.0,"enemies":"2 Louse","floor":2.0,"turns":4.0},{"damage":2.0,"enemies":"Jaw Worm","floor":3.0,"turns":5.0},{"damage":15.0,"enemies":"Exordium Thugs","floor":7.0,"turns":7.0},{"damage":32.0,"enemies":"Lagavulin","floor":8.0,"turns":8.0},{"damage":16.0,"enemies":"Gremlin Nob","floor":11.0,"turns":5.0},{"damage":0.0,"enemies":"3 Louse","floor":13.0,"turns":2.0},{"damage":1.0,"enemies":"Blue Slaver","floor":14.0,"turns":3.0},{"damage":9.0,"enemies":"The Guardian","floor":16.0,"turns":14.0},{"damage":0.0,"enemies":"Chosen","floor":18.0,"turns":4.0},{"damage":0.0,"enemies":"Spheric Guardian","floor":19.0,"turns":5.0},{"damage":21.0,"enemies":"Centurion and Healer","floor":20.0,"turns":4.0},{"damage":1.0,"enemies":"Slavers","floor":24.0,"turns":3.0},{"damage":0.0,"enemies":"Snecko","floor":25.0,"turns":5.0},{"damage":18.0,"enemies":"Gremlin Leader","floor":27.0,"turns":7.0},{"damage":0.0,"enemies":"Cultist and Chosen","floor":28.0,"turns":3.0},{"damage":0.0,"enemies":"Chosen and Byrds","floor":29.0,"turns":3.0},{"damage":61,"enemies":"Collector","floor":33,"turns":10},{"damage":0,"enemies":"3 Darklings","floor":35,"turns":2},{"damage":0,"enemies":"3 Shapes","floor":38,"turns":1},{"damage":3,"enemies":"Giant Head","floor":41,"turns":7},{"damage":24,"enemies":"Reptomancer","floor":45,"turns":5},{"damage":19,"enemies":"Mind Bloom Boss Battle","floor":46,"turns":8},{"damage":17,"enemies":"Maw","floor":48,"turns":8},{"damage":32,"enemies":"Awakened One","floor":50,"turns":15},{"damage":22,"enemies":"Shield and Spear","floor":54,"turns":7},{"damage":98,"enemies":"The Heart","floor":55,"turns":8}],"seed_played":"2082113430679849468","potions_obtained":[{"floor":1.0,"key":"Block Potion"},{"floor":2.0,"key":"EssenceOfSteel"},{"floor":8.0,"key":"Explosive Potion"},{"floor":11.0,"key":"Energy Potion"},{"floor":14.0,"key":"AttackPotion"},{"floor":16.0,"key":"Fire Potion"},{"floor":20.0,"key":"Fruit Juice"},{"floor":27.0,"key":"Block Potion"},{"floor":33,"key":"PowerPotion"},{"floor":45,"key":"BlessingOfTheForge"},{"floor":54,"key":"Block Potion"}],"is_trial":false,"path_per_floor":["M","M","M","?","$","R","M","E","T","R","E","$","M","M","R","B",null,"M","M","M","?","T","R","E","M","T","E","M","M","R","?","R","B",null,"M","?","?","M","?","R","E","?","T","$","E","?","$","M","R","B",null,"R","$","E","B"],"character_chosen":"THE_SILENT","items_purchased":["Frozen Eye","Corpse Explosion","Blade Dance","Endless Agony","Lee\u0027s Waffle","After Image","GhostInAJar","Blur"],"campfire_rested":5,"item_purchase_floors":[5,5,12,12,44,47,47,53],"current_hp_per_floor":[54,52,50,50,50,50,35,3,3,22,6,6,6,5,24,15,53,53,53,32,32,42,42,46,46,46,28,28,28,52,52,52,16,65,65,65,55,55,55,55,52,52,52,88,71,76,76,59,87,63,87,95,95,73,0,0],"gold":37,"neow_bonus":"TWO_FIFTY_GOLD","is_daily":false,"chose_seed":false,"campfire_upgraded":3,"win_rate":0.0,"timestamp":1612719610,"path_taken":["M","?","M","?","$","R","M","E","T","R","E","?","M","M","R","BOSS","M","M","M","?","?","R","E","M","T","E","M","M","R","?","R","BOSS","M","?","?","M","?","R","E","?","T","$","E","?","$","M","R","BOSS","R","$","E","BOSS"],"items_purchased_type":["Relic","Card","Card","Card","Relic","Card","Potion","Card"],"build_version":"2020-12-22","purchased_purges":1,"victory":false,"max_hp_per_floor":[66,66,66,66,66,66,66,66,66,66,66,66,66,66,66,66,66,66,66,66,66,76,76,81,81,81,81,81,81,81,81,81,81,81,81,81,81,81,81,81,81,81,81,88,95,95,95,95,95,95,95,95,95,95,95,95],"relic_stats":{"Nunchaku":[43],"Lee\u0027s Waffle":36,"Torii":35,"Happy Flower":[2],"counters":[27,158],"Pantograph":79,"Snecko Eye":[220,183,204,200],"PreservedInsect":381,"Juzu Bracelet":1,"War Paint":["Acrobatics","Corpse Explosion"],"obtain_stats":[{"Lee\u0027s Waffle":44,"Pear":22,"Torii":46,"Happy Flower":54,"PreservedInsect":8,"Juzu Bracelet":11,"War Paint":24,"Ancient Tea Set":41,"keyreminder:keyreminder":40,"Frozen Eye":5,"Nunchaku":9,"Pantograph":27,"Strawberry":45,"Snecko Eye":17,"Fusion Hammer":34,"Bag of Marbles":26,"Ring of the Snake":0},{"Lee\u0027s Waffle":21,"Pear":12,"Torii":23,"Happy Flower":26,"PreservedInsect":5,"Juzu Bracelet":6,"War Paint":13,"Ancient Tea Set":21,"keyreminder:keyreminder":20,"Frozen Eye":3,"Nunchaku":5,"Pantograph":15,"Strawberry":22,"Snecko Eye":9,"Fusion Hammer":18,"Bag of Marbles":14,"Ring of the Snake":0},{"Lee\u0027s Waffle":107,"Pear":66,"Torii":120,"Happy Flower":150,"PreservedInsect":29,"Juzu Bracelet":34,"War Paint":69,"Ancient Tea Set":107,"keyreminder:keyreminder":100,"Frozen Eye":14,"Nunchaku":29,"Pantograph":81,"Strawberry":112,"Snecko Eye":53,"Fusion Hammer":97,"Bag of Marbles":74,"Ring of the Snake":0}],"Ring of the Snake":[55]},"card_choices":[{"not_picked":["Dagger Throw","Outmaneuver"],"picked":"Footwork","floor":1.0},{"not_picked":["Tactician","Eviscerate"],"picked":"Backstab","floor":2.0},{"not_picked":["Reflex","Accuracy"],"picked":"Acrobatics","floor":3.0},{"not_picked":["Footwork","Poisoned Stab"],"picked":"Flying Knee","floor":7.0},{"not_picked":["Poisoned Stab","Backflip"],"picked":"Dodge and Roll","floor":8.0},{"not_picked":["Poisoned Stab","Crippling Poison"],"picked":"Deflect","floor":11.0},{"not_picked":["Deflect","PiercingWail"],"picked":"Predator","floor":13.0},{"not_picked":["Terror","Underhanded Strike"],"picked":"Dagger Throw","floor":14.0},{"not_picked":["Envenom","Unload"],"picked":"Wraith Form v2","floor":16.0},{"not_picked":["Acrobatics","Sucker Punch"],"picked":"Cloak And Dagger","floor":18.0},{"not_picked":["Finisher","Backstab"],"picked":"Predator","floor":19.0},{"not_picked":["Underhanded Strike","Deadly Poison"],"picked":"Choke","floor":20.0},{"not_picked":["Flying Knee","PiercingWail"],"picked":"Skewer","floor":24.0},{"not_picked":["Prepared","Backstab","Sucker Punch"],"picked":"SKIP","floor":25.0},{"not_picked":["Distraction","Acrobatics"],"picked":"Skewer","floor":27.0},{"not_picked":["Dagger Spray","Masterful Stab"],"picked":"Blade Dance","floor":28.0},{"not_picked":["Blade Dance","Noxious Fumes"],"picked":"Finisher","floor":29.0},{"not_picked":["Doppelganger","Malaise"],"picked":"Burst","floor":33},{"not_picked":["Prepared","Deflect"],"picked":"Cloak And Dagger","floor":35},{"not_picked":["Mind Blast","Blind"],"picked":"Magnetism","floor":37},{"not_picked":["Caltrops","Flying Knee"],"picked":"Quick Slash","floor":38},{"not_picked":["Choke","Poisoned Stab"],"picked":"Quick Slash","floor":41},{"not_picked":["Corpse Explosion","Dagger Spray+1"],"picked":"Cloak And Dagger","floor":45},{"not_picked":["Backflip","Deflect"],"picked":"Venomology","floor":46},{"not_picked":["Escape Plan","Footwork+1"],"picked":"Infinite Blades+1","floor":48},{"not_picked":["Backflip","Setup+1"],"picked":"PiercingWail","floor":54}],"player_experience":852959,"relics_obtained":[{"floor":8.0,"key":"PreservedInsect"},{"floor":9.0,"key":"Nunchaku"},{"floor":11.0,"key":"Juzu Bracelet"},{"floor":22.0,"key":"Pear"},{"floor":24.0,"key":"War Paint"},{"floor":26.0,"key":"Bag of Marbles"},{"floor":27.0,"key":"Pantograph"},{"floor":41,"key":"Ancient Tea Set"},{"floor":45,"key":"Strawberry"},{"floor":46,"key":"Torii"},{"floor":54,"key":"Happy Flower"}],"event_choices":[{"damage_healed":0.0,"max_hp_gain":0.0,"max_hp_loss":0.0,"gold_gain":0.0,"event_name":"Match and Keep!","player_choice":"3 cards matched","floor":4.0,"gold_loss":0.0,"damage_taken":0.0,"cards_obtained":["After Image","Underhanded Strike","Caltrops"]},{"damage_healed":0.0,"max_hp_gain":0.0,"max_hp_loss":0.0,"gold_gain":0.0,"event_name":"Back to Basics","player_choice":"Simplicity","floor":21.0,"gold_loss":0.0,"damage_taken":0.0,"cards_upgraded":["Strike_G","Strike_G","Strike_G","Strike_G","Strike_G","Defend_G","Defend_G","Defend_G","Defend_G","Defend_G"]},{"cards_removed":["Strike_G"],"damage_healed":0.0,"max_hp_gain":0.0,"max_hp_loss":0.0,"gold_gain":0.0,"event_name":"Beggar","player_choice":"Gave Gold","floor":31.0,"gold_loss":75.0,"damage_taken":0.0},{"damage_healed":0,"gold_gain":0,"player_choice":"Upgraded Two","damage_taken":0,"max_hp_gain":0,"max_hp_loss":0,"event_name":"Designer","floor":36,"gold_loss":50,"cards_upgraded":["Dodge and Roll","Choke"]},{"damage_healed":0,"gold_gain":0,"player_choice":"Memory 3","damage_taken":10,"max_hp_gain":0,"max_hp_loss":0,"event_name":"SensoryStone","floor":37,"gold_loss":0},{"damage_healed":0,"gold_gain":0,"player_choice":"Ignored","damage_taken":0,"max_hp_gain":0,"max_hp_loss":0,"event_name":"Tomb of Lord Red Mask","floor":39,"gold_loss":0},{"cards_removed":["Predator"],"damage_healed":0,"gold_gain":0,"player_choice":"Removed Attack","damage_taken":0,"max_hp_gain":0,"max_hp_loss":0,"event_name":"Falling","floor":42,"gold_loss":0},{"damage_healed":0,"gold_gain":0,"player_choice":"Fight","damage_taken":0,"max_hp_gain":0,"max_hp_loss":0,"event_name":"MindBloom","floor":46,"gold_loss":0}],"is_beta":false,"boss_relics":[{"not_picked":["Astrolabe","Ectoplasm"],"picked":"Snecko Eye"},{"not_picked":["Pandora\u0027s Box","Runic Pyramid"],"picked":"Fusion Hammer"}],"items_purged_floors":[5],"is_endless":false,"potions_floor_spawned":[1,2,8,11,14,16,19,20,27,29,33,45,54],"killed_by":"The Heart","ascension_level":15}}