{"host":"by8i6f8xc0ywpsd5","time":1612686007,"event":{"mods":["BaseMod","Colored Map","Minty Spire (QoL Compilation)","Relic Stats"],"gold_per_floor":[115,127,127,17,30,64,64,97,97,97,141,141,66,66,66,162,162,186,186,207,132,5,46,46,79,134,152,187,187,231,231,231,231,231],"floor_reached":33,"language":"ENG","playtime":1316,"items_purged":["Strike_R"],"score":724,"play_id":"01ac054d-ee49-41fe-8d0e-8d9b32e58aa0","local_time":"20210207102007","is_ascension_mode":true,"campfire_choices":[{"data":"Bash","floor":7,"key":"SMITH"},{"data":"Armaments","floor":12,"key":"SMITH"},{"data":"Burning Pact","floor":15,"key":"SMITH"},{"data":"Fiend Fire","floor":24,"key":"SMITH"},{"data":"Battle Trance","floor":32,"key":"SMITH"}],"circlet_count":0,"master_deck":["AscendersBane","Strike_R+1","Strike_R+1","Strike_R+1","Defend_R+1","Defend_R+1","Defend_R+1","Defend_R+1","Bash+1","Twin Strike","Burning Pact+1","Iron Wave","Pummel","Armaments+1","Rampage","Exhume","Fiend Fire+1","Headbutt+1","Battle Trance+1","Feel No Pain","Sentinel","Pummel+1","True Grit","Flex","True Grit+1","Barricade"],"relics":["Burning Blood","PreservedInsect","Golden Idol","Centennial Puzzle","Mercury Hourglass","Vajra","Pantograph","Lantern","Sozu","GremlinMask","FossilizedHelix","Blood Vial","The Courier","Molten Egg 2"],"acts_visited":["Exordium","TheCity"],"potions_floor_usage":[6,23,30],"damage_taken":[{"damage":11,"enemies":"Jaw Worm","floor":1,"turns":5},{"damage":8,"enemies":"Small Slimes","floor":2,"turns":4},{"damage":7,"enemies":"2 Louse","floor":5,"turns":3},{"damage":25,"enemies":"Lagavulin","floor":6,"turns":6},{"damage":3,"enemies":"Gremlin Nob","floor":8,"turns":3},{"damage":0,"enemies":"3 Sentries","floor":11,"turns":4},{"damage":33,"enemies":"Slime Boss","floor":16,"turns":8},{"damage":8,"enemies":"Shell Parasite","floor":18,"turns":3},{"damage":0,"enemies":"Chosen","floor":20,"turns":3},{"damage":19,"enemies":"Slavers","floor":23,"turns":6},{"damage":13,"enemies":"Book of Stabbing","floor":25,"turns":3},{"damage":8,"enemies":"Snake Plant","floor":27,"turns":2},{"damage":6,"enemies":"Gremlin Leader","floor":28,"turns":6},{"damage":3,"enemies":"Slavers","floor":30,"turns":3},{"damage":97,"enemies":"Collector","floor":33,"turns":7}],"seed_played":"6384005130811989147","potions_obtained":[{"floor":2,"key":"Strength Potion"},{"floor":8,"key":"Explosive Potion"}],"is_trial":false,"path_per_floor":["M","M","?","$","M","E","R","E","T","?","E","R","$","?","R","B",null,"M","?","M","?","$","E","R","E","T","M","E","?","E","?","R","B"],"character_chosen":"IRONCLAD","items_purchased":["Iron Wave","Fire Potion","Battle Trance","Feel No Pain"],"campfire_rested":0,"item_purchase_floors":[4,4,22,22],"current_hp_per_floor":[63,61,61,61,60,41,41,44,44,26,32,32,32,32,32,30,59,57,57,63,63,63,50,50,43,43,43,45,45,50,50,50,0,0],"gold":231,"neow_bonus":"RANDOM_COMMON_RELIC","is_daily":false,"chose_seed":false,"campfire_upgraded":5,"win_rate":0.0,"timestamp":1612686007,"path_taken":["M","M","?","$","M","E","R","E","T","?","E","R","?","?","R","BOSS","M","?","?","?","$","E","R","E","T","M","E","?","E","?","R","BOSS"],"items_purchased_type":["Card","Potion","Card","Card"],"build_version":"2020-12-22","purchased_purges":1,"victory":false,"max_hp_per_floor":[75,75,68,68,68,68,68,68,68,68,68,68,68,68,68,68,68,68,68,68,68,68,68,68,68,68,68,68,68,68,68,68,68,68],"relic_stats":{"Sozu":4,"Blood Vial":8,"Centennial Puzzle":[27],"counters":[15,66],"Golden Idol":89,"Pantograph":41,"PreservedInsect":264,"obtain_stats":[{"Lantern":11,"Golden Idol":3,"Vajra":9,"GremlinMask":19,"PreservedInsect":0,"The Courier":28,"Burning Blood":0,"Mercury Hourglass":8,"Sozu":17,"Blood Vial":25,"Centennial Puzzle":6,"Pantograph":10,"Molten Egg 2":30,"FossilizedHelix":23},{"Lantern":6,"Golden Idol":2,"Vajra":5,"GremlinMask":8,"PreservedInsect":0,"The Courier":13,"Burning Blood":0,"Mercury Hourglass":5,"Sozu":7,"Blood Vial":11,"Centennial Puzzle":4,"Pantograph":5,"Molten Egg 2":14,"FossilizedHelix":10},{"Lantern":25,"Golden Idol":9,"Vajra":21,"GremlinMask":36,"PreservedInsect":0,"The Courier":56,"Burning Blood":0,"Mercury Hourglass":21,"Sozu":33,"Blood Vial":48,"Centennial Puzzle":18,"Pantograph":21,"Molten Egg 2":59,"FossilizedHelix":45}],"Burning Blood":84,"Mercury Hourglass":[231]},"card_choices":[{"not_picked":["Hemokinesis","Fire Breathing"],"picked":"Twin Strike","floor":1},{"not_picked":["True Grit","Armaments"],"picked":"Burning Pact","floor":2},{"not_picked":["Ghostly Armor","Thunderclap"],"picked":"Pummel","floor":5},{"not_picked":["Cleave","Iron Wave"],"picked":"Armaments","floor":6},{"not_picked":["Wild Strike","Havoc"],"picked":"Rampage","floor":8},{"not_picked":["Flex","Dark Embrace"],"picked":"Exhume","floor":11},{"not_picked":["Impervious","Reaper"],"picked":"Fiend Fire","floor":16},{"not_picked":["Clothesline","Sword Boomerang"],"picked":"Headbutt+1","floor":18},{"not_picked":["Flex","Heavy Blade","Wild Strike"],"picked":"SKIP","floor":20},{"not_picked":["Iron Wave","Seeing Red"],"picked":"Sentinel","floor":23},{"not_picked":["Bludgeon","Sentinel"],"picked":"Pummel+1","floor":25},{"not_picked":["Intimidate","Headbutt"],"picked":"True Grit","floor":27},{"not_picked":["Cleave+1","Battle Trance"],"picked":"Flex","floor":28},{"not_picked":["Shrug It Off","Dropkick+1"],"picked":"True Grit+1","floor":30}],"player_experience":1771703,"relics_obtained":[{"floor":6,"key":"Centennial Puzzle"},{"floor":8,"key":"Mercury Hourglass"},{"floor":9,"key":"Vajra"},{"floor":11,"key":"Lantern"},{"floor":23,"key":"FossilizedHelix"},{"floor":25,"key":"Blood Vial"},{"floor":28,"key":"The Courier"},{"floor":30,"key":"Molten Egg 2"}],"event_choices":[{"damage_healed":0,"gold_gain":0,"player_choice":"Lose Max HP","damage_taken":0,"relics_obtained":["Golden Idol"],"max_hp_gain":0,"max_hp_loss":7,"event_name":"Golden Idol","floor":3,"gold_loss":0},{"damage_healed":0,"gold_gain":0,"player_choice":"Success","damage_taken":18,"relics_obtained":["Pantograph"],"max_hp_gain":0,"max_hp_loss":0,"event_name":"Scrap Ooze","floor":10,"gold_loss":0},{"damage_healed":0,"gold_gain":0,"player_choice":"Ignored","damage_taken":0,"max_hp_gain":0,"max_hp_loss":0,"event_name":"Liars Game","floor":14,"gold_loss":0},{"damage_healed":0,"gold_gain":0,"player_choice":"Trade","damage_taken":0,"relics_obtained":["GremlinMask"],"max_hp_gain":0,"max_hp_loss":0,"event_name":"FaceTrader","floor":19,"gold_loss":0},{"cards_removed":["Strike_R"],"damage_healed":0,"gold_gain":0,"player_choice":"Gave Gold","damage_taken":0,"max_hp_gain":0,"max_hp_loss":0,"event_name":"Beggar","floor":21,"gold_loss":75},{"damage_healed":0,"gold_gain":0,"player_choice":"Simplicity","damage_taken":0,"max_hp_gain":0,"max_hp_loss":0,"event_name":"Back to Basics","floor":29,"gold_loss":0,"cards_upgraded":["Strike_R","Strike_R","Strike_R","Defend_R","Defend_R","Defend_R","Defend_R"]},{"damage_healed":0,"gold_gain":0,"player_choice":"Read","damage_taken":0,"max_hp_gain":0,"max_hp_loss":0,"event_name":"The Library","floor":31,"gold_loss":0,"cards_obtained":["Barricade"]}],"is_beta":false,"boss_relics":[{"not_picked":["SacredBark","Velvet Choker"],"picked":"Sozu"}],"items_purged_floors":[13],"is_endless":false,"potions_floor_spawned":[2,8,16,20,23,27,28],"killed_by":"Collector","ascension_level":20}}