{"host":"5h6e4l6hpn0p5lap","time":1612733614,"event":{"mods":["AchievementEnabler","BaseMod","Better Altar","Better Match","Better Sensory Stone","Better Skull","Better Third Choice","Colored Map","Filter the Spire","Minty Spire (QoL Compilation)","StSLib"],"gold_per_floor":[112,112,112,112,187,219,232,252,277,277,70,100,100,119,119,215,215,231,191,4,23,40,40,72,72,140,160,176,50,83,183,183,278,278,294,294,312,212,224,224,69,82,82,82,82,92,92,124,124,124,124],"floor_reached":50,"language":"ENG","playtime":1851,"items_purged":["Strike_G","Strike_G"],"score":860,"play_id":"0ca003c2-d3d1-42a5-a776-b45a2b732ed0","local_time":"20210207163334","is_ascension_mode":true,"campfire_choices":[{"data":"Trip","floor":10,"key":"SMITH"},{"data":"Adrenaline","floor":13,"key":"SMITH"},{"data":"Deflect","floor":15,"key":"SMITH"},{"data":"Phantasmal Killer","floor":23,"key":"SMITH"},{"data":"Accuracy","floor":25,"key":"SMITH"},{"data":"Neutralize","floor":32,"key":"SMITH"},{"data":"Accuracy","floor":40,"key":"SMITH"},{"data":"Blade Dance","floor":45,"key":"SMITH"},{"floor":49,"key":"REST"}],"circlet_count":0,"master_deck":["Strike_G+1","Strike_G","Strike_G+1","Defend_G","Defend_G","Defend_G","Defend_G","Survivor","Neutralize+1","Blade Dance+1","Trip+1","Poisoned Stab","Blade Dance","Dagger Spray","Adrenaline+1","Backflip","Deflect+1","Phantasmal Killer+1","Blade Dance","Accuracy+1","Accuracy+1","Blur","Well Laid Plans","Acrobatics","PiercingWail","Acrobatics","Bullet Time","Calculated Gamble"],"relics":["Ring of the Snake","NeowsBlessing","Ancient Tea Set","Blood Vial","Vajra","Bag of Preparation","WristBlade","Lee\u0027s Waffle","Matryoshka","Snake Skull","Ornamental Fan","Pen Nib","StoneCalendar","Sundial","Busted Crown","OrangePellets","Paper Crane","Nunchaku"],"acts_visited":["Exordium","TheCity","TheBeyond"],"potions_floor_usage":[16,27,50,50,50],"damage_taken":[{"damage":0,"enemies":"Jaw Worm","floor":1,"turns":1},{"damage":0,"enemies":"Gremlin Nob","floor":6,"turns":1},{"damage":0,"enemies":"2 Louse","floor":7,"turns":1},{"damage":0,"enemies":"Small Slimes","floor":8,"turns":3},{"damage":2,"enemies":"3 Sentries","floor":12,"turns":4},{"damage":0,"enemies":"Blue Slaver","floor":14,"turns":3},{"damage":28,"enemies":"The Guardian","floor":16,"turns":14},{"damage":7,"enemies":"3 Byrds","floor":18,"turns":3},{"damage":1,"enemies":"Shell Parasite","floor":21,"turns":2},{"damage":0,"enemies":"Chosen and Byrds","floor":22,"turns":3},{"damage":0,"enemies":"Gremlin Leader","floor":24,"turns":2},{"damage":0,"enemies":"3 Cultists","floor":27,"turns":2},{"damage":0,"enemies":"Snecko","floor":28,"turns":1},{"damage":0,"enemies":"Slavers","floor":30,"turns":4},{"damage":0,"enemies":"Colosseum Slavers","floor":31,"turns":3},{"damage":7,"enemies":"Colosseum Nobs","floor":31,"turns":2},{"damage":9,"enemies":"Collector","floor":33,"turns":6},{"damage":0,"enemies":"3 Darklings","floor":35,"turns":2},{"damage":7,"enemies":"3 Shapes","floor":37,"turns":3},{"damage":0,"enemies":"Maw","floor":39,"turns":4},{"damage":6,"enemies":"3 Darklings","floor":42,"turns":4},{"damage":26,"enemies":"Writhing Mass","floor":46,"turns":4},{"damage":24,"enemies":"Reptomancer","floor":48,"turns":4},{"damage":47,"enemies":"Awakened One","floor":50,"turns":7}],"seed_played":"-4918578187526082354","potions_obtained":[{"floor":6,"key":"Explosive Potion"},{"floor":7,"key":"Weak Potion"},{"floor":8,"key":"Fire Potion"},{"floor":21,"key":"Poison Potion"},{"floor":24,"key":"SteroidPotion"},{"floor":28,"key":"Block Potion"},{"floor":33,"key":"PowerPotion"},{"floor":37,"key":"CultistPotion"},{"floor":46,"key":"FearPotion"}],"is_trial":false,"path_per_floor":["M","?","?","?","?","E","M","M","T","R","$","E","R","M","R","B",null,"M","?","$","M","M","R","E","R","T","M","M","$","E","?","R","B",null,"M","?","M","$","M","R","$","M","T","?","R","M","$","E","R","B"],"character_chosen":"THE_SILENT","items_purchased":["Adrenaline","Backflip","Accuracy","Lee\u0027s Waffle","PiercingWail","OrangePellets"],"campfire_rested":1,"item_purchase_floors":[11,11,20,20,29,41],"current_hp_per_floor":[63,63,56,56,45,45,47,49,49,49,49,49,49,51,51,25,59,54,54,77,76,77,77,77,77,77,77,77,77,77,70,70,63,74,76,77,70,70,72,72,72,68,68,68,68,44,44,22,45,0,0],"gold":124,"neow_bonus":"THREE_ENEMY_KILL","is_daily":false,"chose_seed":false,"campfire_upgraded":8,"win_rate":0.0,"timestamp":1612733614,"path_taken":["M","?","?","?","?","E","?","M","T","R","$","E","R","M","R","BOSS","M","?","$","M","M","R","E","R","T","?","M","$","E","?","R","BOSS","M","?","M","$","M","R","$","?","T","?","R","M","$","E","R","BOSS"],"items_purchased_type":["Card","Card","Card","Relic","Card","Relic"],"build_version":"2020-12-22","purchased_purges":2,"victory":false,"max_hp_per_floor":[70,70,70,70,70,70,70,70,70,70,70,70,70,70,70,70,70,70,70,77,77,77,77,77,77,77,77,77,77,77,77,77,77,77,77,77,77,77,77,77,77,77,77,77,77,77,77,77,77,77,77],"card_choices":[{"not_picked":["Eviscerate","Distraction"],"picked":"Blade Dance","floor":1},{"not_picked":["Deep Breath","PanicButton"],"picked":"Trip","floor":4},{"not_picked":["Riddle With Holes","Outmaneuver"],"picked":"Poisoned Stab","floor":6},{"not_picked":["Dodge and Roll","Flying Knee"],"picked":"Blade Dance","floor":7},{"not_picked":["Deadly Poison","Endless Agony"],"picked":"Dagger Spray","floor":8},{"not_picked":["Dodge and Roll","Infinite Blades"],"picked":"Deflect","floor":12},{"not_picked":["Prepared","Endless Agony","Underhanded Strike"],"picked":"SKIP","floor":14},{"not_picked":["Glass Knife","After Image"],"picked":"Phantasmal Killer","floor":16},{"not_picked":["Deadly Poison+1","Flying Knee"],"picked":"Blade Dance","floor":18},{"not_picked":["Choke","Poisoned Stab"],"picked":"Accuracy","floor":21},{"not_picked":["Dagger Spray","Leg Sweep"],"picked":"Blur","floor":22},{"not_picked":["Bane+1","Flying Knee"],"picked":"Well Laid Plans","floor":24},{"not_picked":["Calculated Gamble","Sucker Punch"],"picked":"Acrobatics","floor":27},{"not_picked":["Skewer+1","Dash","Deflect"],"picked":"SKIP","floor":28},{"not_picked":["Dagger Throw","Dodge and Roll"],"picked":"Acrobatics","floor":30},{"not_picked":["Storm of Steel","A Thousand Cuts"],"picked":"Bullet Time","floor":33},{"not_picked":["Underhanded Strike"],"picked":"SKIP","floor":35},{"not_picked":[],"picked":"Calculated Gamble","floor":37},{"not_picked":["Blade Dance"],"picked":"SKIP","floor":39},{"not_picked":["Reflex"],"picked":"SKIP","floor":42},{"not_picked":["Deflect+1"],"picked":"SKIP","floor":46},{"not_picked":["Quick Slash+1"],"picked":"SKIP","floor":48}],"player_experience":1078003,"relics_obtained":[{"floor":6,"key":"Blood Vial"},{"floor":9,"key":"Vajra"},{"floor":12,"key":"Bag of Preparation"},{"floor":24,"key":"Matryoshka"},{"floor":26,"key":"Snake Skull"},{"floor":26,"key":"Ornamental Fan"},{"floor":30,"key":"Pen Nib"},{"floor":31,"key":"StoneCalendar"},{"floor":31,"key":"Sundial"},{"floor":43,"key":"Paper Crane"},{"floor":48,"key":"Nunchaku"}],"event_choices":[{"damage_healed":0,"gold_gain":0,"cards_transformed":["Defend_G"],"player_choice":"Change","damage_taken":0,"max_hp_gain":0,"max_hp_loss":0,"event_name":"Living Wall","floor":2,"gold_loss":0,"cards_obtained":["Distraction"]},{"damage_healed":0,"gold_gain":0,"player_choice":"Relic ","damage_taken":7,"max_hp_gain":0,"max_hp_loss":0,"event_name":"betterThird:BetterScrap","floor":3,"gold_loss":0,"cards_obtained":["Establishment"]},{"damage_healed":0,"gold_gain":1,"player_choice":"1","damage_taken":0,"max_hp_gain":0,"max_hp_loss":0,"event_name":"betterStone:BetterStone","floor":4,"gold_loss":0},{"damage_healed":0,"gold_gain":75,"player_choice":"Gold","damage_taken":11,"max_hp_gain":0,"max_hp_loss":0,"event_name":"betterThird:BetterGoop","floor":5,"gold_loss":0},{"damage_healed":0,"gold_gain":0,"player_choice":"Upgraded Two","damage_taken":0,"max_hp_gain":0,"max_hp_loss":0,"event_name":"Designer","floor":19,"gold_loss":40,"cards_upgraded":["Strike_G","Strike_G"]},{"damage_healed":0,"gold_gain":0,"player_choice":"Fight","damage_taken":0,"max_hp_gain":0,"max_hp_loss":0,"event_name":"Colosseum","floor":31,"gold_loss":0},{"damage_healed":0,"gold_gain":0,"player_choice":"Fought Nobs","damage_taken":0,"max_hp_gain":0,"max_hp_loss":0,"event_name":"Colosseum","floor":31,"gold_loss":0},{"cards_removed":["Distraction"],"damage_healed":1,"gold_gain":0,"player_choice":"Offered Uncommon","damage_taken":0,"max_hp_gain":0,"max_hp_loss":0,"event_name":"Bonfire Elementals","floor":36,"gold_loss":0},{"damage_healed":0,"gold_gain":0,"player_choice":"Ignored","damage_taken":0,"max_hp_gain":0,"max_hp_loss":0,"event_name":"Tomb of Lord Red Mask","floor":44,"gold_loss":0}],"is_beta":false,"boss_relics":[{"not_picked":["Cursed Key","Runic Dome"],"picked":"WristBlade"},{"not_picked":["Astrolabe","Snecko Eye"],"picked":"Busted Crown"}],"items_purged_floors":[29,38],"is_endless":false,"potions_floor_spawned":[6,7,8,21,24,28,31,33,37,42,46],"killed_by":"Awakened One","ascension_level":9}}