{"host":"n3vqtvx9hbigdfc4","time":1612684049,"event":{"mods":["AchievementEnabler","BaseMod","Better Third Choice","Block Reminder","Colored Map","Colored Powertips","Downfall","Minty Spire (QoL Compilation)","Permanent Neow","Rare Cards Sparkle","Relic Stats","Replay The Spire","Shop Mod","StSLib"],"gold_per_floor":[111,127,127,127,146,177,177,205,230,230,230,230,230,43,43,117,117,136,108,118,37,37,71,71,87,114,114,139,139,152,152,152,229,229,243,263,263,363,363,397,397,416,416,56,91,103,103,116,116,116],"floor_reached":51,"language":"ENG","playtime":4210,"items_purged":[],"score":1344,"play_id":"f590f6c7-42a9-4845-ac88-9aec5c161da1","local_time":"20210207014729","is_ascension_mode":true,"campfire_choices":[{"data":"Deadly Poison","floor":7.0,"key":"SMITH"},{"data":"Footwork","floor":10.0,"key":"SMITH"},{"data":"Dodge and Roll","floor":12.0,"key":"SMITH"},{"data":"Poisoned Stab","floor":15.0,"key":"SMITH"},{"floor":27.0,"key":"REST"},{"floor":29.0,"key":"REST"},{"data":"Concentrate","floor":32.0,"key":"SMITH"},{"data":"Tools of the Trade","floor":41,"key":"SMITH"},{"data":"Backflip","floor":47,"key":"SMITH"},{"data":"Catalyst","floor":49,"key":"SMITH"}],"circlet_count":0,"master_deck":["AscendersBane","Strike_G+1","Strike_G+1","Defend_G+1","Defend_G+1","Defend_G+1","Defend_G+2","Neutralize+1","Dodge and Roll+1","Deadly Poison+1","m_Survivalism","Sucker Punch+1","Terror+1","Footwork+1","Footwork+1","Poisoned Stab+1","Poisoned Stab+1","Tools of the Trade+1","Prepared","Deadly Poison","Tactician+1","ReplayTheSpireMod:Speed Training+1","Backflip+1","Fluid Movement","Deflect","Concentrate+1","Slice","Dash","Corpse Explosion+1","Endless Agony+1","Dodge and Roll+1","Envenom+1","Catalyst+1","Poisoned Stab","Distraction+1","Catalyst+1"],"relics":["Honey Jar","Strawberry","Simple Rune","Omamori","DollysMirror","Runic Pyramid","Replay:Wax Seal","Whetstone","Durian","Golden Egg","Abe\u0027s Treasure","downfall:ExtraCursedKey","War Paint","Guide Book","ReplayTheSpireMod:Lightbulb","Replay:Bottled Steam"],"acts_visited":["Exordium","TheCity","TheBeyond"],"potions_floor_usage":[35,46,50,50,50],"damage_taken":[{"damage":8.0,"enemies":"Small Slimes","floor":1.0,"turns":6.0},{"damage":0.0,"enemies":"2 Louse","floor":2.0,"turns":3.0},{"damage":0.0,"enemies":"Cultist","floor":5.0,"turns":4.0},{"damage":7.0,"enemies":"3 Sentries","floor":6.0,"turns":13.0},{"damage":3.0,"enemies":"Lagavulin","floor":8.0,"turns":7.0},{"damage":8.0,"enemies":"Slime Boss","floor":16.0,"turns":8.0},{"damage":0.0,"enemies":"Shell Parasite","floor":18.0,"turns":6.0},{"damage":18.0,"enemies":"2 Thieves","floor":19.0,"turns":5.0},{"damage":0.0,"enemies":"Sentry and Sphere","floor":20.0,"turns":8.0},{"damage":44.0,"enemies":"Slavers","floor":23.0,"turns":14.0},{"damage":0.0,"enemies":"3 Cultists","floor":25.0,"turns":8.0},{"damage":5.0,"enemies":"Book of Stabbing","floor":28.0,"turns":8.0},{"damage":0.0,"enemies":"Shelled Parasite and Fungi","floor":30.0,"turns":8.0},{"damage":1.0,"enemies":"Automaton","floor":33.0,"turns":12.0},{"damage":0,"enemies":"3 Darklings","floor":35,"turns":4},{"damage":14,"enemies":"Orb Walker","floor":36,"turns":3},{"damage":0,"enemies":"Giant Head","floor":40,"turns":10},{"damage":0,"enemies":"4 Shapes","floor":42,"turns":4},{"damage":0,"enemies":"Nemesis","floor":45,"turns":5},{"damage":0,"enemies":"Jaw Worm Horde","floor":46,"turns":2},{"damage":9,"enemies":"3 Darklings","floor":48,"turns":3},{"damage":12,"enemies":"Donu and Deca","floor":50,"turns":4}],"seed_played":"488496333975469004","potions_obtained":[{"floor":5.0,"key":"LifebloodPotion"},{"floor":6.0,"key":"Adrenaline Potion"},{"floor":8.0,"key":"Fire Potion"},{"floor":18.0,"key":"Weak Potion"},{"floor":20.0,"key":"Strength Potion"},{"floor":25.0,"key":"Languid Potion"},{"floor":33.0,"key":"GhostInAJar"},{"floor":35,"key":"FearPotion"},{"floor":40,"key":"Energy Potion"},{"floor":46,"key":"Poison Potion"},{"floor":48,"key":"DistilledChaos"}],"is_trial":false,"path_per_floor":["M","M","?","?","M","E","R","E","T","R","?","R","?","$","R","B",null,"M","M","M","$","?","E","?","M","T","R","E","R","M","T","R","B",null,"M","M","?","?","?","E","R","M","T","$","E","M","R","M","R","B",null],"character_chosen":"THE_SILENT","items_purchased":["DollysMirror","Poisoned Stab","ReplayTheSpireMod:Speed Training","Guide Book","ReplayTheSpireMod:Lightbulb"],"campfire_rested":2,"item_purchase_floors":[14,14,21,44,44],"current_hp_per_floor":[51,51,51,51,51,51,51,48,48,48,41,41,41,41,41,33,63,63,45,45,45,45,1,1,1,1,22,22,45,45,45,45,44,70,70,56,56,56,56,56,56,56,56,56,56,56,56,47,47,35],"gold":116,"neow_bonus":"BOSS_RELIC","is_daily":false,"chose_seed":false,"campfire_upgraded":8,"win_rate":0.0,"timestamp":1612684049,"path_taken":["M","M","?","?","M","E","R","E","T","R","?","R","?","$","R","BOSS","M","M","?","?","?","E","?","M","T","R","E","R","?","?","R","BOSS","M","M","?","?","?","E","R","M","T","$","E","M","R","M","R","BOSS"],"items_purchased_type":["Relic","Card","Card","Relic","Relic"],"build_version":"2020-12-22","purchased_purges":0,"victory":true,"max_hp_per_floor":[66,66,66,66,66,73,73,73,73,73,73,73,73,73,73,73,73,73,73,73,73,73,73,73,73,73,73,78,78,78,78,78,78,78,78,78,78,78,78,78,78,78,78,78,78,78,78,78,78,78],"relic_stats":{"counters":[22,145],"Whetstone":["Poisoned Stab","Sucker Punch"],"War Paint":["Tactician","Defend_G"],"obtain_stats":[{"Golden Egg":31,"Guide Book":44,"Omamori":9,"Whetstone":26,"War Paint":40,"DollysMirror":14,"Strawberry":6,"Honey Jar":0,"Simple Rune":8,"downfall:ExtraCursedKey":38,"Durian":28,"Replay:Wax Seal":23,"ReplayTheSpireMod:Lightbulb":44,"Abe\u0027s Treasure":34,"Ring of the Snake":0,"Runic Pyramid":17,"Replay:Bottled Steam":45},{"Golden Egg":13,"Guide Book":18,"Omamori":5,"Whetstone":11,"War Paint":17,"DollysMirror":5,"Strawberry":4,"Honey Jar":0,"Simple Rune":5,"downfall:ExtraCursedKey":16,"Durian":12,"Replay:Wax Seal":10,"ReplayTheSpireMod:Lightbulb":18,"Abe\u0027s Treasure":14,"Ring of the Snake":0,"Runic Pyramid":6,"Replay:Bottled Steam":19},{"Golden Egg":98,"Guide Book":131,"Omamori":33,"Whetstone":82,"War Paint":127,"DollysMirror":33,"Strawberry":26,"Honey Jar":0,"Simple Rune":33,"downfall:ExtraCursedKey":117,"Durian":90,"Replay:Wax Seal":74,"ReplayTheSpireMod:Lightbulb":131,"Abe\u0027s Treasure":110,"Ring of the Snake":0,"Runic Pyramid":41,"Replay:Bottled Steam":136}]},"card_choices":[{"not_picked":["Backflip","Finisher","Choke"],"picked":"Dodge and Roll","floor":1.0},{"not_picked":["Blur","Riddle With Holes","Slice"],"picked":"Deadly Poison","floor":2.0},{"not_picked":["Prepared","Flying Knee","Bane"],"picked":"Sucker Punch","floor":5.0},{"not_picked":["Storm of Steel","Expertise","Finisher"],"picked":"Terror","floor":6.0},{"not_picked":["Blade Dance","ReplayTheSpireMod:Exploit Weakness","Dagger Throw"],"picked":"Footwork","floor":8.0},{"not_picked":["Die Die Die","Wraith Form v2","Night Terror"],"picked":"Tools of the Trade","floor":16.0},{"not_picked":["Quick Slash","Expertise","Sucker Punch"],"picked":"Prepared","floor":18.0},{"not_picked":["Well Laid Plans","Quick Slash","Dagger Throw"],"picked":"Deadly Poison","floor":19.0},{"not_picked":["Deadly Poison","Tools of the Trade","Dagger Spray"],"picked":"Tactician","floor":20.0},{"not_picked":["Reflex","Poisoned Stab","Backflip+1"],"picked":"Deflect","floor":23.0},{"not_picked":["Hidden Blade+1","Outmaneuver+1","Flechettes"],"picked":"Concentrate","floor":25.0},{"not_picked":["ReplayTheSpireMod:Shiv Toss","Quick Slash+1","Sucker Punch"],"picked":"Slice","floor":28.0},{"not_picked":["Flying Knee","Flechettes","Malaise"],"picked":"Dash","floor":30.0},{"not_picked":["Grand Finale","After Image","Glass Knife"],"picked":"Corpse Explosion","floor":33.0},{"not_picked":["Choke","Acrobatics","Dash"],"picked":"Endless Agony+1","floor":35},{"not_picked":["Dagger Throw","Backflip","All Out Attack"],"picked":"Dodge and Roll+1","floor":36},{"not_picked":["Dodge and Roll","Underhanded Strike","PiercingWail+1"],"picked":"Envenom","floor":40},{"not_picked":["Reflex+1","Quick Slash","Distraction+1"],"picked":"Catalyst+1","floor":42},{"not_picked":["Endless Agony","Flying Knee","Underhanded Strike"],"picked":"Poisoned Stab","floor":45},{"not_picked":["Quick Slash","Slice","Bane"],"picked":"Distraction+1","floor":46},{"not_picked":["ReplayTheSpireMod:Exploit Weakness","Prepared","PiercingWail"],"picked":"Catalyst","floor":48}],"player_experience":517984,"relics_obtained":[{"floor":6.0,"key":"Strawberry"},{"floor":8.0,"key":"Simple Rune"},{"floor":9.0,"key":"Omamori"},{"floor":23.0,"key":"Replay:Wax Seal"},{"floor":26.0,"key":"Whetstone"},{"floor":28.0,"key":"Durian"},{"floor":31.0,"key":"Golden Egg"},{"floor":40,"key":"War Paint"},{"floor":45,"key":"Replay:Bottled Steam"}],"event_choices":[{"cards_removed":["Strike_G"],"damage_healed":0.0,"max_hp_gain":0.0,"max_hp_loss":0.0,"gold_gain":0.0,"event_name":"Golden Wing","player_choice":"Card Removal","floor":11.0,"gold_loss":0.0,"damage_taken":7.0},{"cards_removed":["Defend_G"],"damage_healed":0.0,"max_hp_gain":0.0,"max_hp_loss":0.0,"gold_gain":0.0,"event_name":"Purifier","player_choice":"Purged","floor":13.0,"gold_loss":0.0,"damage_taken":0.0},{"damage_healed":0.0,"max_hp_gain":0.0,"max_hp_loss":0.0,"gold_gain":0.0,"cards_transformed":["Strike_G","Strike_G"],"event_name":"Drug Dealer","player_choice":"Became Test Subject","floor":22.0,"gold_loss":0.0,"damage_taken":0.0,"cards_obtained":["Backflip","Fluid Movement"]},{"damage_healed":0.0,"max_hp_gain":0.0,"max_hp_loss":6.0,"gold_gain":0.0,"event_name":"betterThird:BetterWriting","player_choice":"Simplicity","floor":24.0,"gold_loss":0.0,"damage_taken":0.0}],"is_beta":false,"boss_relics":[{"not_picked":["ReplayTheSpireMod:DimensionalGlitch","Tiny House"],"picked":"Runic Pyramid"},{"not_picked":["bronze:MakeshiftBattery","WristBlade"],"picked":"Abe\u0027s Treasure"}],"items_purged_floors":[],"is_endless":false,"potions_floor_spawned":[5,6,8,18,20,25,33,35,40,46,48],"ascension_level":14}}