{"host":"d5zlp9udt2hvvjfh","time":1612730337,"event":{"mods":["AchievementEnabler","BaseMod","Minty Spire (QoL Compilation)","Permanent Neow","Relic Stats","StSLib"],"gold_per_floor":[114,129,60,60,76,110,134,163,163,163,194,194,194,211,211,316,316,334,334,349,96,21,51,78,117,191,191,230,249,271,308,308,419,419,447,447,467,486,501,536,536,568,568,595,616,651,676,170,170,170,170,170,41,84,84],"floor_reached":56,"language":"ENG","playtime":7613,"items_purged":[],"score":2237,"play_id":"113e692c-47dc-4d55-b346-ca2718c96e50","local_time":"20210207213857","is_ascension_mode":true,"campfire_choices":[{"data":"CrushJoints","floor":12.0,"key":"SMITH"},{"data":"WaveOfTheHand","floor":15.0,"key":"SMITH"},{"data":"MentalFortress","floor":27.0,"key":"SMITH"},{"floor":32.0,"key":"REST"},{"data":"SandsOfTime","floor":41.0,"key":"SMITH"},{"floor":49,"key":"RECALL"},{"data":"MentalFortress","floor":52,"key":"SMITH"}],"circlet_count":0,"master_deck":["Defend_P+1","Defend_P+1","Eruption+1","Vigilance+1","LessonLearned+1","ForeignInfluence+1","CrushJoints+1","FearNoEvil+1","Vengeance+1","Blasphemy+1","WaveOfTheHand+1","FlurryOfBlows+1","ThirdEye+1","Tantrum","Scrawl+1","MentalFortress+1","ThirdEye+1","DeusExMachina+1","DeceiveReality+1","MentalFortress+1","Establishment+1","MentalFortress+1","Consecrate+1","Indignation+1","Meditate+1","CutThroughFate+1","EmptyMind+1","Omniscience+1","SpiritShield+1","Crescendo+1","CrushJoints+1","SandsOfTime+1","Vengeance+1","TalkToTheHand+1","Wireheading+1","EmptyMind","MentalFortress+1","ThirdEye","Nirvana"],"relics":["PureWater","Matryoshka","The Courier","Odd Mushroom","Pocketwatch","Lantern","Pear","WingedGreaves","Astrolabe","Enchiridion","CeramicFish","Dream Catcher","CloakClasp","Vajra","Mummified Hand","Darkstone Periapt","Gremlin Horn","Boot","Cursed Key","Bird Faced Urn","Strawberry","Akabeko","HornCleat","Gambling Chip","ClockworkSouvenir","GoldenEye"],"acts_visited":["Exordium","TheCity","TheBeyond","TheEnding"],"potions_floor_usage":[55,55],"damage_taken":[{"damage":0.0,"enemies":"Cultist","floor":1.0,"turns":2.0},{"damage":0.0,"enemies":"Jaw Worm","floor":2.0,"turns":3.0},{"damage":0.0,"enemies":"2 Louse","floor":5.0,"turns":1.0},{"damage":18.0,"enemies":"Gremlin Nob","floor":6.0,"turns":3.0},{"damage":13.0,"enemies":"The Mushroom Lair","floor":7.0,"turns":3.0},{"damage":0.0,"enemies":"Lagavulin","floor":8.0,"turns":4.0},{"damage":0.0,"enemies":"Gremlin Nob","floor":11.0,"turns":2.0},{"damage":0.0,"enemies":"Looter","floor":14.0,"turns":3.0},{"damage":3.0,"enemies":"The Guardian","floor":16.0,"turns":8.0},{"damage":7.0,"enemies":"2 Thieves","floor":18.0,"turns":2.0},{"damage":0.0,"enemies":"Spheric Guardian","floor":20.0,"turns":4.0},{"damage":0.0,"enemies":"Book of Stabbing","floor":23.0,"turns":4.0},{"damage":0.0,"enemies":"Gremlin Leader","floor":24.0,"turns":1.0},{"damage":11.0,"enemies":"Book of Stabbing","floor":25.0,"turns":3.0},{"damage":0.0,"enemies":"Gremlin Leader","floor":28.0,"turns":1.0},{"damage":14.0,"enemies":"Centurion and Healer","floor":29.0,"turns":4.0},{"damage":0.0,"enemies":"3 Cultists","floor":30.0,"turns":3.0},{"damage":4.0,"enemies":"Book of Stabbing","floor":31.0,"turns":2.0},{"damage":0.0,"enemies":"Collector","floor":33.0,"turns":5.0},{"damage":1.0,"enemies":"3 Darklings","floor":35.0,"turns":4.0},{"damage":0.0,"enemies":"3 Shapes","floor":37.0,"turns":4.0},{"damage":0.0,"enemies":"Jaw Worm Horde","floor":38.0,"turns":3.0},{"damage":0.0,"enemies":"3 Darklings","floor":39.0,"turns":3.0},{"damage":0.0,"enemies":"Giant Head","floor":40.0,"turns":5.0},{"damage":0.0,"enemies":"Reptomancer","floor":42.0,"turns":3.0},{"damage":13,"enemies":"Maw","floor":44,"turns":4},{"damage":0,"enemies":"Transient","floor":45,"turns":5},{"damage":0,"enemies":"Giant Head","floor":46,"turns":4},{"damage":36,"enemies":"Jaw Worm Horde","floor":47,"turns":5},{"damage":22,"enemies":"Time Eater","floor":50,"turns":10},{"damage":25,"enemies":"Shield and Spear","floor":54,"turns":6},{"damage":36,"enemies":"The Heart","floor":55,"turns":10}],"seed_played":"-2871556814841490894","potions_obtained":[{"floor":2.0,"key":"Regen Potion"},{"floor":8.0,"key":"Ancient Potion"},{"floor":16.0,"key":"Strength Potion"},{"floor":24.0,"key":"ColorlessPotion"},{"floor":25.0,"key":"PowerPotion"},{"floor":45,"key":"Weak Potion"},{"floor":46,"key":"SteroidPotion"}],"is_trial":false,"path_per_floor":["M","M","$","T","M","E","?","E","T","?","E","R","?","M","R","B",null,"M","?","M","$","?","E","E","E","T","R","E","M","M","E","R","B",null,"M","?","M","M","M","E","R","E","T","M","M","E","M","$","R","B",null,"R","$","E","B",null],"character_chosen":"WATCHER","items_purchased":["FearNoEvil","CeramicFish","Establishment","MentalFortress","Consecrate","HornCleat","Gambling Chip","EmptyMind","MentalFortress","ClockworkSouvenir","ThirdEye"],"campfire_rested":1,"item_purchase_floors":[3,21,21,21,21,48,48,48,48,53,53],"current_hp_per_floor":[65,65,65,65,65,47,34,34,34,34,44,44,26,26,26,23,62,55,39,39,39,39,48,48,37,37,37,37,23,23,19,41,41,67,66,66,66,66,66,66,66,81,81,69,77,82,52,52,52,42,72,72,72,61,41],"gold":84,"neow_bonus":"TRANSFORM_TWO_CARDS","is_daily":false,"chose_seed":false,"campfire_upgraded":5,"win_rate":0.0,"timestamp":1612730337,"path_taken":["M","M","$","?","M","E","?","E","T","?","E","R","?","M","R","BOSS","M","?","M","$","?","E","E","E","T","R","E","M","M","E","R","BOSS","BOSS","M","?","?","M","M","E","R","E","T","M","M","E","M","$","R","BOSS","R","$","E","BOSS"],"items_purchased_type":["Card","Relic","Card","Card","Card","Relic","Relic","Card","Card","Relic","Card"],"build_version":"2020-12-22","purchased_purges":0,"victory":true,"max_hp_per_floor":[65,65,65,65,65,65,65,65,65,65,75,75,75,75,75,75,75,75,75,75,75,75,75,75,75,75,75,75,75,75,75,75,75,75,75,75,75,75,75,75,75,82,82,82,82,82,82,82,82,82,82,82,82,82,82],"relic_stats":{"Darkstone Periapt":0,"Gremlin Horn":[21,19],"counters":[32,124],"Astrolabe":["MentalFortress","ThirdEye","DeusExMachina"],"CeramicFish":171,"CloakClasp":[332],"Boot":[50],"Cursed Key":0,"GoldenEye":[24],"Dream Catcher":1,"Mummified Hand":[113],"Bird Faced Urn":[70],"Gambling Chip":[3],"obtain_stats":[{"Darkstone Periapt":26,"Lantern":9,"Gremlin Horn":28,"CeramicFish":21,"Enchiridion":19,"Vajra":25,"CloakClasp":24,"Boot":31,"Cursed Key":34,"ClockworkSouvenir":53,"Dream Catcher":23,"Matryoshka":4,"HornCleat":48,"Mummified Hand":26,"Strawberry":42,"Gambling Chip":48,"WingedGreaves":13,"Pear":11,"Astrolabe":17,"The Courier":6,"Odd Mushroom":7,"GoldenEye":54,"Akabeko":46,"Bird Faced Urn":40,"PureWater":0,"Pocketwatch":8},{"Darkstone Periapt":14,"Lantern":6,"Gremlin Horn":15,"CeramicFish":11,"Enchiridion":10,"Vajra":14,"CloakClasp":13,"Boot":18,"Cursed Key":19,"ClockworkSouvenir":30,"Dream Catcher":12,"Matryoshka":2,"HornCleat":29,"Mummified Hand":14,"Strawberry":25,"Gambling Chip":29,"WingedGreaves":7,"Pear":7,"Astrolabe":9,"The Courier":4,"Odd Mushroom":5,"GoldenEye":31,"Akabeko":28,"Bird Faced Urn":24,"PureWater":0,"Pocketwatch":6},{"Darkstone Periapt":43,"Lantern":16,"Gremlin Horn":44,"CeramicFish":35,"Enchiridion":31,"Vajra":43,"CloakClasp":40,"Boot":53,"Cursed Key":58,"ClockworkSouvenir":108,"Dream Catcher":39,"Matryoshka":5,"HornCleat":98,"Mummified Hand":43,"Strawberry":80,"Gambling Chip":98,"WingedGreaves":18,"Pear":18,"Astrolabe":29,"The Courier":9,"Odd Mushroom":12,"GoldenEye":114,"Akabeko":93,"Bird Faced Urn":77,"PureWater":0,"Pocketwatch":16}],"Pocketwatch":[11]},"card_choices":[{"not_picked":["PathToVictory","Halt","Nirvana"],"picked":"SKIP","floor":1.0},{"not_picked":["EmptyBody","CutThroughFate"],"picked":"CrushJoints","floor":2.0},{"not_picked":["Evaluate","MentalFortress"],"picked":"Vengeance","floor":5.0},{"not_picked":["EmptyMind","CutThroughFate"],"picked":"Blasphemy","floor":6.0},{"not_picked":["Collect","FollowUp"],"picked":"WaveOfTheHand","floor":7.0},{"not_picked":["EmptyFist","Weave"],"picked":"FollowUp","floor":8.0},{"not_picked":["SignatureMove","Halt"],"picked":"ThirdEye","floor":11.0},{"not_picked":["Devotion","WaveOfTheHand"],"picked":"Tantrum","floor":14.0},{"not_picked":["Devotion","LessonLearned"],"picked":"Scrawl","floor":16.0},{"not_picked":["EmptyBody","Protect"],"picked":"DeceiveReality+1","floor":18.0},{"not_picked":["FollowUp","SashWhip+1"],"picked":"MentalFortress","floor":20.0},{"not_picked":["Sanctity","Conclude","Perseverance"],"picked":"SKIP","floor":23.0},{"not_picked":["Halt","Weave","MentalFortress"],"picked":"SKIP","floor":24.0},{"not_picked":["Conclude","Weave+1"],"picked":"Indignation","floor":25.0},{"not_picked":["WreathOfFlame","Perseverance"],"picked":"Meditate","floor":28.0},{"not_picked":["ThirdEye","Wish"],"picked":"CutThroughFate","floor":29.0},{"not_picked":["PathToVictory+1","Evaluate"],"picked":"EmptyMind","floor":30.0},{"not_picked":["EmptyFist","JustLucky"],"picked":"Omniscience","floor":31.0},{"not_picked":["DevaForm","LessonLearned"],"picked":"SpiritShield","floor":33.0},{"not_picked":["Conclude","BowlingBash+1"],"picked":"Crescendo+1","floor":35.0},{"not_picked":["Swivel","FlurryOfBlows"],"picked":"CrushJoints+1","floor":37.0},{"not_picked":["FlyingSleeves","JustLucky","ReachHeaven+1"],"picked":"SKIP","floor":38.0},{"not_picked":["PathToVictory+1","Consecrate","Pray+1"],"picked":"SKIP","floor":39.0},{"not_picked":["Halt+1","SashWhip"],"picked":"SandsOfTime","floor":40.0},{"not_picked":["Establishment","DeceiveReality+1","PathToVictory+1"],"picked":"SKIP","floor":42.0},{"not_picked":["Study","WindmillStrike"],"picked":"Vengeance+1","floor":44},{"not_picked":["Fasting2","Crescendo"],"picked":"TalkToTheHand+1","floor":45},{"not_picked":["BowlingBash+1","PathToVictory+1","Consecrate+1"],"picked":"SKIP","floor":46},{"not_picked":["Prostrate+1","Consecrate+1"],"picked":"Wireheading","floor":47},{"not_picked":["Perseverance+1","SashWhip"],"picked":"Nirvana","floor":54}],"player_experience":1137892,"relics_obtained":[{"floor":4.0,"key":"Matryoshka"},{"floor":6.0,"key":"The Courier"},{"floor":7.0,"key":"Odd Mushroom"},{"floor":8.0,"key":"Pocketwatch"},{"floor":9.0,"key":"Lantern"},{"floor":11.0,"key":"Pear"},{"floor":19.0,"key":"Enchiridion"},{"floor":23.0,"key":"Dream Catcher"},{"floor":24.0,"key":"CloakClasp"},{"floor":25.0,"key":"Vajra"},{"floor":26.0,"key":"Mummified Hand"},{"floor":26.0,"key":"Darkstone Periapt"},{"floor":28.0,"key":"Gremlin Horn"},{"floor":31.0,"key":"Boot"},{"floor":40.0,"key":"Bird Faced Urn"},{"floor":42.0,"key":"Strawberry"},{"floor":46,"key":"Akabeko"},{"floor":54,"key":"GoldenEye"}],"event_choices":[{"damage_healed":0.0,"max_hp_gain":0.0,"max_hp_loss":0.0,"gold_gain":0.0,"event_name":"Mushrooms","player_choice":"Fought Mushrooms","floor":7.0,"gold_loss":0.0,"damage_taken":0.0},{"damage_healed":0.0,"max_hp_gain":0.0,"max_hp_loss":0.0,"gold_gain":0.0,"cards_transformed":["Strike_P"],"event_name":"Living Wall","player_choice":"Change","floor":10.0,"gold_loss":0.0,"damage_taken":0.0,"cards_obtained":["FlurryOfBlows"]},{"damage_healed":0.0,"max_hp_gain":0.0,"max_hp_loss":0.0,"gold_gain":0.0,"event_name":"Scrap Ooze","player_choice":"Success","floor":13.0,"gold_loss":0.0,"damage_taken":18.0,"relics_obtained":["WingedGreaves"]},{"damage_healed":0.0,"max_hp_gain":0.0,"max_hp_loss":0.0,"gold_gain":0.0,"event_name":"Cursed Tome","player_choice":"Obtained Book","floor":19.0,"gold_loss":0.0,"damage_taken":16.0},{"cards_removed":["FollowUp"],"damage_healed":0.0,"max_hp_gain":0.0,"max_hp_loss":0.0,"gold_gain":0.0,"event_name":"Beggar","player_choice":"Gave Gold","floor":22.0,"gold_loss":75.0,"damage_taken":0.0},{"damage_healed":0.0,"max_hp_gain":0.0,"max_hp_loss":0.0,"gold_gain":0.0,"event_name":"Accursed Blacksmith","player_choice":"Forge","floor":36.0,"gold_loss":0.0,"damage_taken":0.0,"cards_upgraded":["Meditate"]}],"is_beta":false,"boss_relics":[{"not_picked":["Empty Cage","Black Star"],"picked":"Astrolabe"},{"not_picked":["SlaversCollar","Runic Pyramid"],"picked":"Cursed Key"}],"items_purged_floors":[],"is_endless":false,"potions_floor_spawned":[2,8,16,24,25,30,33,37,45,46,47],"ascension_level":8}}