{"host":"7hek758ba7rrttw2","time":1612698405,"event":{"mods":["BaseMod","Minty Spire (QoL Compilation)"],"gold_per_floor":[110,110,110,110,128,128,141,166,166,166,166],"floor_reached":10,"language":"ENG","playtime":412,"items_purged":[],"score":76,"play_id":"4b149cbb-4adb-4481-908c-1837de872bed","local_time":"20210207124645","is_ascension_mode":true,"campfire_choices":[{"data":"Eruption","floor":6,"key":"SMITH"}],"circlet_count":0,"master_deck":["Strike_P","Strike_P","Strike_P","Strike_P","Defend_P+1","Defend_P+1","Defend_P","Defend_P","Eruption+1","Vigilance","ClearTheMind","MentalFortress","EmptyBody","Halt"],"relics":["VioletLotus","Eternal Feather","Thread and Needle"],"acts_visited":["Exordium"],"potions_floor_usage":[8],"damage_taken":[{"damage":0,"enemies":"Cultist","floor":1,"turns":3},{"damage":0,"enemies":"Small Slimes","floor":5,"turns":2},{"damage":0,"enemies":"Jaw Worm","floor":7,"turns":4},{"damage":52,"enemies":"Gremlin Nob","floor":8,"turns":7},{"damage":15,"enemies":"3 Sentries","floor":10,"turns":9}],"seed_played":"3528810651664053390","potions_obtained":[{"floor":7,"key":"Dexterity Potion"}],"is_trial":false,"path_per_floor":["M","$","?","?","M","R","M","E","T","E"],"character_chosen":"WATCHER","items_purchased":[],"campfire_rested":0,"item_purchase_floors":[],"current_hp_per_floor":[72,72,58,51,51,57,57,5,5,0,0],"gold":166,"neow_bonus":"BOSS_RELIC","is_daily":false,"chose_seed":false,"campfire_upgraded":1,"win_rate":0.0,"timestamp":1612698405,"path_taken":["M","$","?","?","M","R","M","E","T","E"],"items_purchased_type":[],"build_version":"2020-12-22","purchased_purges":0,"victory":false,"max_hp_per_floor":[72,72,72,72,72,72,72,72,72,72,72],"card_choices":[{"not_picked":["Weave","Prostrate"],"picked":"ClearTheMind","floor":1},{"not_picked":["BowlingBash","Alpha"],"picked":"MentalFortress","floor":5},{"not_picked":["FlyingSleeves","ClearTheMind"],"picked":"EmptyBody","floor":7},{"not_picked":["CutThroughFate","Collect"],"picked":"Halt","floor":8}],"player_experience":369154,"relics_obtained":[{"floor":8,"key":"Thread and Needle"}],"event_choices":[{"damage_healed":0,"gold_gain":0,"player_choice":"Entered Light","damage_taken":14,"max_hp_gain":0,"max_hp_loss":0,"event_name":"Shining Light","floor":3,"gold_loss":0,"cards_upgraded":["Defend_P","Defend_P"]},{"damage_healed":0,"gold_gain":0,"player_choice":"Success","damage_taken":7,"relics_obtained":["Eternal Feather"],"max_hp_gain":0,"max_hp_loss":0,"event_name":"Scrap Ooze","floor":4,"gold_loss":0}],"is_beta":false,"boss_relics":[],"items_purged_floors":[],"is_endless":false,"potions_floor_spawned":[7],"killed_by":"3 Sentries","ascension_level":3}}