{"host":"k7udt7atmcuzf6l0","time":1612690582,"event":{"mods":["AchievementEnabler","BaseMod","BetterRewards","Colored Map","Colored Powertips","Highlight Path","Minty Spire (QoL Compilation)","Quick Restart","Rare Cards Sparkle","Relic Stats","StSLib","UnlockEverythingMod"],"gold_per_floor":[110,130,130,130,148,148,158,192,192,47,47,47,61,61,61,159,159,178,189,114,129,129,159,176,176,176,204,204,237,5,41,41,140,140,159,513,27,44,55,81,81,100,170,170,186,212,212,225,225,225],"floor_reached":51,"language":"ZHS","playtime":1372,"items_purged":["Writhe"],"score":892,"play_id":"4e75e407-452f-4e64-ae05-1abf5aa48d3f","local_time":"20210207173622","is_ascension_mode":false,"campfire_choices":[{"data":"Shockwave","floor":6.0,"key":"SMITH"},{"data":"Anger","floor":11.0,"key":"SMITH"},{"data":"Inflame","floor":15.0,"key":"SMITH"},{"data":"Offering","floor":28.0,"key":"SMITH"},{"data":"Flex","floor":32,"key":"SMITH"},{"data":"Secret Weapon","floor":41,"key":"SMITH"},{"data":"Immolate","floor":44,"key":"SMITH"},{"data":"Inflame","floor":47,"key":"SMITH"},{"data":"Spot Weakness","floor":49,"key":"SMITH"}],"circlet_count":0,"master_deck":["Strike_R","Strike_R","Defend_R","Defend_R+1","Bash","Shockwave+1","Anger+1","Battle Trance+1","Inflame+1","Offering+1","Infernal Blade","Warcry+1","Spot Weakness+1","Strike_R","Body Slam+1","Clothesline+1","Flex+1","Immolate+1","Uppercut+1","Dropkick+1","Sword Boomerang+1","Intimidate+1","Twin Strike+1","Secret Weapon+1","Headbutt+1","Disarm+1","Sentinel+1","Shockwave+1","Inflame+1","Whirlwind+1"],"relics":["Burning Blood","Anchor","PreservedInsect","Mango","Blue Candle","Bag of Marbles","Philosopher\u0027s Stone","Bottled Flame","Blood Vial","Paper Frog","Self Forming Clay","Pantograph","Toolbox","Astrolabe","Old Coin","Red Skull","Regal Pillow","Bag of Preparation","Darkstone Periapt","Strawberry"],"acts_visited":["Exordium","TheCity","TheBeyond"],"potions_floor_usage":[33,36,46,50],"damage_taken":[{"damage":0.0,"enemies":"Small Slimes","floor":1.0,"turns":3.0},{"damage":1.0,"enemies":"Jaw Worm","floor":2.0,"turns":2.0},{"damage":2.0,"enemies":"2 Louse","floor":5.0,"turns":3.0},{"damage":0.0,"enemies":"Red Slaver","floor":7.0,"turns":3.0},{"damage":8.0,"enemies":"3 Sentries","floor":8.0,"turns":6.0},{"damage":0.0,"enemies":"Blue Slaver","floor":13.0,"turns":2.0},{"damage":27.0,"enemies":"Slime Boss","floor":16.0,"turns":9.0},{"damage":9.0,"enemies":"Spheric Guardian","floor":18.0,"turns":3.0},{"damage":6.0,"enemies":"Chosen","floor":19.0,"turns":3.0},{"damage":20.0,"enemies":"Snecko","floor":21.0,"turns":4.0},{"damage":12.0,"enemies":"Book of Stabbing","floor":23.0,"turns":3.0},{"damage":8.0,"enemies":"Cultist and Chosen","floor":24.0,"turns":3.0},{"damage":7.0,"enemies":"Gremlin Leader","floor":27.0,"turns":2.0},{"damage":1.0,"enemies":"Slavers","floor":29.0,"turns":2.0},{"damage":6,"enemies":"Centurion and Healer","floor":31,"turns":2},{"damage":74,"enemies":"Automaton","floor":33,"turns":7},{"damage":0,"enemies":"Orb Walker","floor":35,"turns":1},{"damage":14,"enemies":"2 Orb Walkers","floor":36,"turns":3},{"damage":6,"enemies":"3 Shapes","floor":38,"turns":1},{"damage":27,"enemies":"Maw","floor":39,"turns":4},{"damage":6,"enemies":"Reptomancer","floor":40,"turns":2},{"damage":6,"enemies":"Spire Growth","floor":42,"turns":2},{"damage":8,"enemies":"3 Darklings","floor":45,"turns":3},{"damage":14,"enemies":"Nemesis","floor":46,"turns":5},{"damage":7,"enemies":"Maw","floor":48,"turns":4},{"damage":55,"enemies":"Time Eater","floor":50,"turns":7}],"seed_played":"4961309111748855868","potions_obtained":[{"floor":1.0,"key":"BloodPotion"},{"floor":5.0,"key":"EssenceOfSteel"},{"floor":8.0,"key":"SteroidPotion"},{"floor":23.0,"key":"Strength Potion"},{"floor":27.0,"key":"BlessingOfTheForge"},{"floor":31,"key":"Dexterity Potion"},{"floor":33,"key":"PowerPotion"},{"floor":39,"key":"SpeedPotion"},{"floor":40,"key":"Dexterity Potion"}],"is_trial":false,"path_per_floor":["M","M","?","?","M","R","M","E","T","$","R","$","M","?","R","B",null,"M","M","?","M","?","E","M","?","T","E","R","E","$","M","R","B",null,"M","?","$","M","M","E","R","M","T","R","M","E","R","M","R","B",null],"character_chosen":"IRONCLAD","items_purchased":["Bag of Marbles","Toolbox","Red Skull","Secret Weapon","Regal Pillow"],"campfire_rested":0,"item_purchase_floors":[10,30,37,37,37],"current_hp_per_floor":[80,80,77,77,80,80,80,92,92,92,92,92,94,75,75,54,94,91,91,91,77,77,71,69,69,69,70,70,77,77,79,79,26,94,94,86,86,88,69,71,71,73,73,73,73,74,74,75,75,52],"gold":225,"neow_bonus":"RANDOM_COMMON_RELIC","is_daily":false,"chose_seed":false,"campfire_upgraded":9,"win_rate":0.0,"timestamp":1612690582,"path_taken":["M","M","?","?","M","R","M","E","T","$","R","$","M","?","R","BOSS","M","M","?","M","?","E","?","?","T","E","R","E","$","M","R","BOSS","M","?","$","M","M","E","R","M","T","R","M","E","R","M","R","BOSS"],"items_purchased_type":["Relic","Relic","Relic","Card","Relic"],"build_version":"2020-12-22","purchased_purges":1,"victory":true,"max_hp_per_floor":[80,80,80,80,80,80,80,94,94,94,94,94,94,94,94,94,94,94,94,94,94,94,94,94,94,94,94,94,94,94,94,94,94,94,94,94,94,94,94,94,94,94,94,94,94,101,101,101,101,101],"relic_stats":{"Blood Vial":21,"Darkstone Periapt":0,"Regal Pillow":0,"counters":[26,89],"Self Forming Clay":[90],"Blue Candle":[2],"Pantograph":40,"Astrolabe":["Uppercut","Dropkick","Sword Boomerang"],"PreservedInsect":271,"Bag of Preparation":[10],"obtain_stats":[{"Darkstone Periapt":43,"Regal Pillow":37,"Self Forming Clay":27,"Blue Candle":9,"Astrolabe":34,"Mango":8,"PreservedInsect":3,"Bag of Preparation":40,"Burning Blood":0,"Old Coin":36,"Blood Vial":25,"Anchor":0,"Bottled Flame":23,"Pantograph":29,"Strawberry":46,"Toolbox":30,"Philosopher\u0027s Stone":17,"Bag of Marbles":10,"Red Skull":37,"Paper Frog":26},{"Darkstone Periapt":22,"Regal Pillow":18,"Self Forming Clay":13,"Blue Candle":5,"Astrolabe":16,"Mango":5,"PreservedInsect":2,"Bag of Preparation":21,"Burning Blood":0,"Old Coin":18,"Blood Vial":12,"Anchor":0,"Bottled Flame":11,"Pantograph":14,"Strawberry":24,"Toolbox":14,"Philosopher\u0027s Stone":7,"Bag of Marbles":5,"Red Skull":18,"Paper Frog":12},{"Darkstone Periapt":70,"Regal Pillow":61,"Self Forming Clay":46,"Blue Candle":17,"Astrolabe":57,"Mango":17,"PreservedInsect":5,"Bag of Preparation":68,"Burning Blood":0,"Old Coin":61,"Blood Vial":44,"Anchor":0,"Bottled Flame":41,"Pantograph":48,"Strawberry":78,"Toolbox":48,"Philosopher\u0027s Stone":28,"Bag of Marbles":17,"Red Skull":61,"Paper Frog":44}],"Burning Blood":128},"card_choices":[{"not_picked":["Fire Breathing","Thunderclap","Havoc"],"picked":"SKIP","floor":1.0},{"not_picked":["Clothesline","Rage"],"picked":"Shockwave","floor":2.0},{"not_picked":["Perfected Strike","Shockwave"],"picked":"Anger","floor":5.0},{"not_picked":["Iron Wave","Reckless Charge","Shrug It Off"],"picked":"SKIP","floor":7.0},{"not_picked":["Heavy Blade","Second Wind"],"picked":"Battle Trance","floor":8.0},{"not_picked":["Dark Embrace","Clash"],"picked":"Inflame","floor":13.0},{"not_picked":["Double Tap","Juggernaut"],"picked":"Offering","floor":16.0},{"not_picked":["Shockwave","Shrug It Off"],"picked":"Infernal Blade","floor":18.0},{"not_picked":["Heavy Blade","Havoc"],"picked":"Warcry+1","floor":19.0},{"not_picked":["Twin Strike+1","Intimidate+1"],"picked":"Spot Weakness","floor":21.0},{"not_picked":["Iron Wave","Fiend Fire"],"picked":"Body Slam+1","floor":23.0},{"not_picked":["Hemokinesis","Anger+1"],"picked":"Clothesline+1","floor":24.0},{"not_picked":["Dark Embrace","Flame Barrier+1","Combust"],"picked":"SKIP","floor":27.0},{"not_picked":["Ghostly Armor","Sever Soul","Warcry"],"picked":"SKIP","floor":29.0},{"not_picked":["Second Wind","Metallicize"],"picked":"Flex","floor":31},{"not_picked":["Feed","Bludgeon"],"picked":"Immolate","floor":33},{"not_picked":["Sword Boomerang+1","Pommel Strike+1"],"picked":"Intimidate+1","floor":35},{"not_picked":["Wild Strike+1","Shrug It Off"],"picked":"Twin Strike+1","floor":36},{"not_picked":["Anger+1","Perfected Strike+1"],"picked":"Headbutt+1","floor":38},{"not_picked":["Shrug It Off+1","Perfected Strike"],"picked":"Disarm+1","floor":39},{"not_picked":["Brutality","Headbutt+1"],"picked":"Sentinel+1","floor":40},{"not_picked":["Havoc+1","Second Wind+1"],"picked":"Shockwave+1","floor":42},{"not_picked":["Ghostly Armor","Wild Strike+1"],"picked":"Inflame","floor":45},{"not_picked":["Juggernaut","Pommel Strike+1"],"picked":"Whirlwind+1","floor":46},{"not_picked":["Perfected Strike","Iron Wave","Combust+1"],"picked":"SKIP","floor":48}],"player_experience":60498,"relics_obtained":[{"floor":8.0,"key":"Mango"},{"floor":9.0,"key":"Blue Candle"},{"floor":23.0,"key":"Bottled Flame"},{"floor":26.0,"key":"Paper Frog"},{"floor":27.0,"key":"Self Forming Clay"},{"floor":29.0,"key":"Pantograph"},{"floor":36,"key":"Old Coin"},{"floor":40,"key":"Bag of Preparation"},{"floor":43,"key":"Darkstone Periapt"},{"floor":46,"key":"Strawberry"}],"event_choices":[{"damage_healed":0.0,"max_hp_gain":0.0,"max_hp_loss":0.0,"gold_gain":0.0,"event_name":"Scrap Ooze","player_choice":"Success","floor":3.0,"gold_loss":0.0,"damage_taken":3.0,"relics_obtained":["PreservedInsect"]},{"damage_healed":0.0,"max_hp_gain":0.0,"max_hp_loss":0.0,"gold_gain":0.0,"event_name":"The Cleric","player_choice":"Leave","floor":4.0,"gold_loss":0.0,"damage_taken":0.0},{"damage_healed":0.0,"max_hp_gain":0.0,"max_hp_loss":0.0,"gold_gain":0.0,"event_name":"Shining Light","player_choice":"Entered Light","floor":14.0,"gold_loss":0.0,"damage_taken":19.0,"cards_upgraded":["Defend_R","Battle Trance"]},{"cards_removed":["Defend_R"],"damage_healed":0.0,"max_hp_gain":0.0,"max_hp_loss":0.0,"gold_gain":0.0,"event_name":"Beggar","player_choice":"Gave Gold","floor":20.0,"gold_loss":75.0,"damage_taken":0.0},{"cards_removed":["Strike_R"],"damage_healed":0.0,"max_hp_gain":0.0,"max_hp_loss":0.0,"gold_gain":0.0,"event_name":"NoteForYourself","player_choice":"Took Card","floor":22.0,"gold_loss":0.0,"damage_taken":0.0,"cards_obtained":["Strike_R"]},{"damage_healed":0.0,"max_hp_gain":0.0,"max_hp_loss":0.0,"gold_gain":0.0,"event_name":"The Mausoleum","player_choice":"Opened","floor":25.0,"gold_loss":0.0,"damage_taken":0.0,"relics_obtained":["Blood Vial"],"cards_obtained":["Writhe"]},{"damage_healed":0,"gold_gain":0,"player_choice":"Fight","damage_taken":0,"max_hp_gain":0,"max_hp_loss":0,"event_name":"Mysterious Sphere","floor":36,"gold_loss":0}],"is_beta":false,"boss_relics":[{"not_picked":["Velvet Choker","Mark of Pain"],"picked":"Philosopher\u0027s Stone"},{"not_picked":["Tiny House","Busted Crown"],"picked":"Astrolabe"}],"items_purged_floors":[30],"is_endless":false,"potions_floor_spawned":[1,5,8,23,27,31,33,39,40,45],"ascension_level":0}}