{"host":"k7udt7atmcuzf6l0","time":1612687231,"event":{"mods":["AchievementEnabler","BaseMod","BetterRewards","Colored Map","Colored Powertips","Highlight Path","Minty Spire (QoL Compilation)","Quick Restart","Rare Cards Sparkle","Relic Stats","StSLib","UnlockEverythingMod"],"gold_per_floor":[113,188,207,218,229,229,229,240,240,240,240,240,279,291,303,435,447,474,486,521,533,51,51,70,85,109,152,152,166,180,213,213,337,337,362,23,48,62,23,57,57,82,131,171,191,191,191],"floor_reached":46,"language":"ZHS","playtime":1084,"items_purged":[],"score":597,"play_id":"f68a442e-353c-460f-8213-bffda8e7ce10","local_time":"20210207164031","is_ascension_mode":false,"campfire_choices":[{"data":"Shockwave","floor":6,"key":"SMITH"},{"data":"Cleave","floor":10,"key":"SMITH"},{"data":"Headbutt","floor":12,"key":"SMITH"},{"data":"Bash","floor":15,"key":"SMITH"},{"data":"Brutality","floor":23,"key":"SMITH"},{"data":"Rupture","floor":28,"key":"SMITH"},{"floor":32,"key":"REST"},{"data":"Limit Break","floor":41,"key":"SMITH"}],"circlet_count":0,"master_deck":["Strike_R","Strike_R","Strike_R","Strike_R","Strike_R","Defend_R","Defend_R","Defend_R","Defend_R","Bash+1","Shockwave+1","Headbutt+1","Clash+1","Cleave+1","Anger+1","Brutality+1","Whirlwind+1","Pommel Strike+1","Sword Boomerang+1","Dropkick+1","Rupture+1","Twin Strike+1","Clash+1","Anger+1","Limit Break+1","Body Slam+1","Spot Weakness","Offering","Battle Trance+1","Spot Weakness","Clash+1","Spot Weakness+1","Armaments+1","Warcry+1","Combust+1","Thunderclap+1","Infernal Blade+1","Clash+1","Headbutt+1"],"relics":["Burning Blood","NeowsBlessing","Molten Egg 2","Golden Idol","MawBank","The Courier","Philosopher\u0027s Stone","Singing Bowl","Bottled Lightning","Prayer Wheel","Boot","TungstenRod","Thread and Needle","SlaversCollar","StoneCalendar","HornCleat","Anchor","Turnip"],"acts_visited":["Exordium","TheCity","TheBeyond"],"potions_floor_usage":[13,16,16,18,25,31,38,44,45,45,45,46],"damage_taken":[{"damage":0,"enemies":"2 Louse","floor":1,"turns":1},{"damage":0,"enemies":"Small Slimes","floor":3,"turns":1},{"damage":0,"enemies":"Jaw Worm","floor":4,"turns":1},{"damage":8,"enemies":"Large Slime","floor":5,"turns":6},{"damage":7,"enemies":"Exordium Wildlife","floor":8,"turns":4},{"damage":19,"enemies":"3 Sentries","floor":13,"turns":6},{"damage":22,"enemies":"Hexaghost","floor":16,"turns":8},{"damage":5,"enemies":"Shell Parasite","floor":18,"turns":2},{"damage":4,"enemies":"2 Thieves","floor":20,"turns":3},{"damage":10,"enemies":"Cultist and Chosen","floor":24,"turns":3},{"damage":22,"enemies":"Snake Plant","floor":25,"turns":2},{"damage":22,"enemies":"Gremlin Leader","floor":27,"turns":3},{"damage":0,"enemies":"Snecko","floor":29,"turns":3},{"damage":6,"enemies":"Chosen and Byrds","floor":30,"turns":3},{"damage":26,"enemies":"Slavers","floor":31,"turns":3},{"damage":24,"enemies":"Champ","floor":33,"turns":6},{"damage":12,"enemies":"3 Shapes","floor":35,"turns":2},{"damage":11,"enemies":"Orb Walker","floor":37,"turns":3},{"damage":22,"enemies":"Writhing Mass","floor":38,"turns":4},{"damage":29,"enemies":"Nemesis","floor":40,"turns":5},{"damage":5,"enemies":"Maw","floor":42,"turns":5},{"damage":0,"enemies":"Reptomancer","floor":44,"turns":3},{"damage":0,"enemies":"4 Shapes","floor":45,"turns":3},{"damage":62,"enemies":"Giant Head","floor":46,"turns":6}],"seed_played":"4600320241457162599","potions_obtained":[{"floor":4,"key":"DuplicationPotion"},{"floor":5,"key":"Weak Potion"},{"floor":8,"key":"AttackPotion"},{"floor":16,"key":"AttackPotion"},{"floor":24,"key":"LiquidBronze"},{"floor":29,"key":"DistilledChaos"},{"floor":33,"key":"Ancient Potion"},{"floor":35,"key":"BlessingOfTheForge"},{"floor":42,"key":"Ancient Potion"},{"floor":44,"key":"EntropicBrew"}],"is_trial":false,"path_per_floor":["M","?","M","M","M","R","?","M","T","R","?","R","E","?","R","B",null,"M","?","M","?","$","R","M","M","T","E","R","M","M","E","R","B",null,"M","$","M","M","$","E","R","M","T","E","M","E"],"character_chosen":"IRONCLAD","items_purchased":["Bottled Lightning","Prayer Wheel","Sword Boomerang+1","Spot Weakness","Clash+1","StoneCalendar","Thunderclap+1"],"campfire_rested":1,"item_purchase_floors":[22,22,22,36,36,36,39],"current_hp_per_floor":[80,69,75,80,78,78,78,77,77,77,57,57,44,37,37,21,80,80,80,80,80,80,80,76,60,60,44,44,50,52,34,59,41,84,80,80,75,59,59,38,38,41,41,49,55,0,0],"gold":191,"neow_bonus":"THREE_ENEMY_KILL","is_daily":false,"chose_seed":false,"campfire_upgraded":7,"win_rate":0.0,"timestamp":1612687231,"path_taken":["M","?","M","M","M","R","?","M","T","R","?","R","E","?","R","BOSS","M","?","M","?","$","R","M","M","T","E","R","M","M","E","R","BOSS","M","$","M","M","$","E","R","M","T","E","M","E"],"items_purchased_type":["Relic","Relic","Card","Card","Card","Relic","Card"],"build_version":"2020-12-22","purchased_purges":0,"victory":false,"max_hp_per_floor":[80,80,80,80,80,80,80,80,80,80,80,80,80,80,80,80,80,80,80,80,80,80,80,80,80,80,80,80,80,82,84,84,84,84,86,86,86,86,86,88,88,90,90,92,92,92,92],"relic_stats":{"Singing Bowl":12,"counters":[24,86],"Golden Idol":131,"Prayer Wheel":9,"StoneCalendar":[0],"Turnip":[0],"MawBank":108,"Boot":[58],"obtain_stats":[{"NeowsBlessing":0,"Singing Bowl":19,"Golden Idol":11,"Thread and Needle":31,"StoneCalendar":36,"The Courier":14,"MawBank":13,"Boot":26,"Burning Blood":0,"SlaversCollar":34,"Anchor":43,"HornCleat":40,"Molten Egg 2":9,"Philosopher\u0027s Stone":17,"Prayer Wheel":22,"Turnip":44,"Bottled Lightning":22,"TungstenRod":27},{"NeowsBlessing":0,"Singing Bowl":8,"Golden Idol":5,"Thread and Needle":15,"StoneCalendar":17,"The Courier":6,"MawBank":6,"Boot":11,"Burning Blood":0,"SlaversCollar":16,"Anchor":21,"HornCleat":20,"Molten Egg 2":5,"Philosopher\u0027s Stone":7,"Prayer Wheel":9,"Turnip":22,"Bottled Lightning":9,"TungstenRod":12},{"NeowsBlessing":0,"Singing Bowl":29,"Golden Idol":13,"Thread and Needle":49,"StoneCalendar":57,"The Courier":19,"MawBank":19,"Boot":37,"Burning Blood":0,"SlaversCollar":55,"Anchor":74,"HornCleat":69,"Molten Egg 2":13,"Philosopher\u0027s Stone":27,"Prayer Wheel":32,"Turnip":77,"Bottled Lightning":32,"TungstenRod":40}],"Burning Blood":128,"TungstenRod":69},"card_choices":[{"not_picked":["Heavy Blade","Dark Embrace","Carnage"],"picked":"SKIP","floor":1},{"not_picked":["Anger","Perfected Strike"],"picked":"Shockwave","floor":3},{"not_picked":["Second Wind","Twin Strike"],"picked":"Headbutt","floor":4},{"not_picked":["Dual Wield","Reckless Charge"],"picked":"Clash","floor":5},{"not_picked":["Barricade","Perfected Strike"],"picked":"Cleave","floor":8},{"not_picked":["Armaments","Cleave+1"],"picked":"Anger+1","floor":13},{"not_picked":["Demon Form","Barricade"],"picked":"Brutality","floor":16},{"not_picked":["Burning Pact+1","Cleave+1"],"picked":"Whirlwind+1","floor":18},{"not_picked":["Cleave+1","Fire Breathing"],"picked":"Pommel Strike+1","floor":20},{"not_picked":["Clash+1","Dark Embrace+1"],"picked":"Dropkick+1","floor":24},{"not_picked":["Flex","Sentinel"],"picked":"Rupture","floor":24},{"not_picked":["Seeing Red","Fire Breathing"],"picked":"Twin Strike+1","floor":25},{"not_picked":["Shrug It Off","Flex"],"picked":"Clash+1","floor":25},{"not_picked":["Cleave+1","Rampage+1"],"picked":"Anger+1","floor":27},{"not_picked":["Armaments+1","Evolve"],"picked":"Limit Break","floor":29},{"not_picked":["Shockwave","Havoc+1"],"picked":"Body Slam+1","floor":29},{"not_picked":["Rupture","Seeing Red"],"picked":"Spot Weakness","floor":30},{"not_picked":["Power Through","Metallicize","Warcry"],"picked":"Singing Bowl","floor":30},{"not_picked":["Sever Soul+1","Second Wind","Sword Boomerang+1"],"picked":"Singing Bowl","floor":31},{"not_picked":["Impervious","Double Tap"],"picked":"Offering","floor":33},{"not_picked":["Power Through","Shrug It Off+1","Fire Breathing"],"picked":"Singing Bowl","floor":35},{"not_picked":["Uppercut+1","Clash+1"],"picked":"Battle Trance+1","floor":35},{"not_picked":["True Grit","Cleave+1"],"picked":"Spot Weakness+1","floor":37},{"not_picked":["Twin Strike+1","Wild Strike+1"],"picked":"Armaments+1","floor":37},{"not_picked":["Armaments","Evolve"],"picked":"Warcry+1","floor":38},{"not_picked":["Clash+1","Warcry"],"picked":"Combust+1","floor":38},{"not_picked":["Body Slam+1","Perfected Strike+1","Evolve+1"],"picked":"Singing Bowl","floor":40},{"not_picked":["Sword Boomerang+1","Body Slam+1"],"picked":"Infernal Blade+1","floor":42},{"not_picked":["Clothesline+1","Body Slam+1","Anger+1"],"picked":"Singing Bowl","floor":42},{"not_picked":["Warcry+1","Rupture+1","Intimidate+1"],"picked":"Singing Bowl","floor":44},{"not_picked":["Power Through","Twin Strike+1"],"picked":"Clash+1","floor":45},{"not_picked":["Berserk","Anger+1"],"picked":"Headbutt+1","floor":45}],"player_experience":58620,"relics_obtained":[{"floor":9,"key":"Molten Egg 2"},{"floor":13,"key":"MawBank"},{"floor":26,"key":"Boot"},{"floor":27,"key":"TungstenRod"},{"floor":31,"key":"Thread and Needle"},{"floor":40,"key":"HornCleat"},{"floor":43,"key":"Anchor"},{"floor":44,"key":"Turnip"}],"event_choices":[{"damage_healed":0,"gold_gain":75,"player_choice":"Gather Gold","damage_taken":11,"max_hp_gain":0,"max_hp_loss":0,"event_name":"World of Goop","floor":2,"gold_loss":0},{"damage_healed":0,"gold_gain":0,"player_choice":"Grow","damage_taken":0,"max_hp_gain":0,"max_hp_loss":0,"event_name":"Living Wall","floor":7,"gold_loss":0,"cards_upgraded":["Clash"]},{"damage_healed":0,"gold_gain":0,"player_choice":"Take Damage","damage_taken":20,"relics_obtained":["Golden Idol"],"max_hp_gain":0,"max_hp_loss":0,"event_name":"Golden Idol","floor":11,"gold_loss":0},{"damage_healed":0,"gold_gain":0,"player_choice":"Success","damage_taken":7,"relics_obtained":["The Courier"],"max_hp_gain":0,"max_hp_loss":0,"event_name":"Scrap Ooze","floor":14,"gold_loss":0},{"damage_healed":0,"gold_gain":0,"player_choice":"Opened","damage_taken":0,"relics_obtained":["Singing Bowl"],"max_hp_gain":0,"max_hp_loss":0,"event_name":"The Mausoleum","floor":19,"gold_loss":0},{"damage_healed":0,"gold_gain":0,"player_choice":"Ignored","damage_taken":0,"max_hp_gain":0,"max_hp_loss":0,"event_name":"Ghosts","floor":21,"gold_loss":0}],"is_beta":false,"boss_relics":[{"not_picked":["SacredBark","Calling Bell"],"picked":"Philosopher\u0027s Stone"},{"not_picked":["Snecko Eye","Tiny House"],"picked":"SlaversCollar"}],"items_purged_floors":[],"is_endless":false,"potions_floor_spawned":[4,5,8,16,24,29,33,35,42,44],"killed_by":"Giant Head","ascension_level":0}}