{"host":"psytf3wd8ccrk52d","time":1612738631,"event":{"mods":["Astrologer","BaseMod","Better Third Choice","Colored Map","Downfall","Minty Spire (QoL Compilation)","Replay The Spire","Shade Mod","Shop Mod","Spire Arcade","StSLib","The Marked"],"gold_per_floor":[99,99,116,116,134,149,149,249,49,149,59,78,78,97,110,213,213,213,233,248,248,248,264,288,308,115,115,130,149,182,42,53,53,53,53],"floor_reached":33,"language":"ENG","playtime":2297,"items_purged":["Regret","Pain","Languid"],"score":286,"play_id":"62d0b1f1-0f32-455f-a2f7-2cbc5c2d9a85","local_time":"20210207225711","is_ascension_mode":false,"campfire_choices":[{"floor":1.0,"key":"RECALL"},{"data":"champ:Taunt","floor":9.0,"key":"SMITH"},{"data":"champ:FaceSlap","floor":18.0,"key":"SMITH"}],"circlet_count":0,"master_deck":["champ:Strike","champ:Strike+1","champ:Strike","champ:Strike","champ:Defend","champ:Defend","champ:Defend+1","champ:Defend","champ:Execute","champ:Taunt+1","champ:EnragedBash","champ:FaceSlap+1","champ:AdrenalArmor","champ:BerserkersShout","CurseOfTheBell","CurseOfTheBell","Hallucinations","champ:SwordThrow","Delirium","champ:Shatter","champ:HoldFirm","champ:StanceDance","champ:MurderStrike","champ:CrownThrow","champ:CrookedStrike+1","RitualDagger+1","champ:RecklessLeap","champ:BringItOn","champ:EndlessRage","champ:SwordThrow","champ:IronFortress","champ:GladiatorForm","champ:UltimateStance"],"relics":["champ:ChampionCrown","Anchor","CloakClasp","downfall:HeartBlessingRed","downfall:HeartBlessingBlue","downfall:ExtraCursedBell","Replay:Rubber Ducky","White Beast Statue","TungstenRod","Onion Ring","Velvet Choker","Simple Rune","Peace Pipe"],"acts_visited":["Exordium","TheCity"],"potions_floor_usage":[33],"damage_taken":[{"damage":22.0,"enemies":"Small Slimes","floor":3.0,"turns":4.0},{"damage":23.0,"enemies":"Jaw Worm","floor":5.0,"turns":4.0},{"damage":17.0,"enemies":"2 Louse","floor":6.0,"turns":3.0},{"damage":127.0,"enemies":"2 Louse","floor":8.0,"turns":9.0},{"damage":31.0,"enemies":"downfall:FleeingMerchant","floor":11.0,"turns":4.0},{"damage":4.0,"enemies":"Exordium Wildlife","floor":12.0,"turns":3.0},{"damage":12.0,"enemies":"Exordium Thugs","floor":14.0,"turns":3.0},{"damage":12.0,"enemies":"3 Louse","floor":15.0,"turns":2.0},{"damage":65.0,"enemies":"SI_SHIV_ARCHETYPE","floor":16.0,"turns":13.0},{"damage":17.0,"enemies":"Chosen","floor":19.0,"turns":3.0},{"damage":23.0,"enemies":"Snake Plant","floor":20.0,"turns":4.0},{"damage":21.0,"enemies":"Shelled Parasite and Fungi","floor":23.0,"turns":4.0},{"damage":19.0,"enemies":"Sentry and Sphere","floor":25.0,"turns":3.0},{"damage":26.0,"enemies":"downfall:FleeingMerchant","floor":26.0,"turns":4.0},{"damage":42.0,"enemies":"3 Cultists","floor":28.0,"turns":5.0},{"damage":31.0,"enemies":"Centurion and Healer","floor":29.0,"turns":6.0},{"damage":107.0,"enemies":"Gremlin Leader","floor":30.0,"turns":11.0},{"damage":25.0,"enemies":"downfall:FleeingMerchant","floor":31.0,"turns":4.0},{"damage":20.0,"enemies":"Chosen and Byrds","floor":32.0,"turns":6.0},{"damage":58,"enemies":"IC_MUSHROOM_ARCHETYPE","floor":33,"turns":6}],"seed_played":"4814228737861383763","potions_obtained":[{"floor":8.0,"key":"Languid Potion"},{"floor":11.0,"key":"sneckomod:MuddlingPotion"},{"floor":12.0,"key":"Dexterity Potion"},{"floor":14.0,"key":"DistilledChaos"},{"floor":15.0,"key":"BlessingOfTheForge"},{"floor":16.0,"key":"Adrenaline Potion"},{"floor":19.0,"key":"EssenceOfSteel"},{"floor":20.0,"key":"Dexterity Potion"},{"floor":21.0,"key":"CultistPotion"},{"floor":26.0,"key":"Swift Potion"},{"floor":28.0,"key":"CultistPotion"},{"floor":30.0,"key":"champ:CounterPotion"},{"floor":31.0,"key":"Weak Potion"},{"floor":32.0,"key":"Toxic Potion"}],"is_trial":false,"path_per_floor":["R","?","M","?","M","M","T","?","R","?","$","M","T","M","M","B",null,"R","M","M","?","?","M","T","M","$","?","M","M","E","$","M","B"],"character_chosen":"THE_CHAMP","items_purchased":["champ:EndlessRage"],"campfire_rested":0,"item_purchase_floors":[26],"current_hp_per_floor":[99,99,97,97,94,92,92,35,45,50,54,55,55,58,61,71,114,114,114,104,104,104,98,98,84,78,78,76,80,33,38,43,0,0,0],"gold":53,"neow_bonus":"TEN_PERCENT_HP_BONUS","is_daily":false,"chose_seed":false,"campfire_upgraded":2,"win_rate":0.0,"timestamp":1612738631,"path_taken":["R","?","M","?","?","M","T","?","R","?","?","M","?","?","M","BOSS","R","M","M","?","?","M","T","?","?","?","?","M","E","$","M","BOSS"],"items_purchased_type":["Card"],"build_version":"2020-12-22","purchased_purges":3,"victory":false,"max_hp_per_floor":[99,99,99,99,99,99,99,99,109,114,114,114,114,114,114,114,114,114,114,114,114,114,114,114,114,114,114,114,114,114,114,114,114,114,114],"card_choices":[{"not_picked":["champ:EnGarde","champ:CrookedStrike"],"picked":"champ:EnragedBash","floor":3.0},{"not_picked":["champ:Lariat","champ:HeartStrike"],"picked":"champ:FaceSlap","floor":5.0},{"not_picked":["champ:EnGarde","champ:Lariat"],"picked":"champ:AdrenalArmor","floor":6.0},{"not_picked":["champ:EnGarde","champ:DefensiveShout"],"picked":"champ:BerserkersShout","floor":8.0},{"not_picked":["champ:TornadoPunch","champ:FlashCut"],"picked":"champ:Shatter","floor":11.0},{"not_picked":["champ:CalledShot","champ:SkillfulDodge"],"picked":"champ:HoldFirm","floor":12.0},{"not_picked":["champ:FalseCounter","champ:FancyFootwork","champ:Haymaker"],"picked":"SKIP","floor":14.0},{"not_picked":["champ:BladeFlurry","champ:Lariat"],"picked":"champ:StanceDance","floor":15.0},{"not_picked":["champ:SwordThrow","champ:TripleStrike"],"picked":"champ:MurderStrike","floor":16.0},{"not_picked":["champ:Haymaker+1","champ:PreemptiveStrike"],"picked":"champ:CrownThrow","floor":19.0},{"not_picked":["champ:RisingSlash","champ:Lariat"],"picked":"champ:CrookedStrike+1","floor":20.0},{"not_picked":["champ:ShieldSlam","champ:Duel"],"picked":"champ:RecklessLeap","floor":23.0},{"not_picked":["champ:PreemptiveStrike","champ:PreciseThrust","champ:FancyFootwork"],"picked":"SKIP","floor":25.0},{"not_picked":["champ:TornadoPunch","champ:Haymaker"],"picked":"champ:BringItOn","floor":26.0},{"not_picked":["champ:Shatter","champ:Backstep","champ:CrownThrow"],"picked":"SKIP","floor":28.0},{"not_picked":["champ:TornadoPunch+1","champ:Lariat"],"picked":"champ:IronFortress","floor":29.0},{"not_picked":["champ:BladeFlurry","champ:BringItOn"],"picked":"champ:GladiatorForm","floor":30.0},{"not_picked":["champ:PreciseThrust+1","champ:IronFortress+1"],"picked":"champ:UltimateStance","floor":31.0},{"not_picked":["champ:IronFortress","champ:AdrenalArmor","champ:Circumvent+1"],"picked":"SKIP","floor":32.0}],"player_experience":50287,"relics_obtained":[{"floor":8.0,"key":"CloakClasp"},{"floor":10.0,"key":"Replay:Rubber Ducky"},{"floor":10.0,"key":"White Beast Statue"},{"floor":10.0,"key":"TungstenRod"},{"floor":13.0,"key":"Onion Ring"},{"floor":24.0,"key":"Simple Rune"},{"floor":30.0,"key":"Peace Pipe"}],"event_choices":[{"damage_healed":0.0,"max_hp_gain":0.0,"max_hp_loss":0.0,"gold_gain":0.0,"event_name":"Big Fish","player_choice":"Box","floor":2.0,"gold_loss":0.0,"damage_taken":0.0,"relics_obtained":["Anchor"],"cards_obtained":["Regret"]}],"is_beta":false,"boss_relics":[{"not_picked":["Empty Cage","Replay:Drink Me"],"picked":"Velvet Choker"}],"items_purged_floors":[11,26,31],"is_endless":false,"potions_floor_spawned":[8,11,12,14,15,16,19,20,23,25,26,28,29,30,31,32],"killed_by":"IC_MUSHROOM_ARCHETYPE","ascension_level":0}}