{"host":"sc0o2qwpf9j16a4i","time":1612704883,"event":{"mods":["AchievementEnabler","BaseMod","BetterRewards","Block Reminder","Colored Map","Colored Powertips","Custom Start","Highlight Path","Minty Spire (QoL Compilation)","Relic Stats"],"gold_per_floor":[118,189,201,220,233,233,247,274,274,304,304,3,3,14,14,118,118,129,147,158,176,196,196,196,196,196,41,58,74,101,101,101,204,204,214,224,236,247,7,7,7,20,20,54,66,105,135,160,172,184],"floor_reached":51,"language":"ENG","playtime":1907,"items_purged":[],"score":960,"play_id":"e794d28f-ca33-4ddd-a545-a9f6dc5eaf9a","local_time":"20210207153443","daily_mods":["Shiny","Uncertain Future","DeadlyEvents"],"is_ascension_mode":false,"campfire_choices":[{"data":"Biased Cognition","floor":6,"key":"SMITH"},{"data":"Fission","floor":11,"key":"SMITH"},{"floor":15,"key":"REST"},{"floor":23,"key":"REST"},{"floor":25,"key":"REST"},{"floor":32,"key":"REST"},{"data":"Fission","floor":45,"key":"SMITH"},{"data":"Biased Cognition","floor":49,"key":"SMITH"}],"circlet_count":0,"master_deck":["Multi-Cast","Hyperbeam+1","Thunder Strike","Biased Cognition+1","Electrodynamics","Buffer","Rainbow","Seek","Meteor Strike","Echo Form","All For One","Reboot","Amplify","Creative AI","Fission+1","Core Surge+1","Leap","Coolheaded","Chill","Sweeping Beam","White Noise","Biased Cognition+1","Echo Form","White Noise","Reboot","Conserve Battery","Beam Cell+1","Coolheaded","Conserve Battery","Go for the Eyes+1","Cold Snap","Heatsinks+1","Ghostly","Ghostly","Ghostly","Ghostly","Ghostly","Buffer+1","CurseOfTheBell","Defragment+1","Redo+1","Turbo","Stack","Coolheaded+1","Conserve Battery+1","Static Discharge+1","Hologram","Fission+1","Cold Snap+1","Defragment+1","Recycle+1"],"relics":["Cracked Core","Akabeko","Mercury Hourglass","Pen Nib","PreservedInsect","SlaversCollar","MutagenicStrength","Frozen Egg 2","OrangePellets","Whetstone","Calling Bell","Smiling Mask","Gremlin Horn","StoneCalendar","Orrery","Emotion Chip","MawBank","Pear"],"acts_visited":["Exordium","TheCity","TheBeyond"],"potions_floor_usage":[10,18,18,21,22,28,33,37,44,50,50,50],"damage_taken":[{"damage":10,"enemies":"Small Slimes","floor":1,"turns":2},{"damage":11,"enemies":"Jaw Worm","floor":3,"turns":2},{"damage":0,"enemies":"Cultist","floor":4,"turns":3},{"damage":0,"enemies":"Large Slime","floor":5,"turns":3},{"damage":12,"enemies":"Blue Slaver","floor":7,"turns":2},{"damage":0,"enemies":"Lagavulin","floor":10,"turns":6},{"damage":0,"enemies":"Gremlin Gang","floor":14,"turns":1},{"damage":0,"enemies":"The Guardian","floor":16,"turns":9},{"damage":1,"enemies":"3 Byrds","floor":18,"turns":2},{"damage":27,"enemies":"2 Thieves","floor":19,"turns":3},{"damage":31,"enemies":"Shelled Parasite and Fungi","floor":20,"turns":4},{"damage":12,"enemies":"3 Cultists","floor":21,"turns":3},{"damage":0,"enemies":"Snecko","floor":22,"turns":3},{"damage":13,"enemies":"Chosen and Byrds","floor":28,"turns":5},{"damage":17,"enemies":"Centurion and Healer","floor":29,"turns":3},{"damage":0,"enemies":"Slavers","floor":30,"turns":2},{"damage":2,"enemies":"Collector","floor":33,"turns":6},{"damage":6,"enemies":"3 Shapes","floor":35,"turns":1},{"damage":0,"enemies":"Orb Walker","floor":36,"turns":3},{"damage":5,"enemies":"4 Shapes","floor":37,"turns":2},{"damage":0,"enemies":"Maw","floor":38,"turns":10},{"damage":0,"enemies":"Jaw Worm Horde","floor":42,"turns":5},{"damage":0,"enemies":"Giant Head","floor":44,"turns":7},{"damage":0,"enemies":"Reptomancer","floor":46,"turns":6},{"damage":0,"enemies":"4 Shapes","floor":47,"turns":4},{"damage":0,"enemies":"Spire Growth","floor":48,"turns":5},{"damage":14,"enemies":"Time Eater","floor":50,"turns":9}],"seed_played":"3530551320607149781","potions_obtained":[{"floor":3,"key":"Ancient Potion"},{"floor":5,"key":"Dexterity Potion"},{"floor":14,"key":"FocusPotion"},{"floor":16,"key":"SneckoOil"},{"floor":20,"key":"Explosive Potion"},{"floor":21,"key":"Energy Potion"},{"floor":22,"key":"ColorlessPotion"},{"floor":28,"key":"Dexterity Potion"},{"floor":29,"key":"SteroidPotion"},{"floor":35,"key":"EssenceOfSteel"},{"floor":47,"key":"SpeedPotion"}],"is_trial":true,"path_per_floor":["M","?","M","M","M","R","M","T","T","E","R","$","?","M","R","B",null,"M","M","M","M","M","R","?","R","T","$","M","M","E","?","R","B",null,"M","M","M","M","$","?","?","M","T","E","R","E","M","M","R","B",null],"character_chosen":"DEFECT","items_purchased":["Biased Cognition","PreservedInsect","OrangePellets","Orrery","Hologram","FocusPotion"],"campfire_rested":4,"item_purchase_floors":[12,12,27,39,39,39],"current_hp_per_floor":[65,65,54,54,54,54,42,42,42,42,42,42,42,42,64,64,75,74,47,16,4,4,26,26,48,48,48,35,18,18,18,29,27,37,31,31,26,26,26,26,26,26,26,26,26,36,36,36,36,22],"gold":196,"neow_bonus":"","is_daily":false,"chose_seed":false,"campfire_upgraded":4,"win_rate":0.0,"timestamp":1612704883,"path_taken":["M","?","M","M","M","R","M","?","T","E","R","$","?","M","R","BOSS","M","?","M","M","M","R","?","R","T","$","M","M","E","?","R","BOSS","M","M","M","M","$","?","?","M","T","?","R","E","M","M","R","BOSS"],"items_purchased_type":["Card","Relic","Relic","Relic","Card","Potion"],"build_version":"2020-12-22","purchased_purges":0,"victory":true,"max_hp_per_floor":[75,75,75,75,75,75,75,75,75,75,75,75,75,75,75,75,75,75,75,75,75,75,75,75,75,75,75,75,75,75,37,37,37,37,37,37,37,37,37,35,35,35,35,35,35,45,45,45,45,45],"relic_stats":{"OrangePellets":[19],"Emotion Chip":[3,2,1,0,0],"Gremlin Horn":[13,13],"counters":[27,110],"StoneCalendar":[104],"Pen Nib":[7],"PreservedInsect":225,"Whetstone":["Hyperbeam","Core Surge"],"Smiling Mask":0,"MawBank":84,"obtain_stats":[{"Pear":46,"Gremlin Horn":34,"StoneCalendar":34,"Pen Nib":10,"PreservedInsect":12,"Whetstone":30,"Frozen Egg 2":26,"Smiling Mask":34,"MawBank":44,"Akabeko":8,"Mercury Hourglass":9,"Calling Bell":34,"SlaversCollar":17,"OrangePellets":27,"Emotion Chip":43,"MutagenicStrength":24,"Orrery":39,"Cracked Core":0},{"Pear":24,"Gremlin Horn":17,"StoneCalendar":17,"Pen Nib":6,"PreservedInsect":6,"Whetstone":16,"Frozen Egg 2":13,"Smiling Mask":17,"MawBank":23,"Akabeko":5,"Mercury Hourglass":5,"Calling Bell":17,"SlaversCollar":8,"OrangePellets":13,"Emotion Chip":22,"MutagenicStrength":13,"Orrery":21,"Cracked Core":0},{"Pear":92,"Gremlin Horn":58,"StoneCalendar":58,"Pen Nib":18,"PreservedInsect":18,"Whetstone":52,"Frozen Egg 2":43,"Smiling Mask":58,"MawBank":86,"Akabeko":12,"Mercury Hourglass":12,"Calling Bell":58,"SlaversCollar":28,"OrangePellets":43,"Emotion Chip":79,"MutagenicStrength":43,"Orrery":74,"Cracked Core":0}],"Mercury Hourglass":[425]},"card_choices":[{"not_picked":["Redo","Auto Shields"],"picked":"Leap","floor":1},{"not_picked":["Compile Driver","Hyperbeam"],"picked":"Coolheaded","floor":3},{"not_picked":["Leap","Stack"],"picked":"Chill","floor":4},{"not_picked":["Reprogram","Gash","Streamline"],"picked":"SKIP","floor":5},{"not_picked":["Streamline","Barrage"],"picked":"Sweeping Beam","floor":7},{"not_picked":["Amplify","Tempest"],"picked":"White Noise","floor":10},{"not_picked":["Sweeping Beam","Chaos"],"picked":"White Noise","floor":14},{"not_picked":["All For One","Thunder Strike"],"picked":"Reboot","floor":16},{"not_picked":["Cold Snap","Beam Cell+1"],"picked":"Conserve Battery","floor":18},{"not_picked":["Compile Driver+1","Barrage"],"picked":"Beam Cell+1","floor":19},{"not_picked":["FTL","Steam"],"picked":"Coolheaded","floor":20},{"not_picked":["Beam Cell","Compile Driver","Rebound+1"],"picked":"SKIP","floor":21},{"not_picked":["Hello World","Redo"],"picked":"Conserve Battery","floor":22},{"not_picked":["Barrage","Steam"],"picked":"Go for the Eyes+1","floor":28},{"not_picked":["Gash","Lockon"],"picked":"Cold Snap","floor":29},{"not_picked":["Darkness","Turbo"],"picked":"Heatsinks+1","floor":30},{"not_picked":["Amplify","Fission"],"picked":"Buffer+1","floor":33},{"not_picked":["Steam","Cold Snap+1"],"picked":"Defragment+1","floor":35},{"not_picked":["Sunder","Doom and Gloom","Gash"],"picked":"SKIP","floor":36},{"not_picked":["Barrage+1","Beam Cell"],"picked":"Redo+1","floor":37},{"not_picked":["Rebound+1","Compile Driver"],"picked":"Turbo","floor":38},{"not_picked":["Barrage+1","Consume+1"],"picked":"Stack","floor":39},{"not_picked":["Reinforced Body","Conserve Battery"],"picked":"Coolheaded+1","floor":39},{"not_picked":["BootSequence+1","Skim+1"],"picked":"Conserve Battery+1","floor":39},{"not_picked":["Barrage","Sweeping Beam"],"picked":"Static Discharge+1","floor":39},{"not_picked":["Conserve Battery","Sweeping Beam+1"],"picked":"Fission","floor":42},{"not_picked":["Sunder+1","Redo"],"picked":"Cold Snap+1","floor":44},{"not_picked":["Leap","Hello World+1"],"picked":"Defragment+1","floor":46},{"not_picked":["Consume+1","Rip and Tear"],"picked":"Recycle+1","floor":47},{"not_picked":["Gash","Turbo","Steam+1"],"picked":"SKIP","floor":48}],"player_experience":1260039,"relics_obtained":[{"floor":8,"key":"Akabeko"},{"floor":9,"key":"Mercury Hourglass"},{"floor":10,"key":"Pen Nib"},{"floor":26,"key":"Frozen Egg 2"},{"floor":30,"key":"Whetstone"},{"floor":34,"key":"Smiling Mask"},{"floor":34,"key":"Gremlin Horn"},{"floor":34,"key":"StoneCalendar"},{"floor":43,"key":"Emotion Chip"},{"floor":44,"key":"MawBank"},{"floor":46,"key":"Pear"}],"event_choices":[{"damage_healed":0,"gold_gain":71,"player_choice":"Gained Gold","damage_taken":0,"max_hp_gain":0,"max_hp_loss":0,"event_name":"Golden Wing","floor":2,"gold_loss":0},{"damage_healed":0,"gold_gain":0,"player_choice":"1 cards matched","damage_taken":0,"max_hp_gain":0,"max_hp_loss":0,"event_name":"Match and Keep!","floor":13,"gold_loss":0,"cards_obtained":["Echo Form"]},{"damage_healed":0,"gold_gain":0,"player_choice":"Inject Mutagens","damage_taken":0,"relics_obtained":["MutagenicStrength"],"max_hp_gain":0,"max_hp_loss":0,"event_name":"Drug Dealer","floor":24,"gold_loss":0},{"damage_healed":0,"gold_gain":0,"player_choice":"Became a Ghost","damage_taken":0,"max_hp_gain":0,"max_hp_loss":38,"event_name":"Ghosts","floor":31,"gold_loss":0,"cards_obtained":["Ghostly","Ghostly","Ghostly","Ghostly","Ghostly"]},{"damage_healed":0,"gold_gain":0,"player_choice":"Max HP","damage_taken":0,"max_hp_gain":0,"max_hp_loss":2,"event_name":"Winding Halls","floor":40,"gold_loss":0},{"cards_removed":["Machine Learning"],"damage_healed":0,"gold_gain":0,"player_choice":"Removed Power","damage_taken":0,"max_hp_gain":0,"max_hp_loss":0,"event_name":"Falling","floor":41,"gold_loss":0}],"is_beta":false,"boss_relics":[{"not_picked":["Ectoplasm","Inserter"],"picked":"SlaversCollar"},{"not_picked":["SacredBark","Runic Dome"],"picked":"Calling Bell"}],"items_purged_floors":[],"is_endless":false,"potions_floor_spawned":[3,5,14,16,20,21,22,28,29,35,36,47],"ascension_level":0}}