{"host":"9sljmwdfk42tzqyu","time":1612683397,"event":{"mods":["BaseMod","Downfall","Hubris","Minty Spire (QoL Compilation)","Replay The Spire","Shop Mod","StSLib"],"gold_per_floor":[199,214,214,124,140,590,616,616,616,616,616,630,630,14,28,124,174,174,188,201,201,61,74,120,120,146,146,162,162,162,147,147,147],"floor_reached":31,"language":"ENG","playtime":2892,"items_purged":["hubris:Disease","downfall:Haunted","downfall:Haunted"],"score":341,"play_id":"b76e9996-a8f2-4a3e-a303-8053f88789a2","local_time":"20210207023637","is_ascension_mode":false,"campfire_choices":[{"data":"champ:Duel","floor":8.0,"key":"SMITH"},{"data":"champ:Taunt","floor":11.0,"key":"SMITH"},{"data":"champ:RecklessLeap","floor":13.0,"key":"SMITH"},{"data":"champ:CheapShot","floor":18.0,"key":"SMITH"},{"floor":25,"key":"REST"},{"data":"expansioncontent:StudyTheSpire","floor":27,"key":"SMITH"},{"floor":29,"key":"REST"}],"circlet_count":0,"master_deck":["champ:Strike","champ:Strike","champ:Strike","champ:Strike","champ:Defend","champ:Defend","champ:Defend","champ:Defend","champ:Execute+1","champ:Taunt+1","ReplayTheSpireMod:Splinters","champ:LastStand","Shame","champ:RapidStrikes+1","downfall:Malfunctioning","champ:RapidStrikes+1","champ:Duel+1","downfall:Icky","downfall:Icky","downfall:Icky","champ:RecklessLeap+1","champ:MurderStrike","expansioncontent:StudyTheSpire+1","champ:CheapShot+1","champ:BerserkersShout","downfall:Bewildered","champ:FocusedBerserking+1"],"relics":["champ:ChampionCrown","Darkstone Periapt","Simple Rune","Mirror","Lee\u0027s Waffle","Tiny House","sneckomod:BabySnecko","Pen Nib","Juzu Bracelet","hubris:BottledHeart"],"acts_visited":["Exordium","TheCity"],"potions_floor_usage":[28],"damage_taken":[{"damage":21.0,"enemies":"Small Slimes","floor":2.0,"turns":6.0},{"damage":10.0,"enemies":"downfall:FleeingMerchant","floor":4.0,"turns":4.0},{"damage":20.0,"enemies":"Jaw Worm","floor":5.0,"turns":5.0},{"damage":4.0,"enemies":"2 Louse","floor":12.0,"turns":3.0},{"damage":0.0,"enemies":"downfall:FleeingMerchant","floor":14.0,"turns":4.0},{"damage":33.0,"enemies":"Large Slime","floor":15.0,"turns":7.0},{"damage":121.0,"enemies":"DF_ARCHETYPE_STREAMLINE","floor":16.0,"turns":9.0},{"damage":58.0,"enemies":"Spheric Guardian","floor":19.0,"turns":7.0},{"damage":108.0,"enemies":"Centurion and Healer","floor":20.0,"turns":10.0},{"damage":25,"enemies":"downfall:FleeingMerchant","floor":22,"turns":5},{"damage":21,"enemies":"Snake Plant","floor":23,"turns":4},{"damage":28,"enemies":"Replay:Snechameleon","floor":26,"turns":7},{"damage":51,"enemies":"Sentry and Sphere","floor":28,"turns":4},{"damage":0,"enemies":"downfall:FleeingMerchant","floor":31,"turns":5}],"seed_played":"5650483607060873003","potions_obtained":[{"floor":2.0,"key":"bronze:BurnAndBuffPotion"},{"floor":5.0,"key":"SpeedPotion"},{"floor":15.0,"key":"hexamod:SoulburnPotion"},{"floor":17.0,"key":"Adrenaline Potion"},{"floor":26,"key":"sneckomod:MuddlingPotion"},{"floor":28,"key":"Explosive Potion"}],"is_trial":false,"path_per_floor":["R","M","?","$","M","?","T","R","?","T","R","M","R","$","M","B",null,"R","M","M","?","$","M","T","R","E","R","M","R","?","$"],"character_chosen":"THE_CHAMP","items_purchased":["expansioncontent:StudyTheSpire","Lee\u0027s Waffle","Fruit Juice","champ:TechniquePotion"],"campfire_rested":2,"item_purchase_floors":[14,14,14,14],"current_hp_per_floor":[134,123,129,129,119,137,137,137,137,137,137,133,133,170,157,96,175,175,137,79,85,65,44,44,98,75,75,59,113,1,1,1,1],"gold":147,"neow_bonus":"TEN_PERCENT_HP_BONUS","is_daily":false,"chose_seed":false,"campfire_upgraded":5,"win_rate":0.0,"timestamp":1612683397,"path_taken":["R","M","?","$","M","?","T","R","?","?","R","M","R","$","M","BOSS","R","M","M","?","$","M","T","R","E","R","M","R","?","$"],"items_purchased_type":["Card","Relic","Potion","Potion"],"build_version":"2020-12-22","purchased_purges":3,"victory":false,"max_hp_per_floor":[134,134,140,140,140,158,158,158,158,158,158,158,158,170,170,170,175,175,175,175,181,181,181,181,181,181,181,181,181,1,1,1,1],"card_choices":[{"not_picked":["champ:FocusedDefense","champ:CrownThrow"],"picked":"champ:RapidStrikes","floor":2.0},{"not_picked":["champ:GutPunch","champ:PreciseThrust"],"picked":"champ:RapidStrikes","floor":4.0},{"not_picked":["champ:BerserkersShout","champ:Shatter"],"picked":"champ:Duel","floor":5.0},{"not_picked":["champ:Shatter","champ:Duel"],"picked":"champ:RecklessLeap","floor":12.0},{"not_picked":["champ:BladeFlurry","champ:Parry"],"picked":"champ:MurderStrike","floor":14.0},{"not_picked":["champ:Circumvent","champ:FancyFootwork","champ:ShieldWall"],"picked":"SKIP","floor":15.0},{"not_picked":["champ:GladiatorForm","champ:StrikeOfGenius"],"picked":"champ:CheapShot","floor":16.0},{"not_picked":["champ:SkillfulDodge","champ:Haymaker"],"picked":"champ:BerserkersShout","floor":19.0},{"not_picked":["champ:CrownThrow+1","champ:FalseCounter","champ:Shatter"],"picked":"SKIP","floor":20.0},{"not_picked":["champ:HoldFirm","champ:FocusedDefense","champ:CrownThrow"],"picked":"SKIP","floor":22},{"not_picked":["champ:BerserkersShout","champ:CrownThrow+1","champ:Circumvent"],"picked":"SKIP","floor":23},{"not_picked":["champ:RecklessLeap","champ:PerfectedStrike+1","champ:DeathBlow"],"picked":"SKIP","floor":26},{"not_picked":["champ:EnGarde+1","champ:HeartStrike"],"picked":"champ:FocusedBerserking+1","floor":28}],"player_experience":348268,"relics_obtained":[{"floor":7.0,"key":"Simple Rune"},{"floor":10.0,"key":"Mirror"},{"floor":24,"key":"Pen Nib"},{"floor":26,"key":"Juzu Bracelet"}],"event_choices":[],"is_beta":false,"boss_relics":[{"not_picked":["Pandora\u0027s Box","SacredBark"],"picked":"Tiny House"}],"items_purged_floors":[4,14,22],"is_endless":false,"potions_floor_spawned":[2,5,15,23,26,28],"killed_by":"downfall:FleeingMerchant","ascension_level":0}}