{"host":"ttx8tv95o5vka1nm","time":1612671071,"event":{"mods":["AchievementEnabler","BaseMod","Colored Map","Evolution","Infinite Spire","Minty Spire (QoL Compilation)","Relic Filter Mod","Reliquary","Robot Space Explorer","Shop Mod","Spicy Shops","StSLib","The Bug Knight","The Cursed","The Forsaken","The Hierophant","The Runesmith","TheBandit"],"gold_per_floor":[360,380,44,64,83,117,117,131,131,131,143,173,193,193,193,193,193,193],"floor_reached":16,"language":"ENG","playtime":1622,"items_purged":[],"score":114,"play_id":"8200a7d9-f3ea-429a-b69f-36c4fa2cb54c","local_time":"20210207141111","is_ascension_mode":false,"campfire_choices":[{"floor":7,"key":"REST"},{"floor":15,"key":"REST"}],"circlet_count":0,"master_deck":["wariomod:Smackflip","wariomod:Smackflip","wariomod:Smackflip","wariomod:Strike","wariomod:Defend","wariomod:Defend","wariomod:Defend","wariomod:Defend","wariomod:Step+1","wariomod:Leap","wariomod:BlastDash","wariomod:DisarmingMoves+1","wariomod:BoomAndDoom","wariomod:ImFeelingLucky","wariomod:BumRush","wariomod:BodyBlock","wariomod:Leapslam","wariomod:BoomBoom","wariomod:HappyHit","wariomod:Goblast"],"relics":["wariomod:TheHat","EVO:Axolotl","War Paint","wariomod:SunglassHat","HollowMod:PaleOreRelic","Omamori","infinitespire:ShieldingShard","FaceOfCleric"],"acts_visited":["Exordium"],"potions_floor_usage":[6,12],"damage_taken":[{"damage":0,"enemies":"Cultist","floor":1,"turns":4},{"damage":6,"enemies":"Jaw Worm","floor":2,"turns":3},{"damage":4,"enemies":"2 Louse","floor":4,"turns":3},{"damage":11,"enemies":"Lots of Slimes","floor":5,"turns":3},{"damage":22,"enemies":"3 Sentries","floor":6,"turns":6},{"damage":0,"enemies":"Looter","floor":8,"turns":3},{"damage":0,"enemies":"2 Fungi Beasts","floor":11,"turns":3},{"damage":5,"enemies":"Lagavulin","floor":12,"turns":6},{"damage":6,"enemies":"Blue Slaver","floor":13,"turns":4},{"damage":53,"enemies":"The Guardian","floor":16,"turns":6}],"seed_played":"5942503855970072312","potions_obtained":[{"floor":5,"key":"SkillPotion"},{"floor":8,"key":"GamblersBrew"},{"floor":11,"key":"SkillPotion"},{"floor":12,"key":"BlessingOfTheForge"},{"floor":13,"key":"GamblersBrew"}],"is_trial":false,"path_per_floor":["M","M","$","M","M","E","R","M","T","?","M","E","M","?","R","B"],"character_chosen":"THE_BANDIT","items_purchased":["wariomod:BoomAndDoom","wariomod:ImFeelingLucky","War Paint"],"campfire_rested":2,"item_purchase_floors":[3,3,3],"current_hp_per_floor":[56,50,50,46,35,13,37,37,37,37,37,32,26,26,50,0,0,0],"gold":193,"neow_bonus":"TWO_FIFTY_GOLD","is_daily":false,"chose_seed":false,"campfire_upgraded":0,"win_rate":0.0,"timestamp":1612671071,"path_taken":["M","M","$","M","M","E","R","M","T","?","M","E","M","?","R","BOSS"],"items_purchased_type":["Card","Card","Relic"],"build_version":"2020-12-22","purchased_purges":0,"victory":false,"max_hp_per_floor":[80,80,80,80,80,80,80,80,80,80,80,80,80,80,80,80,80,80],"card_choices":[{"not_picked":["wariomod:Leapslam","wariomod:DiceyMove"],"picked":"wariomod:BlastDash","floor":1},{"not_picked":["wariomod:Hopshield","wariomod:DoubleDash"],"picked":"wariomod:DisarmingMoves","floor":2},{"not_picked":["wariomod:SmackSlam","wariomod:VeryLongJump"],"picked":"wariomod:BumRush","floor":4},{"not_picked":["wariomod:Game","wariomod:Goblast"],"picked":"wariomod:BodyBlock","floor":5},{"not_picked":["wariomod:Game","wariomod:SimpleShield"],"picked":"wariomod:Leapslam","floor":6},{"not_picked":["wariomod:Smackflip","wariomod:SelfImprison","wariomod:SimpleShield"],"picked":"SKIP","floor":8},{"not_picked":["wariomod:ThatsNotAll","wariomod:DoubleDip"],"picked":"wariomod:BoomBoom","floor":11},{"not_picked":["wariomod:BodyBlock","wariomod:Sidestep"],"picked":"wariomod:HappyHit","floor":12},{"not_picked":["wariomod:DamnedStrength","wariomod:SimpleShield"],"picked":"wariomod:Goblast","floor":13}],"player_experience":797232,"relics_obtained":[{"floor":6,"key":"wariomod:SunglassHat"},{"floor":9,"key":"HollowMod:PaleOreRelic"},{"floor":12,"key":"infinitespire:ShieldingShard"}],"event_choices":[{"damage_healed":0,"gold_gain":0,"player_choice":"Searched \u00272\u0027 times","damage_taken":0,"relics_obtained":["Omamori"],"max_hp_gain":0,"max_hp_loss":0,"event_name":"Dead Adventurer","floor":10,"gold_loss":0},{"damage_healed":0,"gold_gain":0,"player_choice":"Trade","damage_taken":0,"relics_obtained":["FaceOfCleric"],"max_hp_gain":0,"max_hp_loss":0,"event_name":"FaceTrader","floor":14,"gold_loss":0}],"is_beta":false,"boss_relics":[],"items_purged_floors":[],"is_endless":false,"potions_floor_spawned":[5,8,11,12,13],"killed_by":"The Guardian","ascension_level":0}}