{"host":"c6xy0a74zz7y4nf6","time":1612666912,"event":{"mods":["BaseMod","Colored Map","Hermit","Minty Spire (QoL Compilation)","Replay The Spire","Robot Space Explorer","StSLib","The Cursed","The Death Knight","The Exalted","The Servant 0.9.4","The Wild Card"],"gold_per_floor":[111,111,18,18,33,33,53,78,141,187,218,230,242,280,467,575,587,614,638,145,145,164,164,164],"floor_reached":23,"language":"ENG","playtime":1371,"items_purged":["DeathKnight:Strike_DeathKnight"],"score":259,"play_id":"f9887c70-be3c-45f1-92a1-a5ee2026ede1","local_time":"20210206210152","is_ascension_mode":false,"campfire_choices":[{"data":"DeathKnight:Pestilence","floor":6,"key":"SMITH"},{"data":"DeathKnight:FesteringStrike","floor":13,"key":"SMITH"}],"circlet_count":0,"master_deck":["DeathKnight:Strike_DeathKnight","DeathKnight:Strike_DeathKnight","DeathKnight:Strike_DeathKnight","DeathKnight:Strike_DeathKnight","DeathKnight:Defend_DeathKnight","DeathKnight:Defend_DeathKnight","DeathKnight:Defend_DeathKnight","DeathKnight:Defend_DeathKnight","DeathKnight:Defend_DeathKnight","DeathKnight:RuneTap","DeathKnight:RuneStrike","DeathKnight:HowlingBlast","DeathKnight:MutagenicPlague","DeathKnight:Pestilence+1","DeathKnight:Pestilence","DeathKnight:FesteringStrike+1","DeathKnight:WraithWalk","DeathKnight:UnholyPresence","theWildCard:Polydeuces","DeathKnight:Parry","Doubt","DeathKnight:Simulacrum","DeathKnight:BladedArmor","DeathKnight:UnholyAssault","DeathKnight:Pestilence","DeathKnight:MutagenicPlague+1","DeathKnight:Hysteria","DeathKnight:FrosPresence+1","DeathKnight:DeathsAdvance"],"relics":["DeathKnight:BrokenRuneblade","Ring of Panic","MawBank","Replay:Baseball","Bromod:ArcaneNullifier","ReplayTheSpireMod:TigerMarble","Painkiller Herb","Bromod:ArcaneTrickery","Orrery"],"acts_visited":["Exordium","TheCity"],"potions_floor_usage":[10,14,16,16,16,23],"damage_taken":[{"damage":6,"enemies":"Jaw Worm","floor":1,"turns":3},{"damage":0,"enemies":"Small Slimes","floor":5,"turns":1},{"damage":0,"enemies":"Cultist","floor":7,"turns":2},{"damage":6,"enemies":"Replay:BlueRogue","floor":8,"turns":4},{"damage":0,"enemies":"Gremlin Nob","floor":10,"turns":2},{"damage":11,"enemies":"Gremlin Gang","floor":11,"turns":4},{"damage":33,"enemies":"Lagavulin","floor":14,"turns":6},{"damage":4,"enemies":"Fading Forest","floor":16,"turns":8},{"damage":10,"enemies":"3 Byrds","floor":18,"turns":4},{"damage":0,"enemies":"Shell Parasite","floor":19,"turns":1},{"damage":31,"enemies":"Sentry and Sphere","floor":22,"turns":7},{"damage":39,"enemies":"Slavers","floor":23,"turns":4}],"seed_played":"-1353342083769893542","potions_obtained":[{"floor":5,"key":"DeathKnight:RimePotion"},{"floor":8,"key":"DeathKnight:RimePotion"},{"floor":10,"key":"Dexterity Potion"},{"floor":14,"key":"Fire Potion"},{"floor":16,"key":"Venom Potion"},{"floor":22,"key":"Adrenaline Potion"}],"is_trial":false,"path_per_floor":["M","?","$","?","M","R","M","E","T","E","M","?","R","E","R_BF","B",null,"?","?","T","?","?","E"],"character_chosen":"DEATH_KNIGHT","items_purchased":["DeathKnight:MutagenicPlague","Fire Potion","DeathKnight:Pestilence","Bromod:ArcaneTrickery","Orrery"],"campfire_rested":0,"item_purchase_floors":[3,3,20,20,20],"current_hp_per_floor":[76,76,76,76,76,76,76,70,70,70,59,59,59,26,26,32,82,72,72,72,56,25,0,0],"gold":164,"neow_bonus":"TEN_PERCENT_HP_BONUS","is_daily":false,"chose_seed":false,"campfire_upgraded":2,"win_rate":0.0,"timestamp":1612666912,"path_taken":["M","?","$","?","M","R","?","E","T","E","?","?","R","E","R_BF","BOSS","?","?","T","?","?","E"],"items_purchased_type":["Card","Potion","Card","Relic","Relic"],"build_version":"2020-12-22","purchased_purges":1,"victory":false,"max_hp_per_floor":[82,82,82,82,82,82,82,82,82,82,82,82,82,82,82,82,82,82,82,82,87,87,87,87],"card_choices":[{"not_picked":["DeathKnight:BoneShield","DeathKnight:BoneSpear"],"picked":"DeathKnight:HowlingBlast","floor":1},{"not_picked":["DeathKnight:ScourgeStrike","DeathKnight:MutagenicPlague"],"picked":"DeathKnight:Pestilence","floor":5},{"not_picked":["DeathKnight:MindFreeze","DeathKnight:ThirstingStrike"],"picked":"DeathKnight:Pestilence","floor":7},{"not_picked":["DeathKnight:DeathRune","DeathKnight:Rot"],"picked":"DeathKnight:FesteringStrike","floor":8},{"not_picked":["DeathKnight:PillarOfFrost","DeathKnight:Marrowrend"],"picked":"DeathKnight:WraithWalk","floor":10},{"not_picked":["DeathKnight:RunicCorruption","DeathKnight:FrostStrike"],"picked":"DeathKnight:UnholyPresence","floor":11},{"not_picked":["DeathKnight:PillarOfFrost","DeathKnight:Obliterate"],"picked":"DeathKnight:Parry","floor":14},{"not_picked":["DeathKnight:ReapingStrike","DeathKnight:VampiricBlood"],"picked":"DeathKnight:Simulacrum","floor":16},{"not_picked":["DeathKnight:Parry","DeathKnight:RaiseAlly"],"picked":"DeathKnight:BladedArmor","floor":18},{"not_picked":["DeathKnight:RaiseAlly+1","DeathKnight:DeathGrip+1"],"picked":"DeathKnight:UnholyAssault","floor":19},{"not_picked":["DeathKnight:Simulacrum","DeathKnight:RaiseAlly"],"picked":"DeathKnight:MutagenicPlague+1","floor":20},{"not_picked":["DeathKnight:BloodTap+1","DeathKnight:HartStrike"],"picked":"DeathKnight:Hysteria","floor":20},{"not_picked":["DeathKnight:Parry+1","DeathKnight:BloodStrike+1"],"picked":"DeathKnight:FrosPresence+1","floor":20},{"not_picked":["DeathKnight:DreadStrike","DeathKnight:RuneShock+1"],"picked":"DeathKnight:DeathsAdvance","floor":22}],"player_experience":100023,"relics_obtained":[{"floor":2,"key":"Ring of Panic"},{"floor":8,"key":"MawBank"},{"floor":9,"key":"Replay:Baseball"},{"floor":10,"key":"Bromod:ArcaneNullifier"},{"floor":14,"key":"ReplayTheSpireMod:TigerMarble"}],"event_choices":[{"cards_removed":["Sickly"],"damage_healed":0,"gold_gain":0,"player_choice":"Removed Curses","damage_taken":0,"max_hp_gain":0,"max_hp_loss":0,"event_name":"Fountain of Cleansing","floor":4,"gold_loss":0},{"damage_healed":0,"gold_gain":175,"player_choice":"AGREE","damage_taken":0,"max_hp_gain":0,"max_hp_loss":0,"event_name":"Liars Game","floor":15,"gold_loss":0,"cards_obtained":["Doubt"]},{"damage_healed":0,"gold_gain":0,"player_choice":"Shed Blood","damage_taken":21,"max_hp_gain":5,"max_hp_loss":0,"event_name":"Forgotten Altar","floor":21,"gold_loss":0}],"is_beta":false,"boss_relics":[{"not_picked":["Philosopher\u0027s Stone","Runic Dome"],"picked":"Painkiller Herb"}],"items_purged_floors":[20],"is_endless":false,"potions_floor_spawned":[5,8,10,14,16,22],"killed_by":"Slavers","ascension_level":0}}