{"host":"rtrm1sjndjmdxdc6","time":1612686854,"event":{"mods":["2.2 Compatiblity","AchievementEnabler","Act Like it!","BaseMod","Better Vampires","Colored Map","Colored Powertips","Conspire","Downfall","Gensokyo","Marisa（F雨　魔理沙）","Minty Spire (QoL Compilation)","Permanent Neow","Quick Restart","Rare Cards Sparkle","Reimu（博丽灵梦）","Remilia（蕾米莉亚）","Replay The Spire","RumiaBox-露米娅的神秘盒子","Shop Mod","Spicy Shops","StSLib","The Animator","The Bug Knight","The Jungle","Unceasing Turn Reminder","Yakumo Yukari mod","Youmu（魂魄妖梦）","Yuyuko","【功能Mod】混沌之环修复补丁","【功能Mod】聪明的最终Boss","篝火指南"],"gold_per_floor":[0,10,26,26,26,38,64,83,83,99,99,67,67,101,120,217,217,17,27,12,23,39,47,47,58,58,58,87,99,99,3,17,115,115,103,31,49,67,342,358,408,424,455,455,489,509,509,543,554,554,554,554],"floor_reached":50,"language":"ZHS","playtime":5649,"items_purged":["Slimebound:Defend_Slimebound","Slimebound:Strike_Slimebound"],"score":954,"play_id":"17522445-c290-4b37-9feb-d603d6be9a0b","local_time":"20210207163414","is_ascension_mode":false,"campfire_choices":[{"data":"Slimebound:Split","floor":1,"key":"SMITH"},{"floor":11,"key":"RECALL"},{"data":"Slimebound:OozeBath","floor":18,"key":"SMITH"},{"data":"Slimebound:GoopTackle","floor":26,"key":"SMITH"},{"floor":44,"key":"REST"},{"floor":47,"key":"REST"}],"circlet_count":0,"master_deck":["Slimebound:Strike_Slimebound","Slimebound:Tackle","Slimebound:Defend_Slimebound","Slimebound:Defend_Slimebound","Slimebound:Split+1","Slimebound:CorrosiveSpit","Slimebound:Gluttony","Slimebound:FinishingTackle+1","Slimebound:LeechEnergy+1","Slimebound:LivingWall","Sadistic Nature","Slimebound:SplitLeeching","Slimebound:SlimeSlap+1","Slimebound:OozeBath+1","Slimebound:ComboTackle+1","Slimebound:LeadByExample","Slimebound:SplitMire","Slimebound:GoopTackle+1","Slimebound:LeechingTouch","Slimebound:Schlurp","Pride","Pot Of Greed","Pot Of Greed","Slimebound:Dissolve","Amnesia","Normality","Pot Of Greed","Slimebound:RallyTheTroops","ReplayTheSpireMod:Splinters","Slimebound:SamplingLick+1","Slimebound:LevelUp+1","Regret","Slimebound:SplitAcid+1","Slimebound:Overexert","Slimebound:ProtectTheBoss","Slimebound:GoopSpray+1","Slimebound:TongueLash+1","Slimebound:Dissolve+1"],"relics":["Slimebound:AbsorbEndCombat","Gensokyo:Mercy","Centennial Puzzle","Gensokyo:CelestialsFlawlessClothing","Pet Ghost","SoulBox","downfall:HeartBlessingRed","downfall:HeartBlessingGreen","Lee\u0027s Waffle","Happy Flower","Gremlin Food","Grinning Jar","Ring of Fangs","MagicDraw4","conspire:SpecialSausage","downfall:HeartBlessingBlue","Replay:Rubber Ducky","conspire:InfiniteJournal","Whetstone","RuthlessExorcism:ReiMu","Du-Vu Doll","Juzu Bracelet"],"acts_visited":["Gensokyo:Gensokyo","TheCity","TheBeyond"],"potions_floor_usage":[6,21,43,46,50,50],"damage_taken":[{"damage":3,"enemies":"Gensokyo:Python","floor":2,"turns":3},{"damage":0,"enemies":"Gensokyo:3_Fairies","floor":3,"turns":3},{"damage":3,"enemies":"Gensokyo:2_Kodama","floor":6,"turns":2},{"damage":2,"enemies":"Gensokyo:VengefulSpirit","floor":8,"turns":4},{"damage":0,"enemies":"Gensokyo:Python_and_Kodama","floor":10,"turns":4},{"damage":3,"enemies":"downfall:FleeingMerchant","floor":12,"turns":4},{"damage":24,"enemies":"Gensokyo:Cirno","floor":14,"turns":8},{"damage":9,"enemies":"Gensokyo:Gryphon_and_Rabbit","floor":15,"turns":3},{"damage":9,"enemies":"IC_STATUS_ARCHETYPE","floor":16,"turns":8},{"damage":0,"enemies":"Chosen","floor":19,"turns":4},{"damage":3,"enemies":"downfall:FleeingMerchant","floor":20,"turns":4},{"damage":12,"enemies":"Snake Plant","floor":21,"turns":3},{"damage":0,"enemies":"Snecko","floor":22,"turns":5},{"damage":20,"enemies":"downfall:FleeingMerchant","floor":23,"turns":4},{"damage":3,"enemies":"3 Cultists","floor":25,"turns":4},{"damage":3,"enemies":"conspire:Head Lice","floor":28,"turns":5},{"damage":7,"enemies":"Centurion and Healer","floor":29,"turns":5},{"damage":3,"enemies":"Shelled Parasite and Fungi","floor":32,"turns":4},{"damage":7,"enemies":"WA_ARCHETYPE_CALM","floor":33,"turns":7},{"damage":16,"enemies":"3 Shapes","floor":38,"turns":3},{"damage":16,"enemies":"Orb Walker","floor":40,"turns":5},{"damage":17,"enemies":"Spire Growth","floor":42,"turns":5},{"damage":58,"enemies":"HollowMod:StalkingDevout","floor":43,"turns":6},{"damage":48,"enemies":"Reptomancer","floor":45,"turns":5},{"damage":0,"enemies":"3 Darklings","floor":46,"turns":4},{"damage":3,"enemies":"HollowMod:StalkingDevout","floor":48,"turns":6},{"damage":21,"enemies":"Sphere and 2 Shapes","floor":49,"turns":4},{"damage":232,"enemies":"SI_POISON_ARCHETYPE","floor":50,"turns":6}],"seed_played":"-3490471443584183803","potions_obtained":[{"floor":2,"key":"Fire Potion"},{"floor":8,"key":"FearPotion"},{"floor":15,"key":"Fire Potion"},{"floor":19,"key":"Adrenaline Potion"},{"floor":25,"key":"ZuzhouPotion:ReiMu"},{"floor":29,"key":"Swift Potion"},{"floor":40,"key":"Explosive Potion"},{"floor":43,"key":"SteroidPotion"},{"floor":45,"key":"bronze:BurnAndBuffPotion"}],"is_trial":false,"path_per_floor":["R","M","M","?","T","M","T","M","?","M","R","$","?","E","M","B",null,"R","M","$","M","M","$","T","M","R","?","E","M","?","$","M","B",null,"R_BF","$","?","M","?","M","T","M","E","R","E","M","R","E","M","B"],"character_chosen":"SLIMEBOUND","items_purchased":["Sadistic Nature","Lee\u0027s Waffle","MagicDraw4","Replay:Rubber Ducky"],"campfire_rested":2,"item_purchase_floors":[12,23,31,36],"current_hp_per_floor":[65,64,64,64,64,65,65,65,49,57,57,62,62,44,43,42,65,65,65,65,55,63,72,72,72,72,72,69,68,68,68,72,71,72,82,82,82,74,74,68,68,63,19,43,7,21,45,52,41,0,0,0],"gold":554,"neow_bonus":"REMOVE_TWO","is_daily":false,"chose_seed":false,"campfire_upgraded":3,"win_rate":0.0,"timestamp":1612686854,"path_taken":["R","M","M","?","?","M","T","M","?","?","R","$","?","E","M","BOSS","R","M","$","M","M","$","T","M","R","?","E","M","?","$","M","BOSS","R_BF","$","?","M","?","M","T","M","E","R","E","?","R","E","M","BOSS"],"items_purchased_type":["Card","Relic","Relic","Relic"],"build_version":"2020-12-22","purchased_purges":2,"victory":false,"max_hp_per_floor":[65,65,65,65,65,65,65,65,65,65,65,65,65,65,65,65,65,65,65,65,65,65,72,72,72,72,72,72,72,72,72,72,72,72,82,82,82,82,82,82,82,82,82,82,82,82,82,82,82,82,82,82],"card_choices":[{"not_picked":["Slimebound:BestDefense","Slimebound:HauntingLick"],"picked":"Slimebound:PressTheAttack","floor":2},{"not_picked":["Slimebound:HauntingLick","Slimebound:GoopTackle"],"picked":"Slimebound:Gluttony","floor":3},{"not_picked":["Slimebound:SlimeBarrage","Slimebound:ForwardTackle"],"picked":"Slimebound:FinishingTackle","floor":6},{"not_picked":["Slimebound:Replication","Slimebound:Dissolve"],"picked":"Slimebound:LeechEnergy","floor":8},{"not_picked":["Slimebound:SlimeTap","Slimebound:Equalize"],"picked":"Slimebound:LivingWall","floor":10},{"not_picked":["Slimebound:SplitAcid","Slimebound:SlimeSpikes","Slimebound:ItLooksTasty"],"picked":"SKIP","floor":12},{"not_picked":["Slimebound:Chomp","Slimebound:SamplingLick"],"picked":"Slimebound:SplitLeeching","floor":14},{"not_picked":["Slimebound:SplitAcid","Slimebound:SamplingLick"],"picked":"Slimebound:SlimeSlap","floor":15},{"not_picked":["Slimebound:MassFeed","Slimebound:LeechLife"],"picked":"Slimebound:OozeBath","floor":16},{"not_picked":["Slimebound:LeechingTouch","Slimebound:PressTheAttack"],"picked":"Slimebound:ComboTackle","floor":19},{"not_picked":["Slimebound:SplitLeeching","Slimebound:SlimeSpikes+1"],"picked":"Slimebound:LeadByExample","floor":20},{"not_picked":["Slimebound:Nibble+1","Slimebound:SamplingLick+1"],"picked":"Slimebound:SplitMire","floor":21},{"not_picked":["Slimebound:SplitMire","Slimebound:Prepare+1"],"picked":"Slimebound:GoopTackle","floor":22},{"not_picked":["Slimebound:GoopTackle","Slimebound:FlameTackle+1"],"picked":"Slimebound:LeechingTouch","floor":23},{"not_picked":["Slimebound:HauntingLick+1","Slimebound:ProtectTheBoss"],"picked":"Slimebound:Schlurp","floor":25},{"not_picked":["Slimebound:SlimeSpikes","Slimebound:MassFeed"],"picked":"Slimebound:Dissolve","floor":28},{"not_picked":["Slimebound:ItLooksTasty","Slimebound:Equalize","Slimebound:LeechingTouch"],"picked":"SKIP","floor":29},{"not_picked":["Slimebound:PressTheAttack","Slimebound:LeechEnergy","Slimebound:HauntingLick"],"picked":"SKIP","floor":32},{"not_picked":["Slimebound:LeechLife","Slimebound:MassFeed"],"picked":"Slimebound:RallyTheTroops","floor":33},{"not_picked":["Slimebound:FinishingTackle+1","Slimebound:LeechEnergy+1"],"picked":"Slimebound:SamplingLick+1","floor":37},{"not_picked":["Slimebound:Schlurp+1","Slimebound:SamplingLick+1"],"picked":"Slimebound:LevelUp+1","floor":38},{"not_picked":["Slimebound:Gluttony","Slimebound:LeadByExample"],"picked":"Slimebound:SplitAcid+1","floor":40},{"not_picked":["Slimebound:Equalize","Slimebound:Repurpose+1"],"picked":"Slimebound:Overexert","floor":42},{"not_picked":["Slimebound:LeadByExample","Slimebound:LivingWall"],"picked":"Slimebound:ProtectTheBoss","floor":43},{"not_picked":["Slimebound:GrowthPunch","Slimebound:RejuvenatingLick"],"picked":"Slimebound:GoopSpray+1","floor":45},{"not_picked":["Slimebound:SlimeBarrage","Slimebound:GoopSpray","Slimebound:ComboTackle"],"picked":"SKIP","floor":46},{"not_picked":["Slimebound:Grow","Slimebound:RainOfGoop+1"],"picked":"Slimebound:TongueLash+1","floor":48},{"not_picked":["Slimebound:Grow+1","Slimebound:SplitAcid"],"picked":"Slimebound:Dissolve+1","floor":49}],"player_experience":128043,"relics_obtained":[{"floor":7,"key":"Centennial Puzzle"},{"floor":14,"key":"Pet Ghost"},{"floor":24,"key":"Happy Flower"},{"floor":28,"key":"Grinning Jar"},{"floor":30,"key":"Ring of Fangs"},{"floor":37,"key":"conspire:InfiniteJournal"},{"floor":41,"key":"Whetstone"},{"floor":43,"key":"RuthlessExorcism:ReiMu"},{"floor":45,"key":"Du-Vu Doll"},{"floor":48,"key":"Juzu Bracelet"}],"event_choices":[{"damage_healed":0,"gold_gain":0,"player_choice":"Stole Relic","damage_taken":0,"relics_obtained":["Gremlin Food"],"max_hp_gain":0,"max_hp_loss":0,"event_name":"Addict","floor":27,"gold_loss":0,"cards_obtained":["Pride"]}],"is_beta":false,"boss_relics":[{"not_picked":["Kintsugi","Astrolabe"],"picked":"SoulBox"},{"not_picked":["Tiny House","Ring of Chaos"],"picked":"conspire:SpecialSausage"}],"items_purged_floors":[23,23],"is_endless":false,"potions_floor_spawned":[2,8,15,19,25,29,33,40,42,43,45],"killed_by":"SI_POISON_ARCHETYPE","ascension_level":0}}