{"host":"Ringo","time":1612705161,"event":{"mods":["BaseMod","Colored Map","Conspire","Dota2Spire","Hubris","Minty Spire (QoL Compilation)","Replay The Spire","StSLib","The Construct","[IsaacMod]ÒÔÈö¼âËþ","¡¾ÒÅÎï¿¨ÅÆ¡¿REMEMod"],"gold_per_floor":[19,36,55,72,94,129,149,184,184,220,246,246,276,276,276,347,347,364,364,364,364],"floor_reached":20,"language":"ZHS","playtime":633,"items_purged":["hubris:MerchantsHand"],"score":778,"play_id":"c2a64ac0-3931-4c1f-9ad8-f5e26db656df","local_time":"20210207213921","daily_mods":["SealedDeck","Vintage","Heirloom","Time Dilation","Flight","DeadlyEvents","Elite Swarm","Lethality","Diverse","Colorless Cards","Binary"],"is_ascension_mode":true,"campfire_choices":[{"data":"conspire:DoublingDagger","floor":12,"key":"SMITH"},{"data":"Beam Cell","floor":15,"key":"SMITH"}],"circlet_count":0,"master_deck":["Strike_R","Strike_G","hubris:Strike_Merchant","Defend_R","Defend_G","Defend_B","hubris:Defend_Merchant","hubris:MerchantsHand","AscendersBane","Coolheaded","Specialist","PiercingWail","Ball Lightning","Cold Snap","SashWhip","Sucker Punch","Blade Dance","Beam Cell+1","Thunderclap","conspire:DoublingDagger+1","construct:MetalShell+1","Bullet Time+1","Die Die Die"],"relics":["Smiling Mask","hubris:NiceRug","Busted Crown","HushsDoor","REME_ComplimentaryCards","replay:Trail_Library","D6","MoneyPower","Toxic Egg 2","Sundial","TheBible","GuppysHead","ReplayTheSpireMod:Spearhead","Dota2Spire:LinkenSphere","GuppysPaw","Snack Pack","hubris:ToyBattleship","Nunchaku","Omamori","conspire:SpecialSausage","GuppysHairball","hubris:CrystalStatue"],"acts_visited":["Exordium","TheCity"],"potions_floor_usage":[5,10,10],"damage_taken":[{"damage":0,"enemies":"Jaw Worm","floor":1,"turns":1},{"damage":0,"enemies":"Cultist","floor":2,"turns":2},{"damage":0,"enemies":"2 Louse","floor":3,"turns":1},{"damage":0,"enemies":"Large Slime","floor":4,"turns":2},{"damage":11,"enemies":"conspire:2 RoseBushes","floor":5,"turns":2},{"damage":0,"enemies":"Lagavulin","floor":6,"turns":4},{"damage":7,"enemies":"Exordium Wildlife","floor":7,"turns":3},{"damage":0,"enemies":"Gremlin Nob","floor":8,"turns":3},{"damage":0,"enemies":"3 Sentries","floor":10,"turns":4},{"damage":0,"enemies":"Replay:BlueRogue","floor":11,"turns":1},{"damage":0,"enemies":"Lagavulin","floor":13,"turns":2},{"damage":0,"enemies":"Slime Boss","floor":16,"turns":2},{"damage":0,"enemies":"3 Byrds","floor":18,"turns":3},{"damage":0,"enemies":"2 Thieves","floor":20,"turns":1}],"seed_played":"1500091598829210310","potions_obtained":[{"floor":1,"key":"Weak Potion"},{"floor":2,"key":"EssenceOfSteel"},{"floor":6,"key":"Block Potion"},{"floor":13,"key":"SmokeBomb"},{"floor":18,"key":"Regen Potion"}],"is_trial":true,"path_per_floor":["M","M","M","M","M","E","M","E","T","E","E","R","E","?","R","B",null,"M","$","M"],"character_chosen":"IRONCLAD","items_purchased":["GuppysHairball","Die Die Die"],"campfire_rested":0,"item_purchase_floors":[17,17],"current_hp_per_floor":[63,63,63,63,52,52,45,45,45,46,46,46,46,46,46,46,1,1,1,1,1],"gold":364,"neow_bonus":"","is_daily":false,"chose_seed":false,"campfire_upgraded":2,"win_rate":0.0,"timestamp":1612705161,"path_taken":["M","M","M","M","M","E","M","E","T","E","E","R","E","?","R","BOSS","M","$","M"],"items_purchased_type":["Relic","Card"],"build_version":"2020-12-18","purchased_purges":1,"victory":false,"max_hp_per_floor":[70,70,70,70,70,70,46,46,46,46,46,46,46,46,46,46,1,1,1,1,1],"card_choices":[],"player_experience":648713,"relics_obtained":[{"floor":1,"key":"Toxic Egg 2"},{"floor":2,"key":"Sundial"},{"floor":3,"key":"TheBible"},{"floor":4,"key":"GuppysHead"},{"floor":5,"key":"ReplayTheSpireMod:Spearhead"},{"floor":6,"key":"Dota2Spire:LinkenSphere"},{"floor":7,"key":"GuppysPaw"},{"floor":9,"key":"Snack Pack"},{"floor":10,"key":"hubris:ToyBattleship"},{"floor":11,"key":"Nunchaku"},{"floor":13,"key":"Omamori"},{"floor":18,"key":"hubris:CrystalStatue"}],"event_choices":[{"damage_healed":0,"gold_gain":0,"cards_transformed":["Strike_B"],"player_choice":"Transformed","damage_taken":0,"max_hp_gain":0,"max_hp_loss":0,"event_name":"Transmorgrifier","floor":14,"gold_loss":0,"cards_obtained":["Bullet Time"]}],"is_beta":true,"boss_relics":[{"not_picked":["hubris:RunicObelisk","hubris:HollowSoul"],"picked":"conspire:SpecialSausage"},{"not_picked":[]}],"items_purged_floors":[17],"is_endless":false,"potions_floor_spawned":[1,2,3,6,7,13,18],"killed_by":"2 Thieves","ascension_level":20}}