{"host":"o2alikb31grvssa9","time":1612734237,"event":{"mods":["BaseMod","BetterRewards","DeckTracker","Downfall","Minty Spire (QoL Compilation)","Quick Restart","Replay The Spire","StSLib","The Jungle"],"gold_per_floor":[115,132,132,57,73,73,88,88,88,148,148,197,226,26,26,26,26],"floor_reached":16,"language":"ENG","playtime":469,"items_purged":["Defend_R"],"score":119,"play_id":"b7336579-5898-403a-ad33-da513fa019c2","local_time":"20210207224357","is_ascension_mode":true,"campfire_choices":[{"data":"Iron Wave","floor":6,"key":"SMITH"},{"data":"Replay:Undeath\u0027s Touch","floor":8,"key":"SMITH"},{"data":"Pommel Strike","floor":11,"key":"SMITH"},{"data":"Strike_R","floor":11,"key":"SMITH"},{"data":"Replay:Undeath\u0027s Touch","floor":15,"key":"SMITH"},{"data":"Defend_R","floor":15,"key":"SMITH"}],"circlet_count":0,"master_deck":["Strike_R","Strike_R","Strike_R","Strike_R+1","Defend_R+1","Defend_R","Defend_R","Bash+1","Pommel Strike+1","Iron Wave+1","Replay:Undeath\u0027s Touch+1","Replay:Undeath\u0027s Touch+1"],"relics":["Burning Blood","Iron Hammer","Replay:Arrowhead","Blue Doll","Odd Mushroom","Chemical X"],"acts_visited":["Exordium"],"potions_floor_usage":[10,10,16],"damage_taken":[{"damage":9,"enemies":"2 Louse","floor":1,"turns":4},{"damage":6,"enemies":"Cultist","floor":2,"turns":4},{"damage":2,"enemies":"Jaw Worm","floor":5,"turns":3},{"damage":28,"enemies":"Exordium Wildlife","floor":7,"turns":7},{"damage":18,"enemies":"Lagavulin Event","floor":10,"turns":6},{"damage":19,"enemies":"The Mushroom Lair","floor":13,"turns":4},{"damage":23,"enemies":"The Guardian","floor":16,"turns":10}],"seed_played":"-3348772854065674272","potions_obtained":[{"floor":5,"key":"LifebloodPotion"},{"floor":7,"key":"Adrenaline Potion"},{"floor":10,"key":"champ:CounterPotion"}],"is_trial":false,"path_per_floor":["M","M","?","$","M","R","M","R","T","?","R","T","?","$","R","B"],"character_chosen":"IRONCLAD","items_purchased":["Replay:Undeath\u0027s Touch","Chemical X"],"campfire_rested":0,"item_purchase_floors":[14,14],"current_hp_per_floor":[69,69,69,69,73,73,51,51,51,39,39,39,26,26,26,3,3],"gold":26,"neow_bonus":"UPGRADE_CARD","is_daily":false,"chose_seed":false,"campfire_upgraded":6,"win_rate":0.0,"timestamp":1612734237,"path_taken":["M","M","?","?","M","R","?","R","T","?","R","?","?","?","R","BOSS"],"items_purchased_type":["Card","Relic"],"build_version":"2020-12-22","purchased_purges":1,"victory":false,"max_hp_per_floor":[80,80,80,80,80,80,80,80,80,80,80,80,80,80,80,80,80],"card_choices":[{"not_picked":["Cleave","Evolve"],"picked":"Pommel Strike","floor":1},{"not_picked":["ReplayTheSpireMod:Strike From Hell","Headbutt","Clothesline"],"picked":"SKIP","floor":2},{"not_picked":["Disarm","Clothesline"],"picked":"Iron Wave","floor":5},{"not_picked":["ReplayTheSpireMod:Strike From Hell","Cleave"],"picked":"Replay:Undeath\u0027s Touch","floor":7}],"player_experience":290927,"relics_obtained":[{"floor":9,"key":"Iron Hammer"},{"floor":10,"key":"Replay:Arrowhead"},{"floor":12,"key":"Blue Doll"},{"floor":13,"key":"Odd Mushroom"}],"event_choices":[{"cards_removed":["Strike_R"],"damage_healed":0,"gold_gain":0,"player_choice":"Purged","damage_taken":0,"max_hp_gain":0,"max_hp_loss":0,"event_name":"Purifier","floor":3,"gold_loss":0},{"damage_healed":0,"gold_gain":0,"player_choice":"Searched \u00271\u0027 times","damage_taken":0,"max_hp_gain":0,"max_hp_loss":0,"event_name":"Dead Adventurer","floor":10,"gold_loss":0},{"damage_healed":0,"gold_gain":0,"player_choice":"Fought Mushrooms","damage_taken":0,"max_hp_gain":0,"max_hp_loss":0,"event_name":"Mushrooms","floor":13,"gold_loss":0}],"is_beta":false,"boss_relics":[],"items_purged_floors":[4],"is_endless":false,"potions_floor_spawned":[5,7,10],"killed_by":"The Guardian","ascension_level":7}}