{"host":"ix07nhfx4o3nf6kx","time":1612702420,"event":{"mods":["BaseMod","Hermit","Minty Spire (QoL Compilation)","StSLib","The Bug Knight","The Cursed","The Dragon Tamer","The Hierophant","The Jungle","The Runesmith"],"gold_per_floor":[119,133,144,162,162,193,209,225,303,338,357,373,199,211,211,313,313,283,302,302,312,4,4,16,16,43,43,43,43,6,6,6],"floor_reached":31,"language":"KOR","playtime":1628,"items_purged":[],"score":276,"play_id":"f81c5299-7b9b-4bc8-92d6-e35bd5fe5b9c","local_time":"20210207215340","is_ascension_mode":false,"campfire_choices":[{"floor":15,"key":"RECALL"},{"data":"Runesmith:GrandSlam","floor":23,"key":"SMITH"}],"circlet_count":0,"master_deck":["Runesmith:Strike_RS","Runesmith:Strike_RS","Runesmith:Strike_RS","Runesmith:Strike_RS","Runesmith:Defend_RS","Runesmith:Defend_RS","Runesmith:Defend_RS","Runesmith:Defend_RS","Runesmith:CraftFirestone","Runesmith:Fortify","Runesmith:FieryHammer","Runesmith:CraftMedicinae","Runesmith:HammerThrow","Regret","Runesmith:CraftIncendium+1","Runesmith:CraftMagma+1","Runesmith:CraftProtectio+1","Runesmith:CraftMagma+1","Runesmith:Malloc+1","Runesmith:Retool+1","Runesmith:CraftProtectio+1","Runesmith:CraftProtectio+1","Runesmith:GrandSlam+1","Runesmith:CraftVitae+1","Runesmith:Repurpose+1","Runesmith:UnstableHammer","Runesmith:MakeshiftArmor+1","Runesmith:CraftMagma+1","Writhe","Runesmith:HammerAndChisel+1"],"relics":["Runesmith:BrokenRuby","Runesmith:MiniCore","Toxic Egg 2","HollowMod:StagPassRelic","Ice Cream","Lee\u0027s Waffle","Philosopher\u0027s Stone","Membership Card","Mercury Hourglass","Orichalcum","Boot","NlothsMask"],"acts_visited":["Exordium","TheCity"],"potions_floor_usage":[10,10],"damage_taken":[{"damage":4,"enemies":"2 Louse","floor":1,"turns":3},{"damage":2,"enemies":"Jaw Worm","floor":2,"turns":4},{"damage":0,"enemies":"Cultist","floor":3,"turns":4},{"damage":18,"enemies":"2 Fungi Beasts","floor":4,"turns":5},{"damage":44,"enemies":"Lagavulin","floor":6,"turns":8},{"damage":19,"enemies":"Looter","floor":7,"turns":4},{"damage":1,"enemies":"Large Slime","floor":8,"turns":4},{"damage":9,"enemies":"3 Sentries","floor":10,"turns":5},{"damage":4,"enemies":"Lots of Slimes","floor":11,"turns":2},{"damage":9,"enemies":"Blue Slaver","floor":12,"turns":4},{"damage":3,"enemies":"Looter","floor":14,"turns":3},{"damage":16,"enemies":"Slime Boss","floor":16,"turns":7},{"damage":31,"enemies":"2 Thieves","floor":18,"turns":5},{"damage":1,"enemies":"Shell Parasite","floor":19,"turns":5},{"damage":22,"enemies":"Snecko","floor":21,"turns":7},{"damage":15,"enemies":"Centurion and Healer","floor":24,"turns":7},{"damage":32,"enemies":"Book of Stabbing","floor":31,"turns":3}],"seed_played":"6461153770908650570","potions_obtained":[{"floor":1,"key":"FairyPotion"},{"floor":3,"key":"Strength Potion"},{"floor":7,"key":"Regen Potion"},{"floor":10,"key":"Strength Potion"},{"floor":12,"key":"FairyPotion"},{"floor":14,"key":"DuplicationPotion"}],"is_trial":false,"path_per_floor":["M","M","M","M","?","E","M","M","T","E","M","M","$","M","R","B",null,"M","M","?","M","$","R","M","?","T","$","?","?","$","E"],"character_chosen":"RUNESMITH_CLASS","items_purchased":["Lee\u0027s Waffle","Runesmith:CraftProtectio+1","Membership Card","Mercury Hourglass","Runesmith:MakeshiftArmor+1","Runesmith:HammerAndChisel+1"],"campfire_rested":0,"item_purchase_floors":[13,13,22,22,22,30],"current_hp_per_floor":[73,71,71,53,53,9,16,15,15,20,16,7,84,81,81,65,84,53,52,52,30,30,30,15,15,15,15,26,26,26,0,0],"gold":6,"neow_bonus":"TEN_PERCENT_HP_BONUS","is_daily":false,"chose_seed":false,"campfire_upgraded":1,"win_rate":0.0,"timestamp":1612702420,"path_taken":["M","M","M","M","?","E","M","M","T","E","M","M","$","M","R","BOSS","M","M","?","M","$","R","M","?","T","$","?","?","$","E"],"items_purchased_type":["Relic","Card","Relic","Relic","Card","Card"],"build_version":"2020-12-22","purchased_purges":0,"victory":false,"max_hp_per_floor":[77,77,77,77,77,77,77,77,77,77,77,77,84,84,84,84,84,84,84,84,84,84,84,84,84,84,84,89,89,89,89,89],"card_choices":[{"not_picked":["Runesmith:EnergizedChisel","Runesmith:CraftObretio"],"picked":"Runesmith:FieryHammer","floor":1},{"not_picked":["Runesmith:ShiftingStrike","Runesmith:MakeshiftArmor"],"picked":"Runesmith:NegativeSpace","floor":2},{"not_picked":["Runesmith:Reinforce","Runesmith:ShiftingStrike"],"picked":"Runesmith:CraftMedicinae","floor":3},{"not_picked":["Runesmith:EarthShield","Runesmith:CraftMagma"],"picked":"Runesmith:HammerThrow","floor":4},{"not_picked":["Runesmith:ShiftingStrike","Runesmith:ArcReactor"],"picked":"Runesmith:CraftIncendium+1","floor":6},{"not_picked":["Runesmith:Overpower","Runesmith:CraftObretio+1"],"picked":"Runesmith:CraftMagma+1","floor":7},{"not_picked":["Runesmith:Repurpose+1","Runesmith:UnstableHammer"],"picked":"Runesmith:CraftProtectio+1","floor":8},{"not_picked":["Runesmith:RuneHurl","Runesmith:Duplicate+1"],"picked":"Runesmith:CraftMagma+1","floor":10},{"not_picked":["Runesmith:Overpower","Runesmith:PerfectChisel"],"picked":"Runesmith:Malloc+1","floor":11},{"not_picked":["Runesmith:GoWithTheFlow","Runesmith:ShiftingStrike"],"picked":"Runesmith:Retool+1","floor":12},{"not_picked":["Runesmith:HammerTime","Runesmith:ChiselStab"],"picked":"Runesmith:CraftProtectio+1","floor":14},{"not_picked":["Runesmith:ReplicatingBarrier","Runesmith:CraftIndustria+1"],"picked":"Runesmith:GrandSlam","floor":16},{"not_picked":["Runesmith:HeatedChisel+1","Runesmith:ChiselStab"],"picked":"Runesmith:CraftVitae+1","floor":18},{"not_picked":["Runesmith:NanitesCloud+1","Runesmith:CraftReservo+1"],"picked":"Runesmith:Repurpose+1","floor":19},{"not_picked":["Runesmith:RuneHurl","Runesmith:Overpower"],"picked":"Runesmith:UnstableHammer","floor":21},{"not_picked":["Runesmith:UnstableHammer","Runesmith:Refine+1"],"picked":"Runesmith:CraftMagma+1","floor":24}],"player_experience":228723,"relics_obtained":[{"floor":6,"key":"Toxic Egg 2"},{"floor":9,"key":"HollowMod:StagPassRelic"},{"floor":10,"key":"Ice Cream"},{"floor":26,"key":"Boot"}],"event_choices":[{"damage_healed":0,"gold_gain":0,"player_choice":"Box","damage_taken":0,"relics_obtained":["Runesmith:MiniCore"],"max_hp_gain":0,"max_hp_loss":0,"event_name":"Big Fish","floor":5,"gold_loss":0,"cards_obtained":["Regret"]},{"cards_removed":["Runesmith:NegativeSpace"],"damage_healed":0,"gold_gain":0,"player_choice":"Elegance","damage_taken":0,"max_hp_gain":0,"max_hp_loss":0,"event_name":"Back to Basics","floor":20,"gold_loss":0},{"damage_healed":0,"gold_gain":0,"player_choice":"Opened","damage_taken":0,"relics_obtained":["Orichalcum"],"max_hp_gain":0,"max_hp_loss":0,"event_name":"The Mausoleum","floor":25,"gold_loss":0,"cards_obtained":["Writhe"]},{"damage_healed":0,"gold_gain":0,"player_choice":"Shed Blood","damage_taken":21,"max_hp_gain":5,"max_hp_loss":0,"event_name":"Forgotten Altar","floor":28,"gold_loss":0},{"damage_healed":0,"gold_gain":0,"player_choice":"Trade","damage_taken":0,"relics_obtained":["NlothsMask"],"max_hp_gain":0,"max_hp_loss":0,"event_name":"FaceTrader","floor":29,"gold_loss":0}],"is_beta":false,"boss_relics":[{"not_picked":["Snecko Eye","Coffee Dripper"],"picked":"Philosopher\u0027s Stone"}],"items_purged_floors":[],"is_endless":false,"potions_floor_spawned":[1,3,7,10,12,14,19,24],"killed_by":"Book of Stabbing","ascension_level":0}}