{"host":"x7xd4wkamhrqrrvw","time":1612662739,"event":{"mods":["AchievementEnabler","BaseMod","Minty Spire (QoL Compilation)","Relic Stats","StSLib"],"gold_per_floor":[115,131,18,36,36,71,71,71,122,148,148,148,172,192,192,315,315,328,353,353,353,45,45,80,80,104,119,119,152,152,169,169,274,274,294,305,322,322,333,368,368,142,142,192,219,219,45,62,62,62,62,62,14,41,41,41],"floor_reached":55,"language":"ENG","playtime":2531,"items_purged":["Defend_P","Defend_P"],"score":1403,"play_id":"df7025d6-5700-4455-b723-041939992f34","local_time":"20210206235219","is_ascension_mode":true,"campfire_choices":[{"data":"WindmillStrike","floor":8,"key":"SMITH"},{"data":"Vigilance","floor":11,"key":"SMITH"},{"floor":15,"key":"REST"},{"data":"Vault","floor":23,"key":"SMITH"},{"data":"Protect","floor":25,"key":"SMITH"},{"data":"Bite","floor":28,"key":"SMITH"},{"data":"Bite","floor":32,"key":"SMITH"},{"floor":41,"key":"RECALL"},{"floor":49,"key":"REST"},{"floor":52,"key":"REST"}],"circlet_count":0,"master_deck":["AscendersBane","Defend_P","Eruption+1","Vigilance+1","Protect+1","TalkToTheHand+1","WindmillStrike+1","FearNoEvil","CutThroughFate","Vault+1","CurseOfTheBell","Vengeance+1","Bite+1","Bite+1","Bite+1","Bite","Bite","Scrawl+1","Adaptation"],"relics":["Busted Crown","Bag of Marbles","Bronze Scales","Whetstone","Bloody Idol","Calling Bell","Sundial","Lizard Tail","Ginger","Pen Nib","Happy Flower","Bag of Preparation","Fusion Hammer","Omamori","War Paint","TungstenRod","Strawberry"],"acts_visited":["Exordium","TheCity","TheBeyond","TheEnding"],"potions_floor_usage":[10,16,16,24,29,31,50,54,55],"damage_taken":[{"damage":0,"enemies":"Cultist","floor":1,"turns":4},{"damage":5,"enemies":"2 Louse","floor":2,"turns":3},{"damage":0,"enemies":"Jaw Worm","floor":4,"turns":4},{"damage":29,"enemies":"Lagavulin","floor":6,"turns":9},{"damage":0,"enemies":"Gremlin Nob","floor":10,"turns":2},{"damage":0,"enemies":"Blue Slaver","floor":13,"turns":3},{"damage":7,"enemies":"2 Fungi Beasts","floor":14,"turns":3},{"damage":0,"enemies":"Slime Boss","floor":16,"turns":5},{"damage":0,"enemies":"Shell Parasite","floor":18,"turns":6},{"damage":0,"enemies":"Chosen","floor":19,"turns":5},{"damage":28,"enemies":"Slavers","floor":24,"turns":5},{"damage":9,"enemies":"Snecko","floor":27,"turns":6},{"damage":26,"enemies":"Book of Stabbing","floor":29,"turns":5},{"damage":0,"enemies":"Shelled Parasite and Fungi","floor":31,"turns":2},{"damage":44,"enemies":"Champ","floor":33,"turns":10},{"damage":0,"enemies":"Orb Walker","floor":35,"turns":3},{"damage":0,"enemies":"3 Shapes","floor":36,"turns":2},{"damage":0,"enemies":"Transient","floor":37,"turns":6},{"damage":7,"enemies":"Maw","floor":39,"turns":6},{"damage":0,"enemies":"Nemesis","floor":40,"turns":3},{"damage":17,"enemies":"Mind Bloom Boss Battle","floor":44,"turns":7},{"damage":0,"enemies":"Giant Head","floor":45,"turns":6},{"damage":14,"enemies":"Writhing Mass","floor":48,"turns":4},{"damage":48,"enemies":"Time Eater","floor":50,"turns":7},{"damage":71,"enemies":"Shield and Spear","floor":54,"turns":7},{"damage":151,"enemies":"The Heart","floor":55,"turns":9}],"seed_played":"-8311381118335053089","potions_obtained":[{"floor":4,"key":"BottledMiracle"},{"floor":6,"key":"SteroidPotion"},{"floor":13,"key":"Block Potion"},{"floor":14,"key":"BlessingOfTheForge"},{"floor":16,"key":"Fruit Juice"},{"floor":24,"key":"Explosive Potion"},{"floor":27,"key":"Fire Potion"},{"floor":31,"key":"Weak Potion"},{"floor":33,"key":"FearPotion"}],"is_trial":false,"path_per_floor":["M","M","$","M","?","E","$","R","T","E","R","?","M","M","R","B",null,"M","M","?","?","$","R","E","R","T","M","R","E","?","M","R","B",null,"M","M","M","?","M","E","R","$","T","?","E","?","$","M","R","B",null,"R","$","E","B"],"character_chosen":"WATCHER","items_purchased":["TalkToTheHand","WindmillStrike","Ginger","War Paint","Adaptation","SkillPotion"],"campfire_rested":3,"item_purchase_floors":[3,3,22,42,47,53],"current_hp_per_floor":[65,60,60,60,65,36,36,36,36,36,36,17,17,10,33,38,71,73,75,75,75,75,75,68,68,73,81,81,73,73,82,82,79,81,82,82,82,82,82,82,82,82,82,82,82,82,82,82,82,66,78,82,82,48,0,0],"gold":41,"neow_bonus":"BOSS_RELIC","is_daily":false,"chose_seed":false,"campfire_upgraded":6,"win_rate":0.0,"timestamp":1612662739,"path_taken":["M","M","$","M","?","E","$","R","T","E","R","?","M","M","R","BOSS","M","M","?","?","$","R","E","R","T","M","R","E","?","M","R","BOSS","M","M","?","?","M","E","R","$","T","?","E","?","?","M","R","BOSS","R","$","E","BOSS"],"items_purchased_type":["Card","Card","Relic","Relic","Card","Potion"],"build_version":"2020-12-22","purchased_purges":2,"victory":false,"max_hp_per_floor":[72,72,72,72,77,77,77,77,77,77,77,77,77,77,77,82,82,82,82,82,82,82,82,82,82,82,82,82,82,82,82,82,82,82,82,82,82,82,82,82,82,82,82,82,82,82,82,82,82,82,82,82,82,89,89,89],"relic_stats":{"Happy Flower":[27],"counters":[26,132],"Pen Nib":[24],"Bag of Preparation":[26],"Whetstone":["Eruption","TalkToTheHand"],"Ginger":[13],"War Paint":["Vengeance","Scrawl"],"Lizard Tail":44,"Busted Crown":50,"Sundial":[22],"Bronze Scales":[332],"Bloody Idol":35,"obtain_stats":[{"Happy Flower":26,"Golden Idol":12,"Pen Nib":24,"Bag of Preparation":29,"Omamori":40,"Whetstone":10,"Ginger":22,"War Paint":42,"Calling Bell":17,"Blood Vial":17,"Lizard Tail":17,"Busted Crown":0,"Sundial":17,"Bronze Scales":9,"Bloody Idol":21,"Strawberry":54,"Fusion Hammer":34,"Bag of Marbles":6,"PureWater":0,"TungstenRod":44},{"Happy Flower":11,"Golden Idol":5,"Pen Nib":11,"Bag of Preparation":13,"Omamori":20,"Whetstone":5,"Ginger":10,"War Paint":20,"Calling Bell":8,"Blood Vial":8,"Lizard Tail":8,"Busted Crown":0,"Sundial":8,"Bronze Scales":4,"Bloody Idol":10,"Strawberry":25,"Fusion Hammer":15,"Bag of Marbles":4,"PureWater":0,"TungstenRod":21},{"Happy Flower":49,"Golden Idol":22,"Pen Nib":49,"Bag of Preparation":60,"Omamori":92,"Whetstone":22,"Ginger":44,"War Paint":92,"Calling Bell":33,"Blood Vial":33,"Lizard Tail":33,"Busted Crown":0,"Sundial":33,"Bronze Scales":20,"Bloody Idol":44,"Strawberry":123,"Fusion Hammer":72,"Bag of Marbles":20,"PureWater":0,"TungstenRod":99}],"TungstenRod":46},"card_choices":[{"not_picked":["BowlingBash"],"picked":"SKIP","floor":1},{"not_picked":[],"picked":"Protect","floor":2},{"not_picked":[],"picked":"FearNoEvil","floor":4},{"not_picked":[],"picked":"CutThroughFate","floor":6},{"not_picked":["FlyingSleeves"],"picked":"SKIP","floor":10},{"not_picked":["FollowUp"],"picked":"SKIP","floor":13},{"not_picked":["Evaluate"],"picked":"SKIP","floor":14},{"not_picked":[],"picked":"Vault","floor":16},{"not_picked":["FollowUp+1"],"picked":"SKIP","floor":18},{"not_picked":[],"picked":"Vengeance","floor":19},{"not_picked":["Prostrate+1"],"picked":"SKIP","floor":24},{"not_picked":["FollowUp+1"],"picked":"SKIP","floor":27},{"not_picked":["FearNoEvil"],"picked":"SKIP","floor":29},{"not_picked":["EmptyBody"],"picked":"SKIP","floor":31},{"not_picked":[],"picked":"Scrawl","floor":33},{"not_picked":["Prostrate"],"picked":"SKIP","floor":35},{"not_picked":["ClearTheMind"],"picked":"SKIP","floor":36},{"not_picked":["CutThroughFate"],"picked":"SKIP","floor":37},{"not_picked":["Judgement"],"picked":"SKIP","floor":39},{"not_picked":["PathToVictory+1"],"picked":"SKIP","floor":40},{"not_picked":["EmptyBody+1"],"picked":"SKIP","floor":45},{"not_picked":["EmptyFist+1"],"picked":"SKIP","floor":48},{"not_picked":["Protect+1"],"picked":"SKIP","floor":54}],"player_experience":430565,"relics_obtained":[{"floor":6,"key":"Bag of Marbles"},{"floor":9,"key":"Bronze Scales"},{"floor":10,"key":"Whetstone"},{"floor":17,"key":"Blood Vial"},{"floor":17,"key":"Sundial"},{"floor":17,"key":"Lizard Tail"},{"floor":24,"key":"Pen Nib"},{"floor":26,"key":"Happy Flower"},{"floor":29,"key":"Bag of Preparation"},{"floor":40,"key":"Omamori"},{"floor":44,"key":"TungstenRod"},{"floor":54,"key":"Strawberry"}],"event_choices":[{"damage_healed":0,"gold_gain":0,"player_choice":"Donut","damage_taken":0,"max_hp_gain":5,"max_hp_loss":0,"event_name":"Big Fish","floor":5,"gold_loss":0},{"damage_healed":0,"gold_gain":0,"player_choice":"Take Damage","damage_taken":19,"relics_obtained":["Golden Idol"],"max_hp_gain":0,"max_hp_loss":0,"event_name":"Golden Idol","floor":12,"gold_loss":0},{"damage_healed":0,"gold_gain":0,"player_choice":"Became a vampire (Vial)","damage_taken":0,"max_hp_gain":0,"max_hp_loss":0,"event_name":"Vampires","floor":20,"relics_lost":["Blood Vial"],"gold_loss":0,"cards_obtained":["Bite","Bite","Bite","Bite","Bite"]},{"damage_healed":0,"gold_gain":0,"player_choice":"Gave Idol","damage_taken":0,"relics_obtained":["Bloody Idol"],"max_hp_gain":0,"max_hp_loss":0,"event_name":"Forgotten Altar","floor":21,"relics_lost":["Golden Idol"],"gold_loss":0},{"damage_healed":0,"gold_gain":0,"player_choice":"Upgraded","damage_taken":0,"max_hp_gain":0,"max_hp_loss":0,"event_name":"Upgrade Shrine","floor":30,"gold_loss":0,"cards_upgraded":["Bite"]},{"cards_removed":["Defend_P"],"damage_healed":0,"gold_gain":0,"player_choice":"Removed Skill","damage_taken":0,"max_hp_gain":0,"max_hp_loss":0,"event_name":"Falling","floor":38,"gold_loss":0},{"damage_healed":0,"gold_gain":0,"player_choice":"Fight","damage_taken":0,"max_hp_gain":0,"max_hp_loss":0,"event_name":"MindBloom","floor":44,"gold_loss":0},{"damage_healed":0,"gold_gain":0,"player_choice":"Ignored","damage_taken":0,"max_hp_gain":0,"max_hp_loss":0,"event_name":"Tomb of Lord Red Mask","floor":46,"gold_loss":0}],"is_beta":false,"boss_relics":[{"not_picked":["SacredBark","Tiny House"],"picked":"Calling Bell"},{"not_picked":["Snecko Eye","Cursed Key"],"picked":"Fusion Hammer"}],"items_purged_floors":[42,47],"is_endless":false,"potions_floor_spawned":[4,6,13,14,16,24,27,31,33,39,44,48],"killed_by":"The Heart","ascension_level":11}}