{"host":"mi5q6ofoqrk3twea","time":1612738086,"event":{"mods":["AchievementEnabler","BaseMod","Colored Powertips","Googly Eyes","Minty Spire (QoL Compilation)","StSLib","The IronCluck","Unceasing Turn Reminder","slay the spire mod where everything is the same but ironclad has a cowboy hat"],"gold_per_floor":[118,135,210,210,222,222,240,240,291,301,319,319,319,336,336,431,431,448,465,390,390,305,337,337,337,337,436,453,480,480,498,498,498,498],"floor_reached":33,"language":"ENG","playtime":2931,"items_purged":["Strike_P"],"score":284,"play_id":"c5ed5c55-95a4-4fb8-87b0-70900d59c0c7","local_time":"20210207234806","is_ascension_mode":false,"campfire_choices":[{"floor":6.0,"key":"REST"},{"data":"Tantrum","floor":12.0,"key":"SMITH"},{"data":"Tantrum","floor":15.0,"key":"SMITH"},{"floor":25.0,"key":"REST"},{"data":"Devotion","floor":32.0,"key":"SMITH"}],"circlet_count":0,"master_deck":["Defend_P","Defend_P","Defend_P","Eruption+1","Vigilance","Tantrum+1","Conclude","Tantrum+1","FollowUp","SandsOfTime","EmptyMind","Devotion+1","FollowUp","Bite","Bite","Bite","Bite","Bite","Crescendo+1","Indignation+1"],"relics":["PureWater","Thread and Needle","Nunchaku","Bag of Preparation","Busted Crown","Toxic Egg 2","Letter Opener","Red Mask"],"acts_visited":["Exordium","TheCity"],"potions_floor_usage":[],"damage_taken":[{"damage":0.0,"enemies":"2 Louse","floor":1.0,"turns":3.0},{"damage":10.0,"enemies":"Small Slimes","floor":2.0,"turns":3.0},{"damage":0.0,"enemies":"Cultist","floor":5.0,"turns":3.0},{"damage":0.0,"enemies":"Exordium Thugs","floor":7.0,"turns":2.0},{"damage":0.0,"enemies":"Red Slaver","floor":10.0,"turns":1.0},{"damage":0.0,"enemies":"Large Slime","floor":11.0,"turns":2.0},{"damage":0.0,"enemies":"Blue Slaver","floor":14.0,"turns":2.0},{"damage":29.0,"enemies":"The Guardian","floor":16.0,"turns":6.0},{"damage":6.0,"enemies":"3 Byrds","floor":18.0,"turns":3.0},{"damage":11.0,"enemies":"2 Thieves","floor":19.0,"turns":2.0},{"damage":46.0,"enemies":"Book of Stabbing","floor":23.0,"turns":5.0},{"damage":4.0,"enemies":"Shelled Parasite and Fungi","floor":24.0,"turns":3.0},{"damage":0.0,"enemies":"Snecko","floor":28.0,"turns":2.0},{"damage":0.0,"enemies":"Masked Bandits","floor":29.0,"turns":2.0},{"damage":0.0,"enemies":"Snake Plant","floor":31.0,"turns":2.0},{"damage":84,"enemies":"Automaton","floor":33,"turns":4}],"seed_played":"-6522278555089864463","potions_obtained":[{"floor":4.0,"key":"SkillPotion"},{"floor":4.0,"key":"FairyPotion"},{"floor":4.0,"key":"SmokeBomb"},{"floor":7.0,"key":"FearPotion"},{"floor":10.0,"key":"Fire Potion"},{"floor":23.0,"key":"FearPotion"},{"floor":29.0,"key":"SpeedPotion"}],"is_trial":false,"path_per_floor":["M","M","?","?","M","R","M","T","T","M","M","R","?","M","R","B",null,"M","M","$","?","?","E","M","R","T","?","M","?","?","M","R","B"],"character_chosen":"WATCHER","items_purchased":[],"campfire_rested":2,"item_purchase_floors":[],"current_hp_per_floor":[51,41,30,30,30,51,51,51,51,51,51,51,51,51,51,22,72,66,55,55,50,50,12,10,25,25,25,27,33,33,41,41,0,0],"gold":498,"neow_bonus":"ONE_RARE_RELIC","is_daily":false,"chose_seed":false,"campfire_upgraded":3,"win_rate":0.0,"timestamp":1612738086,"path_taken":["M","M","?","?","M","R","?","?","T","?","M","R","?","M","R","BOSS","M","M","$","?","?","E","M","R","T","?","M","?","?","M","R","BOSS"],"items_purchased_type":[],"build_version":"2020-12-22","purchased_purges":1,"victory":false,"max_hp_per_floor":[72,72,72,72,72,72,72,72,72,72,72,72,72,72,72,72,72,72,72,72,50,50,50,50,50,50,50,50,50,50,50,50,50,50],"card_choices":[{"not_picked":["ThirdEye","EmptyMind"],"picked":"Tantrum","floor":1.0},{"not_picked":["CrushJoints","EmptyFist"],"picked":"Conclude","floor":2.0},{"not_picked":["Wallop","InnerPeace"],"picked":"Tantrum","floor":5.0},{"not_picked":["CrushJoints","Tantrum","BattleHymn"],"picked":"SKIP","floor":7.0},{"not_picked":["ClearTheMind","Fasting2"],"picked":"FollowUp","floor":10.0},{"not_picked":["CutThroughFate","FlyingSleeves"],"picked":"SandsOfTime","floor":11.0},{"not_picked":["Evaluate","EmptyBody"],"picked":"EmptyMind","floor":14.0},{"not_picked":["Brilliance","MasterReality"],"picked":"Devotion","floor":16.0},{"not_picked":[],"picked":"FollowUp","floor":18.0},{"not_picked":["SignatureMove+1"],"picked":"SKIP","floor":19.0},{"not_picked":["Evaluate+1"],"picked":"SKIP","floor":23.0},{"not_picked":[],"picked":"Crescendo+1","floor":28.0},{"not_picked":[],"picked":"Indignation+1","floor":29.0},{"not_picked":["CrushJoints+1"],"picked":"SKIP","floor":31.0}],"player_experience":203389,"relics_obtained":[{"floor":8.0,"key":"Nunchaku"},{"floor":9.0,"key":"Bag of Preparation"},{"floor":23.0,"key":"Letter Opener"},{"floor":29.0,"key":"Red Mask"}],"event_choices":[{"damage_healed":0.0,"max_hp_gain":0.0,"max_hp_loss":0.0,"gold_gain":75.0,"event_name":"World of Goop","player_choice":"Gather Gold","floor":3.0,"gold_loss":0.0,"damage_taken":11.0},{"damage_healed":0.0,"max_hp_gain":0.0,"max_hp_loss":0.0,"gold_gain":0.0,"event_name":"Lab","player_choice":"Got Potions","floor":4.0,"gold_loss":0.0,"damage_taken":0.0},{"damage_healed":0.0,"max_hp_gain":0.0,"max_hp_loss":0.0,"gold_gain":0.0,"event_name":"Living Wall","player_choice":"Grow","floor":13.0,"gold_loss":0.0,"damage_taken":0.0,"cards_upgraded":["Eruption"]},{"damage_healed":0.0,"max_hp_gain":0.0,"max_hp_loss":22.0,"gold_gain":0.0,"event_name":"Vampires","player_choice":"Became a vampire","floor":21.0,"gold_loss":0.0,"damage_taken":0.0,"cards_obtained":["Bite","Bite","Bite","Bite","Bite"]},{"damage_healed":0.0,"max_hp_gain":0.0,"max_hp_loss":0.0,"gold_gain":0.0,"event_name":"Addict","player_choice":"Obtained Relic","floor":22.0,"gold_loss":85.0,"damage_taken":0.0,"relics_obtained":["Toxic Egg 2"]},{"damage_healed":0.0,"max_hp_gain":0.0,"max_hp_loss":0.0,"gold_gain":99.0,"event_name":"Nest","player_choice":"Stole From Cult","floor":27.0,"gold_loss":0.0,"damage_taken":0.0},{"damage_healed":0.0,"max_hp_gain":0.0,"max_hp_loss":0.0,"gold_gain":0.0,"event_name":"Masked Bandits","player_choice":"Fought Bandits","floor":29.0,"gold_loss":0.0,"damage_taken":0.0},{"cards_removed":["Defend_P"],"damage_healed":0.0,"max_hp_gain":0.0,"max_hp_loss":0.0,"gold_gain":0.0,"event_name":"Back to Basics","player_choice":"Elegance","floor":30.0,"gold_loss":0.0,"damage_taken":0.0}],"is_beta":false,"boss_relics":[{"not_picked":["Runic Dome","Empty Cage"],"picked":"Busted Crown"}],"items_purged_floors":[20],"is_endless":false,"potions_floor_spawned":[7,10,18,23,24,29],"killed_by":"Automaton","ascension_level":0}}