{"host":"d61fcf2p3sjwe6yo","time":1612690446,"event":{"mods":["BaseMod","Colored Map","Koishi","Marisa????????","Minty Spire (QoL Compilation)","Reimu??????","Remilia??????","StSLib","SuperFastMode","The Servant 0.9.4"],"gold_per_floor":[111,122,138,138,156,183,197,75,102,129,140,140,151,151,151,251,251,264,224,235,255,255,284,284,314,314,314,264,283,303,323,323,426,426,438,255,272,124,104,104,31,45,100,117,0,0,20,38,38,38,38,38,38,72,72],"floor_reached":56,"language":"ENG","playtime":3275,"items_purged":["Strike_RM"],"score":1328,"play_id":"45071c65-69d3-47b1-8117-ac669cf864aa","local_time":"20210207123406","is_ascension_mode":false,"campfire_choices":[{"data":"MastersStateliness","floor":15,"key":"SMITH"},{"data":"ScarletShoot","floor":24,"key":"SMITH"},{"data":"RedMagic","floor":32,"key":"SMITH"},{"data":"HeartBreak","floor":40,"key":"SMITH"},{"floor":46,"key":"RECALL"},{"data":"BatForm","floor":49,"key":"SMITH"},{"data":"ScarletCoffin","floor":52,"key":"SMITH"}],"circlet_count":0,"master_deck":["Strike_RM","Strike_RM","Strike_RM","Defend_RM","Defend_RM","Defend_RM","Defend_RM","RedMoon","ScarletShoot+1","StarOfDavid","DiffusionOfMisfortune","CharismaGuard","Maim","AfternoonTea","CharismaGuard","MiserableFate","ScarletDevil","MastersStateliness+1","QueenOfMidnight","MastersStateliness+1","BlasphemousPunishment+1","StarOfDavid+1","VampireClaw","Maim+1","VampirishNight+1","Necronomicurse","MiserableFate","RedMagic+1","BatForm+1","EternalNight","HeartBreak+1","ScarletCoffin+1","ScarletDevil+1","ScarletDevil+1","DiffusionOfMisfortune+1","UnderTheZenith"],"relics":["ScarletHat","Anchor","Nunchaku","Akabeko","CrazyTorch:ReiMu","ScarletEmblem","ZunR:ReiMu","Art of War","Oddly Smooth Stone","Shuriken","Necronomicon","Coffee Dripper","PreservedInsect","Red Mask","The Courier","Centennial Puzzle"],"acts_visited":["Exordium","TheCity","TheBeyond","TheEnding"],"potions_floor_usage":[30,55,55,55],"damage_taken":[{"damage":0,"enemies":"Jaw Worm","floor":1,"turns":4},{"damage":0,"enemies":"Cultist","floor":2,"turns":4},{"damage":0,"enemies":"2 Louse","floor":3,"turns":4},{"damage":0,"enemies":"Looter","floor":5,"turns":2},{"damage":0,"enemies":"Lagavulin","floor":6,"turns":11},{"damage":0,"enemies":"3 Louse","floor":7,"turns":5},{"damage":1,"enemies":"3 Sentries","floor":10,"turns":12},{"damage":0,"enemies":"2 Fungi Beasts","floor":11,"turns":3},{"damage":0,"enemies":"Lots of Slimes","floor":13,"turns":6},{"damage":3,"enemies":"The Guardian","floor":16,"turns":10},{"damage":8,"enemies":"Shell Parasite","floor":18,"turns":6},{"damage":0,"enemies":"Spheric Guardian","floor":20,"turns":3},{"damage":10,"enemies":"Snake Plant","floor":21,"turns":4},{"damage":19,"enemies":"Gremlin Leader","floor":23,"turns":4},{"damage":48,"enemies":"Slavers","floor":25,"turns":7},{"damage":0,"enemies":"Centurion and Healer","floor":29,"turns":3},{"damage":10,"enemies":"Chosen and Byrds","floor":30,"turns":4},{"damage":0,"enemies":"3 Cultists","floor":31,"turns":6},{"damage":23,"enemies":"Collector","floor":33,"turns":6},{"damage":4,"enemies":"3 Shapes","floor":35,"turns":9},{"damage":10,"enemies":"Orb Walker","floor":37,"turns":3},{"damage":0,"enemies":"Maw","floor":42,"turns":5},{"damage":10,"enemies":"Transient","floor":44,"turns":5},{"damage":16,"enemies":"Sphere and 2 Shapes","floor":47,"turns":5},{"damage":17,"enemies":"4 Shapes","floor":48,"turns":3},{"damage":52,"enemies":"Donu and Deca","floor":50,"turns":7},{"damage":9,"enemies":"Shield and Spear","floor":54,"turns":3},{"damage":84,"enemies":"The Heart","floor":55,"turns":6}],"seed_played":"-829623687485307377","potions_obtained":[{"floor":3,"key":"SteroidPotion"},{"floor":5,"key":"SteroidPotion"},{"floor":6,"key":"Weak Potion"},{"floor":10,"key":"Block Potion"},{"floor":39,"key":"DuplicationPotion"}],"is_trial":false,"path_per_floor":["M","M","M","?","M","E","M","$","T","E","M","T","M","?","R","B",null,"M","?","M","M","?","E","R","E","T","?","?","M","M","M","R","B",null,"M","$","M","$","?","R","$","M","T","M","?","R","M","M","R","B",null,"R","$","E","B",null],"character_chosen":"REMILIA","items_purchased":["CharismaGuard","EternalNight","PreservedInsect","HeartBreak","ScarletCoffin"],"campfire_rested":0,"item_purchase_floors":[8,36,36,38,41],"current_hp_per_floor":[82,82,82,82,82,82,82,82,82,82,82,82,82,87,87,84,87,81,81,81,82,82,80,80,51,51,35,35,41,57,75,75,82,93,92,92,99,99,99,99,99,99,99,99,99,99,98,86,86,84,102,102,102,97,40],"gold":72,"neow_bonus":"TEN_PERCENT_HP_BONUS","is_daily":false,"chose_seed":false,"campfire_upgraded":6,"win_rate":0.0,"timestamp":1612690446,"path_taken":["M","M","M","?","?","E","M","?","T","E","?","?","?","?","R","BOSS","M","?","M","M","?","E","R","E","T","?","?","M","M","?","R","BOSS","M","$","M","$","?","R","?","M","T","?","?","R","M","M","R","BOSS","R","$","E","BOSS"],"items_purchased_type":["Card","Card","Relic","Card","Card"],"build_version":"2020-12-22","purchased_purges":1,"victory":true,"max_hp_per_floor":[82,82,82,82,82,82,82,82,82,82,82,82,82,87,87,87,87,87,87,87,87,87,87,87,87,87,87,87,87,90,93,93,93,93,96,96,99,99,99,99,99,99,99,99,99,99,99,102,102,102,102,102,102,102,102],"card_choices":[{"not_picked":["ReincarnationDial","BloodyTrap"],"picked":"StarOfDavid","floor":1},{"not_picked":["UnderTheZenith","VampireSweep","BlasphemousPunishment"],"picked":"SKIP","floor":2},{"not_picked":["ForbiddenFruit","ScarletImprint"],"picked":"DiffusionOfMisfortune","floor":3},{"not_picked":["StarOfDavid","BadLadyScramble"],"picked":"CharismaGuard","floor":5},{"not_picked":["SuperhumanBloodyKnife","ScarletImprint"],"picked":"Maim","floor":6},{"not_picked":["BlasphemousPunishment","StarOfDavid"],"picked":"AfternoonTea","floor":7},{"not_picked":["ScarletDevil","BadLadyScramble"],"picked":"MiserableFate","floor":10},{"not_picked":["Septette","VampireKiss"],"picked":"ScarletDevil","floor":11},{"not_picked":["SuperhumanBloodyKnife","ChaoticDestiny"],"picked":"MastersStateliness","floor":13},{"not_picked":["ChaoticDestiny","KillingBlow"],"picked":"QueenOfMidnight","floor":16},{"not_picked":["RedRainbow","BloodHunter"],"picked":"MastersStateliness+1","floor":18},{"not_picked":["CeilingFear","StarOfDavid"],"picked":"BlasphemousPunishment+1","floor":20},{"not_picked":["MillenniumVampire","CharismaGuard"],"picked":"StarOfDavid+1","floor":21},{"not_picked":["EquivalentExchange","ScarletImprint"],"picked":"Maim+1","floor":23},{"not_picked":["BlasphemousPunishment+1","RedRainbow"],"picked":"VampirishNight+1","floor":25},{"not_picked":["ScarletDream","ReincarnationDial","StarOfDavid"],"picked":"SKIP","floor":29},{"not_picked":["BloodHunter","MastersStateliness"],"picked":"MiserableFate","floor":30},{"not_picked":["ScarletImprint","StarOfDavid"],"picked":"RedMagic","floor":31},{"not_picked":["BloodyHallows","HeartBreak"],"picked":"BatForm","floor":33},{"not_picked":["NightDance+1","UnstableMagic","CharismaGuard+1"],"picked":"SKIP","floor":35},{"not_picked":["Stigmanizer+1","ScarletDevil","ScarletDream"],"picked":"SKIP","floor":37},{"not_picked":["EndlessAdversity+1","VampireFantasy+1"],"picked":"ScarletDevil+1","floor":42},{"not_picked":["VampirishNight+1","ChainGang","ScarletGensokyo+1"],"picked":"SKIP","floor":44},{"not_picked":["RedRainbow","BlasphemousPunishment+1"],"picked":"ScarletDevil+1","floor":47},{"not_picked":["VampireKiss","UnderTheZenith"],"picked":"DiffusionOfMisfortune+1","floor":48},{"not_picked":["StarOfDavid","EmergencyRegeneration+1"],"picked":"UnderTheZenith","floor":54}],"player_experience":275772,"relics_obtained":[{"floor":6,"key":"Anchor"},{"floor":9,"key":"Nunchaku"},{"floor":10,"key":"Akabeko"},{"floor":12,"key":"CrazyTorch:ReiMu"},{"floor":23,"key":"Art of War"},{"floor":25,"key":"Oddly Smooth Stone"},{"floor":26,"key":"Shuriken"},{"floor":27,"key":"Necronomicon"},{"floor":47,"key":"The Courier"},{"floor":54,"key":"Centennial Puzzle"}],"event_choices":[{"damage_healed":0,"gold_gain":0,"player_choice":"Ignored","damage_taken":0,"max_hp_gain":0,"max_hp_loss":0,"event_name":"NoteForYourself","floor":4,"gold_loss":0},{"damage_healed":0,"gold_gain":0,"player_choice":"Donut","damage_taken":0,"max_hp_gain":5,"max_hp_loss":0,"event_name":"Big Fish","floor":14,"gold_loss":0},{"damage_healed":0,"gold_gain":0,"player_choice":"Keep O-miki","damage_taken":0,"relics_obtained":["ZunR:ReiMu"],"max_hp_gain":0,"max_hp_loss":0,"event_name":"ZunEvent","floor":19,"gold_loss":40},{"damage_healed":0,"gold_gain":0,"player_choice":"Read","damage_taken":0,"max_hp_gain":0,"max_hp_loss":0,"event_name":"The Library","floor":22,"gold_loss":0,"cards_obtained":["VampireClaw"]},{"damage_healed":0,"gold_gain":0,"player_choice":"Obtained Book","damage_taken":16,"max_hp_gain":0,"max_hp_loss":0,"event_name":"Cursed Tome","floor":27,"gold_loss":0},{"damage_healed":0,"gold_gain":0,"player_choice":"Bet on Owner","damage_taken":0,"max_hp_gain":0,"max_hp_loss":0,"event_name":"The Joust","floor":28,"gold_loss":50},{"damage_healed":0,"gold_gain":0,"player_choice":"Bought 1 Potion","damage_taken":0,"max_hp_gain":0,"max_hp_loss":0,"event_name":"The Woman in Blue","floor":39,"gold_loss":0},{"damage_healed":0,"gold_gain":0,"player_choice":"Paid","damage_taken":0,"relics_obtained":["Red Mask"],"max_hp_gain":0,"max_hp_loss":0,"event_name":"Tomb of Lord Red Mask","floor":45,"gold_loss":117}],"is_beta":false,"boss_relics":[{"not_picked":["Philosopher\u0027s Stone","Sozu"],"picked":"ScarletEmblem"},{"not_picked":["Busted Crown","RedLine:ReiMu"],"picked":"Coffee Dripper"}],"items_purged_floors":[8],"is_endless":false,"potions_floor_spawned":[3,5,6,10,13,16,21,23,25,29,42,44,47],"ascension_level":0}}