{"host":"xz7n3qy1zq36rzpg","time":1612660569,"event":{"mods":["BaseMod","Colored Map","Colored Powertips","Highlight Path","Minty Spire (QoL Compilation)","Quick Restart","Shop Mod"],"gold_per_floor":[119,95,95,108,68,68,83,83,83,117,117,132,167,185,185,281,281,301,172,156,156,167,167,197,209,221,246,273,285,324,7,7,111,111,126,126,126,1,101,101,101],"floor_reached":40,"language":"ENG","playtime":3583,"items_purged":["Defend_B","Strike_B","Strike_B"],"score":497,"play_id":"dc4aad73-6ed6-43d0-81e4-5735df426adf","local_time":"20210207021609","is_ascension_mode":true,"campfire_choices":[{"data":"Zap","floor":6,"key":"SMITH"},{"floor":11,"key":"REST"},{"floor":15,"key":"REST"},{"floor":23,"key":"REST"},{"floor":25,"key":"REST"},{"floor":29,"key":"REST"},{"data":"Cold Snap","floor":32,"key":"SMITH"}],"circlet_count":0,"master_deck":["Strike_B","Strike_B","Defend_B","Defend_B","Defend_B","Zap+1","Dualcast","Thunder Strike","Sweeping Beam","Defragment","FTL","Steam","Skim","Blizzard","Hologram","Buffer","Consume","Cold Snap+1","Static Discharge+1","Zap","Cold Snap","Defragment","Gash+1","Steam","Hello World+1","Amplify"],"relics":["Cracked Core","InkBottle","Darkstone Periapt","Regal Pillow","Juzu Bracelet","Busted Crown","MawBank","Frozen Egg 2","Centennial Puzzle","Vajra","SacredBark"],"acts_visited":["Exordium","TheCity","TheBeyond"],"potions_floor_usage":[24,33],"damage_taken":[{"damage":1,"enemies":"Cultist","floor":1,"turns":3},{"damage":0,"enemies":"Small Slimes","floor":4,"turns":2},{"damage":2,"enemies":"2 Louse","floor":7,"turns":2},{"damage":34,"enemies":"Gremlin Nob","floor":10,"turns":4},{"damage":20,"enemies":"Gremlin Gang","floor":12,"turns":3},{"damage":35,"enemies":"3 Sentries","floor":13,"turns":7},{"damage":8,"enemies":"Blue Slaver","floor":14,"turns":4},{"damage":48,"enemies":"Slime Boss","floor":16,"turns":10},{"damage":14,"enemies":"Spheric Guardian","floor":18,"turns":4},{"damage":30,"enemies":"2 Thieves","floor":20,"turns":4},{"damage":15,"enemies":"Snecko","floor":22,"turns":4},{"damage":17,"enemies":"Book of Stabbing","floor":24,"turns":3},{"damage":23,"enemies":"Centurion and Healer","floor":27,"turns":5},{"damage":15,"enemies":"Shelled Parasite and Fungi","floor":28,"turns":6},{"damage":21,"enemies":"Gremlin Leader","floor":30,"turns":5},{"damage":5,"enemies":"Automaton","floor":33,"turns":10},{"damage":17,"enemies":"3 Shapes","floor":35,"turns":5},{"damage":66,"enemies":"Reptomancer","floor":40,"turns":4}],"seed_played":"-1546322483651322999","potions_obtained":[{"floor":1,"key":"SteroidPotion"},{"floor":4,"key":"Ancient Potion"},{"floor":13,"key":"Weak Potion"},{"floor":27,"key":"FocusPotion"},{"floor":28,"key":"EssenceOfSteel"},{"floor":33,"key":"FearPotion"}],"is_trial":false,"path_per_floor":["M","?","?","M","$","R","M","?","T","E","R","M","E","M","R","B",null,"M","$","M","?","M","R","E","R","T","M","M","R","E","$","R","B",null,"M","?","?","$","?","E"],"character_chosen":"DEFECT","items_purchased":["FTL","Cold Snap","Vajra","Hello World+1"],"campfire_rested":5,"item_purchase_floors":[5,19,31,31],"current_hp_per_floor":[74,74,74,74,74,74,72,72,72,38,75,55,20,12,49,1,75,61,61,31,31,16,53,36,73,73,50,35,72,51,51,51,46,75,58,58,58,58,58,0,0],"gold":101,"neow_bonus":"ONE_RANDOM_RARE_CARD","is_daily":false,"chose_seed":false,"campfire_upgraded":2,"win_rate":0.0,"timestamp":1612660569,"path_taken":["M","?","?","M","$","R","M","?","T","E","R","?","E","M","R","BOSS","M","$","M","?","M","R","E","R","T","M","M","R","E","$","R","BOSS","M","?","?","$","?","E"],"items_purchased_type":["Card","Card","Relic","Card"],"build_version":"2020-12-22","purchased_purges":3,"victory":false,"max_hp_per_floor":[75,75,75,75,75,75,75,75,75,75,75,75,75,75,75,75,75,75,75,75,75,75,75,75,75,75,75,75,75,75,75,75,75,75,75,75,75,75,75,75,75],"card_choices":[{"not_picked":["Darkness","Beam Cell"],"picked":"Sweeping Beam","floor":1},{"not_picked":["Redo","Sweeping Beam"],"picked":"Defragment","floor":4},{"not_picked":["Self Repair","Scrape"],"picked":"Steam","floor":7},{"not_picked":["Barrage","Thunder Strike"],"picked":"Skim","floor":10},{"not_picked":["Tempest","Aggregate"],"picked":"Blizzard","floor":12},{"not_picked":["Sweeping Beam","Stack"],"picked":"Hologram","floor":13},{"not_picked":["Compile Driver","Conserve Battery","Sweeping Beam"],"picked":"SKIP","floor":14},{"not_picked":["Meteor Strike","All For One"],"picked":"Buffer","floor":16},{"not_picked":[],"picked":"Consume","floor":18},{"not_picked":[],"picked":"Static Discharge+1","floor":20},{"not_picked":[],"picked":"Cold Snap","floor":22},{"not_picked":[],"picked":"Defragment","floor":24},{"not_picked":[],"picked":"Gash+1","floor":27},{"not_picked":[],"picked":"Steam","floor":28},{"not_picked":["Cold Snap"],"picked":"SKIP","floor":30},{"not_picked":[],"picked":"Amplify","floor":33},{"not_picked":["Steam"],"picked":"SKIP","floor":35}],"player_experience":455052,"relics_obtained":[{"floor":8,"key":"InkBottle"},{"floor":9,"key":"Darkstone Periapt"},{"floor":10,"key":"Regal Pillow"},{"floor":13,"key":"Juzu Bracelet"},{"floor":24,"key":"MawBank"},{"floor":26,"key":"Frozen Egg 2"},{"floor":30,"key":"Centennial Puzzle"}],"event_choices":[{"damage_healed":0,"gold_gain":0,"player_choice":"Left Gold","damage_taken":0,"max_hp_gain":0,"max_hp_loss":0,"event_name":"World of Goop","floor":2,"gold_loss":24},{"damage_healed":0,"gold_gain":0,"player_choice":"Leave","damage_taken":0,"max_hp_gain":0,"max_hp_loss":0,"event_name":"The Cleric","floor":3,"gold_loss":0},{"damage_healed":0,"gold_gain":0,"player_choice":"Relic","damage_taken":0,"max_hp_gain":0,"max_hp_loss":0,"event_name":"Wheel of Change","floor":8,"gold_loss":0},{"damage_healed":0,"gold_gain":0,"player_choice":"1 cards matched","damage_taken":0,"max_hp_gain":0,"max_hp_loss":0,"event_name":"Match and Keep!","floor":21,"gold_loss":0,"cards_obtained":["Zap"]},{"damage_healed":0,"gold_gain":0,"player_choice":"Ignored","damage_taken":0,"max_hp_gain":0,"max_hp_loss":0,"event_name":"Tomb of Lord Red Mask","floor":36,"gold_loss":0},{"damage_healed":0,"gold_gain":0,"player_choice":"Ignored","damage_taken":0,"max_hp_gain":0,"max_hp_loss":0,"event_name":"Mysterious Sphere","floor":37,"gold_loss":0},{"damage_healed":0,"gold_gain":100,"player_choice":"Pray","damage_taken":0,"max_hp_gain":0,"max_hp_loss":0,"event_name":"Golden Shrine","floor":39,"gold_loss":0}],"is_beta":false,"boss_relics":[{"not_picked":["Velvet Choker","Snecko Eye"],"picked":"Busted Crown"},{"not_picked":["SlaversCollar","Runic Dome"],"picked":"SacredBark"}],"items_purged_floors":[19,31,38],"is_endless":false,"potions_floor_spawned":[1,4,13,20,27,28,30,33,35],"killed_by":"Reptomancer","ascension_level":3}}