{"host":"oq0u6q7bjztc2jwc","time":1612674027,"event":{"mods":["AchievementEnabler","BaseMod","Colored Map","Downfall","Highlight Path","Minty Spire (QoL Compilation)","Permanent Neow","StSLib"],"gold_per_floor":[99,119,132,145,320,350,374,406,406,406,437,488,515,92,112,207,257,157,175,175,192,192,192,192,192],"floor_reached":23,"language":"ENG","playtime":2318,"items_purged":["Slimebound:Strike_Slimebound"],"score":228,"play_id":"d6b4d8ef-b6b8-4a4c-bbbd-3c4b960bb375","local_time":"20210207000027","is_ascension_mode":true,"campfire_choices":[{"data":"Slimebound:SplitLeeching","floor":1,"key":"SMITH"},{"data":"Slimebound:Gluttony","floor":10,"key":"SMITH"},{"floor":18,"key":"RECALL"}],"circlet_count":0,"master_deck":["Slimebound:Strike_Slimebound","Slimebound:Strike_Slimebound","Slimebound:Tackle","Slimebound:Defend_Slimebound","Slimebound:Defend_Slimebound","Slimebound:Defend_Slimebound","Slimebound:Defend_Slimebound","Slimebound:Split","Slimebound:CorrosiveSpit","Slimebound:SplitLeeching+1","Slimebound:SpikyOuterGoop","Slimebound:LevelUp","Slimebound:SplitMire","Slimebound:Gluttony+1","Slimebound:LevelUp","Slimebound:GrowthPunch+1","Slimebound:TongueLash","Slimebound:PressTheAttack","Slimebound:LeadByExample","Slimebound:SplitLeeching","Slimebound:Dissolve","Slimebound:SpikyOuterGoop"],"relics":["Slimebound:AbsorbEndCombat","Vajra","WingedGreaves","Art of War","Omamori","Darkstone Periapt","Ginger","Tiny House","downfall:HeartBlessingGreen"],"acts_visited":["Exordium","TheCity"],"potions_floor_usage":[6,8,14,16,19,19,23],"damage_taken":[{"damage":0,"enemies":"Cultist","floor":2,"turns":4},{"damage":0,"enemies":"Small Slimes","floor":3,"turns":3},{"damage":2,"enemies":"Jaw Worm","floor":4,"turns":5},{"damage":0,"enemies":"3 Sentries","floor":6,"turns":1},{"damage":14,"enemies":"3 Sentries","floor":8,"turns":9},{"damage":10,"enemies":"Lagavulin","floor":11,"turns":5},{"damage":11,"enemies":"Gremlin Nob","floor":13,"turns":4},{"damage":0,"enemies":"downfall:FleeingMerchant","floor":14,"turns":4},{"damage":11,"enemies":"Large Slime","floor":15,"turns":5},{"damage":11,"enemies":"IC_STATUS_ARCHETYPE","floor":16,"turns":7},{"damage":0,"enemies":"Chosen","floor":19,"turns":4},{"damage":36,"enemies":"3 Byrds","floor":21,"turns":6},{"damage":59,"enemies":"Gremlin Leader","floor":23,"turns":6}],"seed_played":"-6669375268369335074","potions_obtained":[{"floor":3,"key":"Block Potion"},{"floor":4,"key":"SmokeBomb"},{"floor":8,"key":"Energy Potion"},{"floor":11,"key":"bronze:BurnAndBuffPotion"},{"floor":15,"key":"Fire Potion"},{"floor":17,"key":"LiquidMemories"},{"floor":21,"key":"SneckoOil"}],"is_trial":false,"path_per_floor":["R","M","M","M","?","?","T","E","?","R","E","T","E","$","M","B",null,"R","M","?","M","?","E"],"character_chosen":"SLIMEBOUND","items_purchased":["Ginger","Slimebound:PressTheAttack"],"campfire_rested":0,"item_purchase_floors":[14,14],"current_hp_per_floor":[65,65,65,65,65,65,65,59,59,59,57,57,52,60,57,54,70,70,70,70,42,42,0,0,0],"gold":192,"neow_bonus":"THREE_CARDS","is_daily":false,"chose_seed":false,"campfire_upgraded":2,"win_rate":0.0,"timestamp":1612674027,"path_taken":["R","M","M","?","?","?","T","E","?","R","E","?","E","$","M","BOSS","R","M","?","?","?","E"],"items_purchased_type":["Relic","Card"],"build_version":"2020-12-22","purchased_purges":1,"victory":false,"max_hp_per_floor":[65,65,65,65,65,65,65,65,65,65,65,65,65,65,65,65,70,70,70,70,70,70,70,70,70],"card_choices":[{"not_picked":["Slimebound:LeechEnergy","Slimebound:SplitAcid"],"picked":"Slimebound:SplitLeeching","floor":0},{"not_picked":["Slimebound:SlimeSpikes","Slimebound:FormOfPuddle"],"picked":"Slimebound:SpikyOuterGoop","floor":2},{"not_picked":["Slimebound:ServeAndProtect","Slimebound:SplitAcid"],"picked":"Slimebound:LevelUp","floor":3},{"not_picked":["Slimebound:ItLooksTasty","Slimebound:SlimeSpikes"],"picked":"Slimebound:SplitMire","floor":4},{"not_picked":["Slimebound:Nibble","Slimebound:ItLooksTasty"],"picked":"Slimebound:Gluttony","floor":8},{"not_picked":["Slimebound:SplitLeeching","Slimebound:ServeAndProtect"],"picked":"Slimebound:LevelUp","floor":11},{"not_picked":["Slimebound:MegaLick","Slimebound:LivingWall"],"picked":"Slimebound:GrowthPunch","floor":13},{"not_picked":["Slimebound:PressTheAttack","Slimebound:DuplicatedForm"],"picked":"Slimebound:TongueLash","floor":14},{"not_picked":["Slimebound:PressTheAttack","Slimebound:LeechEnergy"],"picked":"Slimebound:LeadByExample","floor":15},{"not_picked":["Slimebound:Schlurp","Slimebound:GrowthPunch"],"picked":"Slimebound:SplitLeeching","floor":17},{"not_picked":["Slimebound:LeechingTouch","Slimebound:PressTheAttack"],"picked":"Slimebound:Dissolve","floor":19},{"not_picked":["Slimebound:RollThrough","Slimebound:SlimeSpikes"],"picked":"Slimebound:SpikyOuterGoop","floor":21}],"player_experience":576346,"relics_obtained":[{"floor":7,"key":"Vajra"},{"floor":8,"key":"WingedGreaves"},{"floor":11,"key":"Art of War"},{"floor":12,"key":"Omamori"},{"floor":13,"key":"Darkstone Periapt"}],"event_choices":[{"cards_removed":["Doubt"],"damage_healed":0,"gold_gain":0,"player_choice":"Card Removal","damage_taken":0,"max_hp_gain":0,"max_hp_loss":0,"event_name":"The Cleric","floor":9,"gold_loss":0},{"damage_healed":0,"gold_gain":0,"player_choice":"Ignored","damage_taken":0,"max_hp_gain":0,"max_hp_loss":0,"event_name":"Ghosts","floor":22,"gold_loss":0}],"is_beta":false,"boss_relics":[{"not_picked":["Busted Crown","Velvet Choker"],"picked":"Tiny House"}],"items_purged_floors":[14],"is_endless":false,"potions_floor_spawned":[3,4,8,11,15,21],"killed_by":"Gremlin Leader","ascension_level":2}}