{"host":"2pluridizrp50jef","time":1612681765,"event":{"mods":["ATMod(°¢èªMod)","AchievementEnabler","Act Like it!","BaseMod","Bestiary","Better Altar","Better Match","Better Note","Better Sensory Stone","Better Skull","Better Third Choice","BetterRewards","Colored Powertips","Conspire","Curses Come First","Custom Start","Downfall","Energized Spire","Gensokyo","Hallownest","Hubris","Infinite Spire","Lobotomy","LobotomyExtend","Minty Spire (QoL Compilation)","Rare Cards Sparkle","Relic Stats","Replay The Spire","StSLib","noobMod","¡¾ÒÅÎï¿¨ÅÆ¡¿REMEMod"],"gold_per_floor":[99,119,133,149,149,179,179,179,10,10,10,25,25,38,49,144,144,44,57,67,87,87,87,87,87,121,21,39,59,94,114,125,220,220,220,234,234,234,245,278,278,307,307,307,307,321,561,592,606,606,606],"floor_reached":52,"language":"ZHS","playtime":2889,"items_purged":["Delirium"],"score":1034,"play_id":"89dddcaa-89ce-4c63-85fa-e12fd255a6a1","local_time":"20210206230925","is_ascension_mode":false,"campfire_choices":[{"data":"AT_FamilyPortrait","floor":1,"key":"SMITH"},{"data":"hubris:InfiniteBlow+6","floor":8,"key":"SMITH"},{"floor":10,"key":"RECALL"},{"data":"hubris:InfiniteBlow+7","floor":25,"key":"SMITH"},{"data":"hubris:InfiniteBlow+8","floor":27,"key":"SMITH"},{"data":"hubris:InfiniteBlow+9","floor":35,"key":"SMITH"},{"data":"hubris:InfiniteBlow+10","floor":35,"key":"SMITH"},{"data":"hubris:InfiniteBlow+11","floor":45,"key":"SMITH"},{"data":"hubris:InfiniteBlow+12","floor":45,"key":"SMITH"}],"circlet_count":0,"master_deck":["hubris:InfiniteBlow+13","bronze:Strike","bronze:Strike","bronze:Strike","bronze:Strike","bronze:Defend","bronze:Defend","bronze:Defend","bronze:Defend","bronze:Replicate","bronze:Goto","AT_FamilyPortrait+1","Gensokyo:Dawn","bronze:ChosenStrike+1","bronze:MaxOutput","bronze:ChosenStrike+1","bronze:DelayedSlice","bronze:Assembly","bronze:Philosophize+1","bronze:Overload+1","bronze:Boost","bronze:Turbo+1","hubris:NaturalOne","bronze:Return","bronze:MaxOutput","bronze:Verify","bronze:ClassDefault","bronze:Optimize+1","Madness+1","bronze:Optimize+1","bronze:Mutator"],"relics":["bronze:BronzeCore","AT_ATBox","REME_ComplimentaryCards","ice","LetterFromLob","Onion Ring","AT_ArcaneBoots","bronze:SilverBullet","hubris:Icosahedron","Black Star","downfall:HeartBlessingRed","Blue Candle","Lantern","Simple Rune","downfall:HeartBlessingGreen","WingedGreaves","Replay:Arrowhead","AT_MortalBlade","Darkstone Periapt","Replay:Mystery Machine","infinitespire:Broken Mirror","conspire:DecoderRing","hubris:ToyBattleship","Oddly Smooth Stone","Pet Ghost"],"acts_visited":["Exordium","TheCity","TheBeyond"],"potions_floor_usage":[4,9,9,9,50,50,50],"damage_taken":[{"damage":10,"enemies":"Small Slimes","floor":2,"turns":2},{"damage":12,"enemies":"conspire:RoseBush","floor":3,"turns":2},{"damage":0,"enemies":"2 Louse","floor":4,"turns":1},{"damage":22,"enemies":"3 Sentries","floor":6,"turns":5},{"damage":10,"enemies":"downfall:FleeingMerchant","floor":9,"turns":4},{"damage":0,"enemies":"Lots of Slimes","floor":12,"turns":1},{"damage":13,"enemies":"Red Slaver","floor":14,"turns":2},{"damage":11,"enemies":"3 Louse","floor":15,"turns":2},{"damage":20,"enemies":"DF_ARCHETYPE_STREAMLINE","floor":16,"turns":6},{"damage":11,"enemies":"3 Byrds","floor":19,"turns":4},{"damage":0,"enemies":"Spheric Guardian","floor":20,"turns":1},{"damage":50,"enemies":"3 Cultists","floor":21,"turns":4},{"damage":0,"enemies":"REME_1_Revenger","floor":26,"turns":1},{"damage":0,"enemies":"Snake Plant","floor":28,"turns":2},{"damage":9,"enemies":"conspire:HollyBat","floor":29,"turns":4},{"damage":15,"enemies":"Slavers","floor":30,"turns":2},{"damage":2,"enemies":"Snecko","floor":31,"turns":2},{"damage":1,"enemies":"Sentry and Sphere","floor":32,"turns":1},{"damage":22,"enemies":"IC_MUSHROOM_ARCHETYPE","floor":33,"turns":2},{"damage":20,"enemies":"3 Shapes","floor":36,"turns":2},{"damage":1,"enemies":"Orb Walker","floor":39,"turns":1},{"damage":0,"enemies":"Giant Head","floor":40,"turns":3},{"damage":1,"enemies":"R_Hoarder","floor":42,"turns":2},{"damage":9,"enemies":"Transient","floor":46,"turns":5},{"damage":2,"enemies":"downfall:FleeingMerchant","floor":47,"turns":2},{"damage":19,"enemies":"Nemesis","floor":48,"turns":3},{"damage":22,"enemies":"Writhing Mass","floor":49,"turns":2},{"damage":1,"enemies":"WA_ARCHETYPE_DIVINITY","floor":50,"turns":2}],"seed_played":"8967827784450856017","potions_obtained":[{"floor":4,"key":"REME_GoldPotion"},{"floor":6,"key":"Explosive Potion"},{"floor":19,"key":"Adrenaline Potion"},{"floor":31,"key":"Swift Potion"},{"floor":39,"key":"infinitespire:BlackPotion"},{"floor":49,"key":"bronze:FreeFunctionsPotion"}],"is_trial":false,"path_per_floor":["R","M","M","M","?","E","T","R","$","R","?","M","?","M","M","B",null,"R","M","M","M","?","?","T","R","E","R","M","M","E","M","M","B",null,"R","M","?","?","M","E","T","E","?","AVR","R","M","$","E","M","B",null,null],"character_chosen":"THE_AUTOMATON","items_purchased":["bronze:SilverBullet"],"campfire_rested":0,"item_purchase_floors":[9],"current_hp_per_floor":[77,67,55,55,55,37,37,37,27,27,27,27,27,14,3,57,80,75,64,64,14,14,14,14,14,14,14,14,5,81,79,78,56,99,99,79,79,79,78,78,78,77,57,57,57,48,46,27,5,4,4],"gold":606,"neow_bonus":"TEN_PERCENT_HP_BONUS","is_daily":false,"chose_seed":false,"campfire_upgraded":8,"win_rate":0.0,"timestamp":1612681765,"path_taken":["R","M","M","M","?","E","T","R","$","R","?","M","?","M","M","BOSS","R","M","M","M","?","?","T","R","E","R","M","M","E","?","M","BOSS","R","M","?","?","M","E","T","E","?","AVR","R","M","$","E","M","BOSS"],"items_purchased_type":["Relic"],"build_version":"2020-12-22","purchased_purges":1,"victory":true,"max_hp_per_floor":[77,77,77,77,77,77,77,77,77,77,77,77,77,77,77,80,80,80,90,90,94,94,94,94,94,94,94,94,95,96,96,96,99,99,99,103,103,103,103,103,103,103,103,103,103,107,107,110,111,111,111],"relic_stats":{"Darkstone Periapt":0,"counters":[28,70],"Blue Candle":[18],"Black Star":5,"obtain_stats":[{"Darkstone Periapt":40,"Lantern":26,"bronze:BronzeCore":0,"AT_ATBox":0,"downfall:HeartBlessingGreen":27,"AT_ArcaneBoots":40,"ice":0,"Replay:Mystery Machine":40,"Pet Ghost":48,"hubris:Icosahedron":11,"conspire:DecoderRing":42,"WingedGreaves":30,"downfall:HeartBlessingRed":18,"Blue Candle":18,"AT_MortalBlade":34,"Oddly Smooth Stone":48,"Replay:Arrowhead":30,"AT_SpeedBoots":7,"infinitespire:Broken Mirror":41,"Onion Ring":6,"Simple Rune":26,"LetterFromLob":3,"Black Star":17,"hubris:ToyBattleship":42,"bronze:SilverBullet":9,"REME_ComplimentaryCards":0},{"Darkstone Periapt":22,"Lantern":13,"bronze:BronzeCore":0,"AT_ATBox":0,"downfall:HeartBlessingGreen":13,"AT_ArcaneBoots":22,"ice":0,"Replay:Mystery Machine":22,"Pet Ghost":26,"hubris:Icosahedron":5,"conspire:DecoderRing":23,"WingedGreaves":16,"downfall:HeartBlessingRed":9,"Blue Candle":9,"AT_MortalBlade":19,"Oddly Smooth Stone":26,"Replay:Arrowhead":16,"AT_SpeedBoots":4,"infinitespire:Broken Mirror":22,"Onion Ring":4,"Simple Rune":13,"LetterFromLob":2,"Black Star":9,"hubris:ToyBattleship":23,"bronze:SilverBullet":5,"REME_ComplimentaryCards":0},{"Darkstone Periapt":54,"Lantern":35,"bronze:BronzeCore":0,"AT_ATBox":0,"downfall:HeartBlessingGreen":35,"AT_ArcaneBoots":53,"ice":0,"Replay:Mystery Machine":54,"Pet Ghost":66,"hubris:Icosahedron":14,"conspire:DecoderRing":56,"WingedGreaves":43,"downfall:HeartBlessingRed":25,"Blue Candle":25,"AT_MortalBlade":48,"Oddly Smooth Stone":66,"Replay:Arrowhead":43,"AT_SpeedBoots":10,"infinitespire:Broken Mirror":54,"Onion Ring":10,"Simple Rune":35,"LetterFromLob":4,"Black Star":25,"hubris:ToyBattleship":56,"bronze:SilverBullet":14,"REME_ComplimentaryCards":0}]},"card_choices":[{"not_picked":["bronze:Invalidate","bronze:Iterate"],"picked":"bronze:ChosenStrike","floor":2},{"not_picked":["bronze:Overheat","bronze:FineTuning"],"picked":"bronze:MaxOutput","floor":3},{"not_picked":["bronze:BuggyMess","bronze:WildBeam","bronze:OilSpill"],"picked":"SKIP","floor":4},{"not_picked":["bronze:Branch","bronze:Return"],"picked":"bronze:ChosenStrike","floor":6},{"not_picked":["bronze:Iterate","bronze:Fortify","bronze:ForceShield"],"picked":"SKIP","floor":9},{"not_picked":["bronze:BurnOut","bronze:ForLoop"],"picked":"bronze:DelayedSlice","floor":12},{"not_picked":["bronze:Deprecate","bronze:BugBarrage","bronze:DarkDash"],"picked":"SKIP","floor":14},{"not_picked":["bronze:Deprecate","bronze:BugBarrage","bronze:DarkDash"],"picked":"SKIP","floor":14},{"not_picked":["bronze:ForLoop","bronze:OilSpill","bronze:DelayedGuard"],"picked":"SKIP","floor":15},{"not_picked":["bronze:HardenedForm","bronze:ThunderWave"],"picked":"bronze:Assembly","floor":16},{"not_picked":["bronze:CutThrough","bronze:Safeguard","bronze:CloningBeam"],"picked":"SKIP","floor":19},{"not_picked":["bronze:BitShift","bronze:Repair+1"],"picked":"bronze:Philosophize+1","floor":20},{"not_picked":["bronze:Turbo","bronze:WhirlingStrike","bronze:DelayedGuard"],"picked":"SKIP","floor":21},{"not_picked":["bronze:FineTuning","bronze:ChosenStrike"],"picked":"bronze:Overload+1","floor":26},{"not_picked":["bronze:CutThrough","bronze:BuggyMess"],"picked":"bronze:Boost","floor":28},{"not_picked":["bronze:Shield+1","bronze:FindAndReplace"],"picked":"bronze:Turbo+1","floor":29},{"not_picked":["bronze:CloningBeam","bronze:Invalidate"],"picked":"bronze:Return","floor":30},{"not_picked":["bronze:Philosophize","bronze:FineTuning+1"],"picked":"bronze:MaxOutput","floor":31},{"not_picked":["bronze:Shield+1","bronze:Overheat","bronze:CutThrough"],"picked":"SKIP","floor":32},{"not_picked":["bronze:SpaghettiCode","bronze:ThunderWave"],"picked":"bronze:Verify","floor":33},{"not_picked":["bronze:DelayedGuard","bronze:Overload+1"],"picked":"bronze:ClassDefault","floor":36},{"not_picked":["bronze:ChildClass","bronze:MaxOutput","bronze:Iterate"],"picked":"SKIP","floor":39},{"not_picked":["bronze:Branch","bronze:Shield","bronze:Invalidate+1"],"picked":"SKIP","floor":40},{"not_picked":["bronze:WildBeam+1","bronze:DigitalCarnage+1"],"picked":"bronze:Optimize+1","floor":42},{"not_picked":["bronze:DelayedSlice+1","bronze:DelayedGuard+1"],"picked":"bronze:Optimize+1","floor":46},{"not_picked":["bronze:BugBarrage","bronze:WildBeam+1"],"picked":"bronze:Mutator","floor":47},{"not_picked":["bronze:FollowUp","bronze:Safeguard","bronze:DelayedGuard+1"],"picked":"SKIP","floor":48},{"not_picked":["bronze:BuggyMess","bronze:ForLoop","bronze:WhirlingStrike+1"],"picked":"SKIP","floor":49}],"player_experience":137464,"relics_obtained":[{"floor":3,"key":"LetterFromLob"},{"floor":6,"key":"Onion Ring"},{"floor":7,"key":"AT_SpeedBoots"},{"floor":26,"key":"Lantern"},{"floor":26,"key":"Simple Rune"},{"floor":30,"key":"WingedGreaves"},{"floor":30,"key":"Replay:Arrowhead"},{"floor":40,"key":"Darkstone Periapt"},{"floor":40,"key":"Replay:Mystery Machine"},{"floor":41,"key":"infinitespire:Broken Mirror"},{"floor":42,"key":"conspire:DecoderRing"},{"floor":42,"key":"hubris:ToyBattleship"},{"floor":48,"key":"Oddly Smooth Stone"},{"floor":48,"key":"Pet Ghost"}],"event_choices":[{"damage_healed":0,"gold_gain":0,"player_choice":"Ignored","damage_taken":0,"max_hp_gain":0,"max_hp_loss":0,"event_name":"betterNote:BetterNote","floor":23,"gold_loss":0,"cards_obtained":["AT_FamilyPortrait"]},{"cards_removed":["AT_EmpoweredMortalDraw"],"damage_healed":0,"gold_gain":0,"player_choice":"Removed Attack","damage_taken":0,"max_hp_gain":0,"max_hp_loss":0,"event_name":"Falling","floor":38,"gold_loss":0},{"damage_healed":0,"gold_gain":3,"player_choice":"2","damage_taken":0,"max_hp_gain":0,"max_hp_loss":20,"event_name":"betterStone:BetterStone","floor":43,"gold_loss":0}],"is_beta":false,"boss_relics":[{"not_picked":["hubris:BlackHole","Snecko Eye"],"picked":"Black Star"},{"not_picked":["conspire:SpecialSausage","hubris:ScarierMask"],"picked":"AT_MortalBlade"}],"items_purged_floors":[47],"is_endless":false,"potions_floor_spawned":[4,6,14,15,19,26,29,30,31,39,42,49],"ascension_level":0}}