{"host":"1bvadgc0hovl67h4","time":1612658380,"event":{"mods":["BaseMod","Colored Map","Downfall","Hermit","Minty Spire (QoL Compilation)","StSLib","The Cursed"],"gold_per_floor":[99,99,99,99,199,231,231,254,54,54,71,86,116,128,144,144,144,144],"floor_reached":16,"language":"ENG","playtime":536,"items_purged":[],"score":140,"play_id":"7826a066-556d-4f27-9604-4a770511db54","local_time":"20210206163940","is_ascension_mode":true,"campfire_choices":[{"floor":1,"key":"RECALL"},{"data":"bronze:BronzeOrb","floor":9,"key":"SMITH"}],"circlet_count":0,"master_deck":["bronze:Strike","bronze:Strike","bronze:Strike+1","bronze:Strike","bronze:Defend+1","bronze:Defend","bronze:Defend","bronze:Defend","bronze:Replicate","bronze:Goto","bronze:ChosenStrike","bronze:Flail+1","downfall:Malfunctioning","bronze:BronzeOrb+1","bronze:Branch","bronze:Boost","bronze:Iterate","bronze:Separator","bronze:WhirlingStrike"],"relics":["bronze:BronzeCore","downfall:HeartsMalice","Bottled Flame","Odd Mushroom","downfall:HeartBlessingRed","downfall:HeartBlessingBlue","Gremlin Horn","Shuriken"],"acts_visited":["Exordium"],"potions_floor_usage":[13,15,16,16],"damage_taken":[{"damage":0,"enemies":"Jaw Worm","floor":2,"turns":1},{"damage":0,"enemies":"Small Slimes","floor":3,"turns":1},{"damage":0,"enemies":"Lagavulin","floor":6,"turns":1},{"damage":14,"enemies":"The Mushroom Lair","floor":8,"turns":4},{"damage":0,"enemies":"2 Louse","floor":11,"turns":1},{"damage":0,"enemies":"Gremlin Gang","floor":12,"turns":2},{"damage":14,"enemies":"Gremlin Nob","floor":13,"turns":3},{"damage":0,"enemies":"3 Louse","floor":14,"turns":1},{"damage":1,"enemies":"Large Slime","floor":15,"turns":3},{"damage":51,"enemies":"DF_ARCHETYPE_STREAMLINE","floor":16,"turns":6}],"seed_played":"1016659865127537961","potions_obtained":[{"floor":8,"key":"ColorlessPotion"},{"floor":11,"key":"hexamod:SoulburnPotion"},{"floor":12,"key":"Weak Potion"},{"floor":13,"key":"champ:CounterPotion"}],"is_trial":false,"path_per_floor":["R","M","M","?","?","E","T","?","R","T","M","M","E","M","M","B"],"character_chosen":"THE_AUTOMATON","items_purchased":[],"campfire_rested":0,"item_purchase_floors":[],"current_hp_per_floor":[70,70,70,70,70,70,70,56,66,66,66,66,52,52,51,0,0,0],"gold":144,"neow_bonus":"THREE_ENEMY_KILL","is_daily":false,"chose_seed":false,"campfire_upgraded":1,"win_rate":0.0,"timestamp":1612658380,"path_taken":["R","M","M","?","?","E","T","?","R","?","M","M","E","M","M","BOSS"],"items_purchased_type":[],"build_version":"2020-12-22","purchased_purges":0,"victory":false,"max_hp_per_floor":[70,70,70,70,70,70,70,70,80,80,80,80,80,80,80,80,80,80],"card_choices":[{"not_picked":["bronze:DelayedSlice","bronze:Deprecate"],"picked":"bronze:ChosenStrike","floor":2},{"not_picked":["bronze:Deprecate","bronze:ItsAFeature"],"picked":"bronze:Flail","floor":3},{"not_picked":["bronze:Constructor","bronze:Branch"],"picked":"bronze:BronzeOrb","floor":6},{"not_picked":["bronze:Deprecate","bronze:BitShift"],"picked":"bronze:Branch","floor":8},{"not_picked":["bronze:Iterate","bronze:BronzeArmor"],"picked":"bronze:Boost","floor":11},{"not_picked":["bronze:ForLoop","bronze:BuggyMess"],"picked":"bronze:Iterate","floor":12},{"not_picked":["bronze:GetLatest","bronze:BronzeOrb","bronze:Overheat"],"picked":"SKIP","floor":13},{"not_picked":["bronze:Philosophize","bronze:GetLatest"],"picked":"bronze:Separator","floor":14},{"not_picked":["bronze:Shield","bronze:NullPointer"],"picked":"bronze:WhirlingStrike","floor":15}],"player_experience":248532,"relics_obtained":[{"floor":6,"key":"Bottled Flame"},{"floor":8,"key":"Odd Mushroom"},{"floor":10,"key":"Gremlin Horn"},{"floor":13,"key":"Shuriken"}],"event_choices":[{"damage_healed":0,"gold_gain":0,"player_choice":"Fought Mushrooms","damage_taken":0,"max_hp_gain":0,"max_hp_loss":0,"event_name":"Mushrooms","floor":8,"gold_loss":0}],"is_beta":false,"boss_relics":[],"items_purged_floors":[],"is_endless":false,"potions_floor_spawned":[8,11,12,13],"killed_by":"DF_ARCHETYPE_STREAMLINE","ascension_level":1}}