{"host":"3a1ypf1irl30q4k8","time":1612692627,"event":{"mods":["AchievementEnabler","BaseMod","Bestiary","Minty Spire (QoL Compilation)","Relic Stats","ojb\u0027s Better Paths Mod","ojb\u0027s Info Mod"],"gold_per_floor":[111,111,121,121,141,141,185,203,203,239,239,260,273,298,298,428,428,441,462,462,481,501,501,519,562,585,585,608,608,608,622,622,745,745,766,196,214,237,261,292,292,70,93,93,112,128,128,128,128,128,128],"floor_reached":50,"language":"ENG","playtime":2052,"items_purged":["Strike_B"],"score":672,"play_id":"93a2de0f-e665-4083-b9c9-6b363b3188ff","local_time":"20210207101027","is_ascension_mode":true,"campfire_choices":[{"data":"Ball Lightning","floor":6,"key":"SMITH"},{"floor":11,"key":"REST"},{"floor":15,"key":"REST"},{"data":"Conserve Battery","floor":23,"key":"SMITH"},{"floor":29,"key":"REST"},{"floor":32,"key":"REST"},{"floor":41,"key":"REST"},{"floor":44,"key":"RECALL"},{"floor":47,"key":"REST"},{"data":"Biased Cognition","floor":49,"key":"SMITH"}],"circlet_count":0,"master_deck":["Strike_B","Defend_B","Defend_B","Defend_B","Defend_B","Zap","Dualcast","Electrodynamics","Redo","Ball Lightning+1","Skim","Ball Lightning","BootSequence","Sunder+1","White Noise","Conserve Battery+1","Echo Form","Streamline+1","Hologram+1","Go for the Eyes+1","Biased Cognition+1","Ball Lightning+1","Leap+1","Fusion","Force Field+1","Conserve Battery","Static Discharge","Stack+1","Biased Cognition","Clumsy","Undo","Doubt"],"relics":["Cracked Core","Golden Idol","Pen Nib","Emotion Chip","Busted Crown","White Beast Statue","Bronze Scales","Nloth\u0027s Gift","Cursed Key","Pear","Regal Pillow","Singing Bowl","DollysMirror"],"acts_visited":["Exordium","TheCity","TheBeyond"],"potions_floor_usage":[10,10,19,22,25,31,33,33,38,40,40,45,50,50],"damage_taken":[{"damage":8,"enemies":"Small Slimes","floor":1,"turns":2},{"damage":0,"enemies":"2 Louse","floor":3,"turns":1},{"damage":2,"enemies":"Jaw Worm","floor":5,"turns":3},{"damage":18,"enemies":"Gremlin Nob","floor":7,"turns":3},{"damage":5,"enemies":"Gremlin Gang","floor":8,"turns":2},{"damage":16,"enemies":"Lagavulin","floor":10,"turns":5},{"damage":0,"enemies":"Exordium Wildlife","floor":12,"turns":2},{"damage":0,"enemies":"2 Fungi Beasts","floor":13,"turns":1},{"damage":9,"enemies":"3 Louse","floor":14,"turns":2},{"damage":0,"enemies":"Slime Boss","floor":16,"turns":4},{"damage":13,"enemies":"Shell Parasite","floor":18,"turns":3},{"damage":0,"enemies":"Spheric Guardian","floor":19,"turns":3},{"damage":7,"enemies":"3 Cultists","floor":21,"turns":4},{"damage":0,"enemies":"Snecko","floor":22,"turns":4},{"damage":21,"enemies":"Sentry and Sphere","floor":24,"turns":3},{"damage":24,"enemies":"Slavers","floor":25,"turns":3},{"damage":1,"enemies":"3 Cultists","floor":28,"turns":3},{"damage":10,"enemies":"Shelled Parasite and Fungi","floor":31,"turns":4},{"damage":24,"enemies":"Automaton","floor":33,"turns":6},{"damage":31,"enemies":"3 Darklings","floor":35,"turns":4},{"damage":3,"enemies":"3 Shapes","floor":37,"turns":2},{"damage":19,"enemies":"Writhing Mass","floor":38,"turns":5},{"damage":1,"enemies":"Sphere and 2 Shapes","floor":39,"turns":3},{"damage":5,"enemies":"Nemesis","floor":40,"turns":7},{"damage":14,"enemies":"Jaw Worm Horde","floor":45,"turns":4},{"damage":62,"enemies":"Transient","floor":46,"turns":5},{"damage":107,"enemies":"Time Eater","floor":50,"turns":10}],"seed_played":"3052385542244282093","potions_obtained":[{"floor":1,"key":"Dexterity Potion"},{"floor":7,"key":"BlessingOfTheForge"},{"floor":10,"key":"FocusPotion"},{"floor":12,"key":"BlessingOfTheForge"},{"floor":18,"key":"Block Potion"},{"floor":19,"key":"FairyPotion"},{"floor":22,"key":"BlessingOfTheForge"},{"floor":25,"key":"Block Potion"},{"floor":31,"key":"DistilledChaos"},{"floor":33,"key":"FocusPotion"},{"floor":35,"key":"PotionOfCapacity"},{"floor":38,"key":"SkillPotion"},{"floor":39,"key":"CultistPotion"},{"floor":40,"key":"Dexterity Potion"},{"floor":45,"key":"Block Potion"},{"floor":46,"key":"ColorlessPotion"}],"is_trial":false,"path_per_floor":["M","?","M","?","M","R","E","M","T","E","R","M","M","M","R","B",null,"M","M","?","M","M","R","M","E","T","?","M","R","?","M","R","B",null,"M","$","M","M","M","E","R","$","T","R","M","M","R","?","R","B"],"character_chosen":"DEFECT","items_purchased":["Conserve Battery","Static Discharge","Pear","Regal Pillow","DollysMirror","LiquidBronze"],"campfire_rested":6,"item_purchase_floors":[36,36,36,36,42,42],"current_hp_per_floor":[60,60,60,43,41,41,23,18,18,2,22,22,22,13,33,33,68,55,55,55,48,48,48,27,3,3,3,2,22,22,12,32,8,68,37,47,44,25,24,21,60,60,60,60,48,11,50,82,82,0,0],"gold":128,"neow_bonus":"THREE_RARE_CARDS","is_daily":false,"chose_seed":false,"campfire_upgraded":3,"win_rate":0.0,"timestamp":1612692627,"path_taken":["M","?","M","?","?","R","E","?","T","E","R","M","M","M","R","BOSS","M","M","?","M","M","R","M","E","T","?","M","R","?","M","R","BOSS","M","$","?","M","M","E","R","$","T","R","M","M","R","?","R","BOSS"],"items_purchased_type":["Card","Card","Relic","Relic","Relic","Potion"],"build_version":"2020-12-22","purchased_purges":1,"victory":false,"max_hp_per_floor":[68,68,68,68,68,68,68,68,68,68,68,68,68,68,68,68,68,68,68,68,68,68,68,68,68,68,68,68,68,68,68,68,68,68,68,78,78,78,78,80,80,80,80,80,82,82,82,82,82,82,82],"relic_stats":{"Emotion Chip":[73,69,0,0,4],"Regal Pillow":30,"Busted Crown":32,"Singing Bowl":4,"counters":[27,98],"Golden Idol":154,"Bronze Scales":[174],"Pen Nib":[11],"Nloth\u0027s Gift":0,"Cursed Key":1,"obtain_stats":[{"Regal Pillow":36,"Pear":36,"Singing Bowl":40,"Golden Idol":4,"Pen Nib":7,"Cursed Key":34,"White Beast Statue":25,"Emotion Chip":10,"Busted Crown":17,"DollysMirror":42,"Bronze Scales":26,"Molten Egg 2":9,"Nloth\u0027s Gift":30,"Cracked Core":0},{"Regal Pillow":20,"Pear":20,"Singing Bowl":24,"Golden Idol":2,"Pen Nib":4,"Cursed Key":19,"White Beast Statue":16,"Emotion Chip":6,"Busted Crown":10,"DollysMirror":24,"Bronze Scales":16,"Molten Egg 2":5,"Nloth\u0027s Gift":17,"Cracked Core":0},{"Regal Pillow":62,"Pear":62,"Singing Bowl":79,"Golden Idol":3,"Pen Nib":9,"Cursed Key":58,"White Beast Statue":45,"Emotion Chip":16,"Busted Crown":25,"DollysMirror":79,"Bronze Scales":45,"Molten Egg 2":11,"Nloth\u0027s Gift":48,"Cracked Core":0}]},"card_choices":[{"not_picked":["Reboot","Creative AI"],"picked":"Electrodynamics","floor":0},{"not_picked":["White Noise","Go for the Eyes"],"picked":"Redo","floor":1},{"not_picked":["Coolheaded","Stack"],"picked":"Ball Lightning","floor":3},{"not_picked":["Double Energy","Hologram"],"picked":"Skim","floor":5},{"not_picked":["Blizzard","Melter"],"picked":"Ball Lightning","floor":7},{"not_picked":["Blizzard","Electrodynamics"],"picked":"BootSequence","floor":8},{"not_picked":["Heatsinks","Hologram"],"picked":"Sunder+1","floor":10},{"not_picked":["Redo","BootSequence"],"picked":"White Noise","floor":12},{"not_picked":["Barrage+1","FTL+1"],"picked":"Conserve Battery","floor":13},{"not_picked":["Rip and Tear+1","Force Field","Compile Driver+1"],"picked":"SKIP","floor":14},{"not_picked":["Reboot","Thunder Strike+1"],"picked":"Echo Form","floor":16},{"not_picked":[],"picked":"Streamline+1","floor":18},{"not_picked":[],"picked":"Hologram+1","floor":19},{"not_picked":["Reprogram"],"picked":"SKIP","floor":21},{"not_picked":[],"picked":"Ball Lightning+1","floor":22},{"not_picked":["BootSequence"],"picked":"SKIP","floor":24},{"not_picked":["Barrage+1"],"picked":"SKIP","floor":25},{"not_picked":[],"picked":"Leap+1","floor":28},{"not_picked":[],"picked":"Fusion","floor":31},{"not_picked":[],"picked":"Force Field+1","floor":35},{"not_picked":["Scrape"],"picked":"SKIP","floor":37},{"not_picked":["Beam Cell"],"picked":"SKIP","floor":38},{"not_picked":[],"picked":"Stack+1","floor":39},{"not_picked":["Redo"],"picked":"Singing Bowl","floor":40},{"not_picked":["Streamline"],"picked":"Singing Bowl","floor":45},{"not_picked":[],"picked":"Undo","floor":46}],"player_experience":1359503,"relics_obtained":[{"floor":7,"key":"Pen Nib"},{"floor":9,"key":"Molten Egg 2"},{"floor":10,"key":"Emotion Chip"},{"floor":25,"key":"White Beast Statue"},{"floor":26,"key":"Bronze Scales"},{"floor":40,"key":"Singing Bowl"}],"event_choices":[{"damage_healed":0,"gold_gain":0,"player_choice":"Leave","damage_taken":0,"max_hp_gain":0,"max_hp_loss":0,"event_name":"The Cleric","floor":2,"gold_loss":0},{"damage_healed":0,"gold_gain":0,"player_choice":"Take Damage","damage_taken":17,"relics_obtained":["Golden Idol"],"max_hp_gain":0,"max_hp_loss":0,"event_name":"Golden Idol","floor":4,"gold_loss":0},{"damage_healed":0,"gold_gain":0,"cards_transformed":["Strike_B","Strike_B"],"player_choice":"Became Test Subject","damage_taken":0,"max_hp_gain":0,"max_hp_loss":0,"event_name":"Drug Dealer","floor":20,"gold_loss":0,"cards_obtained":["Go for the Eyes","Biased Cognition"]},{"damage_healed":0,"gold_gain":0,"player_choice":"Ignored","damage_taken":0,"max_hp_gain":0,"max_hp_loss":0,"event_name":"Cursed Tome","floor":27,"gold_loss":0},{"damage_healed":0,"gold_gain":0,"player_choice":"Traded Relic","damage_taken":0,"relics_obtained":["Nloth\u0027s Gift"],"max_hp_gain":0,"max_hp_loss":0,"event_name":"N\u0027loth","floor":30,"relics_lost":["Molten Egg 2"],"gold_loss":0},{"damage_healed":32,"gold_gain":0,"player_choice":"Heal","damage_taken":0,"max_hp_gain":0,"max_hp_loss":0,"event_name":"MindBloom","floor":48,"gold_loss":0,"cards_obtained":["Doubt"]}],"is_beta":false,"boss_relics":[{"not_picked":["FrozenCore","Runic Dome"],"picked":"Busted Crown"},{"not_picked":["Runic Pyramid","Calling Bell"],"picked":"Cursed Key"}],"items_purged_floors":[36],"is_endless":false,"potions_floor_spawned":[1,7,10,12,18,19,22,25,28,31,33,35,37,38,39,40,45,46],"killed_by":"Time Eater","ascension_level":4}}