{"host":"ttzdpsscxkem3xrs","time":1612726428,"event":{"mods":["BaseMod","Colored Map","Downfall","Minty Spire (QoL Compilation)","Replay The Spire","StSLib","The Cursed","The Hierophant"],"gold_per_floor":[114,114,64,64,74,94,94,40,40,51,51,54,4,31,31,31,31],"floor_reached":16,"language":"ENG","playtime":714,"items_purged":[],"score":130,"play_id":"21450af0-861e-4a29-8afc-b40f6ad024a7","local_time":"20210207113348","is_ascension_mode":true,"campfire_choices":[{"floor":7,"key":"REST"},{"floor":15,"key":"REST"}],"circlet_count":0,"master_deck":["hierophant:Strike_Hierophant","hierophant:Strike_Hierophant","hierophant:Strike_Hierophant","hierophant:Punish","hierophant:Defend_Hierophant","hierophant:Defend_Hierophant","hierophant:Defend_Hierophant","hierophant:ChurchCoffers","hierophant:Sermon","hierophant:Sermon","hierophant:SolarFlare","hierophant:FieryStrike","hierophant:Zeal","hierophant:DisplayOfPower","hierophant:Sermon"],"relics":["hierophant:PropheticMaskRelic","Incense Burner","Blood Vial","Smiling Mask","BranchBurnRelic"],"acts_visited":["Exordium"],"potions_floor_usage":[6,6,14,16],"damage_taken":[{"damage":8,"enemies":"Jaw Worm","floor":1,"turns":4},{"damage":0,"enemies":"2 Louse","floor":5,"turns":1},{"damage":29,"enemies":"3 Sentries","floor":6,"turns":7},{"damage":20,"enemies":"Lagavulin","floor":8,"turns":5},{"damage":4,"enemies":"Cultist","floor":10,"turns":3},{"damage":5,"enemies":"Red Slaver","floor":12,"turns":4},{"damage":25,"enemies":"3 Sentries","floor":14,"turns":5},{"damage":17,"enemies":"Hexaghost","floor":16,"turns":6}],"seed_played":"-4899293566232917762","potions_obtained":[{"floor":5,"key":"LiquidBronze"},{"floor":6,"key":"Fruit Juice"},{"floor":12,"key":"Block Potion"},{"floor":14,"key":"Reflective Coating"}],"is_trial":false,"path_per_floor":["M","?","?","$","M","E","R","E","T","M","$","M","$","E","R","B"],"character_chosen":"HIEROPHANT","items_purchased":["Strength Potion"],"campfire_rested":2,"item_purchase_floors":[13],"current_hp_per_floor":[74,74,74,74,74,50,76,56,56,54,54,51,51,28,54,54,54],"gold":31,"neow_bonus":"TEN_PERCENT_HP_BONUS","is_daily":false,"chose_seed":false,"campfire_upgraded":0,"win_rate":0.0,"timestamp":1612726428,"path_taken":["M","?","?","?","M","E","R","E","T","?","$","M","?","E","R","BOSS"],"items_purchased_type":["Potion"],"build_version":"2020-12-22","purchased_purges":0,"victory":false,"max_hp_per_floor":[82,82,82,82,82,87,87,87,87,87,87,87,87,87,87,87,87],"card_choices":[{"not_picked":["hierophant:Doubloon","hierophant:Remorse"],"picked":"hierophant:Sermon","floor":1},{"not_picked":["hierophant:Rebuild","hierophant:ConvertCurrency"],"picked":"hierophant:Sermon","floor":5},{"not_picked":["hierophant:Charity","hierophant:CursedGold"],"picked":"hierophant:SolarFlare","floor":6},{"not_picked":["hierophant:WrathOfGod","hierophant:PristineSoul"],"picked":"hierophant:FieryStrike","floor":8},{"not_picked":["hierophant:CursedGold","hierophant:Zeal","hierophant:Charity"],"picked":"SKIP","floor":10},{"not_picked":["hierophant:CursedGold","hierophant:Charity"],"picked":"hierophant:Zeal","floor":10},{"not_picked":["hierophant:AuricBeam","hierophant:FlamingChariot"],"picked":"hierophant:DisplayOfPower","floor":12},{"not_picked":["hierophant:FaithHealing","hierophant:Smite"],"picked":"hierophant:Sermon","floor":14}],"player_experience":1394239,"relics_obtained":[{"floor":6,"key":"Incense Burner"},{"floor":8,"key":"Blood Vial"},{"floor":9,"key":"Dead Branch"},{"floor":14,"key":"Smiling Mask"}],"event_choices":[{"cards_removed":["hierophant:Defend_Hierophant"],"damage_healed":0,"gold_gain":0,"player_choice":"Forget","damage_taken":0,"max_hp_gain":0,"max_hp_loss":0,"event_name":"Living Wall","floor":2,"gold_loss":0},{"cards_removed":["hierophant:Strike_Hierophant"],"damage_healed":0,"gold_gain":0,"player_choice":"Card Removal","damage_taken":0,"max_hp_gain":0,"max_hp_loss":0,"event_name":"The Cleric","floor":3,"gold_loss":50}],"is_beta":false,"boss_relics":[],"items_purged_floors":[],"is_endless":false,"potions_floor_spawned":[5,6,12,14],"killed_by":"Hexaghost","ascension_level":2}}