{"host":"kmq7aw60w430zvtx","time":1612726906,"event":{"mods":["BaseMod","Downfall","GifTheSpireLib","Hermit","Hubris","Minty Spire (QoL Compilation)","Reliquary","Replay The Spire","StSLib","The Construct","The Cursed","The Hierophant","The Jungle","The Necromancer","The Runesmith"],"gold_per_floor":[99,119,119,54,72,72,127,160,260,290,309,327,227,50,61,156,156,56,69,86,186,252,279,305,305,317,330,340,340,390,467,482,586,586,486,496,600,612,632,659,659,671,671,360,233,248,248,280,291,291,291,291,291],"floor_reached":52,"language":"ENG","playtime":3354,"items_purged":["Defend_W","Strike_W","Strike_W"],"score":2153,"play_id":"1758644c-2b65-4c33-a8b9-9fbf6976d653","local_time":"20210207204146","is_ascension_mode":true,"campfire_choices":[{"floor":1,"key":"DIG"},{"floor":13,"key":"RECALL"},{"data":"1","floor":18,"key":"LIFT"},{"data":"2","floor":25,"key":"LIFT"},{"data":"3","floor":29,"key":"LIFT"},{"data":"Summon_Undead","floor":35,"key":"SMITH"},{"data":"Enlightenment","floor":43,"key":"SMITH"},{"data":"Summon_Undead_Army","floor":47,"key":"SMITH"}],"circlet_count":0,"master_deck":["Strike_W","Defend_W+1","Defend_W","Defend_W","Negative_Energy_Arrows","Bone_Wall","Finger_Of_Death","Stop_Heart","Finger_Of_Death","Summon_Lich","Bone_Prison+1","Uncharnel","Hellfire+1","Summon_Undead_Army+1","Consume_Illness","Summon_Undead+1","Enlightenment+1","Necrotic_Claws","Summon_Vampire_Lady+1","Bone_Spikes","Scare","Plague_Bolt","Bone_Bullets+1","Bone_Armor+1","Hellfire","Bone_Bullets","Summon_Lich","Summon_Vampire_Lady","Uncharnel+1","Summon_Lich","Summon_Undead","Bone_Spikes","Bones_to_Steel","Grasp_Heart","Negative_Energy_Sphere+1","Bones_to_Steel","Bone_Bullets","Parasite","Death_Coil+1","hubris:DuctTapeCard","Bone_Armor","Bone_Spikes"],"relics":["Vampire_Amulet","Toy Ornithopter","Replay:Rubber Ducky","Girya","Potion Belt","Onion Ring","downfall:HeartBlessingGreen","Coffee Dripper","downfall:HeartBlessingRed","downfall:CloakOfManyFaces","CultistMask","FaceOfCleric","NlothsMask","GremlinMask","SsserpentHead","Pet Ghost","MutagenicStrength","Runic Dome","downfall:HeartBlessingBlue","War Paint","ReplayTheSpireMod:Shallot","reliquary:Firecrackers","Guide Book","OrangePellets","hubris:DuctTape"],"acts_visited":["Exordium","TheCity","TheBeyond","TheEnding"],"potions_floor_usage":[8,16,33,33,39,42,45,48,50],"damage_taken":[{"damage":0,"enemies":"2 Louse","floor":2,"turns":4},{"damage":0,"enemies":"downfall:FleeingMerchant","floor":4,"turns":4},{"damage":0,"enemies":"Cultist","floor":5,"turns":4},{"damage":10,"enemies":"Lagavulin","floor":8,"turns":6},{"damage":6,"enemies":"downfall:LadyInBlue","floor":9,"turns":9},{"damage":25,"enemies":"Gremlin Nob","floor":10,"turns":5},{"damage":2,"enemies":"Small Slimes","floor":11,"turns":2},{"damage":4,"enemies":"2 Fungi Beasts","floor":12,"turns":2},{"damage":0,"enemies":"downfall:FleeingMerchant","floor":14,"turns":4},{"damage":11,"enemies":"Gremlin Gang","floor":15,"turns":5},{"damage":6,"enemies":"SI_SHIV_ARCHETYPE","floor":16,"turns":7},{"damage":13,"enemies":"Shell Parasite","floor":19,"turns":3},{"damage":0,"enemies":"Chosen","floor":20,"turns":3},{"damage":4,"enemies":"downfall:FaceTrader","floor":21,"turns":6},{"damage":14,"enemies":"Shelled Parasite and Fungi","floor":22,"turns":3},{"damage":23,"enemies":"Book of Stabbing","floor":23,"turns":5},{"damage":10,"enemies":"Centurion and Healer","floor":26,"turns":5},{"damage":2,"enemies":"Cultist and Chosen","floor":27,"turns":4},{"damage":0,"enemies":"Snake Plant","floor":28,"turns":3},{"damage":0,"enemies":"Snecko","floor":32,"turns":2},{"damage":62,"enemies":"DF_ARCHETYPE_CLAW","floor":33,"turns":8},{"damage":0,"enemies":"Orb Walker","floor":36,"turns":3},{"damage":0,"enemies":"3 Shapes","floor":38,"turns":4},{"damage":3,"enemies":"Transient","floor":39,"turns":5},{"damage":19,"enemies":"Giant Head","floor":40,"turns":8},{"damage":12,"enemies":"Jaw Worm Horde","floor":42,"turns":3},{"damage":12,"enemies":"downfall:FleeingMerchant","floor":44,"turns":4},{"damage":0,"enemies":"downfall:FleeingMerchant","floor":45,"turns":1},{"damage":7,"enemies":"Writhing Mass","floor":46,"turns":5},{"damage":0,"enemies":"Reptomancer","floor":48,"turns":5},{"damage":18,"enemies":"Sphere and 2 Shapes","floor":49,"turns":4},{"damage":37,"enemies":"WA_ARCHETYPE_DIVINITY","floor":50,"turns":9},{"damage":167,"enemies":"downfall:CharBossMerchant","floor":52,"turns":8}],"seed_played":"-5769526128949506950","potions_obtained":[{"floor":5,"key":"LiquidMemories"},{"floor":8,"key":"construct:ShiftPotion"},{"floor":9,"key":"Languid Potion"},{"floor":9,"key":"sneckomod:MuddlingPotion"},{"floor":9,"key":"Weak Potion"},{"floor":10,"key":"sneckomod:MuddlingPotion"},{"floor":12,"key":"bronze:BurnAndBuffPotion"},{"floor":22,"key":"LifebloodPotion"},{"floor":27,"key":"Dexterity Potion"},{"floor":33,"key":"Explosive Potion"},{"floor":37,"key":"BlessingOfTheForge"},{"floor":37,"key":"Fire Potion"},{"floor":39,"key":"FearPotion"},{"floor":46,"key":"CultistPotion"},{"floor":48,"key":"Venom Potion"}],"is_trial":false,"path_per_floor":["R","M","?","$","M","?","T","E","?","E","M","M","R","$","M","B",null,"R","M","M","?","M","E","T","R","M","M","M","R","?","T","M","B",null,"R","M","?","M","M","E","T","M","R","$","$","M","R","E","M","B",null,"E"],"character_chosen":"NECROMANCER","items_purchased":["Finger_Of_Death","Enlightenment","Guide Book","Fruit Juice","Bone_Armory","Bones_to_Steel","OrangePellets","Strength Potion","Bone_Bullets"],"campfire_rested":0,"item_purchase_floors":[4,14,44,44,45,45,45,45,45],"current_hp_per_floor":[82,82,82,82,82,82,82,74,70,47,49,49,49,49,52,74,82,82,74,79,82,76,56,56,56,63,75,78,78,78,78,81,54,89,99,100,100,101,102,86,86,86,86,75,88,90,90,108,110,104,115,0,0],"gold":291,"neow_bonus":"TEN_PERCENT_HP_BONUS","is_daily":false,"chose_seed":false,"campfire_upgraded":3,"win_rate":0.0,"timestamp":1612726906,"path_taken":["R","M","?","?","M","?","T","E","?","E","M","?","R","$","M","BOSS","R","M","M","?","?","E","T","R","M","M","M","R","?","?","M","BOSS","R","M","?","M","M","E","T","M","R","?","$","M","R","E","M","BOSS","E"],"items_purchased_type":["Card","Card","Relic","Potion","Card","Card","Relic","Potion","Card"],"build_version":"2020-12-22","purchased_purges":3,"victory":false,"max_hp_per_floor":[82,82,82,82,82,82,82,82,82,82,82,82,82,82,82,82,82,82,82,82,82,83,84,84,84,85,86,87,87,87,87,88,89,89,99,100,100,101,102,103,103,104,104,105,111,112,112,113,114,115,115,115,115],"card_choices":[{"not_picked":["Negative_Energy_Mist","Chill_Blood"],"picked":"Finger_Of_Death","floor":2},{"not_picked":["Shackles_Of_Pain","Blood_Magic"],"picked":"Stop_Heart","floor":4},{"not_picked":["Bone_Bullets","Bone_Shift"],"picked":"Summon_Lich","floor":5},{"not_picked":["Death_March_Dance","Scare"],"picked":"Bone_Prison","floor":8},{"not_picked":["Death_Coil","Bones_to_Steel"],"picked":"Uncharnel","floor":9},{"not_picked":["Negative_Energy_Javelin","Whirlwind_of_Bones"],"picked":"Hellfire","floor":10},{"not_picked":["Blood_for_Blood","Scare"],"picked":"Summon_Undead_Army","floor":11},{"not_picked":["Bone_Shift","Shackles_Of_Pain"],"picked":"Consume_Illness","floor":12},{"not_picked":["Chill_Blood","Negative_Energy_Javelin"],"picked":"Summon_Undead","floor":14},{"not_picked":["Cloudkill","Blood_Curse"],"picked":"Necrotic_Claws","floor":15},{"not_picked":["Detonate_Bones","Blood_Magic"],"picked":"Summon_Vampire_Lady","floor":16},{"not_picked":["Negative_Energy_Sphere","Blood_Whip"],"picked":"Bone_Spikes","floor":19},{"not_picked":["Life_Tap","Bone_Shift+1"],"picked":"Scare","floor":20},{"not_picked":["Negative_Energy_Bomb","Bone_Shift"],"picked":"Plague_Bolt","floor":21},{"not_picked":["Chill_Blood","Death_March_Dance+1"],"picked":"Bone_Bullets+1","floor":22},{"not_picked":["Bone_Spikes","Chill_Blood"],"picked":"Bone_Armor+1","floor":23},{"not_picked":["Death_Coil","Blood_Curse+1"],"picked":"Hellfire","floor":26},{"not_picked":["Violent_Necrosis","Blood_Shield","Blood_for_Blood"],"picked":"SKIP","floor":27},{"not_picked":["Violent_Necrosis","Blood_Shield"],"picked":"Bone_Bullets","floor":28},{"not_picked":["Flesh_Made_Foul","Negative_Energy_Mist"],"picked":"Summon_Lich","floor":32},{"not_picked":["Blood_Wake","Blood_Magic"],"picked":"Summon_Vampire_Lady","floor":33},{"not_picked":["Finger_Of_Death+1","Chill_Blood+1"],"picked":"Uncharnel+1","floor":36},{"not_picked":["Death_Coil","Bone_Bullets"],"picked":"Summon_Lich","floor":37},{"not_picked":["Uncharnel","Negative_Energy_Shield"],"picked":"Summon_Undead","floor":38},{"not_picked":["Negative_Energy_Shield+1","Negative_Energy_Mist"],"picked":"Bone_Spikes","floor":39},{"not_picked":["Corrupt","Death_Coil"],"picked":"Bones_to_Steel","floor":40},{"not_picked":["Negative_Energy_Mist","Bone_Armor+1"],"picked":"Grasp_Heart","floor":42},{"not_picked":["Death_March_Dance","Violent_Necrosis+1"],"picked":"Bone_Armory+1","floor":44},{"not_picked":["Blood_Whip+1","Pandemic"],"picked":"Negative_Energy_Sphere+1","floor":45},{"not_picked":["Chill_Blood","Death_March_Dance+1"],"picked":"Death_Coil+1","floor":46},{"not_picked":["Negative_Energy_Shield+1","Bone_Bullets+1"],"picked":"Bone_Armor","floor":48},{"not_picked":["Blood_Wake","Blood_for_Blood"],"picked":"Bone_Spikes","floor":49}],"player_experience":345573,"relics_obtained":[{"floor":1,"key":"Toy Ornithopter"},{"floor":7,"key":"Replay:Rubber Ducky"},{"floor":8,"key":"Girya"},{"floor":9,"key":"Potion Belt"},{"floor":10,"key":"Onion Ring"},{"floor":21,"key":"downfall:CloakOfManyFaces"},{"floor":23,"key":"Pet Ghost"},{"floor":37,"key":"War Paint"},{"floor":40,"key":"ReplayTheSpireMod:Shallot"},{"floor":41,"key":"reliquary:Firecrackers"},{"floor":48,"key":"hubris:DuctTape"}],"event_choices":[{"damage_healed":0,"gold_gain":0,"player_choice":"Inject Mutagens","damage_taken":0,"relics_obtained":["MutagenicStrength"],"max_hp_gain":0,"max_hp_loss":0,"event_name":"Drug Dealer","floor":30,"gold_loss":0}],"is_beta":false,"boss_relics":[{"not_picked":["Replay:Wanted Poster","Cursed Key"],"picked":"Coffee Dripper"},{"not_picked":["Runesmith:UraniumAnvil","hubris:GrandSneckoEye"],"picked":"Runic Dome"}],"items_purged_floors":[14,44,45],"is_endless":false,"potions_floor_spawned":[5,8,10,12,22,27,33,39,46,48,49],"killed_by":"downfall:CharBossMerchant","ascension_level":2}}