{"host":"uv5ws9rdk87e8i5k","time":1612660405,"event":{"mods":["AchievementEnabler","BaseMod","Colored Map","Minty Spire (QoL Compilation)","Permanent Neow","Quick Restart","StSLib","SuperFastMode","The Necromancer"],"gold_per_floor":[117,132,207,221,236,269,269,300,326,343,353,384,396,420,420,524,524,542,88,105,124,124,159,159,193,193,222,7,33,33,67,67,172,172,183,195,210,222,222,255,269,323,323,335,361,361,81,81,81,81],"floor_reached":51,"language":"ENG","playtime":1221,"items_purged":["Injury","Writhe"],"score":1096,"play_id":"c479fad3-eb09-4bf0-a438-9f464344230c","local_time":"20210206191325","is_ascension_mode":true,"campfire_choices":[{"data":"Immolate","floor":7.0,"key":"SMITH"},{"data":"Immolate","floor":15.0,"key":"SMITH"},{"floor":24.0,"key":"REST"},{"floor":30.0,"key":"REST"},{"data":"Demon Form","floor":32.0,"key":"SMITH"},{"data":"Limit Break","floor":49,"key":"SMITH"}],"circlet_count":0,"master_deck":["Strike_R","Strike_R","Strike_R","Strike_R","Defend_R","Defend_R","Defend_R","Defend_R","Bash","Spot Weakness","Cleave","Pommel Strike","Flame Barrier","Immolate+1","Havoc","Immolate+1","Pommel Strike","Shrug It Off","Burning Pact","Havoc","Battle Trance","Warcry","Immolate","Warcry","Battle Trance+1","Pummel","Limit Break","Seeing Red","Shrug It Off","Headbutt","Inflame","Demon Form+1","Warcry+1","Limit Break+1","Havoc","Demon Form+1","Inflame+1","Impervious","Reaper","Havoc+1","Shrug It Off+1","Burning Pact","Bloodletting","Clumsy","Immolate"],"relics":["Burning Blood","Prayer Wheel","Orichalcum","Vajra","Oddly Smooth Stone","Regal Pillow","Odd Mushroom","Cursed Key","TungstenRod","Orrery","CaptainsWheel","Anchor","Mercury Hourglass","Mummified Hand","Bronze Scales","Smiling Mask","Frozen Egg 2","SacredBark","White Beast Statue","Torii","Boot","Juzu Bracelet","Question Card","Membership Card"],"acts_visited":["Exordium","TheCity","TheBeyond"],"potions_floor_usage":[42,45,50,50,50],"damage_taken":[{"damage":14.0,"enemies":"Small Slimes","floor":1.0,"turns":5.0},{"damage":6.0,"enemies":"Cultist","floor":2.0,"turns":3.0},{"damage":2.0,"enemies":"2 Louse","floor":4.0,"turns":2.0},{"damage":8.0,"enemies":"Blue Slaver","floor":5.0,"turns":3.0},{"damage":12.0,"enemies":"Lagavulin","floor":6.0,"turns":7.0},{"damage":18.0,"enemies":"Gremlin Nob","floor":8.0,"turns":4.0},{"damage":7.0,"enemies":"Exordium Thugs","floor":10.0,"turns":2.0},{"damage":0.0,"enemies":"3 Louse","floor":11.0,"turns":1.0},{"damage":18.0,"enemies":"Lagavulin","floor":12.0,"turns":6.0},{"damage":4.0,"enemies":"Blue Slaver","floor":13.0,"turns":2.0},{"damage":0.0,"enemies":"The Mushroom Lair","floor":14.0,"turns":2.0},{"damage":31.0,"enemies":"The Guardian","floor":16.0,"turns":7.0},{"damage":26.0,"enemies":"Shell Parasite","floor":18.0,"turns":4.0},{"damage":0.0,"enemies":"3 Byrds","floor":20.0,"turns":3.0},{"damage":0.0,"enemies":"3 Cultists","floor":21.0,"turns":2.0},{"damage":21.0,"enemies":"Book of Stabbing","floor":23.0,"turns":4.0},{"damage":17.0,"enemies":"Slavers","floor":25.0,"turns":2.0},{"damage":21.0,"enemies":"Gremlin Leader","floor":27.0,"turns":5.0},{"damage":31.0,"enemies":"Slavers","floor":29.0,"turns":4.0},{"damage":15.0,"enemies":"Book of Stabbing","floor":31.0,"turns":4.0},{"damage":56.0,"enemies":"Champ","floor":33.0,"turns":8.0},{"damage":9.0,"enemies":"3 Shapes","floor":35.0,"turns":2.0},{"damage":0.0,"enemies":"3 Darklings","floor":36.0,"turns":2.0},{"damage":42.0,"enemies":"Spire Growth","floor":37.0,"turns":5.0},{"damage":15.0,"enemies":"Jaw Worm Horde","floor":38.0,"turns":3.0},{"damage":38.0,"enemies":"Nemesis","floor":40.0,"turns":5.0},{"damage":6.0,"enemies":"Maw","floor":41.0,"turns":5.0},{"damage":20,"enemies":"2 Orb Walkers","floor":42,"turns":4},{"damage":0,"enemies":"Transient","floor":44,"turns":5},{"damage":34,"enemies":"Reptomancer","floor":45,"turns":5},{"damage":48,"enemies":"Donu and Deca","floor":50,"turns":5}],"seed_played":"-4141295446927285826","potions_obtained":[{"floor":4.0,"key":"Explosive Potion"},{"floor":5.0,"key":"BlessingOfTheForge"},{"floor":6.0,"key":"Explosive Potion"},{"floor":8.0,"key":"Ancient Potion"},{"floor":12.0,"key":"Ancient Potion"},{"floor":14.0,"key":"Strength Potion"},{"floor":18.0,"key":"Weak Potion"},{"floor":27.0,"key":"DuplicationPotion"},{"floor":29.0,"key":"BloodPotion"},{"floor":33.0,"key":"BloodPotion"},{"floor":37.0,"key":"Fire Potion"},{"floor":38.0,"key":"ElixirPotion"},{"floor":41.0,"key":"Fire Potion"},{"floor":42,"key":"Explosive Potion"},{"floor":44,"key":"FearPotion"},{"floor":45,"key":"SteroidPotion"}],"is_trial":false,"path_per_floor":["M","M","?","M","M","E","R","E","T","M","M","E","M","?","R","B",null,"M","$","M","M","?","E","R","E","T","E","$","E","R","E","R","B",null,"M","M","M","M","?","E","M","?","T","M","E","T","$","?","R","B",null],"character_chosen":"IRONCLAD","items_purchased":["TungstenRod","Orrery","Limit Break","Membership Card","DistilledChaos","Immolate"],"campfire_rested":2,"item_purchase_floors":[19,19,28,47,47,47],"current_hp_per_floor":[64,64,57,61,59,53,53,41,41,40,46,34,36,42,42,17,58,38,38,44,50,50,35,71,60,60,45,45,20,56,47,47,11,57,54,60,24,30,30,45,45,46,46,52,72,72,72,72,72,50],"gold":81,"neow_bonus":"ONE_RARE_RELIC","is_daily":false,"chose_seed":false,"campfire_upgraded":4,"win_rate":0.0,"timestamp":1612660405,"path_taken":["M","M","?","M","M","E","R","E","T","?","M","E","M","?","R","BOSS","M","$","M","M","?","E","R","E","T","E","?","E","R","E","R","BOSS","M","M","M","M","?","E","M","?","T","M","E","?","$","?","R","BOSS"],"items_purchased_type":["Relic","Relic","Card","Relic","Potion","Card"],"build_version":"2020-12-22","purchased_purges":2,"victory":true,"max_hp_per_floor":[72,72,72,72,72,72,72,72,72,72,72,72,72,72,72,72,72,72,72,72,72,72,72,72,72,72,72,72,72,72,72,72,72,72,72,72,72,72,72,72,72,72,72,72,72,72,72,72,72,72],"card_choices":[{"not_picked":["Flame Barrier","Body Slam"],"picked":"Spot Weakness","floor":1.0},{"not_picked":["Perfected Strike","Infernal Blade"],"picked":"Cleave","floor":1.0},{"not_picked":["Infernal Blade","Twin Strike"],"picked":"Pommel Strike","floor":2.0},{"not_picked":["Twin Strike","Clash"],"picked":"Flame Barrier","floor":2.0},{"not_picked":["Dropkick","Anger"],"picked":"Immolate","floor":4.0},{"not_picked":["Twin Strike","Armaments","Wild Strike"],"picked":"SKIP","floor":4.0},{"not_picked":["Disarm","Thunderclap"],"picked":"Havoc","floor":5.0},{"not_picked":["Sword Boomerang","Cleave","Clash"],"picked":"SKIP","floor":5.0},{"not_picked":["Clothesline","Iron Wave","Body Slam"],"picked":"SKIP","floor":6.0},{"not_picked":["Pommel Strike","Armaments"],"picked":"Immolate","floor":8.0},{"not_picked":["Body Slam","Second Wind"],"picked":"Pommel Strike","floor":10.0},{"not_picked":["Whirlwind","Anger","Flex"],"picked":"SKIP","floor":10.0},{"not_picked":["Iron Wave","Heavy Blade"],"picked":"Shrug It Off","floor":11.0},{"not_picked":["Perfected Strike","Flex"],"picked":"Burning Pact","floor":11.0},{"not_picked":["Armaments","Pommel Strike"],"picked":"Havoc","floor":12.0},{"not_picked":["Offering","Pommel Strike"],"picked":"Battle Trance","floor":13.0},{"not_picked":["Twin Strike","Metallicize","Wild Strike"],"picked":"SKIP","floor":13.0},{"not_picked":["Twin Strike","Entrench"],"picked":"Warcry","floor":14.0},{"not_picked":["Brutality","Exhume"],"picked":"Immolate","floor":16.0},{"not_picked":["Pommel Strike","Second Wind"],"picked":"Warcry","floor":18.0},{"not_picked":["Reckless Charge","Combust","Wild Strike"],"picked":"SKIP","floor":18.0},{"not_picked":["Entrench+1","Iron Wave+1"],"picked":"Battle Trance+1","floor":19.0},{"not_picked":["Wild Strike","Barricade"],"picked":"Pummel","floor":19.0},{"not_picked":["Flex","Inflame"],"picked":"Limit Break","floor":19.0},{"not_picked":["Uppercut","Rampage"],"picked":"Seeing Red","floor":19.0},{"not_picked":["Whirlwind","Sword Boomerang"],"picked":"Shrug It Off","floor":20.0},{"not_picked":["Burning Pact","Twin Strike+1"],"picked":"Headbutt","floor":20.0},{"not_picked":["Reckless Charge+1","True Grit"],"picked":"Inflame","floor":21.0},{"not_picked":["Sentinel","Twin Strike","Searing Blow"],"picked":"SKIP","floor":21.0},{"not_picked":["Twin Strike+1","Wild Strike"],"picked":"Demon Form","floor":23.0},{"not_picked":["Whirlwind","Heavy Blade","Wild Strike"],"picked":"SKIP","floor":25.0},{"not_picked":["Clash+1","True Grit+1"],"picked":"Warcry+1","floor":27.0},{"not_picked":["Body Slam","Thunderclap"],"picked":"Havoc","floor":29.0},{"not_picked":["Clothesline","Second Wind+1","Warcry"],"picked":"SKIP","floor":31.0},{"not_picked":["Limit Break","Bludgeon"],"picked":"Demon Form+1","floor":33.0},{"not_picked":["Armaments","Pommel Strike+1","Whirlwind+1"],"picked":"SKIP","floor":35.0},{"not_picked":["Body Slam+1","True Grit","Anger+1"],"picked":"SKIP","floor":35.0},{"not_picked":["Headbutt","Clothesline"],"picked":"Inflame+1","floor":36.0},{"not_picked":["Twin Strike","Metallicize+1"],"picked":"Impervious","floor":36.0},{"not_picked":["Shrug It Off+1","Evolve+1"],"picked":"Reaper","floor":37.0},{"not_picked":["Pommel Strike","Clothesline+1","Wild Strike"],"picked":"SKIP","floor":37.0},{"not_picked":["True Grit+1","Thunderclap","Second Wind+1"],"picked":"SKIP","floor":38.0},{"not_picked":["Pommel Strike","Armaments+1","Flame Barrier"],"picked":"SKIP","floor":38.0},{"not_picked":["Metallicize+1","Carnage+1"],"picked":"Havoc+1","floor":40.0},{"not_picked":["Combust+1","Clothesline"],"picked":"Shrug It Off+1","floor":41.0},{"not_picked":["Rage","Sword Boomerang"],"picked":"Burning Pact","floor":41.0},{"not_picked":["True Grit+1","Evolve+1"],"picked":"Bloodletting","floor":44},{"not_picked":["Metallicize+1","Rampage+1","Cleave+1"],"picked":"SKIP","floor":44},{"not_picked":["Sever Soul+1","Combust+1","Feel No Pain+1"],"picked":"SKIP","floor":45}],"player_experience":248108,"relics_obtained":[{"floor":6.0,"key":"Orichalcum"},{"floor":8.0,"key":"Vajra"},{"floor":9.0,"key":"Oddly Smooth Stone"},{"floor":12.0,"key":"Regal Pillow"},{"floor":14.0,"key":"Odd Mushroom"},{"floor":22.0,"key":"CaptainsWheel"},{"floor":23.0,"key":"Anchor"},{"floor":25.0,"key":"Mercury Hourglass"},{"floor":26.0,"key":"Mummified Hand"},{"floor":27.0,"key":"Bronze Scales"},{"floor":29.0,"key":"Smiling Mask"},{"floor":31.0,"key":"Frozen Egg 2"},{"floor":40.0,"key":"White Beast Statue"},{"floor":42,"key":"Torii"},{"floor":43,"key":"Boot"},{"floor":45,"key":"Juzu Bracelet"},{"floor":46,"key":"Question Card"}],"event_choices":[{"damage_healed":0.0,"max_hp_gain":0.0,"max_hp_loss":0.0,"gold_gain":75.0,"event_name":"FaceTrader","player_choice":"Touch","floor":3.0,"gold_loss":0.0,"damage_taken":7.0},{"damage_healed":0.0,"max_hp_gain":0.0,"max_hp_loss":0.0,"gold_gain":0.0,"event_name":"Mushrooms","player_choice":"Fought Mushrooms","floor":14.0,"gold_loss":0.0,"damage_taken":0.0},{"damage_healed":0.0,"max_hp_gain":0.0,"max_hp_loss":0.0,"gold_gain":0.0,"event_name":"Wheel of Change","player_choice":"Relic","floor":22.0,"gold_loss":0.0,"damage_taken":0.0},{"damage_healed":0.0,"max_hp_gain":0.0,"max_hp_loss":0.0,"gold_gain":0.0,"event_name":"SensoryStone","player_choice":"Memory 1","floor":39.0,"gold_loss":0.0,"damage_taken":0.0},{"damage_healed":0,"gold_gain":0,"player_choice":"Fight","damage_taken":0,"max_hp_gain":0,"max_hp_loss":0,"event_name":"Mysterious Sphere","floor":42,"gold_loss":0},{"cards_removed":["Strike_R"],"damage_healed":0,"gold_gain":0,"player_choice":"Removed Attack","damage_taken":0,"max_hp_gain":0,"max_hp_loss":0,"event_name":"Falling","floor":48,"gold_loss":0}],"is_beta":false,"boss_relics":[{"not_picked":["Astrolabe","Philosopher\u0027s Stone"],"picked":"Cursed Key"},{"not_picked":["Fusion Hammer","Sozu"],"picked":"SacredBark"}],"items_purged_floors":[28,47],"is_endless":false,"potions_floor_spawned":[4,5,6,8,12,14,18,27,29,33,37,38,41,42,44,45],"ascension_level":5}}