{"host":"746m694if73h3gai","time":1612702809,"event":{"mods":["2.2 Compatiblity","AchievementEnabler","Act Like it!","BaseMod","Colored Map","Colored Powertips","Minty Spire (QoL Compilation)","Quick Restart","Rare Cards Sparkle","Relic Stats","StSLib","everything is the same but u backflip on backflip","slay the spire mod where everything is the same but ironclad has a cowboy hat"],"gold_per_floor":[114,126,136,96,112,139,169,187,187,212,212,238,238,123,123,223,223,243,262,262,262],"floor_reached":20,"language":"ENG","playtime":2015,"items_purged":["Strike_P"],"score":256,"play_id":"0e00a2a3-929d-4e05-9301-cbee29b3b8f1","local_time":"20210207140009","is_ascension_mode":true,"campfire_choices":[{"data":"Vigilance","floor":11,"key":"SMITH"},{"data":"LikeWater","floor":13,"key":"SMITH"},{"data":"LikeWater","floor":15,"key":"SMITH"}],"circlet_count":0,"master_deck":["Strike_P","Strike_P","Strike_P","Defend_P+1","Defend_P","Defend_P","Defend_P","Eruption","Vigilance+1","EmptyFist","BattleHymn","ReachHeaven","Evaluate","Crescendo+1","LikeWater+1","LikeWater+1","Swivel+1","ConjureBlade+1","CurseOfTheBell","Wallop"],"relics":["VioletLotus","Dead Branch","Toxic Egg 2","WingedGreaves","Thread and Needle","Yang","Calling Bell","War Paint","Shuriken","TungstenRod"],"acts_visited":["Exordium","TheCity"],"potions_floor_usage":[5,6,16,16,16,18],"damage_taken":[{"damage":3,"enemies":"Small Slimes","floor":1,"turns":3},{"damage":2,"enemies":"Cultist","floor":2,"turns":3},{"damage":6,"enemies":"Jaw Worm","floor":3,"turns":4},{"damage":8,"enemies":"Blue Slaver","floor":5,"turns":4},{"damage":13,"enemies":"3 Sentries","floor":6,"turns":6},{"damage":2,"enemies":"Looter","floor":8,"turns":2},{"damage":0,"enemies":"Lagavulin","floor":10,"turns":3},{"damage":0,"enemies":"3 Sentries","floor":12,"turns":5},{"damage":33,"enemies":"The Guardian","floor":16,"turns":9},{"damage":31,"enemies":"Shell Parasite","floor":18,"turns":4},{"damage":42,"enemies":"3 Byrds","floor":19,"turns":7},{"damage":9,"enemies":"Cultist and Chosen","floor":20,"turns":4}],"seed_played":"8162296351506243738","potions_obtained":[{"floor":4,"key":"Fruit Juice"},{"floor":4,"key":"DuplicationPotion"},{"floor":4,"key":"Regen Potion"},{"floor":5,"key":"GamblersBrew"},{"floor":6,"key":"Swift Potion"},{"floor":16,"key":"Block Potion"},{"floor":19,"key":"SpeedPotion"}],"is_trial":false,"path_per_floor":["M","M","M","?","M","E","?","M","T","E","R","E","R","$","R","B",null,"M","M","M"],"character_chosen":"WATCHER","items_purchased":["Swivel+1"],"campfire_rested":0,"item_purchase_floors":[14],"current_hp_per_floor":[69,67,61,61,58,45,45,43,43,43,43,43,43,43,43,24,77,46,4,0,0],"gold":262,"neow_bonus":"BOSS_RELIC","is_daily":false,"chose_seed":false,"campfire_upgraded":3,"win_rate":0.0,"timestamp":1612702809,"path_taken":["M","M","M","?","?","E","?","M","T","E","R","E","R","$","R","BOSS","M","M","M"],"items_purchased_type":["Card"],"build_version":"2020-12-22","purchased_purges":1,"victory":false,"max_hp_per_floor":[72,72,72,72,77,77,77,77,77,77,77,77,77,77,77,77,77,77,77,77,77],"relic_stats":{"counters":[12,54],"Shuriken":[3],"Dead Branch":[32],"Yang":[38],"VioletLotus":[12],"War Paint":["Defend_P","Crescendo"],"obtain_stats":[{"Calling Bell":17,"Shuriken":17,"Dead Branch":6,"Thread and Needle":10,"Yang":12,"VioletLotus":0,"WingedGreaves":9,"PureWater":0,"Toxic Egg 2":7,"War Paint":17,"TungstenRod":17},{"Calling Bell":9,"Shuriken":9,"Dead Branch":5,"Thread and Needle":7,"Yang":8,"VioletLotus":0,"WingedGreaves":6,"PureWater":0,"Toxic Egg 2":5,"War Paint":9,"TungstenRod":9},{"Calling Bell":39,"Shuriken":39,"Dead Branch":20,"Thread and Needle":25,"Yang":30,"VioletLotus":0,"WingedGreaves":22,"PureWater":0,"Toxic Egg 2":20,"War Paint":39,"TungstenRod":39}],"TungstenRod":19},"card_choices":[{"not_picked":["FollowUp","Study"],"picked":"EmptyFist","floor":1},{"not_picked":["CarveReality","JustLucky"],"picked":"BattleHymn","floor":2},{"not_picked":["JustLucky","Halt"],"picked":"ReachHeaven","floor":3},{"not_picked":["Worship","EmptyMind"],"picked":"Evaluate","floor":5},{"not_picked":["TalkToTheHand","DeceiveReality"],"picked":"Crescendo","floor":6},{"not_picked":["Halt+1","JustLucky"],"picked":"LikeWater","floor":8},{"not_picked":["PathToVictory+1","TalkToTheHand","Perseverance+1"],"picked":"SKIP","floor":10},{"not_picked":["SashWhip","CutThroughFate"],"picked":"LikeWater","floor":12},{"not_picked":["Ragnarok","Omniscience+1"],"picked":"ConjureBlade+1","floor":16},{"not_picked":["JustLucky","CutThroughFate"],"picked":"Wallop","floor":18},{"not_picked":["Worship+1","FlyingSleeves+1","Crescendo+1"],"picked":"SKIP","floor":19}],"player_experience":89846,"relics_obtained":[{"floor":6,"key":"Dead Branch"},{"floor":9,"key":"WingedGreaves"},{"floor":10,"key":"Thread and Needle"},{"floor":12,"key":"Yang"},{"floor":17,"key":"War Paint"},{"floor":17,"key":"Shuriken"},{"floor":17,"key":"TungstenRod"}],"event_choices":[{"damage_healed":0,"gold_gain":0,"player_choice":"Bought 3 Potions","damage_taken":0,"max_hp_gain":0,"max_hp_loss":0,"event_name":"The Woman in Blue","floor":4,"gold_loss":0},{"damage_healed":0,"gold_gain":30,"player_choice":"Searched \u00273\u0027 times","damage_taken":0,"relics_obtained":["Toxic Egg 2"],"max_hp_gain":0,"max_hp_loss":0,"event_name":"Dead Adventurer","floor":7,"gold_loss":0}],"is_beta":false,"boss_relics":[{"not_picked":["Busted Crown","Fusion Hammer"],"picked":"Calling Bell"}],"items_purged_floors":[14],"is_endless":false,"potions_floor_spawned":[5,6,10,16,19],"killed_by":"Cultist and Chosen","ascension_level":1}}