{"host":"sav7uxregyirlf69","time":1612706791,"event":{"mods":["AchievementEnabler","BaseMod","Colored Map","DeckTracker","Keyboard Shortcuts","Minty Spire (QoL Compilation)","READ ME - Guardian Mod","StSLib","SuperFastMode"],"gold_per_floor":[114,134,147,164,181,212,212,232,232,232,260,260,260,260,260],"floor_reached":14,"language":"KOR","playtime":272,"items_purged":[],"score":254,"play_id":"3f8fcdf8-2de2-409f-babb-a754db314fcf","local_time":"20210207230631","is_ascension_mode":true,"campfire_choices":[{"floor":7.0,"key":"REST"},{"data":"Terror","floor":10.0,"key":"SMITH"}],"circlet_count":0,"master_deck":["AscendersBane","Strike_G","Strike_G","Strike_G","Strike_G","Defend_G","Defend_G","Defend_G","Survivor","Neutralize","Finisher","Blade Dance","Backflip","Dagger Throw","Terror+1","After Image"],"relics":["Ring of the Snake","Question Card","Meat on the Bone","Toy Ornithopter","Golden Idol"],"acts_visited":["Exordium"],"potions_floor_usage":[14],"damage_taken":[{"damage":2.0,"enemies":"Jaw Worm","floor":1.0,"turns":6.0},{"damage":2.0,"enemies":"Small Slimes","floor":2.0,"turns":4.0},{"damage":8.0,"enemies":"2 Louse","floor":3.0,"turns":2.0},{"damage":6.0,"enemies":"2 Fungi Beasts","floor":4.0,"turns":3.0},{"damage":0.0,"enemies":"Blue Slaver","floor":5.0,"turns":6.0},{"damage":24.0,"enemies":"3 Sentries","floor":6.0,"turns":9.0},{"damage":7.0,"enemies":"Lots of Slimes","floor":8.0,"turns":3.0},{"damage":0.0,"enemies":"Lagavulin","floor":11.0,"turns":4.0},{"damage":17,"enemies":"3 Sentries","floor":14,"turns":8}],"seed_played":"548520440973225158","potions_obtained":[{"floor":4.0,"key":"Explosive Potion"},{"floor":5.0,"key":"Strength Potion"},{"floor":8.0,"key":"PowerPotion"},{"floor":11.0,"key":"PowerPotion"}],"is_trial":false,"path_per_floor":["M","M","M","M","M","E","R","M","T","R","E","?","?","E"],"character_chosen":"THE_SILENT","items_purchased":[],"campfire_rested":1,"item_purchase_floors":[],"current_hp_per_floor":[57,55,47,41,41,17,35,28,28,28,40,19,12,0,0],"gold":260,"neow_bonus":"REMOVE_TWO","is_daily":false,"chose_seed":false,"campfire_upgraded":1,"win_rate":0.0,"timestamp":1612706791,"path_taken":["M","M","M","M","M","E","R","M","T","R","E","?","?","E"],"items_purchased_type":[],"build_version":"2020-12-22","purchased_purges":0,"victory":false,"max_hp_per_floor":[60,60,60,60,60,60,60,60,60,60,60,60,60,60,60],"card_choices":[{"not_picked":["PiercingWail","Outmaneuver","Caltrops"],"picked":"SKIP","floor":1.0},{"not_picked":["Flying Knee","Endless Agony"],"picked":"Finisher","floor":2.0},{"not_picked":["Endless Agony","Well Laid Plans"],"picked":"Blade Dance","floor":3.0},{"not_picked":["Slice","Deflect"],"picked":"Backflip","floor":4.0},{"not_picked":["Bane","PiercingWail"],"picked":"Dagger Throw","floor":5.0},{"not_picked":["Infinite Blades","Outmaneuver","Dodge and Roll"],"picked":"SKIP","floor":6.0},{"not_picked":["Dash","Footwork","Masterful Stab"],"picked":"Terror","floor":8.0},{"not_picked":["Bullet Time","Infinite Blades","Dash"],"picked":"After Image","floor":11.0}],"player_experience":1514122,"relics_obtained":[{"floor":6.0,"key":"Question Card"},{"floor":9.0,"key":"Meat on the Bone"},{"floor":11.0,"key":"Toy Ornithopter"}],"event_choices":[{"damage_healed":0.0,"max_hp_gain":0.0,"max_hp_loss":0.0,"gold_gain":0.0,"event_name":"Golden Idol","player_choice":"Take Damage","floor":12.0,"gold_loss":0.0,"damage_taken":21.0,"relics_obtained":["Golden Idol"]},{"cards_removed":["Defend_G"],"damage_healed":0.0,"max_hp_gain":0.0,"max_hp_loss":0.0,"gold_gain":0.0,"event_name":"Golden Wing","player_choice":"Card Removal","floor":13.0,"gold_loss":0.0,"damage_taken":7.0}],"is_beta":false,"boss_relics":[],"items_purged_floors":[],"is_endless":false,"potions_floor_spawned":[4,5,8,11],"killed_by":"3 Sentries","ascension_level":20}}