{"host":"lly094a91h6n5nv5","time":1612670805,"event":{"mods":["AchievementEnabler","BaseMod","Block Reminder","Colored Map","Minty Spire (QoL Compilation)"],"gold_per_floor":[112,128,144,144,144,170,170,195,195,208,208,22,37,62,62,163,163,180,191,15,15,28,28,28,28],"floor_reached":24,"language":"ENG","playtime":1600,"items_purged":["Strike_P"],"score":278,"play_id":"5bfb051d-65b0-4d59-abee-d1485add1f83","local_time":"20210206220645","is_ascension_mode":true,"campfire_choices":[{"data":"ReachHeaven","floor":7.0,"key":"SMITH"},{"floor":11.0,"key":"REST"},{"data":"CrushJoints","floor":15.0,"key":"SMITH"},{"floor":23,"key":"REST"}],"circlet_count":0,"master_deck":["Strike_P","Defend_P","Defend_P","Defend_P","Defend_P+1","Eruption","Vigilance","Evaluate","MentalFortress+1","Wireheading","ReachHeaven+1","CrushJoints+1","Nirvana+1","MentalFortress+1","CutThroughFate","Omniscience","InnerPeace","Protect","LessonLearned","SignatureMove","BattleHymn+1","CutThroughFate"],"relics":["Cursed Key","TungstenRod","Frozen Egg 2","Membership Card","Odd Mushroom","Philosopher\u0027s Stone","Strawberry"],"acts_visited":["Exordium","TheCity"],"potions_floor_usage":[],"damage_taken":[{"damage":7.0,"enemies":"Small Slimes","floor":1.0,"turns":4.0},{"damage":0.0,"enemies":"Cultist","floor":2.0,"turns":3.0},{"damage":2.0,"enemies":"Jaw Worm","floor":3.0,"turns":3.0},{"damage":25.0,"enemies":"Gremlin Nob","floor":6.0,"turns":4.0},{"damage":13.0,"enemies":"3 Sentries","floor":8.0,"turns":6.0},{"damage":3.0,"enemies":"Exordium Wildlife","floor":10.0,"turns":4.0},{"damage":2.0,"enemies":"Looter","floor":13.0,"turns":3.0},{"damage":6.0,"enemies":"The Mushroom Lair","floor":14.0,"turns":3.0},{"damage":18.0,"enemies":"Hexaghost","floor":16.0,"turns":8.0},{"damage":35,"enemies":"2 Thieves","floor":18,"turns":5},{"damage":11,"enemies":"Shell Parasite","floor":19,"turns":5},{"damage":13,"enemies":"Centurion and Healer","floor":22,"turns":5},{"damage":0,"enemies":"Gremlin Leader","floor":24,"turns":2}],"seed_played":"5584738390399982167","potions_obtained":[{"floor":3.0,"key":"DistilledChaos"},{"floor":5.0,"key":"Energy Potion"},{"floor":5.0,"key":"AttackPotion"},{"floor":10.0,"key":"Block Potion"},{"floor":13.0,"key":"SpeedPotion"},{"floor":16.0,"key":"SneckoOil"},{"floor":18,"key":"Swift Potion"}],"is_trial":false,"path_per_floor":["M","M","M","?","?","E","R","E","T","M","R","$","M","?","R","B",null,"M","M","$","?","M","R","E"],"character_chosen":"WATCHER","items_purchased":["Membership Card","MentalFortress+1","Protect","LessonLearned","Strawberry"],"campfire_rested":2,"item_purchase_floors":[12,12,20,20,20],"current_hp_per_floor":[58,58,56,56,56,31,31,18,18,15,36,36,34,28,28,10,57,22,11,18,18,5,28,28,28],"gold":28,"neow_bonus":"BOSS_RELIC","is_daily":false,"chose_seed":false,"campfire_upgraded":2,"win_rate":0.0,"timestamp":1612670805,"path_taken":["M","M","M","?","?","E","R","E","T","M","R","$","?","?","R","BOSS","M","M","$","?","M","R","E"],"items_purchased_type":["Relic","Card","Card","Card","Relic"],"build_version":"2020-12-22","purchased_purges":1,"victory":false,"max_hp_per_floor":[72,72,72,72,72,72,72,72,72,72,72,72,72,72,72,72,72,72,72,79,79,79,79,79,79],"card_choices":[{"not_picked":["BattleHymn","WindmillStrike"],"picked":"Evaluate","floor":1.0},{"not_picked":["JustLucky","Study"],"picked":"MentalFortress","floor":2.0},{"not_picked":["FlurryOfBlows","CrushJoints"],"picked":"Wireheading","floor":3.0},{"not_picked":["Wireheading","DevaForm"],"picked":"ReachHeaven","floor":6.0},{"not_picked":["ForeignInfluence","FlyingSleeves"],"picked":"CrushJoints","floor":8.0},{"not_picked":["SashWhip","CrushJoints"],"picked":"Nirvana+1","floor":10.0},{"not_picked":["CrushJoints","FollowUp","FlyingSleeves"],"picked":"SKIP","floor":13.0},{"not_picked":["JustLucky","BowlingBash"],"picked":"CutThroughFate","floor":14.0},{"not_picked":["Alpha","MasterReality+1"],"picked":"Omniscience","floor":16.0},{"not_picked":["BowlingBash","WindmillStrike","Sanctity"],"picked":"SKIP","floor":18},{"not_picked":["BowlingBash","CrushJoints"],"picked":"InnerPeace","floor":19},{"not_picked":["Crescendo","Consecrate+1"],"picked":"CutThroughFate","floor":22}],"player_experience":181776,"relics_obtained":[{"floor":6.0,"key":"TungstenRod"},{"floor":8.0,"key":"Frozen Egg 2"},{"floor":14.0,"key":"Odd Mushroom"}],"event_choices":[{"damage_healed":0.0,"max_hp_gain":0.0,"max_hp_loss":0.0,"gold_gain":0.0,"event_name":"Living Wall","player_choice":"Grow","floor":4.0,"gold_loss":0.0,"damage_taken":0.0,"cards_upgraded":["MentalFortress"]},{"damage_healed":0.0,"max_hp_gain":0.0,"max_hp_loss":0.0,"gold_gain":0.0,"event_name":"Lab","player_choice":"Got Potions","floor":5.0,"gold_loss":0.0,"damage_taken":0.0},{"damage_healed":0.0,"max_hp_gain":0.0,"max_hp_loss":0.0,"gold_gain":0.0,"event_name":"Mushrooms","player_choice":"Fought Mushrooms","floor":14.0,"gold_loss":0.0,"damage_taken":0.0},{"damage_healed":0,"gold_gain":0,"cards_transformed":["Strike_P","Strike_P"],"player_choice":"Became Test Subject","damage_taken":0,"max_hp_gain":0,"max_hp_loss":0,"event_name":"Drug Dealer","floor":21,"gold_loss":0,"cards_obtained":["SignatureMove","BattleHymn"]}],"is_beta":false,"boss_relics":[{"not_picked":["Fusion Hammer","SacredBark"],"picked":"Philosopher\u0027s Stone"}],"items_purged_floors":[20],"is_endless":false,"potions_floor_spawned":[3,10,13,16,18,22],"killed_by":"Gremlin Leader","ascension_level":7}}