{"host":"Timothy","time":1612665094,"event":{"mods":["BaseMod","Bestiary","Filter the Spire","Minty Spire (QoL Compilation)","Quick Restart"],"gold_per_floor":[110,110,135,149,114,114,149,149,149,149,168,168,36,50,50,175,175,196,295,295,309,333,333,374,374,374,41,65,86,105,123,123,246,246,266,284,184,203,216,255,278,278,278,303,303,347,54,54,54,54],"floor_reached":51,"language":"ENG","playtime":2352,"items_purged":["Auto Shields+1","Hologram+1","Coolheaded+1"],"score":1169,"play_id":"92fde177-48b5-4c41-987f-1f7f4e9bbd14","local_time":"20210206183134","is_ascension_mode":true,"campfire_choices":[{"data":"Hologram","floor":6.0,"key":"SMITH"},{"data":"Zap","floor":8.0,"key":"SMITH"},{"data":"Auto Shields","floor":10.0,"key":"SMITH"},{"data":"Dualcast","floor":12.0,"key":"SMITH"},{"data":"Leap","floor":15.0,"key":"SMITH"},{"data":"Streamline","floor":23.0,"key":"SMITH"},{"data":"Double Energy","floor":25.0,"key":"SMITH"},{"floor":32.0,"key":"REST"},{"floor":45.0,"key":"RECALL"},{"floor":49,"key":"REST"}],"circlet_count":0,"master_deck":["AscendersBane","Zap+1","Dualcast+1","Leap+1","Gash","Bandage Up","Electrodynamics","Streamline+1","Double Energy+1","Go for the Eyes","Reboot","Steam","Recycle+1","Gash","Recycle+1"],"relics":["Pandora\u0027s Box","Golden Idol","Odd Mushroom","DataDisk","Sozu","Unceasing Top","Mummified Hand","Kunai","Fusion Hammer","Bottled Flame","Sundial","Pantograph","Pen Nib"],"acts_visited":["Exordium","TheCity","TheBeyond"],"potions_floor_usage":[],"damage_taken":[{"damage":24.0,"enemies":"2 Louse","floor":1.0,"turns":3.0},{"damage":9.0,"enemies":"Jaw Worm","floor":3.0,"turns":3.0},{"damage":0.0,"enemies":"Small Slimes","floor":4.0,"turns":3.0},{"damage":6.0,"enemies":"The Mushroom Lair","floor":7.0,"turns":7.0},{"damage":0.0,"enemies":"Blue Slaver","floor":11.0,"turns":3.0},{"damage":0.0,"enemies":"2 Fungi Beasts","floor":14.0,"turns":3.0},{"damage":4.0,"enemies":"The Guardian","floor":16.0,"turns":8.0},{"damage":12.0,"enemies":"Shell Parasite","floor":18.0,"turns":4.0},{"damage":0.0,"enemies":"3 Byrds","floor":21.0,"turns":3.0},{"damage":20.0,"enemies":"Snake Plant","floor":22.0,"turns":5.0},{"damage":29.0,"enemies":"Slavers","floor":24.0,"turns":4.0},{"damage":0.0,"enemies":"Centurion and Healer","floor":28.0,"turns":3.0},{"damage":0.0,"enemies":"3 Cultists","floor":29.0,"turns":3.0},{"damage":7.0,"enemies":"Chosen and Byrds","floor":30.0,"turns":2.0},{"damage":0.0,"enemies":"Centurion and Healer","floor":31.0,"turns":3.0},{"damage":17.0,"enemies":"Collector","floor":33.0,"turns":4.0},{"damage":0.0,"enemies":"3 Darklings","floor":35.0,"turns":3.0},{"damage":9.0,"enemies":"3 Shapes","floor":36.0,"turns":4.0},{"damage":0.0,"enemies":"Transient","floor":38.0,"turns":5.0},{"damage":9.0,"enemies":"Writhing Mass","floor":39.0,"turns":3.0},{"damage":0.0,"enemies":"Reptomancer","floor":40.0,"turns":6.0},{"damage":13.0,"enemies":"Spire Growth","floor":41.0,"turns":3.0},{"damage":3.0,"enemies":"Jaw Worm Horde","floor":44.0,"turns":2.0},{"damage":0,"enemies":"Nemesis","floor":46,"turns":3},{"damage":4,"enemies":"Awakened One","floor":50,"turns":3}],"seed_played":"-8909637201652612948","potions_obtained":[{"floor":3.0,"key":"DistilledChaos"},{"floor":14.0,"key":"LiquidMemories"}],"is_trial":false,"path_per_floor":["M","?","M","M","?","R","?","R","T","R","M","R","$","M","R","B",null,"M","?","$","M","M","R","E","R","T","$","M","M","M","M","R","B",null,"M","M","$","M","M","E","M","?","T","M","R","E","$","?","R","B",null],"character_chosen":"DEFECT","items_purchased":["Gash","Bandage Up","Kunai","Pen Nib","Gash"],"campfire_rested":2,"item_purchase_floors":[13,13,27,47,47],"current_hp_per_floor":[44,44,35,35,52,52,46,46,46,46,46,46,46,50,50,50,64,56,56,56,60,44,44,19,19,19,19,23,27,24,28,48,35,61,65,60,60,64,59,63,54,54,54,55,55,59,59,59,69,69],"gold":54,"neow_bonus":"BOSS_RELIC","is_daily":false,"chose_seed":false,"campfire_upgraded":7,"win_rate":0.0,"timestamp":1612665094,"path_taken":["M","?","M","M","?","R","?","R","T","R","M","R","$","M","R","BOSS","M","?","$","M","M","R","E","R","T","$","M","M","M","M","R","BOSS","M","M","$","M","M","E","M","?","T","?","R","E","$","?","R","BOSS"],"items_purchased_type":["Card","Card","Relic","Relic","Card"],"build_version":"2020-12-18","purchased_purges":3,"victory":true,"max_hp_per_floor":[75,69,69,69,69,69,69,69,69,69,69,69,69,69,69,69,69,69,69,69,69,69,69,69,69,69,69,69,69,69,69,69,69,69,69,69,69,69,69,69,69,69,69,69,69,69,69,69,69,69],"card_choices":[{"not_picked":["Rebound","Beam Cell"],"picked":"Hologram","floor":1.0},{"not_picked":["FTL","Rebound"],"picked":"Leap","floor":3.0},{"not_picked":["Capacitor","Fusion"],"picked":"Auto Shields","floor":4.0},{"not_picked":["Capacitor","Stack","Coolheaded"],"picked":"SKIP","floor":11.0},{"not_picked":["Leap","Capacitor","Beam Cell"],"picked":"SKIP","floor":14.0},{"not_picked":["Seek","Core Surge"],"picked":"Electrodynamics","floor":16.0},{"not_picked":["Reprogram","Stack+1","Storm"],"picked":"SKIP","floor":18.0},{"not_picked":["Blizzard","Ball Lightning"],"picked":"Streamline","floor":21.0},{"not_picked":["Cold Snap","Self Repair"],"picked":"Coolheaded+1","floor":22.0},{"not_picked":["Turbo+1","Sweeping Beam+1"],"picked":"Double Energy","floor":24.0},{"not_picked":["Compile Driver","Sunder","Stack"],"picked":"SKIP","floor":28.0},{"not_picked":["Fusion","All For One"],"picked":"Go for the Eyes","floor":29.0},{"not_picked":["Aggregate","Heatsinks","Sunder"],"picked":"SKIP","floor":30.0},{"not_picked":["Chill","Gash","Hologram"],"picked":"SKIP","floor":31.0},{"not_picked":["Multi-Cast","Biased Cognition"],"picked":"Reboot","floor":33.0},{"not_picked":["Ball Lightning","Glacier+1"],"picked":"Steam","floor":35.0},{"not_picked":["Doom and Gloom+1","Turbo","Gash"],"picked":"SKIP","floor":36.0},{"not_picked":["Sweeping Beam+1","BootSequence","Heatsinks+1"],"picked":"SKIP","floor":38.0},{"not_picked":["Sweeping Beam","Defragment","Stack"],"picked":"SKIP","floor":39.0},{"not_picked":["Go for the Eyes","FTL+1","Defragment"],"picked":"SKIP","floor":40.0},{"not_picked":["Rebound","All For One","Turbo"],"picked":"SKIP","floor":41.0},{"not_picked":["Hologram+1","Barrage+1","Conserve Battery"],"picked":"SKIP","floor":44.0},{"not_picked":["Auto Shields","Core Surge"],"picked":"Recycle+1","floor":46}],"player_experience":878617,"relics_obtained":[{"floor":7.0,"key":"Odd Mushroom"},{"floor":9.0,"key":"DataDisk"},{"floor":24.0,"key":"Unceasing Top"},{"floor":26.0,"key":"Mummified Hand"},{"floor":40.0,"key":"Bottled Flame"},{"floor":43.0,"key":"Sundial"},{"floor":46,"key":"Pantograph"}],"event_choices":[{"damage_healed":0.0,"max_hp_gain":0.0,"max_hp_loss":6.0,"gold_gain":0.0,"event_name":"Golden Idol","player_choice":"Lose Max HP","floor":2.0,"gold_loss":0.0,"damage_taken":0.0,"relics_obtained":["Golden Idol"]},{"damage_healed":17.0,"max_hp_gain":0.0,"max_hp_loss":0.0,"gold_gain":0.0,"event_name":"The Cleric","player_choice":"Healed","floor":5.0,"gold_loss":35.0,"damage_taken":0.0},{"damage_healed":0.0,"max_hp_gain":0.0,"max_hp_loss":0.0,"gold_gain":0.0,"event_name":"Mushrooms","player_choice":"Fought Mushrooms","floor":7.0,"gold_loss":0.0,"damage_taken":0.0},{"damage_healed":0.0,"max_hp_gain":0.0,"max_hp_loss":0.0,"gold_gain":99.0,"event_name":"Nest","player_choice":"Stole From Cult","floor":19.0,"gold_loss":0.0,"damage_taken":0.0},{"damage_healed":0.0,"max_hp_gain":0.0,"max_hp_loss":0.0,"gold_gain":0.0,"event_name":"The Woman in Blue","player_choice":"Bought 0 Potions","floor":42.0,"gold_loss":0.0,"damage_taken":0.0},{"damage_healed":0,"gold_gain":0,"player_choice":"Copied","damage_taken":0,"max_hp_gain":0,"max_hp_loss":0,"event_name":"Duplicator","floor":48,"gold_loss":0,"cards_obtained":["Recycle"]}],"is_beta":true,"boss_relics":[{"not_picked":["SlaversCollar","Velvet Choker"],"picked":"Sozu"},{"not_picked":["Inserter","Snecko Eye"],"picked":"Fusion Hammer"}],"items_purged_floors":[27,37,47],"is_endless":false,"potions_floor_spawned":[3,14,21,28,29,30,36,41,44],"ascension_level":10}}