{"host":"dl909bjyolgrn2uw","time":1612665156,"event":{"mods":["2.2 Compatiblity","AlwaysNeverKeys","BaseMod","Bestiary","Better Altar","Better Note","Better Sensory Stone","Better Skull","Better Vampires","Better-Laid Plans","BetterRewards","Colored Powertips","Curses Come First","Disable Question Mark Monsters","Displayed Cursed Tome","Emptier Cage","Evolution","Minty Spire (QoL Compilation)","Permanent Neow","Quick Restart","Rare Cards Sparkle","Relic Stats","Shop Mod","Spicy Shops","StSLib","SuperFastMode","Transform Curses"],"gold_per_floor":[115,133,133,146,158,184,184,202,229,255,1,29,29,29,29,108,108,126,144,144,50,64,90,90,130,154,177,186,76,101,139,139,223,223,251,276,304,304,39,74,96,157,182,221,221,221,243,261,261,261,261,261,270,3,39,39],"floor_reached":57,"language":"ENG","playtime":3122,"items_purged":["Strike_G","Strike_G","Strike_G","Strike_G"],"score":3884,"play_id":"56ea13c8-ae94-4da7-9948-64d972eb5822","local_time":"20210206203236","is_ascension_mode":true,"campfire_choices":[{"data":"Accuracy","floor":7,"key":"SMITH"},{"data":"Blade Dance","floor":13,"key":"SMITH"},{"data":"Well Laid Plans","floor":15,"key":"SMITH"},{"floor":28,"key":"REST"},{"data":"Accuracy","floor":32,"key":"SMITH"},{"floor":45,"key":"RECALL"},{"data":"Neutralize","floor":49,"key":"SMITH"},{"floor":53,"key":"REST"}],"circlet_count":0,"master_deck":["AscendersBane","Strike_G","Defend_G","Defend_G","Defend_G","Defend_G","Defend_G","Survivor","Neutralize+1","Blade Dance+1","Infinite Blades+1","Predator","Accuracy+1","Quick Slash+1","Blade Dance+1","Prepared+1","Secret Technique+1","Dodge and Roll+1","Bouncing Flask+1","Dagger Spray+1","Bouncing Flask+1","Corpse Explosion+1","Well Laid Plans+1","Sucker Punch+1","Tools of the Trade","Reflex+1","Escape Plan+1","Deflect+1","Slice+1","Blade Dance+1","Accuracy+1","Blade Dance+1","Blade Dance+1","Accuracy+1","Accuracy+1","Terror+1","Backflip+1","Tools of the Trade","Dodge and Roll+1","Backflip+1","Dodge and Roll+1","Adrenaline+1","Prepared+1","Infinite Blades","Prepared+1","Outmaneuver+1","Cloak And Dagger+1","Cloak And Dagger+1","Crippling Poison+1","After Image","PanicButton+1","Backflip+1"],"relics":["Ring of the Snake","EVO:Axolotl","PreservedInsect","Sling","Membership Card","Molten Egg 2","Toxic Egg 2","Shuriken","Mummified Hand","Dream Catcher","Bag of Marbles","Ornamental Fan","Strawberry","HoveringKite","OrangePellets","HornCleat","CeramicFish","MealTicket","DollysMirror","Boot","SlaversCollar","Ice Cream","Turnip","StrikeDummy","Tough Bandages","ClockworkSouvenir","TwistedFunnel","Gremlin Horn"],"acts_visited":["Exordium","TheCity","TheBeyond","TheEnding"],"potions_floor_usage":[10,25,31,31,33,42,50,56],"damage_taken":[{"damage":0,"enemies":"2 Louse","floor":1,"turns":3},{"damage":0,"enemies":"Cultist","floor":2,"turns":2},{"damage":0,"enemies":"Small Slimes","floor":4,"turns":2},{"damage":0,"enemies":"Exordium Thugs","floor":5,"turns":3},{"damage":9,"enemies":"3 Sentries","floor":6,"turns":4},{"damage":0,"enemies":"Large Slime","floor":8,"turns":4},{"damage":0,"enemies":"Gremlin Nob","floor":10,"turns":2},{"damage":0,"enemies":"3 Sentries","floor":12,"turns":1},{"damage":22,"enemies":"The Guardian","floor":16,"turns":5},{"damage":1,"enemies":"Shell Parasite","floor":18,"turns":3},{"damage":4,"enemies":"2 Thieves","floor":19,"turns":3},{"damage":13,"enemies":"Snake Plant","floor":22,"turns":3},{"damage":0,"enemies":"Gremlin Leader","floor":23,"turns":2},{"damage":17,"enemies":"Slavers","floor":25,"turns":2},{"damage":5,"enemies":"Centurion and Healer","floor":27,"turns":3},{"damage":0,"enemies":"Snecko","floor":30,"turns":2},{"damage":0,"enemies":"Gremlin Leader","floor":31,"turns":1},{"damage":6,"enemies":"Collector","floor":33,"turns":4},{"damage":20,"enemies":"3 Shapes","floor":35,"turns":6},{"damage":0,"enemies":"Orb Walker","floor":36,"turns":1},{"damage":0,"enemies":"Spire Growth","floor":37,"turns":2},{"damage":0,"enemies":"Reptomancer","floor":40,"turns":1},{"damage":0,"enemies":"Transient","floor":41,"turns":5},{"damage":0,"enemies":"2 Orb Walkers","floor":42,"turns":1},{"damage":0,"enemies":"Giant Head","floor":44,"turns":4},{"damage":0,"enemies":"4 Shapes","floor":47,"turns":2},{"damage":0,"enemies":"Jaw Worm Horde","floor":48,"turns":2},{"damage":9,"enemies":"Awakened One","floor":50,"turns":6},{"damage":11,"enemies":"Donu and Deca","floor":51,"turns":4},{"damage":0,"enemies":"Shield and Spear","floor":55,"turns":2},{"damage":40,"enemies":"The Heart","floor":56,"turns":7}],"seed_played":"3986669993223276276","potions_obtained":[{"floor":5,"key":"Fruit Juice"},{"floor":8,"key":"PowerPotion"},{"floor":10,"key":"PowerPotion"},{"floor":16,"key":"EntropicBrew"},{"floor":31,"key":"Regen Potion"},{"floor":33,"key":"GhostInAJar"},{"floor":37,"key":"SteroidPotion"},{"floor":48,"key":"SkillPotion"}],"is_trial":false,"path_per_floor":["M","M","?","M","M","E","R","M","T","E","$","E","R","?","R","B",null,"M","M","?","$","M","E","?","E","T","M","R","$","M","E","R","B",null,"M","M","M","?","$","E","M","?","T","E","R","?","M","M","R","B","B",null,"R","$","E","B",null],"character_chosen":"THE_SILENT","items_purchased":["PreservedInsect","Sling","Blade Dance","Infinite Blades","Predator","Membership Card","Molten Egg 2","Toxic Egg 2","Glass Knife+1","Accuracy","Shuriken","Quick Slash+1","Well Laid Plans","Ornamental Fan","OrangePellets","Deflect+1","Accuracy","DollysMirror","Adrenaline+1","Prepared+1","After Image","Tough Bandages","ClockworkSouvenir","PanicButton+1","TwistedFunnel"],"campfire_rested":2,"item_purchase_floors":[0,0,0,0,0,0,0,0,0,0,0,0,11,11,21,21,29,29,39,39,54,54,54,54,54],"current_hp_per_floor":[59,59,59,59,59,50,50,50,50,55,55,62,62,62,62,40,69,68,64,55,55,42,42,42,25,25,20,43,58,58,58,58,52,72,52,52,52,52,67,67,67,67,67,67,67,67,67,67,67,58,47,70,78,78,78,38],"gold":39,"neow_bonus":"","is_daily":false,"chose_seed":false,"campfire_upgraded":5,"win_rate":0.0,"timestamp":1612665156,"path_taken":["M","M","?","M","M","E","R","M","T","E","$","E","R","?","R","BOSS","M","?","?","?","M","E","?","E","T","M","R","$","M","E","R","BOSS","M","M","M","?","$","E","M","?","T","E","R","?","M","M","R","BOSS","BOSS","R","$","E","BOSS"],"items_purchased_type":["Relic","Relic","Card","Card","Card","Relic","Relic","Relic","Card","Card","Relic","Card","Card","Relic","Relic","Card","Card","Relic","Card","Card","Card","Relic","Relic","Card","Relic"],"build_version":"2020-12-22","purchased_purges":4,"victory":true,"max_hp_per_floor":[66,66,66,66,66,66,66,66,66,71,71,78,78,78,78,78,78,78,78,78,78,78,78,78,78,78,78,78,78,78,78,78,78,78,78,78,78,78,78,78,78,78,78,78,78,78,78,78,78,78,78,78,78,78,78,78],"relic_stats":{"Gremlin Horn":[28,28],"counters":[265,1049],"CeramicFish":198,"HoveringKite":[28],"PreservedInsect":992,"Boot":[1],"OrangePellets":[11],"Dream Catcher":2,"Tough Bandages":[24],"Shuriken":[109],"Mummified Hand":[100],"Ornamental Fan":[388],"MealTicket":30,"Turnip":[17],"obtain_stats":[{"TwistedFunnel":0,"Whetstone":46,"Ginger":45,"Boot":48,"Sling":37,"Old Coin":40,"Blood Vial":9,"Sundial":7,"MealTicket":7,"Necronomicon":20,"Kunai":48,"Tingsha":8,"Eternal Feather":9,"Pen Nib":24,"Paper Crane":12,"Akabeko":42,"Runic Dome":0,"SlaversCollar":34,"MutagenicStrength":22,"Pandora\u0027s Box":17,"StrikeDummy":31,"Regal Pillow":11,"Singing Bowl":9,"StoneCalendar":28,"Bag of Preparation":46,"Ancient Tea Set":0,"Cursed Key":34,"Smiling Mask":7,"Shovel":45,"Ninja Scroll":25,"WingedGreaves":36,"InkBottle":43,"Ring of the Snake":0,"Potion Belt":26,"Inserter":17,"Golden Idol":3,"Thread and Needle":43,"PreservedInsect":0,"Omamori":23,"Frozen Egg 2":29,"MawBank":12,"Busted Crown":34,"Ornamental Fan":47,"Bloody Idol":19,"Orrery":0,"Turnip":40,"Art of War":27,"Bottled Lightning":25,"Toy Ornithopter":48,"Ice Cream":19,"Mark of the Bloom":37,"Gremlin Horn":9,"CeramicFish":25,"Vajra":6,"HoveringKite":34,"EVO:Axolotl":0,"Centennial Puzzle":43,"HornCleat":29,"DollysMirror":47,"Strawberry":27,"Prayer Wheel":0,"Toxic Egg 2":37,"Happy Flower":36,"Astrolabe":17,"Dead Branch":27,"Oddly Smooth Stone":0,"Letter Opener":26,"War Paint":12,"Question Card":12,"Du-Vu Doll":12,"OrangePellets":0,"Bottled Flame":47,"Shuriken":46,"Bronze Scales":26,"Molten Egg 2":43,"Meat on the Bone":47,"Darkstone Periapt":24,"Mango":14,"Snake Skull":19,"Juzu Bracelet":8,"ClockworkSouvenir":47,"Dream Catcher":12,"Nunchaku":37,"Tough Bandages":54,"TheAbacus":36,"Mummified Hand":6,"Pantograph":6,"Gambling Chip":0,"Tiny Chest":27,"Red Mask":30,"Cracked Core":0,"Runic Pyramid":17,"Orichalcum":31,"Medical Kit":48,"White Beast Statue":40,"Mercury Hourglass":31,"Peace Pipe":44,"CaptainsWheel":42,"Anchor":26,"Coffee Dripper":0,"Bag of Marbles":0,"Membership Card":19,"FossilizedHelix":37},{"TwistedFunnel":143,"Whetstone":86,"Ginger":201,"Boot":87,"Sling":106,"Old Coin":138,"Blood Vial":148,"Sundial":208,"MealTicket":6,"Necronomicon":12,"Kunai":142,"Tingsha":118,"Eternal Feather":209,"Pen Nib":14,"Paper Crane":68,"Akabeko":85,"Runic Dome":1,"SlaversCollar":224,"MutagenicStrength":156,"Pandora\u0027s Box":97,"StrikeDummy":79,"Regal Pillow":95,"Singing Bowl":6,"StoneCalendar":78,"Bag of Preparation":202,"Ancient Tea Set":18,"Cursed Key":163,"Smiling Mask":177,"Shovel":110,"Ninja Scroll":49,"WingedGreaves":82,"InkBottle":139,"Ring of the Snake":0,"Potion Belt":49,"Inserter":28,"Golden Idol":62,"Thread and Needle":108,"PreservedInsect":33,"Omamori":47,"Frozen Egg 2":192,"MawBank":181,"Busted Crown":52,"Ornamental Fan":59,"Bloody Idol":125,"Orrery":60,"Turnip":228,"Art of War":15,"Bottled Lightning":77,"Toy Ornithopter":142,"Ice Cream":12,"Mark of the Bloom":225,"Gremlin Horn":24,"CeramicFish":248,"Vajra":65,"HoveringKite":195,"EVO:Axolotl":0,"Centennial Puzzle":57,"HornCleat":102,"DollysMirror":59,"Strawberry":101,"Prayer Wheel":88,"Toxic Egg 2":165,"Happy Flower":196,"Astrolabe":70,"Dead Branch":129,"Oddly Smooth Stone":60,"Letter Opener":14,"War Paint":41,"Question Card":211,"Du-Vu Doll":8,"OrangePellets":33,"Bottled Flame":202,"Shuriken":86,"Bronze Scales":219,"Molten Egg 2":85,"Meat on the Bone":59,"Darkstone Periapt":128,"Mango":27,"Snake Skull":98,"Juzu Bracelet":24,"ClockworkSouvenir":59,"Dream Catcher":26,"Nunchaku":82,"Tough Bandages":263,"TheAbacus":196,"Mummified Hand":239,"Pantograph":38,"Gambling Chip":88,"Tiny Chest":159,"Red Mask":50,"Cracked Core":0,"Runic Pyramid":43,"Orichalcum":17,"Medical Kit":142,"White Beast Statue":56,"Mercury Hourglass":51,"Peace Pipe":58,"CaptainsWheel":57,"Anchor":77,"Coffee Dripper":0,"Bag of Marbles":173,"Membership Card":12,"FossilizedHelix":106},{"TwistedFunnel":611,"Whetstone":410,"Ginger":815,"Boot":415,"Sling":499,"Old Coin":596,"Blood Vial":628,"Sundial":838,"MealTicket":19,"Necronomicon":38,"Kunai":608,"Tingsha":545,"Eternal Feather":841,"Pen Nib":45,"Paper Crane":298,"Akabeko":405,"Runic Dome":1,"SlaversCollar":902,"MutagenicStrength":656,"Pandora\u0027s Box":462,"StrikeDummy":361,"Regal Pillow":453,"Singing Bowl":19,"StoneCalendar":352,"Bag of Preparation":818,"Ancient Tea Set":58,"Cursed Key":683,"Smiling Mask":743,"Shovel":515,"Ninja Scroll":216,"WingedGreaves":386,"InkBottle":601,"Ring of the Snake":0,"Potion Belt":216,"Inserter":101,"Golden Idol":283,"Thread and Needle":503,"PreservedInsect":129,"Omamori":203,"Frozen Egg 2":789,"MawBank":755,"Busted Crown":236,"Ornamental Fan":275,"Bloody Idol":561,"Orrery":280,"Turnip":926,"Art of War":48,"Bottled Lightning":347,"Toy Ornithopter":608,"Ice Cream":38,"Mark of the Bloom":913,"Gremlin Horn":75,"CeramicFish":996,"Vajra":292,"HoveringKite":801,"EVO:Axolotl":0,"Centennial Puzzle":264,"HornCleat":482,"DollysMirror":275,"Strawberry":479,"Prayer Wheel":422,"Toxic Egg 2":689,"Happy Flower":802,"Astrolabe":312,"Dead Branch":574,"Oddly Smooth Stone":280,"Letter Opener":45,"War Paint":165,"Question Card":848,"Du-Vu Doll":23,"OrangePellets":129,"Bottled Flame":818,"Shuriken":410,"Bronze Scales":878,"Molten Egg 2":405,"Meat on the Bone":275,"Darkstone Periapt":568,"Mango":90,"Snake Skull":468,"Juzu Bracelet":75,"ClockworkSouvenir":275,"Dream Catcher":86,"Nunchaku":386,"Tough Bandages":1040,"TheAbacus":802,"Mummified Hand":971,"Pantograph":148,"Gambling Chip":422,"Tiny Chest":665,"Red Mask":221,"Cracked Core":0,"Runic Pyramid":178,"Orichalcum":55,"Medical Kit":608,"White Beast Statue":258,"Mercury Hourglass":229,"Peace Pipe":270,"CaptainsWheel":264,"Anchor":347,"Coffee Dripper":0,"Bag of Marbles":735,"Membership Card":38,"FossilizedHelix":499}],"Ring of the Snake":[462]},"card_choices":[{"not_picked":["Backflip+1","Skewer+1"],"picked":"Blade Dance+1","floor":1},{"not_picked":["Heel Hook+1","Skewer+1"],"picked":"Prepared+1","floor":2},{"not_picked":["The Bomb+1","Secret Weapon+1"],"picked":"Secret Technique+1","floor":3},{"not_picked":["Dagger Spray+1","Dagger Throw+1"],"picked":"Dodge and Roll+1","floor":4},{"not_picked":["Setup+1","Underhanded Strike+1"],"picked":"Bouncing Flask+1","floor":5},{"not_picked":["Bouncing Flask+1","Eviscerate+1"],"picked":"Dagger Spray+1","floor":6},{"not_picked":["Skewer+1","Flying Knee+1"],"picked":"Bouncing Flask+1","floor":8},{"not_picked":["Escape Plan+1","Footwork"],"picked":"Corpse Explosion+1","floor":10},{"not_picked":["Deflect+1","Infinite Blades"],"picked":"Sucker Punch+1","floor":12},{"not_picked":["Corpse Explosion+1","Envenom"],"picked":"Tools of the Trade","floor":16},{"not_picked":["Dagger Spray+1","Underhanded Strike+1"],"picked":"Reflex+1","floor":18},{"not_picked":["Noxious Fumes","Outmaneuver+1"],"picked":"Escape Plan+1","floor":19},{"not_picked":["Setup+1","Skewer+1"],"picked":"Slice+1","floor":22},{"not_picked":["Outmaneuver+1","Envenom"],"picked":"Blade Dance+1","floor":23},{"not_picked":["Slice+1","Poisoned Stab+1"],"picked":"Accuracy+1","floor":25},{"not_picked":["Cloak And Dagger+1","Deflect+1"],"picked":"Blade Dance+1","floor":27},{"not_picked":["Footwork","Calculated Gamble+1"],"picked":"Blade Dance+1","floor":28},{"not_picked":["Footwork","Endless Agony+1"],"picked":"Terror+1","floor":30},{"not_picked":["Bane+1","Crippling Poison+1"],"picked":"Backflip+1","floor":31},{"not_picked":["Night Terror+1","Corpse Explosion+1"],"picked":"Tools of the Trade","floor":33},{"not_picked":["Slice+1","All Out Attack+1"],"picked":"Dodge and Roll+1","floor":35},{"not_picked":["Expertise+1","Slice+1"],"picked":"Backflip+1","floor":36},{"not_picked":["Outmaneuver+1","Flying Knee+1"],"picked":"Dodge and Roll+1","floor":37},{"not_picked":["Outmaneuver+1","Flying Knee+1"],"picked":"Infinite Blades","floor":40},{"not_picked":["Poisoned Stab+1","Quick Slash+1"],"picked":"Prepared+1","floor":41},{"not_picked":["Eviscerate+1","Dagger Spray+1"],"picked":"Outmaneuver+1","floor":42},{"not_picked":["Sucker Punch+1","Dagger Spray+1"],"picked":"Cloak And Dagger+1","floor":44},{"not_picked":["Reflex+1","Distraction+1"],"picked":"Cloak And Dagger+1","floor":47},{"not_picked":["Poisoned Stab+1","Grand Finale+1","Flying Knee+1"],"picked":"SKIP","floor":48},{"not_picked":["Skewer+1","Dagger Spray+1"],"picked":"Crippling Poison+1","floor":53},{"not_picked":["Flying Knee+1","Quick Slash+1"],"picked":"Backflip+1","floor":55}],"player_experience":350682,"relics_obtained":[{"floor":6,"key":"Mummified Hand"},{"floor":9,"key":"Dream Catcher"},{"floor":10,"key":"Bag of Marbles"},{"floor":12,"key":"Strawberry"},{"floor":23,"key":"HornCleat"},{"floor":25,"key":"CeramicFish"},{"floor":26,"key":"MealTicket"},{"floor":31,"key":"Boot"},{"floor":40,"key":"Ice Cream"},{"floor":42,"key":"Turnip"},{"floor":44,"key":"StrikeDummy"},{"floor":55,"key":"Gremlin Horn"}],"event_choices":[{"damage_healed":0,"gold_gain":1,"player_choice":"1","damage_taken":0,"max_hp_gain":0,"max_hp_loss":0,"event_name":"betterStone:BetterStone","floor":3,"gold_loss":0},{"damage_healed":0,"gold_gain":0,"player_choice":"Upgraded","damage_taken":0,"max_hp_gain":0,"max_hp_loss":0,"event_name":"Upgrade Shrine","floor":14,"gold_loss":0,"cards_upgraded":["Infinite Blades"]},{"damage_healed":0,"gold_gain":0,"player_choice":"Stopped","damage_taken":9,"max_hp_gain":0,"max_hp_loss":0,"event_name":"Cursed Tome","floor":20,"gold_loss":0},{"damage_healed":0,"gold_gain":0,"player_choice":"Ignored","damage_taken":0,"max_hp_gain":0,"max_hp_loss":0,"event_name":"Ghosts","floor":24,"gold_loss":0},{"damage_healed":0,"gold_gain":0,"player_choice":"Ignored","damage_taken":0,"max_hp_gain":0,"max_hp_loss":0,"event_name":"Tomb of Lord Red Mask","floor":38,"gold_loss":0},{"damage_healed":0,"gold_gain":0,"player_choice":"Fight","damage_taken":0,"max_hp_gain":0,"max_hp_loss":0,"event_name":"Mysterious Sphere","floor":42,"gold_loss":0},{"cards_removed":["Glass Knife"],"damage_healed":0,"gold_gain":0,"player_choice":"Removed Attack","damage_taken":0,"max_hp_gain":0,"max_hp_loss":0,"event_name":"Falling","floor":46,"gold_loss":0}],"is_beta":false,"boss_relics":[{"not_picked":["Calling Bell","Fusion Hammer"],"picked":"HoveringKite"},{"not_picked":["Ring of the Serpent","Busted Crown"],"picked":"SlaversCollar"}],"items_purged_floors":[0,0,0,11],"is_endless":false,"potions_floor_spawned":[5,8,10,12,16,22,23,31,33,37,40,48],"ascension_level":20}}