{"host":"delta","time":1612724021,"event":{"mods":["100% Spire Juice","Act Like it!","Arknights","BaseMod","Gensokyo","KinomotoSakuraMod(木之本樱)","Lobotomy","Marisa（F雨　魔理沙）","Minty Spire (QoL Compilation)","Remilia（蕾米莉亚）","StSLib"],"gold_per_floor":[111,124,144,154,164,164,193,193,243,277,287,316,316,328,328,430,430,447,122,122,222,222,222],"floor_reached":22,"language":"ZHS","playtime":1285,"items_purged":[],"score":254,"play_id":"d15c7bec-466c-4cbb-9a48-5b3d4f25d7b5","local_time":"20210208025341","is_ascension_mode":true,"campfire_choices":[{"data":"Ultimatum","floor":6.0,"key":"SMITH"},{"floor":13.0,"key":"REST"},{"data":"KillingBlow","floor":15.0,"key":"SMITH"}],"circlet_count":0,"master_deck":["Strike_RM","Strike_RM","Strike_RM","Defend_RM","Defend_RM","RedMoon","ScarletShoot","CrumblingArmor","EndlessAdversity+1","WallGazer","UniverseFragment","Ultimatum+1","Scorched","ScarletDevilSign","Wellcheers","ReincarnationDial","LaLuna","Stigmanizer+1","KillingBlow+1","BigBadWolf","ScarletImprint+1","BlackSwan","ScarletImprint+1","DreamingCurrent","BatForm","MeatLantern","BloodySeventeenLaser+1","Gensokyo:ManorOfTheDishes"],"relics":["ScarletHat","CogitoBucket","Question Card","Bag of Marbles","Molten Egg 2","ScarletDevilRocket","Empty Cage","Singing Bowl","Bird Faced Urn","Incense Burner"],"acts_visited":["Exordium","Gensokyo:Gensokyoer"],"potions_floor_usage":[],"damage_taken":[{"damage":0.0,"enemies":"ats:Genji","floor":1.0,"turns":4.0},{"damage":0.0,"enemies":"2 Louse","floor":2.0,"turns":1.0},{"damage":2.0,"enemies":"Cultist","floor":3.0,"turns":4.0},{"damage":11.0,"enemies":"Red Slaver","floor":4.0,"turns":3.0},{"damage":0.0,"enemies":"Looter","floor":5.0,"turns":2.0},{"damage":2.0,"enemies":"3 Sentries","floor":7.0,"turns":4.0},{"damage":12.0,"enemies":"Gremlin Nob","floor":10.0,"turns":3.0},{"damage":0.0,"enemies":"Blue Slaver","floor":11.0,"turns":3.0},{"damage":16.0,"enemies":"Lagavulin","floor":12.0,"turns":4.0},{"damage":2.0,"enemies":"Red Slaver","floor":14.0,"turns":3.0},{"damage":52.0,"enemies":"The Guardian","floor":16.0,"turns":4.0},{"damage":35.0,"enemies":"Gensokyo:3_Dogs","floor":18.0,"turns":4.0},{"damage":39,"enemies":"Gensokyo:3_Dogs","floor":21,"turns":6},{"damage":103,"enemies":"Gensokyo:AngelMirror","floor":22,"turns":4}],"seed_played":"-8782308783523105814","potions_obtained":[{"floor":2.0,"key":"LiquidMemories"},{"floor":3.0,"key":"AttackPotion"},{"floor":4.0,"key":"CultistPotion"},{"floor":10.0,"key":"Energy Potion"},{"floor":16.0,"key":"DistilledChaos"}],"is_trial":false,"path_per_floor":["M","M","M","M","M","R","E","?","T","E","M","E","R","M","R","B",null,"M","$","?","?","M"],"character_chosen":"REMILIA","items_purchased":["Singing Bowl","BloodySeventeenLaser+1"],"campfire_rested":1,"item_purchase_floors":[19,19],"current_hp_per_floor":[75,75,73,62,62,62,63,48,48,40,41,29,51,52,52,17,75,60,60,60,64,0,0],"gold":222,"neow_bonus":"","is_daily":false,"chose_seed":false,"campfire_upgraded":2,"win_rate":0.0,"timestamp":1612724021,"path_taken":["M","M","M","M","M","R","E","?","T","E","M","E","R","M","R","BOSS","M","$","?","?","M"],"items_purchased_type":["Relic","Card"],"build_version":"2020-12-18","purchased_purges":0,"victory":false,"max_hp_per_floor":[75,75,75,75,75,75,75,75,75,75,75,75,75,75,75,75,75,75,75,68,70,70,70],"card_choices":[{"not_picked":["Bloodbath","LittleHelper"],"picked":"CrumblingArmor","floor":1.0},{"not_picked":["UltimateOffering","NightLord"],"picked":"EndlessAdversity","floor":1.0},{"not_picked":["ShyLook","Murderer"],"picked":"WallGazer","floor":2.0},{"not_picked":["StarOfDavid","BadLadyScramble","MastersStateliness"],"picked":"SKIP","floor":2.0},{"not_picked":["CherryBlossoms","PunishingBird"],"picked":"UniverseFragment","floor":3.0},{"not_picked":["BadLadyScramble","HunterOfTheNight"],"picked":"Ultimatum","floor":3.0},{"not_picked":["OldLady","Murderer"],"picked":"Scorched","floor":4.0},{"not_picked":["CharismaGuard","FavorOfDestiny"],"picked":"ScarletDevilSign","floor":4.0},{"not_picked":["StarOfDavid","Stigmanizer"],"picked":"ScarletImprint","floor":5.0},{"not_picked":["Funeral","RedShoes"],"picked":"Wellcheers","floor":5.0},{"not_picked":["UnstableMagic","DiffusionOfMisfortune","UnderTheZenith"],"picked":"SKIP","floor":5.0},{"not_picked":["UnstableMagic","DiffusionOfMisfortune","UnderTheZenith"],"picked":"SKIP","floor":5.0},{"not_picked":["BloodyMagicSquare","HellCatastrophe"],"picked":"ReincarnationDial","floor":7.0},{"not_picked":["MHz","LittlePrince"],"picked":"LaLuna","floor":7.0},{"not_picked":["FitfulNightmare","UnderTheZenith"],"picked":"Stigmanizer","floor":7.0},{"not_picked":["ScarletGensokyo","ScarletImprint","BloodyMagicSquare"],"picked":"KillingBlow","floor":10.0},{"not_picked":["ScarletDream","ScarletDevil+1","TwelveNightmare","BadLadyScramble"],"picked":"SKIP","floor":10.0},{"not_picked":["LeisurelyOfLord+1","VampireKiss+1","Septette","EternalNight"],"picked":"SKIP","floor":11.0},{"not_picked":["MHz","Laetitia"],"picked":"BigBadWolf","floor":12.0},{"not_picked":["ScarletDream","BloodHunter","DiffusionOfMisfortune+1"],"picked":"ScarletImprint+1","floor":12.0},{"not_picked":["OSAHOGD","FairyFestival"],"picked":"BlackSwan","floor":14.0},{"not_picked":["DevilSight","FavorOfDestiny","ScarletDevil+1"],"picked":"ScarletImprint+1","floor":14.0},{"not_picked":["PunishingBird","SpiderBud"],"picked":"DreamingCurrent","floor":16.0},{"not_picked":["TricksterDevil","KillingBlow+1","BloodyCatastrophe"],"picked":"BatForm","floor":16.0},{"not_picked":["ShyLook","CherryBlossoms"],"picked":"MeatLantern","floor":18.0},{"not_picked":["ScarletDevil+1","Ultimatum+1","FitfulNightmare+1","VampireKiss+1"],"picked":"SKIP","floor":18.0},{"not_picked":["Gensokyo:Apocalypse+1","Gensokyo:HAARP","Gensokyo:EightFeetTall"],"picked":"Gensokyo:ManorOfTheDishes","floor":20},{"not_picked":["RedNightlessCastle+1","ScarletGensokyo","ScarletNetherworld+1","ScarletDevil+1"],"picked":"Singing Bowl","floor":21}],"player_experience":357825,"relics_obtained":[{"floor":7.0,"key":"Question Card"},{"floor":9.0,"key":"Bag of Marbles"},{"floor":10.0,"key":"Molten Egg 2"},{"floor":12.0,"key":"ScarletDevilRocket"},{"floor":21,"key":"Bird Faced Urn"},{"floor":21,"key":"Incense Burner"}],"event_choices":[{"damage_healed":0.0,"max_hp_gain":0.0,"max_hp_loss":0.0,"gold_gain":0.0,"event_name":"Shining Light","player_choice":"Entered Light","floor":8.0,"gold_loss":0.0,"damage_taken":15.0,"cards_upgraded":["Stigmanizer","EndlessAdversity"]}],"is_beta":true,"boss_relics":[{"not_picked":["Tiny House","SacredBark"],"picked":"Empty Cage"}],"items_purged_floors":[],"is_endless":false,"potions_floor_spawned":[2,3,4,10,16,18],"killed_by":"Gensokyo:AngelMirror","ascension_level":2}}