{"host":"bplbr8uekuotory4","time":1612682610,"event":{"mods":["Act Like it!","BaseMod","GungeonMod","Hermit","KinomotoSakuraMod(ƒæ÷Æ±æ”£)","Marisa£®ÏF”Í°°ƒß¿Ì…≥£©","Minty Spire (QoL Compilation)","Prisma Mod","Quick Restart","Reimu£®≤©¿ˆ¡È√Œ£©","SOS£®Àπ∞Õ¥Ô÷Æ◊”£©","Spicy Shops","StSLib","TestMod","The Blackbeard","The Cursed","The Mystic","The Poker Player","The Saiyan","The Senshi","The Servant 0.9.4","Yuri Mod","[IsaacMod]“‘»ˆº‚À˛"],"gold_per_floor":[115,77,77,302,312,343,343,144,144,144,48,67,87,87,87,87,87,87],"floor_reached":16,"language":"ZHS","playtime":212,"items_purged":["blackbeard:BlackbeardStrike","Regret"],"score":188,"play_id":"a4423f48-90ab-4c49-8662-13061524445a","local_time":"20210207152330","is_ascension_mode":true,"campfire_choices":[{"data":"blackbeard:Cutlass","floor":7,"key":"SMITH"},{"data":"blackbeard:BlindAttacks","floor":10,"key":"SMITH"},{"data":"blackbeard:BeatUp","floor":15,"key":"SMITH"}],"circlet_count":0,"master_deck":["AscendersBane","blackbeard:BlackbeardStrike","blackbeard:BlackbeardStrike","blackbeard:BlackbeardStrike","blackbeard:IntimidatingStrike","blackbeard:BlackbeardDefend","blackbeard:BlackbeardDefend","blackbeard:BlackbeardDefend","blackbeard:BlackbeardDefend","blackbeard:Cutlass+1","blackbeard:BlindAttacks+1","blackbeard:BeatUp+1","blackbeard:RearmingStrike"],"relics":["blackbeard:LoadTheCannons","testmod-TestBox","HushsDoor","SteamSale","testmod-IntensifyImprint","NeowsBlessing","Omamori","DemoMod:MemoryAlloy","testmod-Motorcycle","blackbeard:WhitePearl","testmod-TurbochargingSystem","testmod-Charity","Odd Mushroom","TheBible"],"acts_visited":["Exordium"],"potions_floor_usage":[16],"damage_taken":[{"damage":0,"enemies":"Small Slimes","floor":1,"turns":1},{"damage":0,"enemies":"Jaw Worm","floor":5,"turns":1},{"damage":2,"enemies":"3 Sentries","floor":6,"turns":2},{"damage":0,"enemies":"2 Louse","floor":12,"turns":1},{"damage":2,"enemies":"The Mushroom Lair","floor":13,"turns":2},{"damage":0,"enemies":"Hexaghost","floor":16,"turns":2}],"seed_played":"-6534600521268581915","potions_obtained":[{"floor":6,"key":"ZuzhouPotion:ReiMu"},{"floor":12,"key":"Fruit Juice"}],"is_trial":false,"path_per_floor":["M","$","?","?","M","E","R","$","T","R","$","M","?","?","R","B"],"character_chosen":"BLACKBEARD_CLASS","items_purchased":["blackbeard:WhitePearl","testmod-TurbochargingSystem","testmod-Charity","blackbeard:BeatUp"],"campfire_rested":0,"item_purchase_floors":[8,8,11,11],"current_hp_per_floor":[68,68,68,68,68,66,66,66,66,66,66,67,66,41,41,41,41,41],"gold":87,"neow_bonus":"THREE_ENEMY_KILL","is_daily":false,"chose_seed":false,"campfire_upgraded":3,"win_rate":0.0,"timestamp":1612682610,"path_taken":["M","$","?","?","M","E","R","?","T","R","$","?","?","?","R","BOSS"],"items_purchased_type":["Relic","Relic","Relic","Card"],"build_version":"2020-12-22","purchased_purges":2,"victory":false,"max_hp_per_floor":[75,75,75,75,75,75,75,75,75,75,75,76,77,77,77,77,77,77],"card_choices":[{"not_picked":["blackbeard:SwordDance","blackbeard:Sharpening","blackbeard:Bandana"],"picked":"SKIP","floor":1},{"not_picked":["blackbeard:CannonBarrage","blackbeard:DangerousBlow","blackbeard:Shrapnel"],"picked":"SKIP","floor":5},{"not_picked":["blackbeard:AgileStrike","blackbeard:PirateEarring"],"picked":"blackbeard:BlindAttacks","floor":6},{"not_picked":["blackbeard:JollyRoger","blackbeard:WeaponProficiency"],"picked":"blackbeard:RearmingStrike","floor":12}],"player_experience":1120906,"relics_obtained":[{"floor":6,"key":"testmod-Motorcycle"},{"floor":13,"key":"Odd Mushroom"}],"event_choices":[{"damage_healed":0,"gold_gain":0,"player_choice":"Box","damage_taken":0,"relics_obtained":["Omamori"],"max_hp_gain":0,"max_hp_loss":0,"event_name":"Big Fish","floor":3,"gold_loss":0,"cards_obtained":["Regret"]},{"damage_healed":0,"gold_gain":225,"player_choice":"YARR","damage_taken":0,"relics_obtained":["DemoMod:MemoryAlloy"],"max_hp_gain":0,"max_hp_loss":0,"event_name":"blackbeard:Ssssserpent","floor":4,"gold_loss":0},{"damage_healed":0,"gold_gain":0,"player_choice":"Fought Mushrooms","damage_taken":0,"max_hp_gain":0,"max_hp_loss":0,"event_name":"Mushrooms","floor":13,"gold_loss":0},{"damage_healed":0,"gold_gain":0,"player_choice":"Success","damage_taken":25,"relics_obtained":["TheBible"],"max_hp_gain":0,"max_hp_loss":0,"event_name":"Scrap Ooze","floor":14,"gold_loss":0}],"is_beta":false,"boss_relics":[],"items_purged_floors":[2,8],"is_endless":false,"potions_floor_spawned":[6,12,13],"killed_by":"Hexaghost","ascension_level":11}}