{"host":"sum4dy402bbv9y4o","time":1612740623,"event":{"mods":["Aspiration","BaseMod","Conspire","Highlight Path","Minty Spire (QoL Compilation)","StSLib"],"gold_per_floor":[10,30,42,61,11,11,24,41,41,75,75,89,89,99,99,178,178,195,195,219,42,42,42,42,72,96,126,126,143,160,34,34,34,34],"floor_reached":33,"language":"ENG","playtime":1322,"items_purged":["Strike_P","Strike_P"],"score":624,"play_id":"9d5ef561-5ec5-4cff-89c7-1aa418d7e285","local_time":"20210208023023","is_ascension_mode":true,"campfire_choices":[{"data":"Eruption","floor":6,"key":"SMITH"},{"data":"SashWhip","floor":15,"key":"SMITH"},{"floor":23,"key":"REST"},{"data":"Wallop","floor":28,"key":"SMITH"},{"data":"TalkToTheHand","floor":32,"key":"SMITH"}],"circlet_count":0,"master_deck":["AscendersBane","Strike_P","Defend_P","Defend_P","Eruption+1","Vigilance","EmptyBody","Consecrate","Wallop+1","SashWhip+1","EmptyFist","Consecrate","Halt","EmptyBody+1","FollowUp","CarveReality","SpiritShield","FearNoEvil+1","EmptyBody","Protect","MentalFortress","TalkToTheHand+1","Wallop+1","ClearTheMind+1","FollowUp","Halt+1"],"relics":["PureWater","conspire:Dentures","Toy Ornithopter","aspiration:SecretTechniqueScroll","Pen Nib","Toxic Egg 2","aspiration:ChemicalBlood","Boot"],"acts_visited":["Exordium","TheCity"],"potions_floor_usage":[8,10,16,16,27],"damage_taken":[{"damage":0,"enemies":"Cultist","floor":1,"turns":3},{"damage":2,"enemies":"2 Louse","floor":2,"turns":3},{"damage":0,"enemies":"Small Slimes","floor":3,"turns":2},{"damage":0,"enemies":"2 Fungi Beasts","floor":4,"turns":2},{"damage":0,"enemies":"Exordium Thugs","floor":7,"turns":2},{"damage":0,"enemies":"Exordium Wildlife","floor":8,"turns":3},{"damage":11,"enemies":"Lagavulin","floor":10,"turns":5},{"damage":3,"enemies":"Looter","floor":12,"turns":3},{"damage":9,"enemies":"2 Fungi Beasts","floor":14,"turns":3},{"damage":33,"enemies":"Hexaghost","floor":16,"turns":11},{"damage":4,"enemies":"Shell Parasite","floor":18,"turns":5},{"damage":20,"enemies":"Gremlin Leader","floor":25,"turns":6},{"damage":0,"enemies":"Book of Stabbing","floor":27,"turns":6},{"damage":0,"enemies":"Chosen","floor":29,"turns":4},{"damage":1,"enemies":"3 Cultists","floor":30,"turns":6},{"damage":40,"enemies":"Champ","floor":33,"turns":13}],"seed_played":"8620032782671493667","potions_obtained":[{"floor":1,"key":"Fire Potion"},{"floor":2,"key":"Fire Potion"},{"floor":10,"key":"Fire Potion"},{"floor":14,"key":"LiquidBronze"},{"floor":18,"key":"EssenceOfSteel"}],"is_trial":false,"path_per_floor":["M","M","M","M","$","R","M","M","T","E","?","M","?","M","R","B",null,"M","?","T","$","?","R","?","E","T","E","R","M","M","$","R","B"],"character_chosen":"WATCHER","items_purchased":["Consecrate","EmptyBody","Protect","Halt+1"],"campfire_rested":1,"item_purchase_floors":[5,21,21,31],"current_hp_per_floor":[61,59,59,59,59,59,59,59,59,48,28,25,47,38,38,15,55,51,32,32,32,32,53,53,33,33,38,38,38,37,37,37,0,0],"gold":34,"neow_bonus":"TRANSFORM_TWO_CARDS","is_daily":false,"chose_seed":false,"campfire_upgraded":4,"win_rate":0.0,"timestamp":1612740623,"path_taken":["M","M","?","M","$","R","M","M","T","E","?","M","?","M","R","BOSS","M","?","?","?","?","R","?","E","T","E","R","?","M","?","R","BOSS"],"items_purchased_type":["Card","Card","Card","Card"],"build_version":"2020-12-22","purchased_purges":2,"victory":false,"max_hp_per_floor":[68,68,68,68,68,68,68,68,68,68,68,68,68,68,68,68,68,68,73,73,73,73,73,73,73,73,73,73,73,73,73,73,73,73],"card_choices":[{"not_picked":["Worship","WheelKick"],"picked":"Wallop","floor":1},{"not_picked":["Study","InnerPeace"],"picked":"SashWhip","floor":2},{"not_picked":["Fasting2","ThirdEye"],"picked":"EmptyFist","floor":3},{"not_picked":["Crescendo","WaveOfTheHand","PathToVictory"],"picked":"SKIP","floor":4},{"not_picked":["WindmillStrike","SignatureMove"],"picked":"Halt","floor":7},{"not_picked":["Crescendo","WaveOfTheHand"],"picked":"EmptyBody","floor":8},{"not_picked":["MasterReality","Scrawl","PathToVictory"],"picked":"SKIP","floor":10},{"not_picked":["FlyingSleeves","Vengeance"],"picked":"FollowUp","floor":12},{"not_picked":["Swivel","FlyingSleeves"],"picked":"CarveReality","floor":14},{"not_picked":["Alpha","Scrawl"],"picked":"SpiritShield","floor":16},{"not_picked":["CutThroughFate","Collect"],"picked":"FearNoEvil+1","floor":18},{"not_picked":["Fasting2","Consecrate"],"picked":"TalkToTheHand","floor":25},{"not_picked":["Evaluate+1","WheelKick"],"picked":"Wallop","floor":27},{"not_picked":["WindmillStrike","Pray+1"],"picked":"ClearTheMind+1","floor":29},{"not_picked":["ThirdEye+1","Sanctity+1"],"picked":"FollowUp","floor":30}],"player_experience":3062835,"relics_obtained":[{"floor":9,"key":"conspire:Dentures"},{"floor":10,"key":"Toy Ornithopter"},{"floor":20,"key":"Pen Nib"},{"floor":25,"key":"Toxic Egg 2"},{"floor":26,"key":"aspiration:ChemicalBlood"},{"floor":27,"key":"Boot"}],"event_choices":[{"damage_healed":0,"gold_gain":0,"player_choice":"Entered Light","damage_taken":20,"max_hp_gain":0,"max_hp_loss":0,"event_name":"Shining Light","floor":11,"gold_loss":0,"cards_upgraded":["EmptyBody","Wallop"]},{"damage_healed":22,"gold_gain":0,"player_choice":"Banana","damage_taken":0,"max_hp_gain":0,"max_hp_loss":0,"event_name":"Big Fish","floor":13,"gold_loss":0},{"damage_healed":0,"gold_gain":0,"player_choice":"Shed Blood","damage_taken":24,"max_hp_gain":5,"max_hp_loss":0,"event_name":"Forgotten Altar","floor":19,"gold_loss":0},{"cards_removed":["Defend_P"],"damage_healed":0,"gold_gain":0,"player_choice":"Elegance","damage_taken":0,"max_hp_gain":0,"max_hp_loss":0,"event_name":"Back to Basics","floor":22,"gold_loss":0},{"damage_healed":0,"gold_gain":0,"player_choice":"1 cards matched","damage_taken":0,"max_hp_gain":0,"max_hp_loss":0,"event_name":"Match and Keep!","floor":24,"gold_loss":0,"cards_obtained":["MentalFortress"]}],"is_beta":false,"boss_relics":[{"not_picked":["VioletLotus","HolyWater"],"picked":"aspiration:SecretTechniqueScroll"}],"items_purged_floors":[21,31],"is_endless":false,"potions_floor_spawned":[1,2,10,14,18],"killed_by":"Champ","ascension_level":20}}