{"host":"kw4o7b3ro2ktmmbe","time":1612659726,"event":{"mods":["BaseMod","Bossed Relics","Evolution","Minty Spire (QoL Compilation)","StSLib","The Druid"],"gold_per_floor":[119,119,142,112,137,137,162,162,185,209,384,152,152,172,172,300,300,319,393,149,169,20,20,33,33,33],"floor_reached":25,"language":"ENG","playtime":1834,"items_purged":["Doubt"],"score":244,"play_id":"045a2986-8894-4c0e-bfa3-6cb7a9a06e9c","local_time":"20210207140206","is_ascension_mode":true,"campfire_choices":[{"data":"theDruid:BriarArmor","floor":6.0,"key":"SMITH"},{"data":"theDruid:ApexPredator","floor":8.0,"key":"SMITH"},{"data":"theDruid:PrimalStrength","floor":15.0,"key":"SMITH"},{"data":"theDruid:Restoration","floor":23.0,"key":"SMITH"}],"circlet_count":0,"master_deck":["theDruid:Strike_O","theDruid:Strike_O","theDruid:Strike_O","theDruid:Strike_O","theDruid:Defend_O","theDruid:Defend_O","theDruid:Defend_O","theDruid:Defend_O","theDruid:BriarArmor+1","theDruid:WildSlash","CurseOfTheBell","theDruid:Resourcefulness","theDruid:Rummage","theDruid:ApexPredator+1","theDruid:PrimalStrength+1","theDruid:ThornStrike","theDruid:Restoration+1","theDruid:Fortitude+1","theDruid:ThornStrike+1","theDruid:InsectSwarm+1"],"relics":["EVO:Axolotl","Calling Bell","Akabeko","Meat on the Bone","Gambling Chip","Golden Idol","PreservedInsect","Happy Flower","SsserpentHead","Sozu","theDruid:TigersClaw","Ancient Tea Set"],"acts_visited":["Exordium","TheCity"],"potions_floor_usage":[25],"damage_taken":[{"damage":3.0,"enemies":"Jaw Worm","floor":1.0,"turns":4.0},{"damage":0.0,"enemies":"2 Louse","floor":3.0,"turns":3.0},{"damage":0.0,"enemies":"Cultist","floor":5.0,"turns":3.0},{"damage":1.0,"enemies":"Exordium Wildlife","floor":7.0,"turns":3.0},{"damage":8.0,"enemies":"Blue Slaver","floor":10.0,"turns":5.0},{"damage":17.0,"enemies":"Lots of Slimes","floor":14.0,"turns":3.0},{"damage":9.0,"enemies":"Slime Boss","floor":16.0,"turns":11.0},{"damage":12.0,"enemies":"Chosen","floor":18.0,"turns":4.0},{"damage":14.0,"enemies":"Spheric Guardian","floor":19.0,"turns":5.0},{"damage":4.0,"enemies":"Snecko","floor":21.0,"turns":5.0},{"damage":46.0,"enemies":"Shelled Parasite and Fungi","floor":24.0,"turns":6.0},{"damage":24,"enemies":"Book of Stabbing","floor":25,"turns":3}],"seed_played":"-142563160758733277","potions_obtained":[{"floor":3.0,"key":"Strength Potion"},{"floor":4.0,"key":"LiquidBronze"},{"floor":4.0,"key":"Strength Potion"},{"floor":5.0,"key":"AttackPotion"},{"floor":10.0,"key":"Block Potion"},{"floor":14.0,"key":"SteroidPotion"},{"floor":16.0,"key":"Energy Potion"}],"is_trial":false,"path_per_floor":["M","?","M","?","M","R","M","R","T","M","?","$","?","M","R","B",null,"M","M","$","M","$","R","M","E"],"character_chosen":"DRUID","items_purchased":["Happy Flower","theDruid:TigersClaw","Ancient Tea Set"],"campfire_rested":0,"item_purchase_floors":[12,20,22],"current_hp_per_floor":[72,54,54,54,54,54,53,53,53,45,45,45,45,40,40,43,67,55,41,41,49,49,49,15,0,0],"gold":33,"neow_bonus":"BOSS_RELIC","is_daily":false,"chose_seed":false,"campfire_upgraded":4,"win_rate":0.0,"timestamp":1612659726,"path_taken":["M","?","M","?","M","R","M","R","T","?","?","$","?","M","R","BOSS","M","?","$","M","$","R","M","E"],"items_purchased_type":["Relic","Relic","Relic"],"build_version":"2020-12-22","purchased_purges":1,"victory":false,"max_hp_per_floor":[75,75,75,75,75,75,75,75,75,75,75,75,75,75,75,75,75,75,75,75,75,75,75,75,75,75],"card_choices":[{"not_picked":["theDruid:ExposingSlash","theDruid:Moonbeam"],"picked":"theDruid:Resourcefulness","floor":1.0},{"not_picked":["theDruid:Swipe","theDruid:TwilightsCall","theDruid:Entangle"],"picked":"SKIP","floor":3.0},{"not_picked":["theDruid:BloodiedFur","theDruid:Swipe"],"picked":"theDruid:Rummage","floor":5.0},{"not_picked":["theDruid:FeralPlants","theDruid:Starburst"],"picked":"theDruid:ApexPredator","floor":7.0},{"not_picked":["theDruid:IronClaw","theDruid:Guidance"],"picked":"theDruid:PrimalStrength","floor":10.0},{"not_picked":["theDruid:RockSlide","theDruid:BloodiedFur"],"picked":"theDruid:ThornStrike","floor":14.0},{"not_picked":["theDruid:IronbarkArmor","theDruid:SerratedFlesh"],"picked":"theDruid:Restoration","floor":16.0},{"not_picked":["theDruid:ExposingSlash+1","theDruid:BristlingDefense"],"picked":"theDruid:Fortitude+1","floor":18.0},{"not_picked":["theDruid:AstralShield","theDruid:Starfall","theDruid:BloodiedFur"],"picked":"SKIP","floor":19.0},{"not_picked":["theDruid:PlagueClaw","theDruid:FeralPlants"],"picked":"theDruid:ThornStrike+1","floor":21.0},{"not_picked":["theDruid:TakeShelter","theDruid:Slingshot"],"picked":"theDruid:InsectSwarm+1","floor":24.0}],"player_experience":1907039,"relics_obtained":[{"floor":0.0,"key":"Akabeko"},{"floor":0.0,"key":"Meat on the Bone"},{"floor":0.0,"key":"Gambling Chip"},{"floor":9.0,"key":"PreservedInsect"}],"event_choices":[{"damage_healed":0.0,"max_hp_gain":0.0,"max_hp_loss":0.0,"gold_gain":0.0,"event_name":"Golden Idol","player_choice":"Take Damage","floor":2.0,"gold_loss":0.0,"damage_taken":18.0,"relics_obtained":["Golden Idol"]},{"damage_healed":0.0,"max_hp_gain":0.0,"max_hp_loss":0.0,"gold_gain":0.0,"event_name":"The Woman in Blue","player_choice":"Bought 2 Potions","floor":4.0,"gold_loss":0.0,"damage_taken":0.0},{"damage_healed":0.0,"max_hp_gain":0.0,"max_hp_loss":0.0,"gold_gain":175.0,"event_name":"Liars Game","player_choice":"AGREE","floor":11.0,"gold_loss":0.0,"damage_taken":0.0,"cards_obtained":["Doubt"]},{"damage_healed":0.0,"max_hp_gain":0.0,"max_hp_loss":0.0,"gold_gain":0.0,"event_name":"FaceTrader","player_choice":"Trade","floor":13.0,"gold_loss":0.0,"damage_taken":0.0,"relics_obtained":["SsserpentHead"]}],"is_beta":false,"boss_relics":[{"not_picked":["Fusion Hammer","Black Star"],"picked":"Sozu"}],"items_purged_floors":[12],"is_endless":false,"potions_floor_spawned":[3,5,10,14,16,18,21],"killed_by":"Book of Stabbing","ascension_level":5}}