{"host":"kvq1t47bkvtg8ho9","time":1612736600,"event":{"mods":["Aspiration","Bard","BaseMod","Beaked The Cultist","Better Sensory Stone","Better Third Choice","BetterRewards","Bossed Relics","Clockwork Mod","Colored Map","Conspire","Downfall","Energized Spire","Friendly Minions","Hermit","HexUI Lib","Highlight Path","Hubris","Infinite Spire","JesterMod","Minty Spire (QoL Compilation)","READ ME - Guardian Mod","Relic Stats","Reliquary","Shade Mod","Somnambulant","Spire Arcade","StSLib","The Bladedancer","The Bug Knight","The Cursed","The Death Knight","The Disciple","The Forsaken","The Jungle","The Marked","The Necromancer","The Runesmith"],"gold_per_floor":[116,116,131,141,157,191,255,299,311,323,335,375,399,428,440,555,567,591,618,646,658,689,701,724,786,822,834,856,868,880,910,922,1137,1149,1179,1191,1203,1229,1241,1286,1298,1310,1322,303,353,353,364,395,395,395,395],"floor_reached":50,"language":"ENG","playtime":4678,"items_purged":["Shade:Strike_Shade","infinitespire:Pacifist"],"score":1036,"play_id":"e21638a8-62ed-4fdc-be8d-25e3ca109862","local_time":"20210207172320","is_ascension_mode":true,"campfire_choices":[{"data":"Apotheosis","floor":11.0,"key":"SMITH"},{"floor":15.0,"key":"REST"},{"data":"Discovery","floor":23.0,"key":"SMITH"},{"floor":30.0,"key":"REST"},{"floor":32.0,"key":"REST"},{"floor":42.0,"key":"REST"},{"floor":46.0,"key":"REST"},{"floor":49,"key":"REST"}],"circlet_count":0,"master_deck":["Shade:Strike_Shade","Shade:Strike_Shade","Shade:Defend_Shade","Shade:Defend_Shade","Shade:Defend_Shade","Shade:Defend_Shade","Shade:AnimateDead","Shade:CarefulCut","Apotheosis+1","Discovery+1","Shade:Premonition","Shade:TouchOfTheGrave","Shade:PressTheAttack","Shade:OminousRitual","Shade:SoulToxin","Shade:FuneraryArmor","Shade:GraveStillness","infinitespire:TheBestDefense","Shade:Bonestorm","Shade:GraveStillness","Shade:Brains","Shade:Carnophage","Shade:FuneraryJewels","Shade:WallOfFlesh","Shade:CommandSoldier","Shade:UnbarTheGrave","Shade:SkeletonHug","Shade:SkeletonHug+1","Shade:OfferingToTheBeyond","infinitespire:FutureSight","infinitespire:NeuralNetwork","Shade:SanguineRitual","Shade:FingerOfDeath+1","Shade:GreaterAnimation","Shade:CommandSoldier+1","Shade:AuraOfUnlife+1","Shade:Premonition+1","Shade:Excise","Shade:ClawBack","Shade:Frenzy+1","Shade:OminousRitual","Shade:Strike_Shade","Shade:Strike_Shade","Shade:Defend_Shade","Shade:Defend_Shade","Shade:Defend_Shade","Shade:Defend_Shade","Shade:AnimateDead","Shade:CarefulCut","Apotheosis+1","Discovery+1","Shade:Premonition","Shade:TouchOfTheGrave","Shade:PressTheAttack","Shade:OminousRitual","Shade:SoulToxin","Shade:FuneraryArmor","Shade:GraveStillness","infinitespire:TheBestDefense","Shade:Bonestorm","Shade:GraveStillness","Shade:Brains","Shade:Carnophage","Shade:FuneraryJewels","Shade:WallOfFlesh","Shade:CommandSoldier","Shade:UnbarTheGrave","Shade:SkeletonHug","Shade:SkeletonHug+1","Shade:OfferingToTheBeyond","infinitespire:FutureSight","infinitespire:NeuralNetwork","Shade:SanguineRitual","Shade:FingerOfDeath+1","Shade:GreaterAnimation","Shade:CommandSoldier+1","Shade:AuraOfUnlife+1","Shade:Premonition+1","Shade:Excise","Shade:ClawBack","Shade:Frenzy+1","Shade:OminousRitual","Shade:ClawBack+1","Shade:Carnophage","Shade:Frenzy+1","Mind Blast","Secret Technique","Shade:UnbarTheGrave","Shade:PoundOfFlesh","Shade:Brains","Shade:Asphyxiate","Shade:PotionOfRestlessness+1","Shade:SkeletonArmy","Shade:ClawBack+1"],"relics":["Shade:YorickPolishedSkull","infinitespire:FocusingShard","reliquary:BallBearing","reliquary:Bookmark","hubris:MedicalManual","hubris:VirtuousBlindfold","reliquary:PartyBalloon","reliquary:WeakTea","MawBank","reliquary:Sideboard","infinitespire:Lychee Nut","aspiration:HiddenCompartment","SlaversCollar","Lee\u0027s Waffle","Dream Catcher","hubris:Icosahedron","theJungle:BirthdayCakeSlice","hubris:DeckOfHolding","reliquary:HotPoker","reliquary:NewFriend","Ancient Tea Set","Mango","Darkstone Periapt"],"acts_visited":["Exordium","theJungle:Jungle","TheBeyond"],"potions_floor_usage":[50],"damage_taken":[{"damage":0.0,"enemies":"2 Louse","floor":1.0,"turns":3.0},{"damage":0.0,"enemies":"Jaw Worm","floor":3.0,"turns":5.0},{"damage":0.0,"enemies":"Small Slimes","floor":4.0,"turns":4.0},{"damage":6.0,"enemies":"Exordium Wildlife","floor":5.0,"turns":8.0},{"damage":2.0,"enemies":"HollowMod:MossKnight","floor":6.0,"turns":8.0},{"damage":1.0,"enemies":"Lagavulin Event","floor":7.0,"turns":5.0},{"damage":0.0,"enemies":"3 Sentries","floor":8.0,"turns":7.0},{"damage":0.0,"enemies":"Nightmare","floor":12.0,"turns":10.0},{"damage":0.0,"enemies":"3 Louse","floor":13.0,"turns":3.0},{"damage":14.0,"enemies":"Gremlin Gang","floor":14.0,"turns":4.0},{"damage":0.0,"enemies":"Slime Boss","floor":16.0,"turns":8.0},{"damage":0.0,"enemies":"theJungle:MUSHROOMGANG","floor":18.0,"turns":5.0},{"damage":0.0,"enemies":"theJungle:5_Spyders","floor":19.0,"turns":12.0},{"damage":3.0,"enemies":"theJungle:Lyon","floor":20.0,"turns":5.0},{"damage":0.0,"enemies":"theJungle:2_Flameangoes","floor":22.0,"turns":4.0},{"damage":6.0,"enemies":"theJungle:2_Snecko_Cultists","floor":24.0,"turns":5.0},{"damage":10.0,"enemies":"theJungle:JungleHuntersEncounter","floor":28.0,"turns":5.0},{"damage":22.0,"enemies":"Snake Plant","floor":31.0,"turns":4.0},{"damage":3.0,"enemies":"theJungle:FunGuy","floor":33.0,"turns":10.0},{"damage":13.0,"enemies":"3 Darklings","floor":35.0,"turns":4.0},{"damage":6.0,"enemies":"3 Shapes","floor":38.0,"turns":3.0},{"damage":35.0,"enemies":"Nightmare","floor":40.0,"turns":8.0},{"damage":5.0,"enemies":"Mind Bloom Boss Battle","floor":45.0,"turns":4.0},{"damage":10.0,"enemies":"3 Darklings","floor":47.0,"turns":4.0},{"damage":75,"enemies":"Reptomancer","floor":48,"turns":6},{"damage":58,"enemies":"conspire:OrnateMirror","floor":50,"turns":1}],"seed_played":"-6482511331097534586","potions_obtained":[{"floor":3.0,"key":"LiquidBronze"},{"floor":5.0,"key":"SteroidPotion"},{"floor":6.0,"key":"Dexterity Potion"},{"floor":13.0,"key":"Weak Potion"},{"floor":14.0,"key":"FairyPotion"},{"floor":33.0,"key":"SpeedPotion"},{"floor":48,"key":"CultistPotion"}],"is_trial":false,"path_per_floor":["M","?","M","M","M","E","?","E","T","?","R","NM","M","M","R","B",null,"M","M","M","AVR","M","R","M","?","T","?","M","?","R","M","R","B",null,"M","?","?","M","?","NM","?","R","T","$","?","R","M","E","R","B"],"character_chosen":"SHADE","items_purchased":["Apotheosis","infinitespire:FocusingShard","reliquary:BallBearing","reliquary:Bookmark","Discovery","Shade:Premonition","Shade:TouchOfTheGrave","Shade:PressTheAttack","Shade:OminousRitual","Shade:SoulToxin","reliquary:NewFriend","Ancient Tea Set","Mind Blast","Secret Technique","Shade:UnbarTheGrave","Shade:PoundOfFlesh","Shade:Brains","Shade:Asphyxiate"],"campfire_rested":6,"item_purchase_floors":[0,0,0,0,0,0,0,0,0,0,44,44,44,44,44,44,44,44],"current_hp_per_floor":[65,49,49,49,43,41,40,40,40,40,40,46,48,34,48,48,48,48,48,45,55,55,55,49,42,42,42,38,43,60,41,59,57,60,48,48,48,47,47,26,26,44,44,44,59,74,67,22,44,0,0],"gold":395,"neow_bonus":"","is_daily":false,"chose_seed":false,"campfire_upgraded":2,"win_rate":0.0,"timestamp":1612736600,"path_taken":["M","?","M","M","M","E","?","E","T","?","R","NM","M","M","R","BOSS","M","M","M","AVR","M","R","M","?","T","?","M","?","R","M","R","BOSS","M","?","?","?","?","NM","?","R","T","?","?","R","M","E","R","BOSS"],"items_purchased_type":["Card","Relic","Relic","Relic","Card","Card","Card","Card","Card","Card","Relic","Relic","Card","Card","Card","Card","Card","Card"],"build_version":"2020-12-22","purchased_purges":2,"victory":false,"max_hp_per_floor":[65,65,65,65,65,65,65,65,48,48,48,48,48,48,48,48,48,48,48,48,55,55,55,55,55,55,55,55,60,60,60,60,60,60,60,60,60,60,60,60,60,60,60,60,74,74,74,74,74,74,74],"relic_stats":{"Darkstone Periapt":30,"Lee\u0027s Waffle":10,"Dream Catcher":5,"counters":[136,517],"MawBank":528,"obtain_stats":[{"hubris:MysteriousPyramids":118,"aspiration:RitualStick":126,"infinitespire:ShieldingShard":27,"theJungle:BirthdayCakeSlice":29,"hubris:DeckOfHolding":53,"Kunai":7,"HollowMod:PaleOreRelic":112,"aspiration:DSix":0,"Pear":10,"hubris:SphereOfDissonance":89,"Shade:YorickPolishedSkull":51,"Pen Nib":44,"Guardian:PocketSentry":156,"reliquary:WeakTea":6,"energizedSpire:StickyHand":34,"reliquary:Bookmark":0,"SlaversCollar":17,"infinitespire:Lychee Nut":9,"MutagenicStrength":19,"infinitespire:PuzzleCube":104,"hubris:Reverence":14,"Regal Pillow":94,"Torii":74,"Bag of Preparation":91,"Ancient Tea Set":44,"hubris:BlackHole":102,"hubris:ScarierMask":17,"reliquary:NewFriend":44,"hubris:CuriousFeather":6,"aspiration:FutureDiary":68,"aspiration:VileToxins":146,"Lee\u0027s Waffle":21,"hubris:64BitClover":48,"Golden Idol":61,"Guardian:GemstoneGun":6,"conspire:RunicOctahedron":85,"The Courier":99,"Omamori":80,"infinitespire:Lucky Rock":59,"infinitespire:CheckeredPen":86,"Frozen Egg 2":36,"hubris:Towel":73,"MawBank":148,"Art of War":46,"Runesmith:AutoHammer":14,"conspire:DeflatedDodgeball":12,"Toy Ornithopter":23,"hubris:BottledRain":60,"Gremlin Horn":44,"reliquary:PartyBalloon":0,"hubris:VirtuousBlindfold":17,"Vajra":115,"HollowMod:StagPassRelic":57,"Lizard Tail":128,"aspiration:MobileForge":119,"aspiration:ArtOfWarUpgrade":83,"Toxic Egg 2":4,"hubris:Teleporter":123,"reliquary:Sideboard":8,"Astrolabe":136,"Oddly Smooth Stone":76,"energizedSpire:OgreHead":53,"Letter Opener":129,"aspiration:HiddenCompartment":12,"conspire:GiftBox":43,"aspiration:EmptySkull":0,"Shuriken":64,"Molten Egg 2":131,"reliquary:BallBearing":0,"infinitespire:EmpoweringShard":43,"Darkstone Periapt":9,"bronze:BronzeCore":0,"Shade:YorickSkull":0,"SacredBark":34,"theForsaken:Lifeblossom":25,"Mango":77,"conspire:SpecialSausage":153,"Incense Burner":99,"Juzu Bracelet":142,"theForsaken:Gavel":26,"aspiration:StickyExplosives_weak":95,"Frozen Eye":70,"Nunchaku":29,"Dream Catcher":26,"reliquary:HotPoker":43,"hubris:Icosahedron":24,"theForsaken:Kindling":139,"Pantograph":106,"Tiny Chest":26,"Red Mask":37,"infinitespire:FocusingShard":0,"hubris:MedicalManual":0,"Orichalcum":69,"Mercury Hourglass":40,"Calling Bell":99,"infinitespire:WardingShard":23,"infinitespire:Satchel":9,"Bag of Marbles":111,"Membership Card":0},{"hubris:MysteriousPyramids":93,"aspiration:RitualStick":96,"infinitespire:ShieldingShard":48,"theJungle:BirthdayCakeSlice":127,"hubris:DeckOfHolding":61,"Kunai":3,"HollowMod:PaleOreRelic":88,"aspiration:DSix":35,"Pear":5,"hubris:SphereOfDissonance":79,"Shade:YorickPolishedSkull":60,"Pen Nib":31,"Guardian:PocketSentry":109,"reliquary:WeakTea":115,"energizedSpire:StickyHand":52,"reliquary:Bookmark":110,"SlaversCollar":121,"infinitespire:Lychee Nut":117,"MutagenicStrength":19,"infinitespire:PuzzleCube":85,"hubris:Reverence":42,"Regal Pillow":80,"Torii":72,"Bag of Preparation":79,"Ancient Tea Set":132,"hubris:BlackHole":83,"hubris:ScarierMask":43,"reliquary:NewFriend":132,"hubris:CuriousFeather":39,"aspiration:FutureDiary":68,"aspiration:VileToxins":105,"Lee\u0027s Waffle":124,"hubris:64BitClover":59,"Golden Idol":66,"Guardian:GemstoneGun":14,"conspire:RunicOctahedron":77,"The Courier":82,"Omamori":74,"infinitespire:Lucky Rock":66,"infinitespire:CheckeredPen":78,"Frozen Egg 2":28,"hubris:Towel":71,"MawBank":106,"Art of War":59,"Runesmith:AutoHammer":17,"conspire:DeflatedDodgeball":15,"Toy Ornithopter":47,"hubris:BottledRain":66,"Gremlin Horn":58,"reliquary:PartyBalloon":110,"hubris:VirtuousBlindfold":18,"Vajra":91,"HollowMod:StagPassRelic":64,"Lizard Tail":96,"aspiration:MobileForge":93,"aspiration:ArtOfWarUpgrade":76,"Toxic Egg 2":37,"hubris:Teleporter":95,"reliquary:Sideboard":117,"Astrolabe":100,"Oddly Smooth Stone":73,"energizedSpire:OgreHead":61,"Letter Opener":97,"aspiration:HiddenCompartment":118,"conspire:GiftBox":31,"aspiration:EmptySkull":9,"Shuriken":67,"Molten Egg 2":98,"reliquary:BallBearing":110,"infinitespire:EmpoweringShard":57,"Darkstone Periapt":39,"bronze:BronzeCore":0,"Shade:YorickSkull":0,"SacredBark":27,"theForsaken:Lifeblossom":23,"Mango":73,"conspire:SpecialSausage":108,"Incense Burner":82,"Juzu Bracelet":104,"theForsaken:Gavel":47,"aspiration:StickyExplosives_weak":80,"Frozen Eye":69,"Nunchaku":24,"Dream Catcher":126,"reliquary:HotPoker":132,"hubris:Icosahedron":47,"theForsaken:Kindling":102,"Pantograph":85,"Tiny Chest":23,"Red Mask":28,"infinitespire:FocusingShard":110,"hubris:MedicalManual":110,"Orichalcum":69,"Mercury Hourglass":56,"Calling Bell":82,"infinitespire:WardingShard":22,"infinitespire:Satchel":14,"Bag of Marbles":88,"Membership Card":9},{"hubris:MysteriousPyramids":337,"aspiration:RitualStick":340,"infinitespire:ShieldingShard":207,"theJungle:BirthdayCakeSlice":475,"hubris:DeckOfHolding":261,"Kunai":10,"HollowMod:PaleOreRelic":331,"aspiration:DSix":159,"Pear":18,"hubris:SphereOfDissonance":310,"Shade:YorickPolishedSkull":259,"Pen Nib":138,"Guardian:PocketSentry":371,"reliquary:WeakTea":404,"energizedSpire:StickyHand":224,"reliquary:Bookmark":376,"SlaversCollar":441,"infinitespire:Lychee Nut":416,"MutagenicStrength":92,"infinitespire:PuzzleCube":326,"hubris:Reverence":183,"Regal Pillow":311,"Torii":294,"Bag of Preparation":310,"Ancient Tea Set":502,"hubris:BlackHole":323,"hubris:ScarierMask":190,"reliquary:NewFriend":502,"hubris:CuriousFeather":174,"aspiration:FutureDiary":282,"aspiration:VileToxins":352,"Lee\u0027s Waffle":462,"hubris:64BitClover":249,"Golden Idol":274,"Guardian:GemstoneGun":65,"conspire:RunicOctahedron":308,"The Courier":317,"Omamori":300,"infinitespire:Lucky Rock":274,"infinitespire:CheckeredPen":309,"Frozen Egg 2":126,"hubris:Towel":290,"MawBank":355,"Art of War":249,"Runesmith:AutoHammer":79,"conspire:DeflatedDodgeball":69,"Toy Ornithopter":204,"hubris:BottledRain":274,"Gremlin Horn":247,"reliquary:PartyBalloon":376,"hubris:VirtuousBlindfold":88,"Vajra":334,"HollowMod:StagPassRelic":267,"Lizard Tail":340,"aspiration:MobileForge":337,"aspiration:ArtOfWarUpgrade":304,"Toxic Egg 2":164,"hubris:Teleporter":339,"reliquary:Sideboard":416,"Astrolabe":345,"Oddly Smooth Stone":297,"energizedSpire:OgreHead":261,"Letter Opener":341,"aspiration:HiddenCompartment":426,"conspire:GiftBox":138,"aspiration:EmptySkull":39,"Shuriken":277,"Molten Egg 2":342,"reliquary:BallBearing":376,"infinitespire:EmpoweringShard":242,"Darkstone Periapt":174,"bronze:BronzeCore":0,"Shade:YorickSkull":0,"SacredBark":122,"theForsaken:Lifeblossom":105,"Mango":297,"conspire:SpecialSausage":370,"Incense Burner":317,"Juzu Bracelet":351,"theForsaken:Gavel":204,"aspiration:StickyExplosives_weak":311,"Frozen Eye":285,"Nunchaku":108,"Dream Catcher":470,"reliquary:HotPoker":502,"hubris:Icosahedron":204,"theForsaken:Kindling":347,"Pantograph":326,"Tiny Chest":105,"Red Mask":126,"infinitespire:FocusingShard":376,"hubris:MedicalManual":376,"Orichalcum":285,"Mercury Hourglass":239,"Calling Bell":317,"infinitespire:WardingShard":102,"infinitespire:Satchel":65,"Bag of Marbles":331,"Membership Card":39}]},"card_choices":[{"not_picked":["Shade:Frenzy","Shade:ScuttlingHand"],"picked":"Shade:GraveStillness","floor":1.0},{"not_picked":["infinitespire:FinalStrike","infinitespire:Fortify"],"picked":"infinitespire:TheBestDefense","floor":2.0},{"not_picked":["Shade:CoffinDance","Shade:Premonition"],"picked":"Shade:Bonestorm","floor":3.0},{"not_picked":["Shade:ExtraLimbs","Shade:Awaken"],"picked":"Shade:GraveStillness","floor":4.0},{"not_picked":["Shade:Patience","Shade:BoneShards"],"picked":"Shade:Brains","floor":5.0},{"not_picked":["Shade:FeralStrike","Shade:DarkOfNight"],"picked":"Shade:Carnophage","floor":6.0},{"not_picked":["Shade:Premonition","Shade:FingerOfDeath"],"picked":"Shade:FuneraryJewels","floor":7.0},{"not_picked":["Shade:BoneShards","Shade:RitualOffering"],"picked":"Shade:WallOfFlesh","floor":8.0},{"not_picked":["Shade:FuneraryJewels","Shade:SpectralStrikes"],"picked":"Shade:UnbarTheGrave","floor":12.0},{"not_picked":["Shade:Asphyxiate","Shade:Trample"],"picked":"Shade:CommandSoldier","floor":13.0},{"not_picked":["Shade:Haruspicy","Shade:ScuttlingHand"],"picked":"Shade:SkeletonHug","floor":14.0},{"not_picked":["Shade:MadHubris","Shade:UnbarTheGrave"],"picked":"Shade:OfferingToTheBeyond","floor":16.0},{"not_picked":["Shade:FuneraryArmor","Shade:FleshToFlesh"],"picked":"Shade:SkeletonHug+1","floor":18.0},{"not_picked":["Shade:BoneShards","Shade:PoundOfFlesh"],"picked":"Shade:SanguineRitual","floor":19.0},{"not_picked":["Shade:Excise","Shade:FleshLikeOak"],"picked":"Shade:AuraOfUnlife+1","floor":20.0},{"not_picked":["Shade:BoneShards+1","Shade:ScuttlingHand"],"picked":"Shade:FingerOfDeath+1","floor":22.0},{"not_picked":["Shade:Frenzy","Shade:FleshToFlesh"],"picked":"Shade:GreaterAnimation","floor":24.0},{"not_picked":["Shade:SanguineRitual+1","Shade:GreyBargain"],"picked":"Shade:CommandSoldier+1","floor":28.0},{"not_picked":["Shade:AblativeArmor+1","Shade:GreyBargain"],"picked":"Shade:ClawBack","floor":30.0},{"not_picked":["Shade:FingerOfDeath","Shade:Frenzy"],"picked":"Shade:Excise","floor":31.0},{"not_picked":["Shade:FuneraryArmor","Shade:Trample"],"picked":"Shade:Premonition+1","floor":32.0},{"not_picked":["Shade:SelfBurial","Shade:DarkOfNight"],"picked":"Shade:OminousRitual","floor":33.0},{"not_picked":["Shade:GoDigging+1","Shade:SkeletonHug+1"],"picked":"Shade:Frenzy+1","floor":35.0},{"not_picked":["Shade:FreshBones","Shade:Trample+1"],"picked":"Shade:Carnophage","floor":38.0},{"not_picked":["Shade:Carnophage","Shade:Excise"],"picked":"Shade:ClawBack+1","floor":40.0},{"not_picked":["Shade:WallOfFlesh+1","Shade:Tombstone"],"picked":"Shade:Frenzy+1","floor":42.0},{"not_picked":["Shade:FeralStrike","Shade:Trample"],"picked":"Shade:SkeletonArmy","floor":45.0},{"not_picked":["Shade:StitchTogether","Shade:ExtraLimbs+1"],"picked":"Shade:PotionOfRestlessness+1","floor":46.0},{"not_picked":["Shade:CommandSoldier","Shade:Bite_Shade+1"],"picked":"Shade:ClawBack+1","floor":47},{"not_picked":["Shade:FingerOfDeath+1","Shade:AblativeArmor"],"picked":"Shade:FleshOffering","floor":48},{"not_picked":["Shade:FreshBones","Shade:RavenousHorde"],"picked":"Shade:OminousRitual","floor":49}],"player_experience":820974,"relics_obtained":[{"floor":6.0,"key":"reliquary:WeakTea"},{"floor":7.0,"key":"MawBank"},{"floor":8.0,"key":"reliquary:Sideboard"},{"floor":9.0,"key":"infinitespire:Lychee Nut"},{"floor":12.0,"key":"aspiration:HiddenCompartment"},{"floor":26.0,"key":"Dream Catcher"},{"floor":40.0,"key":"hubris:DeckOfHolding"},{"floor":43.0,"key":"reliquary:HotPoker"},{"floor":45.0,"key":"Mango"},{"floor":48,"key":"Darkstone Periapt"}],"event_choices":[{"damage_healed":0.0,"max_hp_gain":0.0,"max_hp_loss":0.0,"gold_gain":30.0,"event_name":"Dead Adventurer","player_choice":"Searched \u00272\u0027 times","floor":7.0,"gold_loss":0.0,"damage_taken":0.0},{"damage_healed":0.0,"max_hp_gain":0.0,"max_hp_loss":0.0,"gold_gain":0.0,"event_name":"conspire:Investor","player_choice":"Leave","floor":10.0,"gold_loss":0.0,"damage_taken":0.0},{"cards_removed":["Shade:Strike_Shade"],"damage_healed":0.0,"max_hp_gain":0.0,"max_hp_loss":0.0,"gold_gain":0.0,"event_name":"Falling","player_choice":"Removed Attack","floor":36.0,"gold_loss":0.0,"damage_taken":0.0},{"damage_healed":0.0,"max_hp_gain":0.0,"max_hp_loss":0.0,"gold_gain":0.0,"event_name":"The Moai Head","player_choice":"Ignored","floor":41.0,"gold_loss":0.0,"damage_taken":0.0},{"damage_healed":0.0,"max_hp_gain":0.0,"max_hp_loss":0.0,"gold_gain":0.0,"event_name":"MindBloom","player_choice":"Fight","floor":45.0,"gold_loss":0.0,"damage_taken":0.0}],"is_beta":false,"boss_relics":[{"not_picked":["Coffee Dripper","beaked:MawFillet"],"picked":"SlaversCollar"},{"not_picked":["reliquary:KinkedSpring","hubris:Backtick"],"picked":"Shade:YorickPolishedSkull"}],"items_purged_floors":[0,21],"is_endless":true,"potions_floor_spawned":[3,5,6,13,14,16,20,24,33,48],"killed_by":"conspire:OrnateMirror","ascension_level":1}}