{"host":"nwd160me4iqdtr8u","time":1612738114,"event":{"mods":["AchievementEnabler","Act Like it!","BaseMod","Colored Map","DeckTracker","Hallownest","Keyboard Shortcuts","Minty Spire (QoL Compilation)","Quick Restart","Rare Cards Sparkle","Smile Girya","StSLib","SuperFastMode","The Bug Knight","everything is the same but u backflip on backflip"],"gold_per_floor":[114,132,147,163,163,196,212,246,293,293,293,303,336,353,353,452,452,470,490,490,503,195,222,273,290,290,290,304,58,58,84,84,189,189,199,211,56,56,56,56,81,101,127,147,147,22,51,70,70,70],"floor_reached":51,"language":"KOR","playtime":4116,"items_purged":["Clumsy","HollowMod:FocusHealStart","HollowMod:NailStrikeStart"],"score":900,"play_id":"e2a49ffc-b064-43aa-a9a6-b330e3f57154","local_time":"20210208074834","is_ascension_mode":true,"campfire_choices":[{"data":"HollowMod:MonarchWings","floor":10.0,"key":"SMITH"},{"data":"HollowMod:DungDefenderAura","floor":15.0,"key":"SMITH"},{"data":"HollowMod:VoidDash","floor":27.0,"key":"SMITH"},{"data":"HollowMod:MothsMistake","floor":30.0,"key":"SMITH"},{"data":"HollowMod:SoulSplash","floor":32.0,"key":"SMITH"},{"data":"HollowMod:HuntersJournal","floor":40,"key":"SMITH"},{"data":"HollowMod:MawleksShell","floor":45,"key":"SMITH"},{"data":"HollowMod:GreatSlash","floor":49,"key":"SMITH"}],"circlet_count":0,"master_deck":["HollowMod:NailStrikeStart","HollowMod:NailStrikeStart","HollowMod:QuickDashStart","HollowMod:QuickDashStart","HollowMod:QuickDashStart","HollowMod:QuickDashStart","HollowMod:PogoStrike+1","HollowMod:CornifersMapStart","HollowMod:SoulSplash+1","HollowMod:CycloneSlash","HollowMod:CloakDash","HollowMod:HuntersJournal+1","HollowMod:MonarchWings+1","HollowMod:DashSlash","HollowMod:DungDefenderAura+1","HollowMod:MothsMistake+1","HollowMod:GreatSlash+1","HollowMod:VoidDash+1","HollowMod:QuirrelsAssistance+1","HollowMod:SiblingsSouls+1","HollowMod:MonarchWings+1","HollowMod:MawleksShell+1","HollowMod:NewGlowingWomb+1"],"relics":["HollowMod:KingsSoulRelic","Hallownest:DreamNailRelic","MealTicket","HollowMod:PaleOreRelic","HollowMod:KingsBrand","Pantograph","Busted Crown","Sundial","Bag of Marbles","Whetstone","Calipers","ClockworkSouvenir","Mummified Hand","DollysMirror","Nunchaku","Ancient Tea Set","Vajra"],"acts_visited":["Hallownest:Greenpath","Hallownest:CityofTears","Hallownest:KingdomsEdge"],"potions_floor_usage":[50,50],"damage_taken":[{"damage":0.0,"enemies":"Hallownest:2_Baldur","floor":1.0,"turns":4.0},{"damage":2.0,"enemies":"Hallownest:monsterHuskGuard","floor":2.0,"turns":3.0},{"damage":0.0,"enemies":"Hallownest:2_MossCreeps","floor":3.0,"turns":4.0},{"damage":0.0,"enemies":"Hallownest:Wandering_and_Horned","floor":4.0,"turns":4.0},{"damage":6.0,"enemies":"Hallownest:eliteVengeflyKing","floor":6.0,"turns":6.0},{"damage":2.0,"enemies":"Hallownest:monsterMossCharger","floor":7.0,"turns":4.0},{"damage":9.0,"enemies":"Hallownest:eliteMossKnight","floor":8.0,"turns":11.0},{"damage":0.0,"enemies":"Hallownest:MossCreep_and_Mosskin","floor":12.0,"turns":4.0},{"damage":17.0,"enemies":"Hallownest:eliteCrystalGuardian","floor":13.0,"turns":4.0},{"damage":0.0,"enemies":"Hallownest:Wandering_and_Horned","floor":14.0,"turns":5.0},{"damage":67.0,"enemies":"Hallownest:BossHornet","floor":16.0,"turns":11.0},{"damage":0.0,"enemies":"Hallownest:3_Youths","floor":18.0,"turns":5.0},{"damage":0.0,"enemies":"Hallownest:Flukemon_and_Top","floor":19.0,"turns":5.0},{"damage":16.0,"enemies":"Hallownest:monsterShrumalOgre","floor":21.0,"turns":6.0},{"damage":10.0,"enemies":"Hallownest:eliteSoulWarrior","floor":23.0,"turns":7.0},{"damage":10.0,"enemies":"Hallownest:Glutton_and_Coward","floor":24.0,"turns":3.0},{"damage":8.0,"enemies":"Hallownest:Master_and_Novice","floor":25.0,"turns":5.0},{"damage":16.0,"enemies":"Hallownest:3_Mistakes","floor":28.0,"turns":7.0},{"damage":14.0,"enemies":"Hallownest:eliteWatcherKnight","floor":31.0,"turns":11.0},{"damage":45.0,"enemies":"Hallownest:BossGrimm","floor":33.0,"turns":9.0},{"damage":24,"enemies":"Hallownest:3_Siblings","floor":35,"turns":9},{"damage":0,"enemies":"Hallownest:Shield_Heavy","floor":36,"turns":5},{"damage":0,"enemies":"Hallownest:eliteCollector","floor":41,"turns":8},{"damage":17,"enemies":"Hallownest:2_Wandering_and_1_Horned","floor":42,"turns":8},{"damage":6,"enemies":"Hallownest:2_Great","floor":44,"turns":6},{"damage":21,"enemies":"Hallownest:StalkingDevout","floor":47,"turns":8},{"damage":0,"enemies":"Hallownest:monsterPrimalAspid","floor":48,"turns":4},{"damage":8,"enemies":"Hallownest:Radiance","floor":50,"turns":21}],"seed_played":"5801703819699943068","potions_obtained":[{"floor":1.0,"key":"ColorlessPotion"},{"floor":4.0,"key":"BlessingOfTheForge"},{"floor":6.0,"key":"ColorlessPotion"},{"floor":14.0,"key":"LiquidBronze"},{"floor":18.0,"key":"BlessingOfTheForge"},{"floor":19.0,"key":"SteroidPotion"},{"floor":24.0,"key":"SteroidPotion"},{"floor":31.0,"key":"Explosive Potion"},{"floor":33.0,"key":"Regen Potion"},{"floor":41,"key":"Energy Potion"},{"floor":48,"key":"SteroidPotion"}],"is_trial":false,"path_per_floor":["M","M","M","M","?","E","M","E","T","R","?","M","E","M","R","B",null,"M","M","?","M","$","E","M","M","T","R","M","$","R","E","R","B",null,"M","M","$","?","?","R","E","M","T","M","R","$","E","M","R","B",null],"character_chosen":"THE_BUGKNIGHT","items_purchased":["Bag of Marbles","HollowMod:QuirrelsAssistance","ClockworkSouvenir","DollysMirror"],"campfire_rested":0,"item_purchase_floors":[22,22,29,37],"current_hp_per_floor":[75,73,73,73,73,73,71,72,72,72,72,72,55,61,61,8,58,58,58,58,48,63,63,53,45,45,45,29,44,44,30,30,10,59,35,35,50,50,65,65,65,48,48,42,42,57,36,36,36,67],"gold":70,"neow_bonus":"TRANSFORM_CARD","is_daily":false,"chose_seed":false,"campfire_upgraded":8,"win_rate":0.0,"timestamp":1612738114,"path_taken":["M","M","M","?","?","E","?","E","T","R","?","M","E","M","R","BOSS","M","M","?","M","$","E","M","?","T","R","M","$","R","E","R","BOSS","M","M","$","?","?","R","E","M","T","?","R","?","E","M","R","BOSS"],"items_purchased_type":["Relic","Card","Relic","Relic"],"build_version":"2020-12-22","purchased_purges":3,"victory":true,"max_hp_per_floor":[75,75,75,75,75,75,75,75,75,75,75,75,75,75,75,75,75,75,75,75,75,75,75,75,75,75,75,75,75,75,75,75,75,75,75,75,75,75,75,75,75,75,75,75,75,75,75,75,75,75],"card_choices":[{"not_picked":["HollowMod:SharpenedShadows","HollowMod:SiblingsSouls"],"picked":"HollowMod:SoulSplash","floor":1.0},{"not_picked":["HollowMod:BaldurShell","HollowMod:ShadowDash"],"picked":"HollowMod:CycloneSlash","floor":2.0},{"not_picked":["HollowMod:BrokenVessel","HollowMod:SoulStrike"],"picked":"HollowMod:CloakDash","floor":3.0},{"not_picked":["HollowMod:GrimmsGift","HollowMod:DoubleDash"],"picked":"HollowMod:HuntersJournal","floor":4.0},{"not_picked":["HollowMod:TaintedHusks","HollowMod:DescendingDark"],"picked":"HollowMod:MonarchWings","floor":6.0},{"not_picked":["HollowMod:SiblingsShadow","HollowMod:GrimmsGift"],"picked":"HollowMod:DashSlash","floor":7.0},{"not_picked":["HollowMod:MothsMistake","HollowMod:InfectedCysts"],"picked":"HollowMod:DungDefenderAura","floor":8.0},{"not_picked":["HollowMod:NewGlowingWomb","HollowMod:InfectedAttack"],"picked":"HollowMod:MothsMistake","floor":12.0},{"not_picked":["HollowMod:TaintedHusks","HollowMod:VengefulVoid"],"picked":"HollowMod:GreatSlash","floor":13.0},{"not_picked":["HollowMod:CycloneSlash","HollowMod:InfectedAttack","HollowMod:ShadowDash"],"picked":"SKIP","floor":14.0},{"not_picked":["HollowMod:RadiancesLament","HollowMod:theNailsmith"],"picked":"HollowMod:VoidDash","floor":16.0},{"not_picked":["HollowMod:LuriensSpire"],"picked":"SKIP","floor":18.0},{"not_picked":["HollowMod:HeavyBlow"],"picked":"SKIP","floor":19.0},{"not_picked":["HollowMod:HeavyBlow"],"picked":"SKIP","floor":21.0},{"not_picked":["HollowMod:SharpenedShadows"],"picked":"SKIP","floor":23.0},{"not_picked":["HollowMod:SharpenedNail+1"],"picked":"SKIP","floor":24.0},{"not_picked":["HollowMod:MonomonsArchive"],"picked":"SKIP","floor":25.0},{"not_picked":[],"picked":"HollowMod:SiblingsSouls+1","floor":28.0},{"not_picked":["HollowMod:ElderbugsWisdom"],"picked":"SKIP","floor":31.0},{"not_picked":["HollowMod:TaintedHusks"],"picked":"SKIP","floor":35},{"not_picked":["HollowMod:SoulEater"],"picked":"SKIP","floor":36},{"not_picked":[],"picked":"HollowMod:MawleksShell","floor":41},{"not_picked":["HollowMod:NewLittleFool"],"picked":"SKIP","floor":42},{"not_picked":["HollowMod:LuriensSpire+1"],"picked":"SKIP","floor":44},{"not_picked":["HollowMod:LuriensSpire+1"],"picked":"SKIP","floor":44},{"not_picked":["HollowMod:CloakDash"],"picked":"SKIP","floor":47},{"not_picked":[],"picked":"HollowMod:NewGlowingWomb+1","floor":48}],"player_experience":457466,"relics_obtained":[{"floor":6.0,"key":"MealTicket"},{"floor":8.0,"key":"HollowMod:PaleOreRelic"},{"floor":9.0,"key":"HollowMod:KingsBrand"},{"floor":13.0,"key":"Pantograph"},{"floor":23.0,"key":"Whetstone"},{"floor":26.0,"key":"Calipers"},{"floor":31.0,"key":"Mummified Hand"},{"floor":41,"key":"Nunchaku"},{"floor":43,"key":"Ancient Tea Set"},{"floor":47,"key":"Vajra"}],"event_choices":[],"is_beta":false,"boss_relics":[{"not_picked":["Coffee Dripper","Runic Pyramid"],"picked":"Busted Crown"},{"not_picked":["Fusion Hammer","Black Star"],"picked":"HollowMod:KingsSoulRelic"}],"items_purged_floors":[22,29,46],"is_endless":false,"potions_floor_spawned":[1,4,6,14,18,19,24,31,33,41,48],"ascension_level":5}}