{"host":"i73ch23exsqar74a","time":1612680150,"event":{"mods":["AchievementEnabler","Arknights","Aspiration","Astrologer","Bard","Bartender","BaseMod","Beaked The Cultist","Better Sensory Stone","CCEM2","CapriCore","Challenge The Spire","ChefMod","Chen","Colored Map","Colored Powertips","Conjunction","Conspire","Downfall","Fireblade Mod","FutureSeer","GifTheSpireLib","Glutton Mod","Gremlin Mod","Halation","Hermit","Highlight Path","HololiveMod","Hubris","Infinite Spire","Jedi Mod","Lobotomy","LobotomyExtend","Luminous","Marked Mod","Minty Spire (QoL Compilation)","Prisma Mod","Quarter Circle Forward PUNCH!","Quick Restart","Random Character Button","RatMod","Relic Sorter","Reliquary","Replay The Spire","SOS???????","Shade Mod","Spicy Shops","Spikes Relics","Spire Arcade","StSLib","Stuff the Spire","The Alterego","The Animator","The Bug Knight","The Construct","The Cursed","The Druid","The Exalted","The Immortal","The Judge","The Poker Player","The Sage","The Wild Card","TheHero","TheSwordswoman","TheVacant","TheVelvet","Thieving Mod","Yuri Mod","???Mod??????Boss","???mod?????"],"gold_per_floor":[112,112,112,72,88,114,114,140,164,193,4,4,4,20,20,125,125,136,136,150,170,195,227,245,245,245,245,270,280,296,325,325,430,530,550,563,563,563,563,563,581,606,606,606,606,69,119,135,135,135,135],"floor_reached":52,"language":"ENG","playtime":2237,"items_purged":[],"score":1147,"play_id":"22dbb5f2-eaf1-4163-aba1-c117f2550fa6","local_time":"20210207104230","is_ascension_mode":true,"campfire_choices":[{"data":"ats:Magnetic Hammer","floor":7.0,"key":"SMITH"},{"data":"ats:Healing Strengthening","floor":12.0,"key":"SMITH"},{"data":"ats:Nebulous Foxfire","floor":15.0,"key":"SMITH"},{"floor":25.0,"key":"REST"},{"data":"ats:Roar Of Ursus","floor":32.0,"key":"SMITH"},{"data":"infinitespire:Punishment","floor":40,"key":"SMITH"},{"floor":49,"key":"REST"}],"circlet_count":0,"master_deck":["ats:Strike C","ats:Strike G","ats:Strike S+1","ats:Armor Crushing Shot","ats:Defend","ats:Defend","ats:Defend","ats:Defend","ats:Emotion Absorption+1","ats:Closed Bolt Burst Fire","ats:Blood Oath","ats:Magnetic Hammer+1","ats:Nebulous Foxfire+1","ats:Calcification","ats:Healing Strengthening+1","ats:Revitalization+1","ats:Hammer On","ats:Shadow Assault","ats:Counter Healing Mode","infinitespire:SevenWalls+1","ats:Sword Rain","ats:Poison Spread+1","ats:Leaping Hammer+1","ats:Curse Doll","ats:Revitalization+1","ats:Durian","ats:Roar Of Ursus+1","ats:Revitalization","ats:Dogmatic Field","ats:Disruption Kick","ats:Revitalization+1","infinitespire:Punishment+1","hubris:Fate","ats:Composite Medical Shells"],"relics":["ats:Sanity","rat:ZhonyasHourglass","LetterFromLob","halation:EternalFortune","ReplayTheSpireMod:Ring of Exchange","Ring of Searing","ats:Originium","Torii","beaked:ShinyBauble","conspire:TopHat","halation:Komachan","MagicBullet_r","Sandwich","CCEMRelics:DefectiveTurbocharger","HollowMod:JonisBlessing","Red Mask","Orichalcum","StuffTheSpire:Tea","Whetstone","Juzu Bracelet","Replay:Wanted Poster","Replay:PocketPolymizer","Bromod:ArcaneGuardian","CCEMRelics:WarHorn","Sling","ats:Snipe","Cleaning_Rag","jedi:archwizardhat","ZombieTooth"],"acts_visited":["Exordium","TheCity","TheBeyond"],"potions_floor_usage":[50,50],"damage_taken":[{"damage":7.0,"enemies":"Small Slimes","floor":1.0,"turns":4.0},{"damage":11.0,"enemies":"conspire:RoseBush","floor":5.0,"turns":2.0},{"damage":18.0,"enemies":"HollowMod:MossKnight","floor":6.0,"turns":8.0},{"damage":16.0,"enemies":"Gremlin Nob","floor":8.0,"turns":3.0},{"damage":2.0,"enemies":"3 Sentries","floor":10.0,"turns":6.0},{"damage":1.0,"enemies":"Cultist","floor":14.0,"turns":3.0},{"damage":33.0,"enemies":"Slime Boss","floor":16.0,"turns":7.0},{"damage":10.0,"enemies":"3 Byrds","floor":18.0,"turns":3.0},{"damage":0.0,"enemies":"Centurion and Healer","floor":20.0,"turns":4.0},{"damage":9.0,"enemies":"Snake Plant","floor":21.0,"turns":5.0},{"damage":19.0,"enemies":"Masked Bandits","floor":22.0,"turns":6.0},{"damage":20.0,"enemies":"HollowMod:Nosk","floor":23.0,"turns":7.0},{"damage":0.0,"enemies":"Sentry and Sphere","floor":24.0,"turns":6.0},{"damage":0.0,"enemies":"conspire:SneckoGhost","floor":28.0,"turns":5.0},{"damage":0.0,"enemies":"conspire:HollyBat","floor":29.0,"turns":4.0},{"damage":0.0,"enemies":"Chosen and Byrds","floor":30.0,"turns":5.0},{"damage":0.0,"enemies":"Book of Stabbing","floor":31.0,"turns":5.0},{"damage":0.0,"enemies":"conspire:MysteriousRune","floor":33.0,"turns":6.0},{"damage":20.0,"enemies":"Orb Walker","floor":35.0,"turns":4.0},{"damage":7.0,"enemies":"3 Darklings","floor":36.0,"turns":6.0},{"damage":0,"enemies":"Maw","floor":41,"turns":6},{"damage":0,"enemies":"R_Hoarder","floor":42,"turns":5},{"damage":0,"enemies":"Mind Bloom Boss Battle","floor":47,"turns":5},{"damage":0,"enemies":"Jaw Worm Horde","floor":48,"turns":4},{"damage":0,"enemies":"Donu and Deca","floor":50,"turns":8}],"seed_played":"-884467766386465762","potions_obtained":[{"floor":4.0,"key":"SpeedPotion"},{"floor":4.0,"key":"LiquidBronze"},{"floor":4.0,"key":"Block Potion"},{"floor":10.0,"key":"ColorlessPotion"},{"floor":20.0,"key":"EssenceOfSteel"},{"floor":23.0,"key":"construct:ShiftPotion"},{"floor":42,"key":"SkillPotion"}],"is_trial":false,"path_per_floor":["M","?","?","?","M","E","R","E","T","E","$","R","M","M","R","B",null,"M","AVR","M","M","?","E","M","R","T","?","E","M","M","E","R","B",null,"M","M","?","?","$","R","M","E","T","AVR","?","$","?","M","R","B",null,null],"character_chosen":"DOCTOR_CLASS","items_purchased":["ats:Healing Strengthening","ats:Revitalization+1","halation:Komachan","ats:Snipe","ats:Composite Medical Shells","Cleaning_Rag","jedi:archwizardhat"],"campfire_rested":2,"item_purchase_floors":[11,11,11,46,46,46,46],"current_hp_per_floor":[65,68,68,68,57,48,48,32,32,42,42,42,42,54,54,53,75,75,75,75,66,47,27,27,49,49,49,49,49,49,49,49,49,75,58,51,33,33,33,33,33,33,33,33,33,33,33,33,56,56,56],"gold":135,"neow_bonus":"UPGRADE_CARD","is_daily":false,"chose_seed":false,"campfire_upgraded":5,"win_rate":0.0,"timestamp":1612680150,"path_taken":["M","?","?","?","?","E","R","E","T","E","?","R","?","M","R","BOSS","M","AVR","M","M","?","E","M","R","T","?","E","?","M","E","R","BOSS","M","M","?","?","?","R","M","E","T","AVR","?","?","?","M","R","BOSS"],"items_purchased_type":["Card","Card","Relic","Relic","Card","Relic","Relic"],"build_version":"2020-12-22","purchased_purges":0,"victory":true,"max_hp_per_floor":[72,75,75,75,75,75,75,75,75,75,75,75,75,75,75,75,75,75,75,75,75,75,75,75,75,75,75,75,75,75,75,75,75,75,78,78,78,78,78,78,78,78,78,78,78,78,78,78,78,78,78],"card_choices":[{"not_picked":["ats:Very Hot Blade","ats:Guard Mode"],"picked":"ats:Closed Bolt Burst Fire","floor":1.0},{"not_picked":["ats:Shell Defense","ats:Curse Doll"],"picked":"ats:Blood Oath","floor":5.0},{"not_picked":["ats:Mental Burst","ats:Very Hot Blade"],"picked":"ats:Magnetic Hammer","floor":6.0},{"not_picked":["ats:Literary Storm","ats:Defend Order"],"picked":"ats:Nebulous Foxfire","floor":8.0},{"not_picked":["ats:Rat Pack","ats:Mental Burst"],"picked":"ats:Calcification","floor":10.0},{"not_picked":["ats:Rapid Magazine","ats:Assault Order"],"picked":"ats:Hammer On","floor":14.0},{"not_picked":["ats:Nebulous Foxfire","ats:Calcification"],"picked":"ats:Shadow Assault","floor":16.0},{"not_picked":["ats:Ignite","ats:Apocalypse"],"picked":"ats:Counter Healing Mode","floor":18.0},{"not_picked":["ats:Guard Mode","ats:Cat Scratch+1"],"picked":"ats:Sword Rain","floor":20.0},{"not_picked":["ats:Explosion Area Strengthen","ats:Beaten Up"],"picked":"ats:Poison Spread+1","floor":21.0},{"not_picked":["ats:Assault Order","ats:Soul Absorption"],"picked":"ats:Leaping Hammer+1","floor":22.0},{"not_picked":["ats:Flexible Camouflage","ats:Assault Order"],"picked":"ats:Curse Doll","floor":23.0},{"not_picked":["ats:Support Order","ats:Absolute Focus"],"picked":"ats:Revitalization+1","floor":24.0},{"not_picked":["ats:Ignite+1","ats:Shadow Raid"],"picked":"ats:Roar Of Ursus","floor":28.0},{"not_picked":["ats:Hammer On","ats:Guard Mode"],"picked":"ats:Revitalization","floor":29.0},{"not_picked":["ats:Ignite","ats:Closed Bolt Burst Fire","ats:Guard Mode"],"picked":"SKIP","floor":30.0},{"not_picked":["ats:Powerful Strike","ats:Revitalization"],"picked":"ats:Dogmatic Field","floor":31.0},{"not_picked":["ats:True Silver Slash","ats:Volcano"],"picked":"ats:Disruption Kick","floor":33.0},{"not_picked":["ats:Magnetic Hammer+1","ats:Closed Bolt Burst Fire+1"],"picked":"ats:Revitalization+1","floor":35.0},{"not_picked":["ats:Very Hot Blade+1","ats:Poison Spread+1","ats:Consecutive Shot Auto+1"],"picked":"SKIP","floor":36.0},{"not_picked":["ReplayTheSpireMod:Chaos Vortex","hubris:Fate"],"picked":"infinitespire:Punishment","floor":37.0},{"not_picked":["ats:Collapsing Strike+1","ats:Poison Spread","ats:Consecutive Shot Auto"],"picked":"SKIP","floor":41},{"not_picked":["ats:Fractured Body","ats:Counter Healing Mode+1","ats:Leaping Hammer"],"picked":"SKIP","floor":42},{"not_picked":["ats:Shell Defense+1","ats:Literary Storm+1","ats:Poison Spread+1"],"picked":"SKIP","floor":48}],"player_experience":1419297,"relics_obtained":[{"floor":1.0,"key":"LetterFromLob"},{"floor":3.0,"key":"ReplayTheSpireMod:Ring of Exchange"},{"floor":3.0,"key":"Ring of Searing"},{"floor":6.0,"key":"ats:Originium"},{"floor":6.0,"key":"Torii"},{"floor":8.0,"key":"ats:Originium"},{"floor":8.0,"key":"beaked:ShinyBauble"},{"floor":9.0,"key":"conspire:TopHat"},{"floor":10.0,"key":"ats:Originium"},{"floor":10.0,"key":"rat:ZhonyasHourglass"},{"floor":22.0,"key":"Red Mask"},{"floor":23.0,"key":"ats:Originium"},{"floor":23.0,"key":"Orichalcum"},{"floor":26.0,"key":"StuffTheSpire:Tea"},{"floor":28.0,"key":"Whetstone"},{"floor":31.0,"key":"Juzu Bracelet"},{"floor":35.0,"key":"halation:EternalFortune"},{"floor":42,"key":"Replay:PocketPolymizer"},{"floor":43,"key":"Bromod:ArcaneGuardian"},{"floor":47,"key":"ZombieTooth"}],"event_choices":[{"damage_healed":0.0,"max_hp_gain":0.0,"max_hp_loss":0.0,"gold_gain":0.0,"event_name":"The Woman in Blue","player_choice":"Bought 3 Potions","floor":4.0,"gold_loss":0.0,"damage_taken":0.0},{"damage_healed":0.0,"max_hp_gain":0.0,"max_hp_loss":0.0,"gold_gain":0.0,"event_name":"Masked Bandits","player_choice":"Fought Bandits","floor":22.0,"gold_loss":0.0,"damage_taken":0.0},{"damage_healed":0.0,"max_hp_gain":0.0,"max_hp_loss":0.0,"gold_gain":0.0,"cards_transformed":["ats:Strike V"],"event_name":"Transmorgrifier","player_choice":"Transformed","floor":27.0,"gold_loss":0.0,"damage_taken":0.0,"cards_obtained":["ats:Durian"]},{"damage_healed":0.0,"max_hp_gain":0.0,"max_hp_loss":0.0,"gold_gain":0.0,"event_name":"Tomb of Lord Red Mask","player_choice":"Ignored","floor":38.0,"gold_loss":0.0,"damage_taken":0.0},{"damage_healed":0,"gold_gain":0,"player_choice":"Fight","damage_taken":0,"max_hp_gain":0,"max_hp_loss":0,"event_name":"MindBloom","floor":47,"gold_loss":0}],"is_beta":false,"boss_relics":[{"not_picked":["hubris:Backtick","qcfpunch:Crimson_Sash"],"picked":"Sandwich"},{"not_picked":["ReplayTheSpireMod:SealedPack","Replay:Ancient Bell"],"picked":"Replay:Wanted Poster"}],"items_purged_floors":[],"is_endless":false,"potions_floor_spawned":[5,6,10,20,23,24,28,42,47,48],"ascension_level":2}}