{"host":"udzsrhbqdxqtlypj","time":1612738024,"event":{"mods":["BaseMod","Minty Spire (QoL Compilation)","Relic Stats"],"gold_per_floor":[114,64,64,24,40,40,73,90,116,116,150,225,257,267,267,363,363,380,390,400,499,513,546,546,573,573,607,607,522,557,584,584,685,685,701,718,734,785,785,817,817,847,847,847,858,893,908,956,956,956,956,956,102,128,128],"floor_reached":56,"language":"ENG","playtime":5049,"items_purged":["Prepared"],"score":1984,"play_id":"5759b791-43be-4a64-9366-1f6f8c9b634a","local_time":"20210207164704","is_ascension_mode":true,"campfire_choices":[{"data":"Doppelganger","floor":6.0,"key":"SMITH"},{"data":"Corpse Explosion","floor":10.0,"key":"SMITH"},{"data":"Neutralize","floor":15.0,"key":"SMITH"},{"data":"Burst","floor":24.0,"key":"SMITH"},{"data":"Predator","floor":32.0,"key":"SMITH"},{"data":"Bullet Time","floor":41.0,"key":"SMITH"},{"floor":44.0,"key":"RECALL"},{"floor":49.0,"key":"DIG"},{"floor":52.0,"key":"DIG"}],"circlet_count":0,"master_deck":["AscendersBane","Survivor","Neutralize+1","Doppelganger+1","Predator+1","Deadly Poison","Corpse Explosion+1","Poisoned Stab","PiercingWail","Venomology","Acrobatics","Bullet Time+1","Bane+1","Endless Agony+1","Leg Sweep","Deflect+1","Burst+1","Slice+1","Necronomicurse","Noxious Fumes+1","Envenom","Outmaneuver","After Image","Glass Knife+1","Footwork","Bane+1","Heel Hook+1","Glass Knife+1","Deflect","Blade Dance+1","Leg Sweep","Blur","Leg Sweep+1","Apotheosis","Backflip","Bullet Time+1","Leg Sweep"],"relics":["Ring of the Snake","Bag of Preparation","Meat on the Bone","Oddly Smooth Stone","Nunchaku","Strawberry","SacredBark","Darkstone Periapt","Ornamental Fan","Molten Egg 2","Necronomicon","Pear","Bronze Scales","Potion Belt","Pandora\u0027s Box","StoneCalendar","Du-Vu Doll","Mercury Hourglass","Shovel","Anchor","Blue Candle","Bottled Flame","Letter Opener","DollysMirror","Pen Nib"],"acts_visited":["Exordium","TheCity","TheBeyond","TheEnding"],"potions_floor_usage":[54,55,55,55,55,55,55,55],"damage_taken":[{"damage":0.0,"enemies":"Cultist","floor":1.0,"turns":4.0},{"damage":1.0,"enemies":"2 Louse","floor":5.0,"turns":2.0},{"damage":28.0,"enemies":"Lagavulin","floor":7.0,"turns":8.0},{"damage":4.0,"enemies":"Jaw Worm","floor":8.0,"turns":3.0},{"damage":19.0,"enemies":"3 Sentries","floor":11.0,"turns":4.0},{"damage":2.0,"enemies":"Lagavulin","floor":13.0,"turns":4.0},{"damage":0.0,"enemies":"Exordium Thugs","floor":14.0,"turns":3.0},{"damage":30.0,"enemies":"Hexaghost","floor":16.0,"turns":10.0},{"damage":0.0,"enemies":"2 Thieves","floor":18.0,"turns":2.0},{"damage":0.0,"enemies":"3 Byrds","floor":19.0,"turns":2.0},{"damage":0.0,"enemies":"3 Cultists","floor":20.0,"turns":2.0},{"damage":1.0,"enemies":"Snecko","floor":22.0,"turns":4.0},{"damage":13.0,"enemies":"Book of Stabbing","floor":23.0,"turns":7.0},{"damage":5.0,"enemies":"Slavers","floor":25.0,"turns":5.0},{"damage":6.0,"enemies":"Book of Stabbing","floor":27.0,"turns":3.0},{"damage":2.0,"enemies":"Slavers","floor":30.0,"turns":6.0},{"damage":26.0,"enemies":"Champ","floor":33.0,"turns":13.0},{"damage":11.0,"enemies":"Orb Walker","floor":35.0,"turns":3.0},{"damage":11.0,"enemies":"3 Darklings","floor":36.0,"turns":3.0},{"damage":1.0,"enemies":"Maw","floor":37.0,"turns":6.0},{"damage":11.0,"enemies":"2 Orb Walkers","floor":38.0,"turns":5.0},{"damage":23.0,"enemies":"Nemesis","floor":40.0,"turns":5.0},{"damage":27.0,"enemies":"Reptomancer","floor":42.0,"turns":5.0},{"damage":0.0,"enemies":"Spire Growth","floor":45.0,"turns":3.0},{"damage":24.0,"enemies":"Nemesis","floor":46.0,"turns":7.0},{"damage":10.0,"enemies":"3 Darklings","floor":47.0,"turns":3.0},{"damage":6.0,"enemies":"Donu and Deca","floor":50.0,"turns":6.0},{"damage":0,"enemies":"Shield and Spear","floor":54,"turns":2},{"damage":68,"enemies":"The Heart","floor":55,"turns":7}],"seed_played":"1530533611527504717","potions_obtained":[{"floor":4.0,"key":"Fire Potion"},{"floor":4.0,"key":"Regen Potion"},{"floor":4.0,"key":"Fruit Juice"},{"floor":5.0,"key":"Fire Potion"},{"floor":11.0,"key":"LiquidMemories"},{"floor":30.0,"key":"DistilledChaos"},{"floor":33.0,"key":"SteroidPotion"},{"floor":35.0,"key":"SteroidPotion"},{"floor":36.0,"key":"Block Potion"},{"floor":46.0,"key":"PowerPotion"},{"floor":54,"key":"DistilledChaos"}],"is_trial":false,"path_per_floor":["M","?","?","?","M","R","E","M","T","R","E","?","E","M","R","B",null,"M","M","M","?","M","E","R","E","T","E","?","?","E","T","R","B",null,"M","M","M","?","?","E","R","E","T","R","M","E","M","T","R","B",null,"R","$","E","B",null],"character_chosen":"THE_SILENT","items_purchased":["Apotheosis","DistilledChaos","DuplicationPotion","Letter Opener","Backflip","DollysMirror"],"campfire_rested":0,"item_purchase_floors":[53,53,53,53,53,53],"current_hp_per_floor":[63,63,60,60,64,64,48,44,44,44,37,30,47,47,47,29,69,69,69,69,69,68,55,55,50,50,44,34,44,54,54,54,40,84,73,62,61,50,50,39,39,58,58,58,58,46,48,48,48,54,87,87,87,87,31],"gold":128,"neow_bonus":"ONE_RANDOM_RARE_CARD","is_daily":false,"chose_seed":false,"campfire_upgraded":6,"win_rate":0.0,"timestamp":1612738024,"path_taken":["M","?","?","?","M","R","E","?","T","R","E","?","E","M","R","BOSS","M","M","M","?","M","E","R","E","T","E","?","?","E","?","R","BOSS","M","?","M","?","?","E","R","E","T","R","?","E","M","?","R","BOSS","R","$","E","BOSS"],"items_purchased_type":["Card","Potion","Potion","Relic","Card","Relic"],"build_version":"2020-12-22","purchased_purges":1,"victory":true,"max_hp_per_floor":[70,70,70,70,75,75,75,75,75,75,75,75,82,82,82,82,82,82,82,82,82,82,82,82,82,82,82,88,98,98,98,98,98,98,98,98,98,98,98,98,98,98,98,98,98,98,98,98,98,98,98,98,98,98,98],"relic_stats":{"Darkstone Periapt":6,"counters":[29,136],"Blue Candle":[0],"StoneCalendar":[52],"Pen Nib":[1],"Bag of Preparation":[57],"Letter Opener":[70],"Mercury Hourglass":[102],"Nunchaku":[25],"Shovel":2,"Ornamental Fan":[156],"Bronze Scales":[241],"Pandora\u0027s Box":["Prepared","Outmaneuver","Bouncing Flask","After Image","Glass Knife","Footwork","Bane","Heel Hook","Glass Knife"],"Necronomicon":[15],"obtain_stats":[{"Darkstone Periapt":23,"SacredBark":17,"StoneCalendar":38,"Bag of Preparation":3,"Nunchaku":11,"Shovel":46,"DollysMirror":53,"Strawberry":13,"Necronomicon":28,"Ring of the Snake":0,"Potion Belt":31,"Pear":29,"Blue Candle":49,"Oddly Smooth Stone":9,"Pen Nib":54,"Letter Opener":53,"Mercury Hourglass":42,"Du-Vu Doll":40,"Anchor":48,"Bottled Flame":52,"Ornamental Fan":26,"Bronze Scales":30,"Molten Egg 2":27,"Pandora\u0027s Box":34,"Meat on the Bone":7},{"Darkstone Periapt":13,"SacredBark":8,"StoneCalendar":21,"Bag of Preparation":1,"Nunchaku":5,"Shovel":25,"DollysMirror":27,"Strawberry":6,"Necronomicon":15,"Ring of the Snake":0,"Potion Belt":16,"Pear":15,"Blue Candle":26,"Oddly Smooth Stone":4,"Pen Nib":28,"Letter Opener":27,"Mercury Hourglass":23,"Du-Vu Doll":22,"Anchor":26,"Bottled Flame":27,"Ornamental Fan":14,"Bronze Scales":16,"Molten Egg 2":15,"Pandora\u0027s Box":17,"Meat on the Bone":3},{"Darkstone Periapt":55,"SacredBark":38,"StoneCalendar":99,"Bag of Preparation":4,"Nunchaku":21,"Shovel":118,"DollysMirror":127,"Strawberry":25,"Necronomicon":63,"Ring of the Snake":0,"Potion Belt":69,"Pear":63,"Blue Candle":121,"Oddly Smooth Stone":17,"Pen Nib":129,"Letter Opener":127,"Mercury Hourglass":109,"Du-Vu Doll":104,"Anchor":121,"Bottled Flame":127,"Ornamental Fan":60,"Bronze Scales":69,"Molten Egg 2":63,"Pandora\u0027s Box":82,"Meat on the Bone":14}],"Ring of the Snake":[59],"Meat on the Bone":132},"card_choices":[{"not_picked":["Poisoned Stab","Dodge and Roll"],"picked":"Predator","floor":1.0},{"not_picked":["Backflip","Cloak And Dagger"],"picked":"Deadly Poison","floor":5.0},{"not_picked":["Blade Dance","Backflip"],"picked":"Corpse Explosion","floor":7.0},{"not_picked":["Dash","Underhanded Strike"],"picked":"Poisoned Stab","floor":8.0},{"not_picked":["Acrobatics","Concentrate"],"picked":"PiercingWail","floor":11.0},{"not_picked":["Outmaneuver","Poisoned Stab"],"picked":"Venomology","floor":13.0},{"not_picked":["Outmaneuver","Quick Slash"],"picked":"Acrobatics","floor":14.0},{"not_picked":["Tools of the Trade","A Thousand Cuts"],"picked":"Bullet Time","floor":16.0},{"not_picked":["Backflip","Outmaneuver"],"picked":"Bane+1","floor":18.0},{"not_picked":["Finisher","Deadly Poison"],"picked":"Endless Agony+1","floor":19.0},{"not_picked":["Caltrops","Corpse Explosion"],"picked":"Leg Sweep","floor":20.0},{"not_picked":["Underhanded Strike","Bane"],"picked":"Deflect+1","floor":22.0},{"not_picked":["Setup","Finisher"],"picked":"Burst","floor":23.0},{"not_picked":["Concentrate","Dagger Throw","Cloak And Dagger"],"picked":"SKIP","floor":25.0},{"not_picked":["Endless Agony+1","Heel Hook+1"],"picked":"Slice+1","floor":27.0},{"not_picked":["Riddle With Holes+1","Crippling Poison"],"picked":"Noxious Fumes+1","floor":30.0},{"not_picked":["Phantasmal Killer","Glass Knife+1"],"picked":"Envenom","floor":33.0},{"not_picked":["Dagger Spray+1","Poisoned Stab+1","Tactician"],"picked":"SKIP","floor":35.0},{"not_picked":["Quick Slash+1","Riddle With Holes+1"],"picked":"Deflect","floor":36.0},{"not_picked":["Infinite Blades+1","Concentrate+1","Bane+1"],"picked":"SKIP","floor":37.0},{"not_picked":["Prepared","Deadly Poison"],"picked":"Blade Dance+1","floor":38.0},{"not_picked":["Quick Slash+1","Phantasmal Killer"],"picked":"Leg Sweep","floor":40.0},{"not_picked":["Caltrops+1","Distraction+1"],"picked":"Blur","floor":42.0},{"not_picked":["Noxious Fumes","Heel Hook+1","Skewer+1"],"picked":"SKIP","floor":45.0},{"not_picked":["Tactician+1","Well Laid Plans"],"picked":"Leg Sweep+1","floor":46.0},{"not_picked":["Blade Dance","Masterful Stab+1","Setup"],"picked":"SKIP","floor":47.0},{"not_picked":["Distraction+1","Expertise+1"],"picked":"Leg Sweep","floor":54}],"player_experience":2831570,"relics_obtained":[{"floor":7.0,"key":"Meat on the Bone"},{"floor":9.0,"key":"Oddly Smooth Stone"},{"floor":11.0,"key":"Nunchaku"},{"floor":13.0,"key":"Strawberry"},{"floor":23.0,"key":"Darkstone Periapt"},{"floor":26.0,"key":"Ornamental Fan"},{"floor":27.0,"key":"Molten Egg 2"},{"floor":28.0,"key":"Necronomicon"},{"floor":30.0,"key":"Bronze Scales"},{"floor":31.0,"key":"Potion Belt"},{"floor":38.0,"key":"StoneCalendar"},{"floor":40.0,"key":"Du-Vu Doll"},{"floor":42.0,"key":"Mercury Hourglass"},{"floor":46.0,"key":"Shovel"},{"floor":48.0,"key":"Anchor"},{"floor":49.0,"key":"Blue Candle"},{"floor":52.0,"key":"Bottled Flame"},{"floor":54,"key":"Pen Nib"}],"event_choices":[{"cards_removed":["Strike_G"],"damage_healed":0.0,"max_hp_gain":0.0,"max_hp_loss":0.0,"gold_gain":0.0,"event_name":"The Cleric","player_choice":"Card Removal","floor":2.0,"gold_loss":50.0,"damage_taken":0.0},{"damage_healed":0.0,"max_hp_gain":0.0,"max_hp_loss":0.0,"gold_gain":0.0,"event_name":"Scrap Ooze","player_choice":"Success","floor":3.0,"gold_loss":0.0,"damage_taken":3.0,"relics_obtained":["Bag of Preparation"]},{"damage_healed":0.0,"max_hp_gain":0.0,"max_hp_loss":0.0,"gold_gain":0.0,"event_name":"The Woman in Blue","player_choice":"Bought 3 Potions","floor":4.0,"gold_loss":0.0,"damage_taken":0.0},{"damage_healed":0.0,"max_hp_gain":0.0,"max_hp_loss":0.0,"gold_gain":75.0,"event_name":"FaceTrader","player_choice":"Touch","floor":12.0,"gold_loss":0.0,"damage_taken":7.0},{"damage_healed":0.0,"max_hp_gain":0.0,"max_hp_loss":0.0,"gold_gain":99.0,"event_name":"Nest","player_choice":"Stole From Cult","floor":21.0,"gold_loss":0.0,"damage_taken":0.0},{"damage_healed":0.0,"max_hp_gain":0.0,"max_hp_loss":0.0,"gold_gain":0.0,"event_name":"Cursed Tome","player_choice":"Obtained Book","floor":28.0,"gold_loss":0.0,"damage_taken":16.0},{"damage_healed":0.0,"max_hp_gain":0.0,"max_hp_loss":0.0,"gold_gain":0.0,"event_name":"Addict","player_choice":"Obtained Relic","floor":29.0,"gold_loss":85.0,"damage_taken":0.0,"relics_obtained":["Pear"]},{"damage_healed":0.0,"max_hp_gain":0.0,"max_hp_loss":0.0,"gold_gain":0.0,"event_name":"Mysterious Sphere","player_choice":"Fight","floor":38.0,"gold_loss":0.0,"damage_taken":0.0},{"cards_removed":["Bouncing Flask"],"damage_healed":0.0,"max_hp_gain":0.0,"max_hp_loss":0.0,"gold_gain":0.0,"event_name":"Purifier","player_choice":"Purged","floor":39.0,"gold_loss":0.0,"damage_taken":0.0}],"is_beta":false,"boss_relics":[{"not_picked":["Runic Dome","Ring of the Serpent"],"picked":"SacredBark"},{"not_picked":["Philosopher\u0027s Stone","Fusion Hammer"],"picked":"Pandora\u0027s Box"}],"items_purged_floors":[53],"is_endless":false,"potions_floor_spawned":[5,11,16,19,23,25,30,33,35,36,38,46,54],"ascension_level":10}}