{"host":"80x1ozqd5wpd4nvo","time":1612717310,"event":{"mods":["2.2 Compatiblity","Aspiration","BaseMod","Better Altar","Better Match","Better Note","Better Sensory Stone","Better Skull","Better Third Choice","BetterRewards","Card Forge","Custom Start","DNKmod","Defuse TimeMaze Blight","Dota2Spire","Energized Spire","Friendly Minions","GifTheSpireLib","Hubris","Infinite Spire","Jedi Mod","Minty Spire (QoL Compilation)","MostiFishMod","Permanent Neow","Poor People Problems","Shop Mod","Spicy Shops","StSLib","The Blue Laboratory","The Marked","??????REMEMod"],"gold_per_floor":[1213,1213,223,239,258,283,283,296,296,306,331,331,41,71,71,167,500,515,515,515,-1036,-1019,-987,-974,-974,-924,-897,-877,-877,-860,-842,-842,-746,-746,450,18,34,750,268,345,345,382,435,435,435,435,462,462,462,483,483,483,55,97,118],"floor_reached":56,"language":"ENG","playtime":2133,"items_purged":["theMarked:Strike","theMarked:Strike","theMarked:Defend","theMarked:Strike","theMarked:Defend"],"score":1923,"play_id":"d9ba46a4-e5e8-4011-ad62-fb3f03cb80e4","local_time":"20210207180150","is_ascension_mode":true,"campfire_choices":[{"data":"theMarked:EmpowerWeapon","floor":7,"key":"SMITH"},{"floor":12,"key":"DIG"},{"floor":15,"key":"DIG"},{"floor":29,"key":"DIG"},{"floor":32,"key":"DIG"},{"floor":41,"key":"RECALL"},{"floor":44,"key":"DIG"},{"floor":46,"key":"DIG"},{"floor":49,"key":"DIG"},{"floor":52,"key":"DIG"}],"circlet_count":0,"master_deck":["theMarked:Strike","theMarked:Defend","theMarked:SoldierOfQuellstein","REME_LeechingPoison","theMarked:WardOff","theMarked:Determination+1","Master of Strategy+1","theMarked:EmpowerWeapon+1","theMarked:SwordAndMagic","theMarked:RogueSparks+1","theMarked:BanishingStrike","theMarked:Opportunist","theMarked:ComboAttacks+1","theMarked:Aftermath","MostiFishMod:StoryBook+1","theMarked:EternalStudent+1","theMarked:Parkour","theMarked:TakeOffHeels+1","theMarked:Heritage+1","theMarked:Abjuration+1","theMarked:BindingBlade+1","theMarked:MysticalArsenal","Panache+1","theMarked:MuscleMemory"],"relics":["Hammer of Thor","Seething Fire","Anvil of the Gods","REME_ComplimentaryCards","DaveBox","SacredBark","EGODaCapo","SynthV:TestCard","BrkXgEgg","Dota2Spire:MonkeyKingBar","Pantograph","ImprovedEquipment","Shovel","hubris:TenFootPole","infinitespire:Satchel","REME_CardOfGreed","Toy Ornithopter","Potion Belt","Black Star","Dota2Spire:CrimsonGuard","Bag of Preparation","SynthV:MejaisSoulstealer","Lantern","jedi:shrinkray","infinitespire:Lucky Rock","Boot","Dota2Spire:MaskOfMadness","Bird Faced Urn","Calipers","JellyFishMachine","Membership Card","REME_HourglassOfDeath","HandDrill","Technique","REME_ArchaeologicalTools","Strawberry","Dota2Spire:Dagon","aspiration:HummingbirdHeart","Nunchaku","theMarked:NailFile","theMarked:KettuFlask","hubris:CuriousFeather","Centennial Puzzle","infinitespire:Bottled Soul","Sling","Ice Cream","HornCleat","Dota2Spire:MantaStyle","Dota2Spire:ArmletOfMordiggian"],"acts_visited":["Exordium","TheCity","TheBeyond","TheEnding"],"potions_floor_usage":[6,6,33,42,55,55],"damage_taken":[{"damage":0,"enemies":"2 Louse","floor":1,"turns":2},{"damage":0,"enemies":"Cultist","floor":4,"turns":2},{"damage":0,"enemies":"Jaw Worm","floor":5,"turns":1},{"damage":0,"enemies":"Gremlin Nob","floor":6,"turns":1},{"damage":0,"enemies":"Large Slime","floor":8,"turns":3},{"damage":0,"enemies":"2 Fungi Beasts","floor":10,"turns":2},{"damage":0,"enemies":"3 Sentries","floor":11,"turns":5},{"damage":6,"enemies":"Slime Boss","floor":16,"turns":2},{"damage":6,"enemies":"Shell Parasite","floor":18,"turns":2},{"damage":6,"enemies":"Spheric Guardian","floor":22,"turns":2},{"damage":0,"enemies":"Book of Stabbing","floor":23,"turns":3},{"damage":0,"enemies":"Snecko","floor":24,"turns":1},{"damage":0,"enemies":"REME_1_Revenger","floor":27,"turns":1},{"damage":6,"enemies":"Snake Plant","floor":28,"turns":2},{"damage":6,"enemies":"Centurion and Healer","floor":30,"turns":3},{"damage":0,"enemies":"Snecko","floor":31,"turns":1},{"damage":6,"enemies":"Champ","floor":33,"turns":3},{"damage":0,"enemies":"3 Shapes","floor":35,"turns":2},{"damage":6,"enemies":"Orb Walker","floor":37,"turns":1},{"damage":6,"enemies":"Maw","floor":38,"turns":2},{"damage":0,"enemies":"Reptomancer","floor":40,"turns":2},{"damage":0,"enemies":"Nemesis","floor":42,"turns":1},{"damage":6,"enemies":"Spire Growth","floor":47,"turns":1},{"damage":6,"enemies":"Time Eater","floor":50,"turns":3},{"damage":6,"enemies":"Shield and Spear","floor":54,"turns":2},{"damage":6,"enemies":"The Heart","floor":55,"turns":4}],"seed_played":"-7555196650235656204","potions_obtained":[{"floor":4,"key":"SteroidPotion"},{"floor":5,"key":"BlessingOfTheForge"},{"floor":8,"key":"Dota2Spire:Clarity"},{"floor":18,"key":"CultistPotion"},{"floor":23,"key":"blueLaboratory:FrostheartPotion"},{"floor":27,"key":"blueLaboratory:BottleOfRum"},{"floor":40,"key":"blueLaboratory:SavagePotion"}],"is_trial":false,"path_per_floor":["M","?","$","M","M","E","R","M","T","M","E","R","$","?","R","B",null,"M","?","?","$","M","E","M","?","T","E","M","R","M","M","R","B",null,"M","$","M","M","$","E","R","E","T","R","?","R","M","?","R","B",null,"R","$","E","B",null],"character_chosen":"THE_DEFAULT","items_purchased":["blueLaboratory:FrostheartPotion","BrkXgEgg","Dota2Spire:MonkeyKingBar","theMarked:Determination","Master of Strategy+1","theMarked:EmpowerWeapon","Pantograph","REME_CardOfGreed","blueLaboratory:BottledHope","MostiFishMod:StoryBook+1","Bag of Preparation","SynthV:MejaisSoulstealer","Membership Card","REME_HourglassOfDeath","HandDrill","blueLaboratory:FruitPunch","Technique","REME_ArchaeologicalTools","Strawberry","theMarked:BindingBlade+1","Sling","Panache+1","Ice Cream","HornCleat","theMarked:MuscleMemory"],"campfire_rested":0,"item_purchase_floors":[3,3,3,3,3,3,3,13,13,13,21,21,36,36,36,36,39,39,39,39,53,53,53,53,53],"current_hp_per_floor":[100,100,100,100,100,100,100,100,100,100,100,100,100,100,100,94,100,94,94,94,94,88,88,88,88,88,88,100,100,100,100,100,100,100,100,100,100,100,107,107,107,111,111,111,111,111,111,111,111,111,111,111,111,111,111],"gold":118,"neow_bonus":"BOSS_RELIC","is_daily":false,"chose_seed":false,"campfire_upgraded":1,"win_rate":0.0,"timestamp":1612717310,"path_taken":["M","?","?","M","M","E","R","M","T","M","E","R","$","?","R","BOSS","M","?","?","$","M","E","?","?","T","E","M","R","M","M","R","BOSS","M","$","M","M","$","E","R","E","T","R","?","R","?","?","R","BOSS","R","$","E","BOSS"],"items_purchased_type":["Potion","Relic","Relic","Card","Card","Card","Relic","Relic","Potion","Card","Relic","Relic","Relic","Relic","Relic","Potion","Relic","Relic","Relic","Card","Relic","Card","Relic","Relic","Card"],"build_version":"2020-12-22","purchased_purges":5,"victory":true,"max_hp_per_floor":[100,100,100,100,100,100,100,100,100,100,100,100,100,100,100,100,100,100,100,100,100,100,100,100,100,100,100,100,100,100,100,100,100,100,100,100,100,100,107,107,107,111,111,111,111,111,111,111,111,111,111,111,111,111,111],"card_choices":[{"not_picked":["theMarked:TakeCover","theMarked:Memento"],"picked":"theMarked:WardOff","floor":1},{"not_picked":["theMarked:TakeCover","theMarked:Parkour","theMarked:Improvise","theMarked:Aftermath"],"picked":"theMarked:SwordAndMagic","floor":4},{"not_picked":["theMarked:ElectricStrings","theMarked:ShockingTouch","theMarked:Generate","theMarked:Defy+1"],"picked":"theMarked:RogueSparks","floor":5},{"not_picked":["theMarked:RepellingDischarge","theMarked:FavorableWinds+1","theMarked:Improvise","theMarked:CreepingChasm"],"picked":"theMarked:BanishingStrike","floor":6},{"not_picked":["theMarked:WardOff","theMarked:TakeCover","theMarked:ChainLightning","theMarked:RepellingDischarge"],"picked":"theMarked:Opportunist","floor":8},{"not_picked":["theMarked:Panic","theMarked:ContemptForTheProud","theMarked:Electrocute","theMarked:BanishingStrike"],"picked":"theMarked:ComboAttacks","floor":10},{"not_picked":["theMarked:HeightenedSenses","theMarked:Parkour","theMarked:Frustration","theMarked:SwordAndMagic"],"picked":"theMarked:Aftermath","floor":11},{"not_picked":["theMarked:SuspiciousRaven+1","theMarked:Defy+1","theMarked:TurnInvisible+1","theMarked:FavorableWinds+1"],"picked":"theMarked:EternalStudent+1","floor":16},{"not_picked":["theMarked:Parkour+1","theMarked:LightningStrikesTwice","theMarked:Seal","theMarked:TheMission","theMarked:Static"],"picked":"SKIP","floor":18},{"not_picked":["theMarked:HeightenedSenses","theMarked:ChainLightning+1","theMarked:RepellingDischarge","theMarked:Improvise","theMarked:TakeCover"],"picked":"SKIP","floor":22},{"not_picked":["theMarked:MuscleMemory","theMarked:PowerFlow+1","theMarked:EmpowerWeapon","theMarked:WardOff"],"picked":"theMarked:TakeOffHeels+1","floor":23},{"not_picked":["theMarked:TwofoldDefense","theMarked:MysticalArsenal","theMarked:SwordAndMagic","theMarked:Improvise","theMarked:Electrocute"],"picked":"SKIP","floor":24},{"not_picked":["theMarked:Electrify","theMarked:Parkour+1","theMarked:ChainLightning","theMarked:ElectricStrings"],"picked":"theMarked:Heritage+1","floor":27},{"not_picked":["theMarked:Opportunist+1","theMarked:TheMission","theMarked:Aftermath+1","theMarked:Parkour+1","theMarked:WastefulAttack"],"picked":"SKIP","floor":28},{"not_picked":["theMarked:Parry","theMarked:ChainLightning+1","theMarked:AttractMetal","theMarked:ElectricStrings","theMarked:RogueSparks"],"picked":"SKIP","floor":30},{"not_picked":["theMarked:Generate+1","theMarked:ChainLightning+1","theMarked:Frustration","theMarked:LightningStrikesTwice","theMarked:HeightenedSenses"],"picked":"SKIP","floor":31},{"not_picked":["theMarked:Vacuum+1","theMarked:MagusForm+1","theMarked:DispelDoubt+1","theMarked:EternalStudent+1"],"picked":"theMarked:Abjuration+1","floor":33},{"not_picked":["theMarked:WardOff+1","theMarked:SwordAndMagic","theMarked:Maelstrom","theMarked:Overthink+1","theMarked:CreepingChasm+1"],"picked":"SKIP","floor":35},{"not_picked":["theMarked:PowerFlow+1","theMarked:ChainLightning+1","theMarked:RogueSparks","theMarked:Memento","theMarked:SwordAndMagic"],"picked":"SKIP","floor":37},{"not_picked":["theMarked:SwordAndMagic+1","theMarked:AttractMetal+1","theMarked:TakeCover","theMarked:Improvise","theMarked:Convert+1"],"picked":"SKIP","floor":38},{"not_picked":["theMarked:TunnelVision+1","theMarked:Snap+1","theMarked:OneWithTheBlade","theMarked:KeepCalmAndFight+1","theMarked:EnhanceMovement"],"picked":"SKIP","floor":40},{"not_picked":["theMarked:Parkour","theMarked:Aftermath","theMarked:RepellingDischarge+1","theMarked:DispelDoubt+1","theMarked:TwofoldDefense+1"],"picked":"SKIP","floor":42},{"not_picked":["theMarked:TwofoldDefense+1","theMarked:BanishingStrike+1","theMarked:ComboAttacks","theMarked:HeightenedSenses"],"picked":"theMarked:MysticalArsenal","floor":47},{"not_picked":["theMarked:Memento+1","theMarked:WardOff","theMarked:RogueSparks+1","theMarked:FavorableWinds+1","theMarked:ShockingTouch"],"picked":"SKIP","floor":54}],"player_experience":266031,"relics_obtained":[{"floor":1,"key":"SynthV:TestCard"},{"floor":6,"key":"ImprovedEquipment"},{"floor":9,"key":"Shovel"},{"floor":11,"key":"hubris:TenFootPole"},{"floor":12,"key":"infinitespire:Satchel"},{"floor":15,"key":"Potion Belt"},{"floor":23,"key":"Lantern"},{"floor":23,"key":"jedi:shrinkray"},{"floor":26,"key":"infinitespire:Lucky Rock"},{"floor":27,"key":"Boot"},{"floor":27,"key":"Dota2Spire:MaskOfMadness"},{"floor":29,"key":"Bird Faced Urn"},{"floor":32,"key":"Calipers"},{"floor":40,"key":"Dota2Spire:Dagon"},{"floor":40,"key":"aspiration:HummingbirdHeart"},{"floor":42,"key":"Nunchaku"},{"floor":42,"key":"theMarked:NailFile"},{"floor":44,"key":"theMarked:KettuFlask"},{"floor":46,"key":"hubris:CuriousFeather"},{"floor":49,"key":"Centennial Puzzle"},{"floor":52,"key":"infinitespire:Bottled Soul"},{"floor":54,"key":"Dota2Spire:MantaStyle"},{"floor":54,"key":"Dota2Spire:ArmletOfMordiggian"}],"event_choices":[{"damage_healed":0,"gold_gain":30,"player_choice":"Searched \u00273\u0027 times","damage_taken":0,"relics_obtained":["Toy Ornithopter"],"max_hp_gain":0,"max_hp_loss":0,"event_name":"Dead Adventurer","floor":14,"gold_loss":0},{"damage_healed":0,"gold_gain":0,"player_choice":"Gave Potion","damage_taken":0,"relics_obtained":["Dota2Spire:CrimsonGuard"],"max_hp_gain":0,"max_hp_loss":0,"event_name":"WeMeetAgain","floor":19,"gold_loss":0},{"damage_healed":0,"gold_gain":0,"cards_transformed":["theMarked:Strike"],"player_choice":"Transformed","damage_taken":0,"max_hp_gain":0,"max_hp_loss":0,"event_name":"Transmorgrifier","floor":20,"gold_loss":0,"cards_obtained":["theMarked:Parkour"]},{"cards_removed":["theMarked:Defend"],"damage_healed":0,"gold_gain":0,"player_choice":"Purged","damage_taken":0,"max_hp_gain":0,"max_hp_loss":0,"event_name":"Purifier","floor":25,"gold_loss":0},{"damage_healed":0,"gold_gain":0,"player_choice":"Upgraded","damage_taken":0,"max_hp_gain":0,"max_hp_loss":0,"event_name":"Upgrade Shrine","floor":45,"gold_loss":0,"cards_upgraded":["theMarked:Determination"]},{"cards_removed":["theMarked:ChainLightning"],"damage_healed":0,"gold_gain":0,"player_choice":"Removed Attack","damage_taken":0,"max_hp_gain":0,"max_hp_loss":0,"event_name":"Falling","floor":48,"gold_loss":0}],"is_beta":false,"boss_relics":[{"not_picked":["Pandora\u0027s Box","GreenFoldingFan"],"picked":"Black Star"},{"not_picked":["RhineCircuit","MoonlightInvasionPlan"],"picked":"JellyFishMachine"}],"items_purged_floors":[13,36,39,39,53],"is_endless":false,"potions_floor_spawned":[4,5,8,18,23,27,40],"ascension_level":1}}