{"host":"sxnl403xm2xmiyj1","time":1612682952,"event":{"mods":["AchievementEnabler","BaseMod","Colored Map","Keyboard Shortcuts","Minty Spire (QoL Compilation)","Quick Restart","StSLib","SuperFastMode"],"gold_per_floor":[110,122,141,141,157,187,187,198,198,216,241,241,5,5,5,79,79,92,92,92,106,126,156,156,156,156,172,172,87,98,126,126,203,203,216,234,51,51,66,66,12,26,73,73,86,86,86],"floor_reached":46,"language":"KOR","playtime":828,"items_purged":["Dualcast"],"score":994,"play_id":"437373dd-133a-409d-b010-977438bc116e","local_time":"20210207162912","is_ascension_mode":true,"campfire_choices":[{"data":"Hyperbeam","floor":7.0,"key":"SMITH"},{"floor":15.0,"key":"REST"},{"data":"Reprogram","floor":25.0,"key":"SMITH"},{"data":"Reinforced Body","floor":28.0,"key":"SMITH"},{"data":"1","floor":32.0,"key":"LIFT"},{"data":"2","floor":40.0,"key":"LIFT"},{"data":"Coolheaded","floor":44.0,"key":"SMITH"}],"circlet_count":0,"master_deck":["AscendersBane","Strike_B+1","Strike_B+1","Strike_B+1","Strike_B+1","Defend_B+1","Defend_B+1","Defend_B+1","Defend_B+1","Hyperbeam+1","Reinforced Body+1","Gash","Go for the Eyes","Go for the Eyes","Reprogram+1","Self Repair","FTL","Rip and Tear","All For One","Beam Cell","Reprogram+1","Stack+1","Core Surge","Conserve Battery","Auto Shields","Core Surge","FTL+1","Beam Cell+1","Panache","Coolheaded+1","Conserve Battery","Coolheaded+1","Streamline"],"relics":["Cracked Core","Happy Flower","Akabeko","DataDisk","SlaversCollar","White Beast Statue","Ornamental Fan","Girya","Nunchaku","Coffee Dripper"],"acts_visited":["Exordium","TheCity","TheBeyond"],"potions_floor_usage":[46],"damage_taken":[{"damage":7.0,"enemies":"Jaw Worm","floor":1.0,"turns":2.0},{"damage":0.0,"enemies":"2 Louse","floor":2.0,"turns":1.0},{"damage":0.0,"enemies":"Small Slimes","floor":3.0,"turns":1.0},{"damage":0.0,"enemies":"2 Fungi Beasts","floor":5.0,"turns":2.0},{"damage":0.0,"enemies":"3 Sentries","floor":6.0,"turns":2.0},{"damage":0.0,"enemies":"Exordium Thugs","floor":8.0,"turns":3.0},{"damage":0.0,"enemies":"Looter","floor":10.0,"turns":2.0},{"damage":21.0,"enemies":"Lagavulin","floor":11.0,"turns":6.0},{"damage":26.0,"enemies":"Slime Boss","floor":16.0,"turns":10.0},{"damage":15.0,"enemies":"3 Byrds","floor":18.0,"turns":5.0},{"damage":0.0,"enemies":"Chosen","floor":21.0,"turns":3.0},{"damage":17.0,"enemies":"Sentry and Sphere","floor":22.0,"turns":5.0},{"damage":32.0,"enemies":"Book of Stabbing","floor":23.0,"turns":5.0},{"damage":6.0,"enemies":"Snake Plant","floor":27.0,"turns":4.0},{"damage":13.0,"enemies":"Snecko","floor":30.0,"turns":5.0},{"damage":23.0,"enemies":"Slavers","floor":31.0,"turns":5.0},{"damage":35.0,"enemies":"Champ","floor":33.0,"turns":10.0},{"damage":22.0,"enemies":"3 Darklings","floor":35.0,"turns":5.0},{"damage":12.0,"enemies":"3 Shapes","floor":36.0,"turns":5.0},{"damage":21.0,"enemies":"Spire Growth","floor":39.0,"turns":4.0},{"damage":4.0,"enemies":"3 Darklings","floor":42.0,"turns":5.0},{"damage":35.0,"enemies":"Transient","floor":45.0,"turns":6.0},{"damage":16,"enemies":"Giant Head","floor":46,"turns":4}],"seed_played":"4698225911450602226","potions_obtained":[{"floor":1.0,"key":"Swift Potion"},{"floor":3.0,"key":"PowerPotion"},{"floor":6.0,"key":"EntropicBrew"},{"floor":11.0,"key":"SpeedPotion"},{"floor":22.0,"key":"Fruit Juice"},{"floor":27.0,"key":"Swift Potion"},{"floor":31.0,"key":"Fire Potion"},{"floor":33.0,"key":"Regen Potion"},{"floor":35.0,"key":"SpeedPotion"},{"floor":36.0,"key":"FearPotion"},{"floor":39.0,"key":"LiquidBronze"},{"floor":42.0,"key":"AttackPotion"},{"floor":45.0,"key":"SteroidPotion"}],"is_trial":false,"path_per_floor":["M","M","M","?","M","E","R","M","T","M","E","?","$","?","R","B",null,"M","?","?","M","M","E","?","R","T","M","R","?","M","E","R","B",null,"M","M","$","?","M","R","$","M","T","R","M","E"],"character_chosen":"DEFECT","items_purchased":["FTL","Rip and Tear","Panache","Conserve Battery"],"campfire_rested":1,"item_purchase_floors":[13,13,37,41],"current_hp_per_floor":[57,57,57,50,50,50,50,50,50,50,29,8,8,8,29,10,56,48,48,48,48,43,18,76,76,76,76,76,76,63,47,47,19,62,61,56,56,56,42,42,42,45,45,45,10,0,0],"gold":86,"neow_bonus":"ONE_RANDOM_RARE_CARD","is_daily":false,"chose_seed":false,"campfire_upgraded":4,"win_rate":0.0,"timestamp":1612682952,"path_taken":["M","M","M","?","M","E","R","M","T","M","E","?","$","?","R","BOSS","M","?","?","M","M","E","?","R","T","?","R","?","M","E","R","BOSS","M","M","$","?","M","R","?","M","T","R","M","E"],"items_purchased_type":["Card","Card","Card","Card"],"build_version":"2020-12-22","purchased_purges":1,"victory":false,"max_hp_per_floor":[71,71,71,71,71,71,71,71,71,71,71,71,71,71,71,71,71,71,71,71,71,76,76,76,76,76,76,76,76,76,76,76,76,76,76,76,76,76,76,76,76,76,76,76,76,76,76],"card_choices":[{"not_picked":["Loop","Coolheaded"],"picked":"Reinforced Body","floor":1.0},{"not_picked":["Loop","Heatsinks"],"picked":"Gash","floor":2.0},{"not_picked":["Darkness","Cold Snap"],"picked":"Aggregate","floor":3.0},{"not_picked":["Doom and Gloom","Sunder"],"picked":"Go for the Eyes","floor":5.0},{"not_picked":["White Noise","Auto Shields"],"picked":"Go for the Eyes","floor":6.0},{"not_picked":["Steam Power","Sweeping Beam"],"picked":"Reprogram","floor":8.0},{"not_picked":["Chill","Lockon","Ball Lightning"],"picked":"SKIP","floor":10.0},{"not_picked":["Melter","Compile Driver"],"picked":"Self Repair","floor":11.0},{"not_picked":["Reboot","Meteor Strike"],"picked":"All For One","floor":16.0},{"not_picked":["Redo","Blizzard","Loop"],"picked":"SKIP","floor":18.0},{"not_picked":["Skim","Barrage"],"picked":"Reprogram","floor":21.0},{"not_picked":["Sweeping Beam","Leap"],"picked":"Stack+1","floor":22.0},{"not_picked":["Beam Cell","Consume"],"picked":"Core Surge","floor":23.0},{"not_picked":["Steam","Heatsinks"],"picked":"Conserve Battery","floor":27.0},{"not_picked":["Consume","Aggregate"],"picked":"Auto Shields","floor":30.0},{"not_picked":["Barrage","Chaos","White Noise"],"picked":"SKIP","floor":31.0},{"not_picked":["Buffer","Amplify"],"picked":"Core Surge","floor":33.0},{"not_picked":["Rebound","Fusion"],"picked":"FTL+1","floor":35.0},{"not_picked":["Hologram","Redo"],"picked":"Beam Cell+1","floor":36.0},{"not_picked":["Ball Lightning+1","Sunder+1"],"picked":"Coolheaded+1","floor":39.0},{"not_picked":["Steam","Stack"],"picked":"Coolheaded","floor":42.0},{"not_picked":["Genetic Algorithm","Buffer"],"picked":"Streamline","floor":45.0}],"player_experience":191871,"relics_obtained":[{"floor":6.0,"key":"Happy Flower"},{"floor":9.0,"key":"Akabeko"},{"floor":11.0,"key":"DataDisk"},{"floor":23.0,"key":"White Beast Statue"},{"floor":26.0,"key":"Ornamental Fan"},{"floor":31.0,"key":"Nunchaku"}],"event_choices":[{"cards_removed":["Zap"],"damage_healed":0.0,"max_hp_gain":0.0,"max_hp_loss":0.0,"gold_gain":0.0,"event_name":"Golden Wing","player_choice":"Card Removal","floor":4.0,"gold_loss":0.0,"damage_taken":7.0},{"damage_healed":0.0,"max_hp_gain":0.0,"max_hp_loss":0.0,"gold_gain":0.0,"event_name":"Shining Light","player_choice":"Entered Light","floor":12.0,"gold_loss":0.0,"damage_taken":21.0,"cards_upgraded":["Strike_B","Defend_B"]},{"damage_healed":0.0,"max_hp_gain":0.0,"max_hp_loss":0.0,"gold_gain":0.0,"event_name":"Living Wall","player_choice":"Grow","floor":14.0,"gold_loss":0.0,"damage_taken":0.0,"cards_upgraded":["Reprogram"]},{"damage_healed":0.0,"max_hp_gain":0.0,"max_hp_loss":0.0,"gold_gain":0.0,"event_name":"Back to Basics","player_choice":"Simplicity","floor":19.0,"gold_loss":0.0,"damage_taken":0.0,"cards_upgraded":["Strike_B","Strike_B","Strike_B","Defend_B","Defend_B","Defend_B"]},{"damage_healed":0.0,"max_hp_gain":0.0,"max_hp_loss":0.0,"gold_gain":0.0,"event_name":"The Library","player_choice":"Read","floor":20.0,"gold_loss":0.0,"damage_taken":0.0,"cards_obtained":["Beam Cell"]},{"cards_removed":["Aggregate"],"damage_healed":58.0,"max_hp_gain":0.0,"max_hp_loss":0.0,"gold_gain":0.0,"event_name":"Bonfire Elementals","player_choice":"Offered Uncommon","floor":24.0,"gold_loss":0.0,"damage_taken":0.0},{"damage_healed":0.0,"max_hp_gain":0.0,"max_hp_loss":0.0,"gold_gain":0.0,"event_name":"Addict","player_choice":"Obtained Relic","floor":29.0,"gold_loss":85.0,"damage_taken":0.0,"relics_obtained":["Girya"]},{"damage_healed":0.0,"max_hp_gain":0.0,"max_hp_loss":0.0,"gold_gain":0.0,"event_name":"Transmorgrifier","player_choice":"Ignored","floor":38.0,"gold_loss":0.0,"damage_taken":0.0}],"is_beta":false,"boss_relics":[{"not_picked":["Runic Pyramid","Pandora\u0027s Box"],"picked":"SlaversCollar"},{"not_picked":["Snecko Eye","Runic Dome"],"picked":"Coffee Dripper"}],"items_purged_floors":[13],"is_endless":false,"potions_floor_spawned":[1,3,6,11,22,27,30,31,33,35,36,39,42,45],"killed_by":"Giant Head","ascension_level":20}}