{"host":"7oiwk103j2prpym5","time":1612727118,"event":{"mods":["BaseMod","BetterRewards","Colored Map","Colored Powertips","GifTheSpireLib","Infinite Spire","Minty Spire (QoL Compilation)","Permanent Neow","Relic Filter Mod","Reliquary","Remove Card Discount Mod","Replay The Spire","StSLib","Stuff the Spire","Weighted Paths"],"gold_per_floor":[117,134,151,426,440,473,487,497,544,558,573,573,573,573,573,668,668,678,678,696,213,228,228,228],"floor_reached":23,"language":"ENG","playtime":974,"items_purged":["Strike_R","Defend_R","Strike_R","Strike_R","Defend_R"],"score":322,"play_id":"83c7c2ad-9fdd-4e6a-9cdc-a203c79fe6db","local_time":"20210207134518","is_ascension_mode":false,"campfire_choices":[{"floor":13,"key":"RECALL"},{"floor":15,"key":"DIG"}],"circlet_count":0,"master_deck":["Strike_R","Strike_R","Defend_R","Defend_R","Bash","Limit Break","Spot Weakness","Sword Boomerang","Thunderclap","Cleave","ReplayTheSpireMod:Muscle Training","Flex","Searing Blow","ReplayReversal","Cleave+1","Immolate","Disarm","Magnetism","Iron Wave","Power Through"],"relics":["Burning Blood","Brimstone","infinitespire:Bottled Soul","Blood Vial","WingedGreaves","Ooze Armor","Strawberry"],"acts_visited":["Exordium","TheCity"],"potions_floor_usage":[6,16,16,16,23,23],"damage_taken":[{"damage":0,"enemies":"Small Slimes","floor":1,"turns":2},{"damage":30,"enemies":"infinitespire:Voidling","floor":2,"turns":4},{"damage":2,"enemies":"Jaw Worm","floor":3,"turns":2},{"damage":4,"enemies":"2 Fungi Beasts","floor":5,"turns":2},{"damage":2,"enemies":"Gremlin Nob","floor":6,"turns":3},{"damage":1,"enemies":"Looter","floor":7,"turns":2},{"damage":10,"enemies":"Red Slaver","floor":8,"turns":2},{"damage":0,"enemies":"Blue Slaver","floor":10,"turns":1},{"damage":7,"enemies":"Looter","floor":11,"turns":2},{"damage":56,"enemies":"Hexaghost","floor":16,"turns":5},{"damage":0,"enemies":"Spheric Guardian","floor":18,"turns":3},{"damage":18,"enemies":"Shell Parasite","floor":20,"turns":4},{"damage":19,"enemies":"Centurion and Healer","floor":22,"turns":3},{"damage":85,"enemies":"Nightmare","floor":23,"turns":7}],"seed_played":"4700607724462201245","potions_obtained":[{"floor":2,"key":"Flashbang"},{"floor":3,"key":"HeartOfIron"},{"floor":7,"key":"Energy Potion"},{"floor":10,"key":"CultistPotion"},{"floor":18,"key":"Dexterity Potion"},{"floor":20,"key":"Venom Potion"}],"is_trial":false,"path_per_floor":["M","M","M","?","M","E","M","M","T","M","M","?","R","?","R_BF","B",null,"M","?","M","$","M","NM"],"character_chosen":"IRONCLAD","items_purchased":["Brimstone","Limit Break","Strawberry","FairyPotion","Magnetism","Iron Wave"],"campfire_rested":0,"item_purchase_floors":[0,0,21,21,21,21],"current_hp_per_floor":[74,50,54,54,56,60,65,61,61,67,66,66,66,66,66,18,75,75,75,63,70,59,0,0],"gold":228,"neow_bonus":"","is_daily":false,"chose_seed":false,"campfire_upgraded":0,"win_rate":0.0,"timestamp":1612727118,"path_taken":["M","M","M","?","?","E","M","M","T","M","M","?","R","?","R_BF","BOSS","M","?","M","$","M","NM"],"items_purchased_type":["Relic","Card","Relic","Potion","Card","Card"],"build_version":"2020-12-22","purchased_purges":5,"victory":false,"max_hp_per_floor":[75,75,75,75,75,75,75,75,75,75,75,75,75,75,75,75,75,75,75,75,82,82,82,82],"card_choices":[{"not_picked":["Whirlwind","Carnage"],"picked":"Spot Weakness","floor":1},{"not_picked":["Run Through","ReplayTheSpireMod:Strike From Hell"],"picked":"Sword Boomerang","floor":2},{"not_picked":["Rampage","Headbutt"],"picked":"Thunderclap","floor":3},{"not_picked":["Infernal Blade","Clash"],"picked":"Cleave","floor":5},{"not_picked":["Rage","Pummel"],"picked":"Heavy Blade","floor":6},{"not_picked":["Reaper","StuffTheSpire:RockThrow"],"picked":"ReplayTheSpireMod:Muscle Training","floor":7},{"not_picked":["Pommel Strike","Battle Trance"],"picked":"Flex","floor":8},{"not_picked":["Clothesline","StuffTheSpire:Slingshot"],"picked":"Searing Blow","floor":10},{"not_picked":["Body Slam","Metallicize"],"picked":"ReplayReversal","floor":11},{"not_picked":["Impervious","Eclipse"],"picked":"Immolate","floor":16},{"not_picked":["Sentinel+1","Perfected Strike"],"picked":"Disarm","floor":18},{"not_picked":["Perfected Strike","Sentinel+1","Evolve"],"picked":"SKIP","floor":20},{"not_picked":["Cleave","Sword Boomerang"],"picked":"Power Through","floor":22}],"player_experience":866658,"relics_obtained":[{"floor":6,"key":"reliquary:FerryPass"},{"floor":15,"key":"Blood Vial"},{"floor":16,"key":"WingedGreaves"}],"event_choices":[{"damage_healed":0,"gold_gain":275,"player_choice":"Desecrate","damage_taken":0,"max_hp_gain":0,"max_hp_loss":0,"event_name":"Golden Shrine","floor":4,"gold_loss":0,"cards_obtained":["Regret"]},{"cards_removed":["StuffTheSpire:CuriosityCurse","Regret"],"damage_healed":0,"gold_gain":0,"player_choice":"Removed Curses","damage_taken":0,"max_hp_gain":0,"max_hp_loss":0,"event_name":"Fountain of Cleansing","floor":19,"gold_loss":0}],"is_beta":false,"boss_relics":[{"not_picked":["reliquary:KinkedSpring","Sozu"],"picked":"Ooze Armor"}],"items_purged_floors":[0,0,0,21,21],"is_endless":false,"potions_floor_spawned":[2,3,7,10,18,20],"killed_by":"Nightmare","ascension_level":0}}