{"host":"37ccm3d17clopct7","time":1612694959,"event":{"mods":["BaseMod","Hermit","Lobotomy","Minty Spire (QoL Compilation)","StSLib","The Bug Knight","The Cursed","The Hierophant","The Jungle","The Runesmith"],"gold_per_floor":[119,119,129,129,79,79,106,53,53,68,78,98,98,27,27,132,132,149,59,72,72,22,22,42,59,139,139,139,139,159,159,159,159,159],"floor_reached":33,"language":"KOR","playtime":1605,"items_purged":[],"score":270,"play_id":"62ec9c4e-733d-4bde-ab63-09798e2685cd","local_time":"20210207194919","is_ascension_mode":false,"campfire_choices":[{"data":"TheCursedMod:CursedWand","floor":6,"key":"SMITH"},{"floor":15,"key":"REST"},{"floor":23,"key":"REST"},{"data":"TheCursedMod:Hemoplague","floor":27,"key":"SMITH"},{"data":"TheCursedMod:HellfireBreathing","floor":29,"key":"SMITH"},{"data":"TheCursedMod:FleshFromBone","floor":32,"key":"SMITH"}],"circlet_count":0,"master_deck":["TheCursedMod:Strike_TheCursed+1","TheCursedMod:Strike_TheCursed+1","TheCursedMod:Defend_TheCursed+1","TheCursedMod:Defend_TheCursed+1","TheCursedMod:CursedWand+1","TheCursedMod:CleanUpWorkshop+1","TheCursedMod:Dregs","TheCursedMod:CircleOfCorruption+1","TheCursedMod:CursedArmor+1","TheCursedMod:SmokeScreen","TheCursedMod:FleshFromBone+1","TheCursedMod:WearCloak","TheCursedMod:Stigma","TheCursedMod:CursedBlade","TheCursedMod:Hemoplague+1","TheCursedMod:CircleOfAbyss","TheCursedMod:SpitefulStrike","TheCursedMod:HellfireBreathing+1","TheCursedMod:FleshFromBone","TheCursedMod:CircleOfFocus+1","TheCursedMod:Obscuration","TheCursedMod:LuckyCharm+1"],"relics":["TheCursedMod:BlackMagic101","NeowsBlessing","HollowMod:LifeEnderRelic","Question Card","Empty Cage","theJungle:ParSnip","White Beast Statue","Eternal Feather","theJungle:BirthdayCakeSlice"],"acts_visited":["Exordium","theJungle:Jungle"],"potions_floor_usage":[16,16,33],"damage_taken":[{"damage":0,"enemies":"Small Slimes","floor":1,"turns":1},{"damage":0,"enemies":"Cultist","floor":3,"turns":1},{"damage":0,"enemies":"3 Sentries","floor":7,"turns":1},{"damage":0,"enemies":"2 Louse","floor":10,"turns":4},{"damage":4,"enemies":"Exordium Wildlife","floor":11,"turns":6},{"damage":0,"enemies":"2 Fungi Beasts","floor":12,"turns":4},{"damage":42,"enemies":"Slime Boss","floor":16,"turns":16},{"damage":8,"enemies":"theJungle:5_Spyders","floor":18,"turns":11},{"damage":20,"enemies":"theJungle:Flameango_and_Byrd","floor":20,"turns":6},{"damage":3,"enemies":"theJungle:Snecko_Cultist_And_Trap","floor":24,"turns":7},{"damage":14,"enemies":"theJungle:JungleHuntersEncounter","floor":25,"turns":6},{"damage":7,"enemies":"theJungle:SlimyTreeVines","floor":30,"turns":9},{"damage":80,"enemies":"theJungle:TotemBoss","floor":33,"turns":12}],"seed_played":"-10876718314034422","potions_obtained":[{"floor":7,"key":"EssenceOfSteel"},{"floor":10,"key":"Explosive Potion"},{"floor":12,"key":"DistilledChaos"},{"floor":20,"key":"BlessingOfTheForge"},{"floor":30,"key":"SteroidPotion"}],"is_trial":false,"path_per_floor":["M","?","M","?","?","R","E","$","T","M","M","M","?","$","R","B",null,"M","?","M","?","$","R","M","M","T","R","T","R","M","?","R","B"],"character_chosen":"THE_CURSED","items_purchased":["TheCursedMod:FleshFromBone","TheCursedMod:Hemoplague","TheCursedMod:FleshFromBone"],"campfire_rested":2,"item_purchase_floors":[8,14,22],"current_hp_per_floor":[75,75,75,68,68,68,68,68,68,68,64,64,49,49,71,29,75,67,67,47,47,47,69,66,52,52,52,52,64,63,68,80,0,0],"gold":159,"neow_bonus":"THREE_ENEMY_KILL","is_daily":false,"chose_seed":false,"campfire_upgraded":4,"win_rate":0.0,"timestamp":1612694959,"path_taken":["M","?","?","?","?","R","E","?","T","M","M","?","?","$","R","BOSS","M","?","M","?","?","R","M","M","T","R","?","R","M","?","R","BOSS"],"items_purchased_type":["Card","Card","Card"],"build_version":"2020-12-22","purchased_purges":0,"victory":false,"max_hp_per_floor":[75,75,75,75,75,75,75,75,75,75,75,75,75,75,75,75,75,75,75,75,75,75,75,75,75,75,75,75,75,75,80,80,80,80],"card_choices":[{"not_picked":["TheCursedMod:Stretching","TheCursedMod:CursedArmor"],"picked":"TheCursedMod:CircleOfCorruption","floor":1},{"not_picked":["TheCursedMod:StingEye","TheCursedMod:CircleOfFocus"],"picked":"TheCursedMod:CursedArmor","floor":3},{"not_picked":["TheCursedMod:SaltUponWound","TheCursedMod:Stigma"],"picked":"TheCursedMod:SmokeScreen","floor":7},{"not_picked":["TheCursedMod:CursedMace","TheCursedMod:SoulCrush","TheCursedMod:CursedBoomerang"],"picked":"TheCursedMod:WearCloak","floor":10},{"not_picked":["TheCursedMod:RavingStaff","TheCursedMod:SoulCrush","TheCursedMod:CursedAmulet"],"picked":"TheCursedMod:Stigma","floor":11},{"not_picked":["TheCursedMod:TacticalStrike","TheCursedMod:CursedStaff","TheCursedMod:CircleOfCorruption"],"picked":"TheCursedMod:CursedBlade","floor":12},{"not_picked":["TheCursedMod:UltimatePain","TheCursedMod:DarkBarrier","TheCursedMod:NeowsMight"],"picked":"TheCursedMod:CircleOfAbyss","floor":16},{"not_picked":["TheCursedMod:Obscuration","TheCursedMod:HellsGateOpen+1","TheCursedMod:AbyssShockwave+1"],"picked":"TheCursedMod:SpitefulStrike","floor":18},{"not_picked":["TheCursedMod:ReleasedStrength","TheCursedMod:BlessingInDisguise","TheCursedMod:TacticalStrike"],"picked":"TheCursedMod:HellfireBreathing","floor":20},{"not_picked":["TheCursedMod:CursedBlade","TheCursedMod:RapidMovement","TheCursedMod:CursedShiv"],"picked":"TheCursedMod:CircleOfFocus+1","floor":24},{"not_picked":["TheCursedMod:CircleOfAmplification+1","TheCursedMod:CircleOfFlame","TheCursedMod:CursedShiv"],"picked":"TheCursedMod:Obscuration","floor":25},{"not_picked":["TheCursedMod:RapidMovement","TheCursedMod:Torture","TheCursedMod:TacticalStrike+1"],"picked":"TheCursedMod:LuckyCharm+1","floor":30}],"player_experience":133746,"relics_obtained":[{"floor":7,"key":"HollowMod:LifeEnderRelic"},{"floor":9,"key":"Question Card"},{"floor":26,"key":"White Beast Statue"},{"floor":28,"key":"Eternal Feather"}],"event_choices":[{"damage_healed":0,"gold_gain":0,"player_choice":"Bought 0 Potions","damage_taken":0,"max_hp_gain":0,"max_hp_loss":0,"event_name":"The Woman in Blue","floor":2,"gold_loss":0},{"cards_removed":["TheCursedMod:Defend_TheCursed"],"damage_healed":0,"gold_gain":0,"player_choice":"Card Removal","damage_taken":7,"max_hp_gain":0,"max_hp_loss":0,"event_name":"Golden Wing","floor":4,"gold_loss":0},{"cards_removed":["TheCursedMod:Strike_TheCursed"],"damage_healed":0,"gold_gain":0,"player_choice":"Card Removal","damage_taken":0,"max_hp_gain":0,"max_hp_loss":0,"event_name":"The Cleric","floor":5,"gold_loss":50},{"damage_healed":0,"gold_gain":0,"player_choice":"Entered Light","damage_taken":15,"max_hp_gain":0,"max_hp_loss":0,"event_name":"Shining Light","floor":13,"gold_loss":0,"cards_upgraded":["TheCursedMod:CircleOfCorruption","TheCursedMod:CursedArmor"]}],"is_beta":false,"boss_relics":[{"not_picked":["Tiny House","Runic Pyramid"],"picked":"Empty Cage"}],"items_purged_floors":[],"is_endless":false,"potions_floor_spawned":[7,10,12,20,30],"killed_by":"theJungle:TotemBoss","ascension_level":0}}