{"host":"8z0h4areh8sio1k0","time":1612671260,"event":{"mods":["10 clothes from DAL","Act Like it!","Aspiration","BaseMod","Colored Map","Conspire","Crowbot","Hubris","Library of Ruina Extra","Minty Spire (QoL Compilation)","Replay The Spire","StSLib","TestMod","The Administrix","The Bug Knight","The Cursed","【遗物Mod】死灵法师NEW","老伊莉雅"],"gold_per_floor":[112,112,12,12,12,46,46,80,80,80,80,93,93,106,106,106,106],"floor_reached":16,"language":"ZHS","playtime":485,"items_purged":[],"score":156,"play_id":"14f62f00-47bb-4fa5-a1bb-62309c8b195d","local_time":"20210207121420","is_ascension_mode":false,"campfire_choices":[{"data":"PrismaMod:IllyaRussianRoulette","floor":7,"key":"SMITH"},{"data":"PrismaMod:IllyaUberChannel","floor":10,"key":"SMITH"},{"data":"PrismaMod:IllyaAssassinRevenge","floor":13,"key":"SMITH"},{"data":"PrismaMod:IllyaBerserCAR","floor":15,"key":"SMITH"}],"circlet_count":0,"master_deck":["PrismaMod:IllyaCommonAttack","PrismaMod:IllyaCommonDefend","PrismaMod:IllyaCommonAttack","PrismaMod:IllyaCommonDefend","PrismaMod:IllyaCommonAttack","PrismaMod:IllyaCommonDefend","PrismaMod:IllyaCommonDefend","PrismaMod:IllyaCommonAttack","PrismaMod:IllyaCommonDefend","PrismaMod:IllyaUncommonAttack","PrismaMod:IllyaUncommonDefend","PrismaMod:IllyaRussianRoulette+1","Ghostly","PrismaMod:IllyaUberChannel+1","PrismaMod:IllyaMinorRapidFire","PrismaMod:IllyaAssassinRevenge+1","PrismaMod:IllyaBerserCAR+1"],"relics":["PrismaMod:PrismaRuby","testmod-TestBox","testmod-TimeTraveler","NeowsBlessing","Golden Egg","hubris:TinFlute","Mummified Hand"],"acts_visited":["Exordium"],"potions_floor_usage":[],"damage_taken":[{"damage":0,"enemies":"Cultist","floor":1,"turns":1},{"damage":0,"enemies":"3 Sentries","floor":6,"turns":2},{"damage":0,"enemies":"Gremlin Nob","floor":8,"turns":1},{"damage":0,"enemies":"Small Slimes","floor":12,"turns":3},{"damage":0,"enemies":"Jaw Worm","floor":14,"turns":3},{"damage":36,"enemies":"Fading Forest","floor":16,"turns":10}],"seed_played":"7332907808329725172","potions_obtained":[{"floor":12,"key":"Milkshake"},{"floor":14,"key":"GamblersBrew"}],"is_trial":false,"path_per_floor":["M","T","?","$","?","E","R","E","T","R","?","M","R","M","R","B"],"character_chosen":"ILLYA","items_purchased":[],"campfire_rested":0,"item_purchase_floors":[],"current_hp_per_floor":[75,75,75,75,75,75,75,75,75,75,75,75,75,75,75,49,49],"gold":106,"neow_bonus":"THREE_ENEMY_KILL","is_daily":false,"chose_seed":false,"campfire_upgraded":4,"win_rate":0.0,"timestamp":1612671260,"path_taken":["M","?","?","$","?","E","R","E","T","R","?","M","R","M","R","BOSS"],"items_purchased_type":[],"build_version":"2020-12-22","purchased_purges":0,"victory":false,"max_hp_per_floor":[75,75,75,75,75,75,75,75,75,75,75,75,75,75,75,75,75],"card_choices":[{"not_picked":["PrismaMod:IllyaRubysPotion","PrismaMod:IllyaUncommonEvoke"],"picked":"PrismaMod:IllyaRussianRoulette","floor":1},{"not_picked":["PrismaMod:IllyaEvokeAll","PrismaMod:IllyaReinForce"],"picked":"PrismaMod:IllyaUberChannel","floor":6},{"not_picked":["PrismaMod:IllyaUpgradeOrbs","PrismaMod:IllyaUncommonAttack"],"picked":"PrismaMod:IllyaMinorRapidFire","floor":8},{"not_picked":["PrismaMod:IllyaPoisonBomb","PrismaMod:IllyaPoisonTippedWeapons"],"picked":"PrismaMod:IllyaAssassinRevenge","floor":12},{"not_picked":["PrismaMod:IllyaUpgradeOrbs","PrismaMod:IllyaCommandSeal"],"picked":"PrismaMod:IllyaBerserCAR","floor":14}],"player_experience":537910,"relics_obtained":[{"floor":6,"key":"Golden Egg"},{"floor":8,"key":"hubris:TinFlute"},{"floor":9,"key":"Mummified Hand"}],"event_choices":[{"damage_healed":0,"gold_gain":0,"player_choice":"Argue","damage_taken":0,"max_hp_gain":0,"max_hp_loss":0,"event_name":"conspire:LoneGhost","floor":3,"gold_loss":0},{"damage_healed":0,"gold_gain":0,"player_choice":"Bought 0 Potions","damage_taken":0,"max_hp_gain":0,"max_hp_loss":0,"event_name":"The Woman in Blue","floor":11,"gold_loss":0}],"is_beta":false,"boss_relics":[],"items_purged_floors":[],"is_endless":false,"potions_floor_spawned":[12,14],"killed_by":"Fading Forest","ascension_level":0}}