{"host":"rolltorest","time":1612669278,"event":{"mods":["BaseMod","Minty Spire (QoL Compilation)","Relic Stats","Slay the Relics Exporter","StSLib"],"gold_per_floor":[110,110,120,63,63,88,88,116,116,116,129,163,178,205,205,281,281,296,316,331,251,269,269,302,329,356,372,372,372],"floor_reached":28,"language":"ENG","playtime":911,"items_purged":[],"score":611,"play_id":"a9566435-be41-4a21-895b-ae75ef04ab72","local_time":"20210206194118","is_ascension_mode":true,"campfire_choices":[{"data":"Perfected Strike","floor":7,"key":"SMITH"},{"data":"Feed","floor":10,"key":"SMITH"},{"data":"Clothesline","floor":15,"key":"SMITH"},{"floor":23,"key":"REST"}],"circlet_count":0,"master_deck":["AscendersBane","Strike_R","Strike_R","Strike_R","Defend_R","Defend_R","Defend_R","Defend_R","Bash","Perfected Strike+1","Power Through","Pommel Strike","Dropkick","Clothesline+1","Feed+1","Spot Weakness","Battle Trance","Shrug It Off","Spot Weakness","Impervious","Flame Barrier","Shockwave+1","Armaments","Metallicize+1","Second Wind","Dual Wield"],"relics":["Burning Blood","NeowsBlessing","Turnip","Charon\u0027s Ashes","Bottled Flame","StoneCalendar","Shuriken","Philosopher\u0027s Stone","Red Skull","Nunchaku","Red Mask"],"acts_visited":["Exordium","TheCity"],"potions_floor_usage":[12,13,14,16,24],"damage_taken":[{"damage":0,"enemies":"Small Slimes","floor":1,"turns":1},{"damage":0,"enemies":"Cultist","floor":3,"turns":1},{"damage":0,"enemies":"3 Sentries","floor":6,"turns":1},{"damage":25,"enemies":"Lagavulin","floor":8,"turns":7},{"damage":4,"enemies":"2 Louse","floor":11,"turns":2},{"damage":32,"enemies":"Gremlin Nob","floor":12,"turns":4},{"damage":0,"enemies":"Looter","floor":13,"turns":5},{"damage":10,"enemies":"3 Sentries","floor":14,"turns":4},{"damage":19,"enemies":"Slime Boss","floor":16,"turns":10},{"damage":23,"enemies":"Shell Parasite","floor":18,"turns":9},{"damage":23,"enemies":"3 Byrds","floor":19,"turns":5},{"damage":10,"enemies":"Snake Plant","floor":20,"turns":5},{"damage":19,"enemies":"Sentry and Sphere","floor":22,"turns":7},{"damage":32,"enemies":"Gremlin Leader","floor":24,"turns":7},{"damage":5,"enemies":"Masked Bandits","floor":25,"turns":3},{"damage":11,"enemies":"Centurion and Healer","floor":27,"turns":4},{"damage":45,"enemies":"Slavers","floor":28,"turns":4}],"seed_played":"-3920818387883222334","potions_obtained":[{"floor":3,"key":"DistilledChaos"},{"floor":6,"key":"SkillPotion"},{"floor":12,"key":"Explosive Potion"},{"floor":13,"key":"Explosive Potion"},{"floor":16,"key":"ColorlessPotion"},{"floor":18,"key":"Strength Potion"}],"is_trial":false,"path_per_floor":["M","?","M","$","?","E","R","E","T","R","M","E","M","E","R","B",null,"M","M","M","?","M","R","E","?","T","M","E"],"character_chosen":"IRONCLAD","items_purchased":["Pommel Strike"],"campfire_rested":1,"item_purchase_floors":[4],"current_hp_per_floor":[74,67,73,73,73,75,75,56,56,56,62,36,42,42,42,29,70,57,44,44,44,31,59,33,38,38,37,0,0],"gold":372,"neow_bonus":"THREE_ENEMY_KILL","is_daily":false,"chose_seed":false,"campfire_upgraded":3,"win_rate":0.0,"timestamp":1612669278,"path_taken":["M","?","M","$","?","E","R","E","T","R","M","E","M","E","R","BOSS","M","?","M","?","?","R","E","?","T","M","E"],"items_purchased_type":["Card"],"build_version":"2020-12-18","purchased_purges":0,"victory":false,"max_hp_per_floor":[75,75,75,75,75,75,75,75,75,75,79,79,79,83,83,83,83,87,91,95,95,95,95,95,99,99,103,103,103],"relic_stats":{"Nunchaku":[1],"counters":[17,79],"Shuriken":[5],"StoneCalendar":[209],"Turnip":[16],"Charon\u0027s Ashes":[150],"obtain_stats":[{"Bottled Flame":9,"Nunchaku":24,"NeowsBlessing":0,"Shuriken":14,"StoneCalendar":12,"Philosopher\u0027s Stone":17,"Turnip":6,"Charon\u0027s Ashes":8,"Red Mask":25,"Burning Blood":0,"Red Skull":21},{"Bottled Flame":4,"Nunchaku":14,"NeowsBlessing":0,"Shuriken":8,"StoneCalendar":6,"Philosopher\u0027s Stone":9,"Turnip":3,"Charon\u0027s Ashes":4,"Red Mask":15,"Burning Blood":0,"Red Skull":12},{"Bottled Flame":10,"Nunchaku":68,"NeowsBlessing":0,"Shuriken":25,"StoneCalendar":16,"Philosopher\u0027s Stone":35,"Turnip":3,"Charon\u0027s Ashes":10,"Red Mask":71,"Burning Blood":0,"Red Skull":54}],"Burning Blood":92},"card_choices":[{"not_picked":["Sword Boomerang","Intimidate"],"picked":"Perfected Strike","floor":1},{"not_picked":["Sword Boomerang","True Grit"],"picked":"Power Through","floor":3},{"not_picked":["Brutality","Battle Trance"],"picked":"Clothesline","floor":6},{"not_picked":["Hemokinesis","Exhume"],"picked":"Feed","floor":8},{"not_picked":["Battle Trance","Anger"],"picked":"Spot Weakness","floor":11},{"not_picked":["Entrench","Evolve"],"picked":"Battle Trance","floor":12},{"not_picked":["Warcry","Armaments"],"picked":"Shrug It Off","floor":13},{"not_picked":["Infernal Blade","True Grit"],"picked":"Spot Weakness","floor":14},{"not_picked":["Juggernaut","Brutality"],"picked":"Impervious","floor":16},{"not_picked":["Carnage","Rampage"],"picked":"Flame Barrier","floor":18},{"not_picked":["Infernal Blade","Perfected Strike"],"picked":"Shockwave+1","floor":19},{"not_picked":["Fire Breathing","Sever Soul","Havoc"],"picked":"SKIP","floor":20},{"not_picked":["Thunderclap","Pummel+1"],"picked":"Armaments","floor":22},{"not_picked":["Fire Breathing","Heavy Blade"],"picked":"Metallicize+1","floor":24},{"not_picked":["Feel No Pain","Uppercut"],"picked":"Second Wind","floor":25},{"not_picked":["Intimidate","Clash"],"picked":"Dual Wield","floor":27}],"player_experience":1904443,"relics_obtained":[{"floor":6,"key":"Turnip"},{"floor":8,"key":"Charon\u0027s Ashes"},{"floor":9,"key":"Bottled Flame"},{"floor":12,"key":"StoneCalendar"},{"floor":14,"key":"Shuriken"},{"floor":24,"key":"Nunchaku"},{"floor":25,"key":"Red Mask"}],"event_choices":[{"cards_removed":["Strike_R"],"damage_healed":0,"gold_gain":0,"player_choice":"Card Removal","damage_taken":7,"max_hp_gain":0,"max_hp_loss":0,"event_name":"Golden Wing","floor":2,"gold_loss":0},{"damage_healed":0,"gold_gain":0,"cards_transformed":["Strike_R"],"player_choice":"Transformed","damage_taken":0,"max_hp_gain":0,"max_hp_loss":0,"event_name":"Transmorgrifier","floor":5,"gold_loss":0,"cards_obtained":["Dropkick"]},{"damage_healed":0,"gold_gain":0,"player_choice":"Paid Gold","damage_taken":0,"relics_obtained":["Red Skull"],"max_hp_gain":0,"max_hp_loss":0,"event_name":"WeMeetAgain","floor":21,"gold_loss":80},{"damage_healed":0,"gold_gain":0,"player_choice":"Fought Bandits","damage_taken":0,"max_hp_gain":0,"max_hp_loss":0,"event_name":"Masked Bandits","floor":25,"gold_loss":0}],"is_beta":true,"boss_relics":[{"not_picked":["Astrolabe","Coffee Dripper"],"picked":"Philosopher\u0027s Stone"}],"items_purged_floors":[],"is_endless":false,"potions_floor_spawned":[3,6,11,12,13,16,18,20],"killed_by":"Slavers","ascension_level":20}}