{"host":"t7mx8yfj1no5p62f","time":1612675898,"event":{"mods":["BaseMod","Colored Map","Colored Powertips","Curses Come First","Minty Spire (QoL Compilation)","Relic Stats","StSLib"],"gold_per_floor":[15,34,49,60,80,80,114,126,126,201,201,201],"floor_reached":11,"language":"ENG","playtime":345,"items_purged":[],"score":154,"play_id":"2a1622f2-3f9a-4cb4-8c0a-744b52277c92","local_time":"20210207003138","is_ascension_mode":true,"campfire_choices":[{"data":"Defragment","floor":6,"key":"SMITH"}],"circlet_count":0,"master_deck":["AscendersBane","Strike_B","Strike_B","Defend_B","Defend_B","Defend_B","Defend_B","Zap","Dualcast","Genetic Algorithm","Static Discharge","Turbo","Rebound","Defragment+1","Sweeping Beam","Go for the Eyes","Seek","Undo"],"relics":["Cracked Core","Centennial Puzzle","Anchor"],"acts_visited":["Exordium"],"potions_floor_usage":[5],"damage_taken":[{"damage":2,"enemies":"Jaw Worm","floor":1,"turns":5},{"damage":0,"enemies":"2 Louse","floor":2,"turns":2},{"damage":1,"enemies":"Small Slimes","floor":3,"turns":4},{"damage":11,"enemies":"Exordium Wildlife","floor":4,"turns":4},{"damage":4,"enemies":"Red Slaver","floor":5,"turns":3},{"damage":23,"enemies":"Gremlin Nob","floor":7,"turns":4},{"damage":1,"enemies":"2 Fungi Beasts","floor":8,"turns":3},{"damage":12,"enemies":"Lagavulin","floor":11,"turns":5}],"seed_played":"8695154278411521201","potions_obtained":[{"floor":4,"key":"Swift Potion"},{"floor":7,"key":"LiquidMemories"}],"is_trial":false,"path_per_floor":["M","M","M","M","M","R","E","M","T","?","E"],"character_chosen":"DEFECT","items_purchased":[],"campfire_rested":0,"item_purchase_floors":[],"current_hp_per_floor":[62,62,61,50,46,46,23,22,22,11,0,0],"gold":201,"neow_bonus":"TRANSFORM_TWO_CARDS","is_daily":false,"chose_seed":false,"campfire_upgraded":1,"win_rate":0.0,"timestamp":1612675898,"path_taken":["M","M","M","M","M","R","E","M","T","?","E"],"items_purchased_type":[],"build_version":"2020-12-22","purchased_purges":0,"victory":false,"max_hp_per_floor":[71,71,71,71,71,71,71,71,71,71,71,71],"relic_stats":{"Centennial Puzzle":[6],"counters":[8,30],"obtain_stats":[{"Centennial Puzzle":7,"Anchor":9,"Cracked Core":0},{"Centennial Puzzle":6,"Anchor":7,"Cracked Core":0},{"Centennial Puzzle":22,"Anchor":25,"Cracked Core":0}]},"card_choices":[{"not_picked":["Steam","Stack"],"picked":"Turbo","floor":1},{"not_picked":["Stack","Steam Power"],"picked":"Rebound","floor":2},{"not_picked":["Recycle","Gash"],"picked":"Defragment","floor":3},{"not_picked":["Hyperbeam","Cold Snap"],"picked":"Sweeping Beam","floor":4},{"not_picked":["Coolheaded","Sweeping Beam"],"picked":"Go for the Eyes","floor":5},{"not_picked":["Chill","Redo"],"picked":"Seek","floor":7},{"not_picked":["BootSequence","Reinforced Body"],"picked":"Undo","floor":8}],"player_experience":1953294,"relics_obtained":[{"floor":7,"key":"Centennial Puzzle"},{"floor":9,"key":"Anchor"}],"event_choices":[{"damage_healed":0,"gold_gain":75,"player_choice":"Gather Gold","damage_taken":11,"max_hp_gain":0,"max_hp_loss":0,"event_name":"World of Goop","floor":10,"gold_loss":0}],"is_beta":false,"boss_relics":[],"items_purged_floors":[],"is_endless":false,"potions_floor_spawned":[4,7],"killed_by":"Lagavulin","ascension_level":20}}