{"host":"z2o61o1qvcmvhuul","time":1612662358,"event":{"mods":["ATMod(°¢èªMod)","Alarm Clock","BaseMod","Minty Spire (QoL Compilation)","Quick Restart","StSLib","Starting Relic: Pandora\u0027s Box","SuperFastMode"],"gold_per_floor":[112,112,129,129,143,171,171,191,218,218,218,218],"floor_reached":11,"language":"ZHS","playtime":189,"items_purged":[],"score":131,"play_id":"00109cff-0612-45dd-baf0-d4dc8121d289","local_time":"20210207094558","is_ascension_mode":true,"campfire_choices":[{"data":"Sword Boomerang","floor":7,"key":"SMITH"}],"circlet_count":0,"master_deck":["AscendersBane","Bash","Burning Pact","Pommel Strike","Sword Boomerang+1","Perfected Strike","Dual Wield+1","Spot Weakness","Inflame","Thunderclap","Shockwave+1","Shrug It Off","Double Tap"],"relics":["Pandora\u0027s Box","AT_ATBox","NeowsBlessing","Tiny Chest","Bag of Marbles"],"acts_visited":["Exordium"],"potions_floor_usage":[6],"damage_taken":[{"damage":0,"enemies":"2 Louse","floor":1,"turns":1},{"damage":0,"enemies":"Small Slimes","floor":3,"turns":1},{"damage":0,"enemies":"Cultist","floor":5,"turns":1},{"damage":22,"enemies":"3 Sentries","floor":6,"turns":4},{"damage":8,"enemies":"3 Louse","floor":8,"turns":2},{"damage":16,"enemies":"Lagavulin","floor":11,"turns":4}],"seed_played":"-5304036819995879833","potions_obtained":[{"floor":1,"key":"LiquidMemories"},{"floor":5,"key":"FearPotion"},{"floor":8,"key":"Ancient Potion"}],"is_trial":false,"path_per_floor":["M","?","M","?","M","E","R","M","T","?","E"],"character_chosen":"IRONCLAD","items_purchased":[],"campfire_rested":0,"item_purchase_floors":[],"current_hp_per_floor":[68,45,45,38,38,16,16,8,8,8,0,0],"gold":218,"neow_bonus":"THREE_ENEMY_KILL","is_daily":false,"chose_seed":false,"campfire_upgraded":1,"win_rate":0.0,"timestamp":1612662358,"path_taken":["M","?","M","?","M","E","R","M","T","?","E"],"items_purchased_type":[],"build_version":"2020-12-22","purchased_purges":0,"victory":false,"max_hp_per_floor":[75,75,75,75,75,75,75,75,75,75,75,75],"card_choices":[{"not_picked":["Wild Strike","Body Slam"],"picked":"Shockwave","floor":1},{"not_picked":["Headbutt","Clash"],"picked":"Shrug It Off","floor":3},{"not_picked":["Metallicize","AT_BodySlamDance"],"picked":"Double Tap","floor":5},{"not_picked":["Anger","Fire Breathing","Twin Strike"],"picked":"SKIP","floor":6},{"not_picked":["Sword Boomerang","Demon Form","Cleave"],"picked":"SKIP","floor":8}],"player_experience":119481,"relics_obtained":[{"floor":6,"key":"Tiny Chest"},{"floor":9,"key":"Bag of Marbles"}],"event_choices":[{"damage_healed":0,"gold_gain":0,"player_choice":"Entered Light","damage_taken":23,"max_hp_gain":0,"max_hp_loss":0,"event_name":"Shining Light","floor":2,"gold_loss":0,"cards_upgraded":["Dual Wield","Shockwave"]},{"cards_removed":["Perfected Strike"],"damage_healed":0,"gold_gain":0,"player_choice":"Card Removal","damage_taken":7,"max_hp_gain":0,"max_hp_loss":0,"event_name":"Golden Wing","floor":4,"gold_loss":0},{"damage_healed":0,"gold_gain":0,"player_choice":"0 cards matched","damage_taken":0,"max_hp_gain":0,"max_hp_loss":0,"event_name":"Match and Keep!","floor":10,"gold_loss":0,"cards_obtained":[]}],"is_beta":false,"boss_relics":[],"items_purged_floors":[],"is_endless":false,"potions_floor_spawned":[1,5,8],"killed_by":"Lagavulin","ascension_level":16}}