{"host":"aapp7ew3jk5k1bvd","time":1612683645,"event":{"mods":["AchievementEnabler","BaseMod","Colored Map","Minty Spire (QoL Compilation)","Permanent Neow","StSLib","SuperFastMode"],"gold_per_floor":[111,128,128,53,69,69,145,178,204,204,223,223,240,257,257,355,355,366,366,266,266,53,53,68,68,68,68,68],"floor_reached":27,"language":"KOR","playtime":376,"items_purged":["Strike_R","Defend_R","Strike_R"],"score":211,"play_id":"17c657e6-a74a-4c95-bbb2-a727d9f96c94","local_time":"20210207164045","is_ascension_mode":false,"campfire_choices":[{"data":"Body Slam","floor":6,"key":"SMITH"},{"data":"Body Slam","floor":15,"key":"SMITH"},{"data":"Flex","floor":23,"key":"SMITH"},{"floor":25,"key":"REST"}],"circlet_count":0,"master_deck":["Strike_R+1","Strike_R","Defend_R+1","Defend_R","Bash+1","Body Slam+1","Inflame","Whirlwind","Body Slam","Body Slam+1","Demon Form+1","Flex+1"],"relics":["Burning Blood","Potion Belt","Lantern","Strawberry","Empty Cage","Membership Card","Sundial"],"acts_visited":["Exordium","TheCity"],"potions_floor_usage":[16,16,24],"damage_taken":[{"damage":5,"enemies":"2 Louse","floor":1,"turns":3},{"damage":3,"enemies":"Jaw Worm","floor":2,"turns":4},{"damage":0,"enemies":"Cultist","floor":5,"turns":3},{"damage":28,"enemies":"Gremlin Nob","floor":8,"turns":4},{"damage":0,"enemies":"Large Slime","floor":11,"turns":3},{"damage":0,"enemies":"Gremlin Gang","floor":13,"turns":2},{"damage":1,"enemies":"Exordium Wildlife","floor":14,"turns":3},{"damage":47,"enemies":"Hexaghost","floor":16,"turns":9},{"damage":31,"enemies":"Spheric Guardian","floor":18,"turns":5},{"damage":20,"enemies":"2 Thieves","floor":24,"turns":3},{"damage":63,"enemies":"Slavers","floor":27,"turns":3}],"seed_played":"-5942814721846103383","potions_obtained":[{"floor":2,"key":"Energy Potion"},{"floor":5,"key":"Swift Potion"},{"floor":13,"key":"SteroidPotion"},{"floor":14,"key":"Ancient Potion"},{"floor":18,"key":"PowerPotion"}],"is_trial":false,"path_per_floor":["M","M","?","$","M","R","?","E","T","?","M","?","M","M","R","B",null,"M","?","$","?","$","R","M","R","T","E"],"character_chosen":"IRONCLAD","items_purchased":["Membership Card"],"campfire_rested":1,"item_purchase_floors":[22],"current_hp_per_floor":[80,80,64,64,70,70,70,48,48,43,49,49,55,60,60,19,87,62,45,45,45,45,45,31,58,58,0,0],"gold":68,"neow_bonus":"UPGRADE_CARD","is_daily":false,"chose_seed":false,"campfire_upgraded":3,"win_rate":0.0,"timestamp":1612683645,"path_taken":["M","M","?","$","M","R","?","E","T","?","M","?","M","?","R","BOSS","M","?","$","?","$","R","?","R","T","E"],"items_purchased_type":["Relic"],"build_version":"2020-12-22","purchased_purges":3,"victory":false,"max_hp_per_floor":[80,80,80,80,80,80,80,80,80,87,87,87,87,87,87,87,87,87,92,92,92,92,92,92,92,92,92,92],"card_choices":[{"not_picked":["Uppercut","Seeing Red"],"picked":"Body Slam","floor":1},{"not_picked":["Infernal Blade","Flex"],"picked":"Inflame","floor":2},{"not_picked":["Havoc","Anger"],"picked":"Whirlwind","floor":5},{"not_picked":["Rampage","Cleave","Rage"],"picked":"SKIP","floor":8},{"not_picked":["Heavy Blade","Shrug It Off"],"picked":"Body Slam","floor":11},{"not_picked":["Bloodletting","Seeing Red"],"picked":"Perfected Strike","floor":13},{"not_picked":["Wild Strike","Hemokinesis"],"picked":"Body Slam","floor":14},{"not_picked":["Exhume","Impervious"],"picked":"Demon Form","floor":16},{"not_picked":["Thunderclap","Perfected Strike+1"],"picked":"Flex","floor":18},{"not_picked":["Power Through","Pommel Strike","Havoc"],"picked":"SKIP","floor":24}],"player_experience":1327933,"relics_obtained":[{"floor":8,"key":"Potion Belt"},{"floor":9,"key":"Lantern"},{"floor":26,"key":"Sundial"}],"event_choices":[{"damage_healed":0,"gold_gain":0,"player_choice":"Entered Light","damage_taken":16,"max_hp_gain":0,"max_hp_loss":0,"event_name":"Shining Light","floor":3,"gold_loss":0,"cards_upgraded":["Defend_R","Strike_R"]},{"damage_healed":0,"gold_gain":76,"player_choice":"Gained Gold","damage_taken":0,"max_hp_gain":0,"max_hp_loss":0,"event_name":"Golden Wing","floor":7,"gold_loss":0},{"damage_healed":0,"gold_gain":0,"player_choice":"Success","damage_taken":12,"relics_obtained":["Strawberry"],"max_hp_gain":0,"max_hp_loss":0,"event_name":"Scrap Ooze","floor":10,"gold_loss":0},{"cards_removed":["Strike_R"],"damage_healed":0,"gold_gain":0,"player_choice":"Offered Basic","damage_taken":0,"max_hp_gain":0,"max_hp_loss":0,"event_name":"Bonfire Elementals","floor":12,"gold_loss":0},{"damage_healed":0,"gold_gain":0,"player_choice":"Shed Blood","damage_taken":22,"max_hp_gain":5,"max_hp_loss":0,"event_name":"Forgotten Altar","floor":19,"gold_loss":0},{"damage_healed":0,"gold_gain":0,"player_choice":"Upgraded","damage_taken":0,"max_hp_gain":0,"max_hp_loss":0,"event_name":"Upgrade Shrine","floor":21,"gold_loss":0,"cards_upgraded":["Demon Form"]}],"is_beta":false,"boss_relics":[{"not_picked":["Cursed Key","SlaversCollar"],"picked":"Empty Cage"}],"items_purged_floors":[4,20,22],"is_endless":false,"potions_floor_spawned":[2,5,13,14,18],"killed_by":"Slavers","ascension_level":0}}