{"host":"o9lehcdjc4u6j9un","time":1612691338,"event":{"mods":["BaseMod","Colored Map","Downfall","Hermit","Marisa£®ÏF”Í°°ƒß¿Ì…≥£©","Minty Spire (QoL Compilation)","Reimu£®≤©¿ˆ¡È√Œ£©","Remilia£®¿Ÿ√◊¿Ú—«£©","StSLib","The Runesmith","The Senshi","Youmu£®ªÍ∆«—˝√Œ£©"],"gold_per_floor":[111,128,128,138,150,150,225,225,276,288,329,360,547,559,571,611,611],"floor_reached":16,"language":"ZHS","playtime":1122,"items_purged":[],"score":92,"play_id":"fe5bcc36-acbf-4aef-8e15-29d39ffd8319","local_time":"20210207174858","is_ascension_mode":false,"campfire_choices":[{"data":"UpSweep","floor":6,"key":"SMITH"},{"data":"MilkyWay","floor":8,"key":"SMITH"},{"floor":15,"key":"REST"}],"circlet_count":0,"master_deck":["Strike_MRS","Strike_MRS","Strike_MRS","Strike_MRS","Defend_MRS","Defend_MRS","Defend_MRS","Defend_MRS","MasterSpark","UpSweep+1","MilkyWay+1","StarlightTyphoon","Robbery","Acceleration","DarkMatter","Doubt"],"relics":["MiniHakkero","NeowsBlessing","MawBank","Tiny Chest"],"acts_visited":["Exordium"],"potions_floor_usage":[12],"damage_taken":[{"damage":0,"enemies":"2 Louse","floor":1,"turns":1},{"damage":0,"enemies":"Small Slimes","floor":2,"turns":1},{"damage":0,"enemies":"Cultist","floor":4,"turns":1},{"damage":0,"enemies":"3 Louse","floor":5,"turns":4},{"damage":21,"enemies":"Exordium Wildlife","floor":11,"turns":4},{"damage":13,"enemies":"Large Slime","floor":12,"turns":5},{"damage":63,"enemies":"Slime Boss","floor":16,"turns":14}],"seed_played":"7802122947887808224","potions_obtained":[{"floor":1,"key":"Fruit Juice"},{"floor":5,"key":"Fire Potion"},{"floor":12,"key":"BlessingOfTheForge"}],"is_trial":false,"path_per_floor":["M","M","$","M","M","R","?","R","T","?","M","M","?","$","R","B"],"character_chosen":"MARISA","items_purchased":[],"campfire_rested":1,"item_purchase_floors":[],"current_hp_per_floor":[75,75,75,75,75,75,64,64,64,64,43,35,35,35,59,0,0],"gold":611,"neow_bonus":"THREE_ENEMY_KILL","is_daily":false,"chose_seed":false,"campfire_upgraded":2,"win_rate":0.0,"timestamp":1612691338,"path_taken":["M","M","$","M","M","R","?","R","T","?","M","?","?","$","R","BOSS"],"items_purchased_type":[],"build_version":"2020-12-22","purchased_purges":0,"victory":false,"max_hp_per_floor":[75,75,75,75,75,75,75,75,75,75,75,80,80,80,80,80,80],"card_choices":[{"not_picked":["DragonMeteor","GalacticHalo"],"picked":"MilkyWay","floor":1},{"not_picked":["EnergyFlow","GrandCross"],"picked":"StarlightTyphoon","floor":2},{"not_picked":["NonDirectionalLaser","DC","AsteroidBelt"],"picked":"SKIP","floor":4},{"not_picked":["DoubleSpark","ChargingUp"],"picked":"Robbery","floor":5},{"not_picked":["SporeBomb","FairyDestructionRay"],"picked":"Acceleration","floor":11},{"not_picked":["GrandCross","SporeBomb"],"picked":"DarkMatter","floor":12}],"player_experience":116216,"relics_obtained":[{"floor":9,"key":"MawBank"}],"event_choices":[{"damage_healed":0,"gold_gain":75,"player_choice":"Gather Gold","damage_taken":11,"max_hp_gain":0,"max_hp_loss":0,"event_name":"World of Goop","floor":7,"gold_loss":0},{"damage_healed":0,"gold_gain":0,"player_choice":"Gave Potion","damage_taken":0,"relics_obtained":["Tiny Chest"],"max_hp_gain":0,"max_hp_loss":0,"event_name":"WeMeetAgain","floor":10,"gold_loss":0},{"damage_healed":0,"gold_gain":175,"player_choice":"AGREE","damage_taken":0,"max_hp_gain":0,"max_hp_loss":0,"event_name":"Liars Game","floor":13,"gold_loss":0,"cards_obtained":["Doubt"]}],"is_beta":false,"boss_relics":[],"items_purged_floors":[],"is_endless":false,"potions_floor_spawned":[1,5,12],"killed_by":"Slime Boss","ascension_level":0}}