{"host":"121m0oxswv9tg9hk","time":1612711597,"event":{"mods":["AchievementEnabler","BaseMod","Better Third Choice","Downfall","Minty Spire (QoL Compilation)","StSLib"],"gold_per_floor":[0,10,10,28,39,58,58,58,91,152,52,87,23,37,55,150,150,50,65,82,29,14,14,41,41,71,71,71,71,87,87,104,104,104],"floor_reached":33,"language":"ENG","playtime":3663,"items_purged":[],"score":383,"play_id":"eab7792d-e2da-405e-966d-f7e60d79f189","local_time":"20210207162637","is_ascension_mode":true,"campfire_choices":[{"data":"sneckomod:Unknown","floor":1,"key":"SMITH"},{"floor":11,"key":"REST"},{"floor":27,"key":"RECALL"}],"circlet_count":0,"master_deck":["sneckomod:Strike+1","sneckomod:Defend+1","sneckomod:Defend","sneckomod:Defend","sneckomod:TailWhip+1","sneckomod:SnekBite","sneckomod:Unknown+1","sneckomod:Unknown","sneckomod:SoulRoll","sneckomod:UnknownUncommonAttack","sneckomod:UnknownBlock+1","sneckomod:IronFang","sneckomod:UnknownBlock","sneckomod:QuickMove","sneckomod:UnknownDraw+1","sneckomod:UnknownCommonAttack","sneckomod:MorePower+1","hexamod:SixthSeal","sneckomod:PureSnecko+1","sneckomod:UnknownExhaust+1","sneckomod:UnknownClassTHE_BRONZE_AUTOMATON","sneckomod:CheapStock","sneckomod:Unknown0Cost+1","sneckomod:UnknownBlock","hexamod:Rewind+1","sneckomod:UnknownRareAttack+1","sneckomod:Memorize","Uppercut+1","sneckomod:Unknown0Cost+1","sneckomod:UnknownDraw"],"relics":["sneckomod:SneckoSoul","champ:DeflectingBracers","Torii","downfall:HeartBlessingBlue","Unceasing Top","sneckomod:SneckoTalon","downfall:HeartBlessingGreen","downfall:RedIOU","Art of War","Bronze Scales"],"acts_visited":["Exordium","TheCity"],"potions_floor_usage":[10,12,14,16,26,33,33],"damage_taken":[{"damage":0,"enemies":"Cultist","floor":2,"turns":3},{"damage":1,"enemies":"Jaw Worm","floor":4,"turns":4},{"damage":2,"enemies":"Small Slimes","floor":5,"turns":3},{"damage":1,"enemies":"3 Louse","floor":6,"turns":3},{"damage":39,"enemies":"Lagavulin","floor":9,"turns":7},{"damage":7,"enemies":"Lagavulin Event","floor":10,"turns":5},{"damage":7,"enemies":"3 Sentries","floor":12,"turns":5},{"damage":0,"enemies":"downfall:FleeingMerchant","floor":13,"turns":4},{"damage":3,"enemies":"Red Slaver","floor":14,"turns":5},{"damage":0,"enemies":"Blue Slaver","floor":15,"turns":3},{"damage":21,"enemies":"DF_ARCHETYPE_STREAMLINE","floor":16,"turns":9},{"damage":1,"enemies":"Chosen","floor":19,"turns":4},{"damage":9,"enemies":"Spheric Guardian","floor":20,"turns":4},{"damage":6,"enemies":"downfall:FleeingMerchant","floor":21,"turns":4},{"damage":8,"enemies":"downfall:FleeingMerchant","floor":22,"turns":4},{"damage":16,"enemies":"Gremlin Leader","floor":26,"turns":9},{"damage":24,"enemies":"Snake Plant","floor":30,"turns":4},{"damage":20,"enemies":"Centurion and Healer","floor":32,"turns":3},{"damage":41,"enemies":"IC_MUSHROOM_ARCHETYPE","floor":33,"turns":7}],"seed_played":"9061341291512503435","potions_obtained":[{"floor":4,"key":"EssenceOfSteel"},{"floor":9,"key":"DistilledChaos"},{"floor":10,"key":"SkillPotion"},{"floor":15,"key":"SkillPotion"},{"floor":16,"key":"Strength Potion"},{"floor":19,"key":"sneckomod:MuddlingPotion"},{"floor":20,"key":"Weak Potion"},{"floor":30,"key":"sneckomod:OffclassReductionPotion"}],"is_trial":false,"path_per_floor":["R","M","T","M","M","M","T","?","E","?","R","E","$","M","M","B",null,"R","M","M","$","$","?","T","R","E","R","?","R","M","?","M","B"],"character_chosen":"THE_SNECKO","items_purchased":["sneckomod:QuickMove","sneckomod:CheapStock"],"campfire_rested":1,"item_purchase_floors":[13,21],"current_hp_per_floor":[99,99,99,98,96,95,95,95,56,49,94,87,87,84,84,63,104,104,103,94,94,86,86,86,86,70,70,70,70,46,46,36,0,0],"gold":104,"neow_bonus":"TWENTY_PERCENT_HP_BONUS","is_daily":false,"chose_seed":false,"campfire_upgraded":1,"win_rate":0.0,"timestamp":1612711597,"path_taken":["R","M","?","M","?","M","T","?","E","?","R","E","?","M","M","BOSS","R","M","M","?","$","?","T","R","E","R","?","R","?","?","M","BOSS"],"items_purchased_type":["Card","Card"],"build_version":"2020-12-22","purchased_purges":0,"victory":false,"max_hp_per_floor":[108,108,108,108,108,108,108,108,108,108,118,118,118,118,118,118,118,118,118,118,118,118,118,118,118,118,118,118,118,118,118,118,118,118],"card_choices":[{"not_picked":["sneckomod:Unknown1Cost","sneckomod:QuickBite"],"picked":"sneckomod:SoulRoll","floor":2},{"not_picked":["sneckomod:Nope","sneckomod:SoulDraw"],"picked":"sneckomod:UnknownUncommonAttack","floor":4},{"not_picked":["sneckomod:Unknown1Cost","sneckomod:ImprovisedAttack"],"picked":"sneckomod:Unknown2Cost","floor":5},{"not_picked":["sneckomod:QuickBite","sneckomod:DiceBlock"],"picked":"sneckomod:UnknownBlock","floor":6},{"not_picked":["sneckomod:QuickBite","sneckomod:UnknownCommonSkill"],"picked":"sneckomod:IronFang","floor":9},{"not_picked":["sneckomod:UnknownCommonAttack","sneckomod:SoulDraw"],"picked":"sneckomod:UnknownBlock","floor":10},{"not_picked":["sneckomod:UnknownExhaust","sneckomod:QuickMove"],"picked":"sneckomod:UnknownRarePower","floor":12},{"not_picked":["sneckomod:WideSting","sneckomod:QuickBite","sneckomod:DefensiveFlair"],"picked":"SKIP","floor":13},{"not_picked":["sneckomod:QuickBite","sneckomod:Unknown1Cost"],"picked":"sneckomod:UnknownDraw","floor":14},{"not_picked":["sneckomod:Nope","sneckomod:WideSting"],"picked":"sneckomod:UnknownCommonAttack","floor":15},{"not_picked":["sneckomod:GlitteringGambit","sneckomod:UnknownRarePower"],"picked":"sneckomod:MorePower","floor":16},{"not_picked":["sneckomod:UnknownColorless+1","sneckomod:UnknownClassHEXA_GHOST_PURPLE+1"],"picked":"sneckomod:UnknownUncommonSkill+1","floor":19},{"not_picked":["sneckomod:UnknownCommonAttack+1","sneckomod:UnknownBlock"],"picked":"sneckomod:PureSnecko","floor":19},{"not_picked":["sneckomod:SoulDraw","sneckomod:WideSting","sneckomod:UnknownClassRED"],"picked":"SKIP","floor":20},{"not_picked":["sneckomod:UnknownUncommonAttack+1","sneckomod:UnknownClassRED+1"],"picked":"sneckomod:UnknownExhaust+1","floor":21},{"not_picked":["sneckomod:QuickMove","sneckomod:UnknownX"],"picked":"sneckomod:UnknownClassTHE_BRONZE_AUTOMATON","floor":21},{"not_picked":["sneckomod:UnknownClassTHE_BRONZE_AUTOMATON+1","sneckomod:UnknownDraw+1"],"picked":"sneckomod:Unknown0Cost+1","floor":22},{"not_picked":["sneckomod:SoulExchange","sneckomod:SoulDraw"],"picked":"sneckomod:UnknownBlock","floor":22},{"not_picked":["sneckomod:UnknownClassRED+1","sneckomod:UnknownColorless+1"],"picked":"sneckomod:UnknownRareAttack+1","floor":26},{"not_picked":["sneckomod:SoulDraw","sneckomod:UnknownClassHEXA_GHOST_PURPLE+1"],"picked":"sneckomod:Memorize","floor":26},{"not_picked":["sneckomod:UnknownX+1","sneckomod:UnknownWeak+1"],"picked":"sneckomod:Unknown0Cost+1","floor":30},{"not_picked":["sneckomod:Unknown2Cost+1","sneckomod:DiceCrush","sneckomod:UnknownX"],"picked":"SKIP","floor":30},{"not_picked":["sneckomod:UnknownCommonSkill","sneckomod:UnknownX+1"],"picked":"sneckomod:UnknownDraw","floor":32}],"player_experience":2629728,"relics_obtained":[{"floor":7,"key":"champ:DeflectingBracers"},{"floor":9,"key":"Whetstone"},{"floor":10,"key":"Torii"},{"floor":12,"key":"Unceasing Top"},{"floor":24,"key":"Art of War"},{"floor":26,"key":"Bronze Scales"}],"event_choices":[{"cards_removed":["sneckomod:Strike"],"damage_healed":0,"gold_gain":0,"player_choice":"Card Removal","damage_taken":0,"max_hp_gain":0,"max_hp_loss":0,"event_name":"The Cleric","floor":8,"gold_loss":0}],"is_beta":false,"boss_relics":[{"not_picked":["Snecko Eye","Runic Dome"],"picked":"sneckomod:SneckoTalon"}],"items_purged_floors":[],"is_endless":false,"potions_floor_spawned":[4,9,10,15,16,19,20,30,32],"killed_by":"IC_MUSHROOM_ARCHETYPE","ascension_level":6}}