{"host":"y0i0tbisecj7yjyn","time":1612739502,"event":{"mods":["A Penny For Your Troubles","AlwaysNeverKeys","BaseMod","BetterRewards","Colored Map","Colored Powertips","Curses Come First","Displayed Cursed Tome","Keyboard Shortcuts","Minty Spire (QoL Compilation)","Random Character Button","Rare Cards Sparkle","Relic Sorter","StSLib","SuperFastMode","Transform Curses","Weighted Paths"],"gold_per_floor":[118,137,154,172,172,172,447,459,484,501,501,501],"floor_reached":11,"language":"ENG","playtime":563,"items_purged":[],"score":74,"play_id":"77ebf77d-573a-448f-bd90-7e28e0ef0cb9","local_time":"20210207171142","is_ascension_mode":true,"campfire_choices":[{"floor":6,"key":"REST"}],"circlet_count":0,"master_deck":["Strike_B","Strike_B","Strike_B","Strike_B","Defend_B","Defend_B","Defend_B","Zap","Dualcast","Storm","Hello World","Heatsinks","Regret"],"relics":["Cracked Core","Happy Flower","Tiny Chest"],"acts_visited":["Exordium"],"potions_floor_usage":[8,11],"damage_taken":[{"damage":1,"enemies":"Cultist","floor":1,"turns":3},{"damage":0,"enemies":"Small Slimes","floor":2,"turns":3},{"damage":14,"enemies":"Jaw Worm","floor":3,"turns":3},{"damage":19,"enemies":"Looter","floor":4,"turns":4},{"damage":30,"enemies":"Lots of Slimes","floor":8,"turns":3},{"damage":8,"enemies":"2 Fungi Beasts","floor":10,"turns":4},{"damage":29,"enemies":"Gremlin Nob","floor":11,"turns":3}],"seed_played":"6530371213308671580","potions_obtained":[{"floor":4,"key":"PowerPotion"},{"floor":10,"key":"DistilledChaos"}],"is_trial":false,"path_per_floor":["M","M","M","M","?","R","?","M","T","M","E"],"character_chosen":"DEFECT","items_purchased":["Storm"],"campfire_rested":1,"item_purchase_floors":[0],"current_hp_per_floor":[74,74,60,41,34,56,56,26,26,18,0,0],"gold":501,"neow_bonus":"","is_daily":false,"chose_seed":false,"campfire_upgraded":0,"win_rate":0.0,"timestamp":1612739502,"path_taken":["M","M","?","M","?","R","?","M","T","?","E"],"items_purchased_type":["Card"],"build_version":"2020-12-22","purchased_purges":0,"victory":false,"max_hp_per_floor":[75,75,75,75,75,75,75,75,75,75,75,75],"card_choices":[{"not_picked":["Rebound","Aggregate"],"picked":"Hello World","floor":1},{"not_picked":["Leap","Gash"],"picked":"Heatsinks","floor":2},{"not_picked":["Barrage","Stack","Tempest"],"picked":"SKIP","floor":3},{"not_picked":["Cold Snap","Stack","Streamline"],"picked":"SKIP","floor":4},{"not_picked":["Doom and Gloom","Steam","Cold Snap"],"picked":"SKIP","floor":8},{"not_picked":["Rebound","Doom and Gloom","Compile Driver"],"picked":"SKIP","floor":10}],"player_experience":387530,"relics_obtained":[{"floor":9,"key":"Tiny Chest"}],"event_choices":[{"cards_removed":["Fission"],"damage_healed":0,"gold_gain":0,"player_choice":"Card Removal","damage_taken":7,"max_hp_gain":0,"max_hp_loss":0,"event_name":"Golden Wing","floor":5,"gold_loss":0},{"damage_healed":0,"gold_gain":275,"player_choice":"Desecrate","damage_taken":0,"max_hp_gain":0,"max_hp_loss":0,"event_name":"Golden Shrine","floor":7,"gold_loss":0,"cards_obtained":["Regret"]}],"is_beta":false,"boss_relics":[],"items_purged_floors":[],"is_endless":false,"potions_floor_spawned":[4,10],"killed_by":"Gremlin Nob","ascension_level":2}}