{"host":"smn2tb46ysgs1sad","time":1612667111,"event":{"mods":["AchievementEnabler","Aspiration","BaseMod","Colored Powertips","Downfall","Hermit","Minty Spire (QoL Compilation)","Replay The Spire","StSLib","The Cursed","The Disciple","The Hierophant"],"gold_per_floor":[117,117,133,12,32,58,73,73,73,102,102,112,112,112,143,46,46,150,150,168,33,47,67,117,144,144,170,247,264,88,88,88,119,131,246,258,280,342,354,466,497,525,552,71,97,97,124,124,149,161,161,161],"floor_reached":53,"language":"ENG","playtime":2778,"items_purged":["Strike_R","Strike_R","hermit:ImpendingDoom"],"score":777,"play_id":"d10d6ab8-b066-4d2c-8bba-bd2947b47e0e","local_time":"20210206190511","is_ascension_mode":true,"campfire_choices":[{"floor":8,"key":"REST"},{"data":"Armaments","floor":11,"key":"SMITH"},{"data":"Warcry","floor":11,"key":"SMITH"},{"floor":17,"key":"REST"},{"floor":26,"key":"REST"},{"floor":32,"key":"REST"},{"data":"Feed","floor":34,"key":"SMITH"},{"data":"Whirlwind","floor":34,"key":"SMITH"},{"floor":46,"key":"REST"},{"floor":51,"key":"REST"}],"circlet_count":0,"master_deck":["Strike_R","Strike_R","Strike_R","Defend_R","Defend_R","Defend_R","Defend_R","Bash","hermit:Snapshot","TheCursedMod:CleanUpWorkshop","Disarm","Warcry+1","Pommel Strike","Armaments+1","Feed+1","Abandon","ReplayTheSpireMod:Strike From Hell","True Grit","Double Tap","Spot Weakness","Cleave","Cleave","Whirlwind+1","Armaments+1","Reckless Charge","Reckless Charge","Warcry","Disarm","Exhume","Reckless Charge","Feel No Pain+1","Metallicize","Metallicize","Replay:Many Hands","Perfected Strike+1"],"relics":["Burning Blood","Replay:Arrowhead","aspiration:Lifesprig","aspiration:HatOfInfinitePower","Ginger","Kunai","ReplayTheSpireMod:Lightbulb","bronze:MakeshiftBattery","ReplayTheSpireMod:CursedCoin","Guardian:PocketSentry","King of Hearts","Dead Branch","Singing Bowl","MawBank","Black Star","Thread and Needle","Strange Spoon","Incense Burner","MealTicket","Prayer Wheel","Blood Vial","Red Skull","ReplayTheSpireMod:Spearhead"],"acts_visited":["Exordium","TheCity","TheBeyond"],"potions_floor_usage":[7,16,18,20,35,47,52,52],"damage_taken":[{"damage":0,"enemies":"Cultist","floor":1,"turns":3},{"damage":2,"enemies":"Jaw Worm","floor":3,"turns":3},{"damage":1,"enemies":"Small Slimes","floor":5,"turns":4},{"damage":26,"enemies":"3 Sentries","floor":6,"turns":10},{"damage":12,"enemies":"Looter","floor":7,"turns":3},{"damage":7,"enemies":"Replay:BlueRogue","floor":10,"turns":4},{"damage":15,"enemies":"Gremlin Gang","floor":12,"turns":3},{"damage":27,"enemies":"Gremlin Nob","floor":15,"turns":4},{"damage":23,"enemies":"The Guardian","floor":18,"turns":12},{"damage":15,"enemies":"Spheric Guardian","floor":20,"turns":4},{"damage":1,"enemies":"Chosen","floor":22,"turns":4},{"damage":43,"enemies":"Centurion and Healer","floor":23,"turns":6},{"damage":23,"enemies":"Gremlin Leader","floor":25,"turns":5},{"damage":24,"enemies":"Slavers","floor":27,"turns":3},{"damage":6,"enemies":"Cultist and Chosen","floor":29,"turns":4},{"damage":9,"enemies":"Book of Stabbing","floor":33,"turns":3},{"damage":40,"enemies":"Champ","floor":35,"turns":6},{"damage":0,"enemies":"3 Shapes","floor":37,"turns":3},{"damage":32,"enemies":"Mind Bloom Boss Battle","floor":38,"turns":6},{"damage":10,"enemies":"Orb Walker","floor":41,"turns":4},{"damage":19,"enemies":"Jaw Worm Horde","floor":42,"turns":3},{"damage":38,"enemies":"Spire Growth","floor":43,"turns":5},{"damage":45,"enemies":"Nemesis","floor":47,"turns":11},{"damage":2,"enemies":"Giant Head","floor":49,"turns":9},{"damage":19,"enemies":"3 Darklings","floor":50,"turns":5},{"damage":55,"enemies":"Replay:Hell Engine","floor":52,"turns":10}],"seed_played":"8899770119354539348","potions_obtained":[{"floor":1,"key":"FearPotion"},{"floor":5,"key":"LiquidMemories"},{"floor":10,"key":"Venom Potion"},{"floor":15,"key":"Elixir"},{"floor":18,"key":"Swift Potion"},{"floor":23,"key":"Strength Potion"},{"floor":41,"key":"PowerPotion"},{"floor":43,"key":"FearPotion"},{"floor":50,"key":"ColorlessPotion"}],"is_trial":false,"path_per_floor":["M","T","M","$","M","E","M","R","T","E","R","M","PTL","PTL","E","$","R","B",null,"M","$","M","M","?","E","R","E","T","M","$","$","R","E","R","B",null,"M","?","?","?","M","M","M","$","T","R","E","?","E","M","R","B",null],"character_chosen":"IRONCLAD","items_purchased":["Pommel Strike","Fruit Juice","ReplayTheSpireMod:CursedCoin","Guardian:PocketSentry","Cleave","Warcry","Strange Spoon","Incense Burner","Metallicize"],"campfire_rested":6,"item_purchase_floors":[4,16,21,21,21,30,44,44,44],"current_hp_per_floor":[80,80,80,80,80,60,57,81,81,83,83,77,77,77,56,61,89,76,98,89,89,94,57,57,40,69,51,51,54,54,54,84,84,84,50,104,106,84,84,84,80,69,43,43,43,78,39,41,49,40,77,30],"gold":161,"neow_bonus":"ONE_RARE_RELIC","is_daily":false,"chose_seed":false,"campfire_upgraded":4,"win_rate":0.0,"timestamp":1612667111,"path_taken":["M","?","M","$","?","E","M","R","T","E","R","M","PTL","PTL","E","$","R","BOSS","M","$","M","M","?","E","R","E","T","M","?","$","R","E","R","BOSS","M","?","?","?","?","M","M","$","T","R","E","?","E","M","R","BOSS"],"items_purchased_type":["Card","Potion","Relic","Relic","Card","Card","Relic","Relic","Card"],"build_version":"2020-12-22","purchased_purges":3,"victory":true,"max_hp_per_floor":[80,80,80,80,80,80,83,83,83,86,86,89,89,89,89,94,94,98,98,98,98,98,98,98,98,98,98,98,101,101,101,101,104,104,104,104,106,110,110,110,110,112,118,118,118,118,118,120,122,124,124,124],"card_choices":[{"not_picked":["Blood for Blood","Thunderclap"],"picked":"Disarm","floor":1},{"not_picked":["Headbutt","Life Link"],"picked":"Warcry","floor":3},{"not_picked":["Sword Boomerang","Body Slam"],"picked":"Armaments","floor":5},{"not_picked":["Carnage","Abandon"],"picked":"Feed","floor":6},{"not_picked":["Body Slam","Heavy Blade"],"picked":"Abandon","floor":7},{"not_picked":["Clothesline","Replay:Undeath\u0027s Touch","Clash"],"picked":"SKIP","floor":10},{"not_picked":["Dark Embrace","Searing Blow"],"picked":"ReplayTheSpireMod:Strike From Hell","floor":12},{"not_picked":["Combust","Headbutt"],"picked":"True Grit","floor":15},{"not_picked":["Brutality","Bludgeon"],"picked":"Double Tap","floor":18},{"not_picked":["Anger","Twin Strike"],"picked":"Spot Weakness","floor":20},{"not_picked":["Havoc","Bludgeon"],"picked":"Whirlwind","floor":22},{"not_picked":["Shrug It Off+1","ReplayTheSpireMod:Limb From Limb+1"],"picked":"Armaments+1","floor":23},{"not_picked":["Intimidate+1","Replay:Undeath\u0027s Touch+1","Disarm"],"picked":"SKIP","floor":25},{"not_picked":["Heavy Blade","Thunderclap"],"picked":"Reckless Charge","floor":27},{"not_picked":["Flex","Intimidate"],"picked":"Reckless Charge","floor":29},{"not_picked":["Warcry","Uppercut"],"picked":"Disarm","floor":33},{"not_picked":["Brutality","Demonic Infusion"],"picked":"Exhume","floor":35},{"not_picked":["Flex","Massacre+1","Rupture"],"picked":"Singing Bowl","floor":37},{"not_picked":["Cleave+1","Dark Embrace"],"picked":"Reckless Charge","floor":38},{"not_picked":["Flex","Searing Blow+1"],"picked":"Feel No Pain+1","floor":41},{"not_picked":["Hemokinesis","ReplayTheSpireMod:LeadingStrike","Cleave+1"],"picked":"Singing Bowl","floor":42},{"not_picked":["Headbutt","Carnage","Entrench"],"picked":"Singing Bowl","floor":43},{"not_picked":["Sever Soul","Ghostly Armor"],"picked":"Replay:Many Hands","floor":47},{"not_picked":["Bandage Up","ReplayTheSpireMod:Trickstab","Metamorphosis"],"picked":"Singing Bowl","floor":48},{"not_picked":["Headbutt","Clash","Entrench"],"picked":"Singing Bowl","floor":49},{"not_picked":["Flex+1","Shrug It Off","ReplayTheSpireMod:LeadingStrike+1"],"picked":"Singing Bowl","floor":50},{"not_picked":["Clash","Burning Pact"],"picked":"Perfected Strike+1","floor":50}],"player_experience":175007,"relics_obtained":[{"floor":2,"key":"aspiration:Lifesprig"},{"floor":6,"key":"aspiration:HatOfInfinitePower"},{"floor":9,"key":"Ginger"},{"floor":10,"key":"Kunai"},{"floor":15,"key":"ReplayTheSpireMod:Lightbulb"},{"floor":25,"key":"King of Hearts"},{"floor":27,"key":"Dead Branch"},{"floor":28,"key":"Singing Bowl"},{"floor":33,"key":"MawBank"},{"floor":38,"key":"Thread and Needle"},{"floor":45,"key":"MealTicket"},{"floor":47,"key":"Prayer Wheel"},{"floor":47,"key":"Blood Vial"},{"floor":49,"key":"Red Skull"},{"floor":49,"key":"ReplayTheSpireMod:Spearhead"}],"event_choices":[{"damage_healed":0,"gold_gain":100,"player_choice":"Bet on Murderer","damage_taken":0,"max_hp_gain":0,"max_hp_loss":0,"event_name":"The Joust","floor":24,"gold_loss":50},{"damage_healed":0,"gold_gain":0,"player_choice":"Fight","damage_taken":0,"max_hp_gain":0,"max_hp_loss":0,"event_name":"MindBloom","floor":38,"gold_loss":0},{"damage_healed":0,"gold_gain":100,"player_choice":"Pray","damage_taken":0,"max_hp_gain":0,"max_hp_loss":0,"event_name":"Golden Shrine","floor":40,"gold_loss":0},{"damage_healed":0,"gold_gain":0,"player_choice":"Memory 1","damage_taken":0,"max_hp_gain":0,"max_hp_loss":0,"event_name":"SensoryStone","floor":48,"gold_loss":0}],"is_beta":false,"boss_relics":[{"not_picked":["Runic Cube","Ring of Chaos"],"picked":"bronze:MakeshiftBattery"},{"not_picked":["Philosopher\u0027s Stone","Fusion Hammer"],"picked":"Black Star"}],"items_purged_floors":[4,21,30],"is_endless":false,"potions_floor_spawned":[1,5,10,15,18,23,41,43,50],"ascension_level":2}}