{"host":"nj4msrt0z6tj4wtb","time":1612710685,"event":{"mods":["AchievementEnabler","BaseMod","Colored Map","Colored Powertips","DeckTracker","Highlight Path","Keyboard Shortcuts","Minty Spire (QoL Compilation)","Quick Restart","Random Character Button","StSLib","SuperFastMode"],"gold_per_floor":[216,230,247,267,192,222,99,99,99,110,123,123,141,158,158,253,253,263,280,155,165,183,183,193,193,193,205,205,225,225,325,325,325,325],"floor_reached":33,"language":"KOR","playtime":1212,"items_purged":["Strike_R","Strike_R","Strike_R"],"score":306,"play_id":"b967575a-5701-483d-a85c-3a6bdfe30f75","local_time":"20210208001125","is_ascension_mode":true,"campfire_choices":[{"data":"Uppercut","floor":8.0,"key":"SMITH"},{"floor":12.0,"key":"REST"},{"data":"Pommel Strike","floor":15.0,"key":"SMITH"},{"data":"Power Through","floor":23,"key":"SMITH"},{"data":"Offering","floor":25,"key":"SMITH"},{"data":"Spot Weakness","floor":28,"key":"SMITH"},{"floor":30,"key":"REST"},{"data":"Battle Trance","floor":32,"key":"SMITH"}],"circlet_count":0,"master_deck":["Strike_R","Strike_R","Defend_R","Defend_R","Defend_R","Defend_R","Bash","Pummel","Uppercut+1","Dropkick","Perfected Strike","Twin Strike","Shrug It Off","Spot Weakness+1","Battle Trance+1","Pommel Strike+1","Offering+1","Flex+1","Power Through+1"],"relics":["Black Blood","Oddly Smooth Stone","Question Card","Incense Burner","Self Forming Clay"],"acts_visited":["Exordium","TheCity"],"potions_floor_usage":[16,16,29,31,31],"damage_taken":[{"damage":1.0,"enemies":"Cultist","floor":1.0,"turns":3.0},{"damage":8.0,"enemies":"2 Louse","floor":2.0,"turns":3.0},{"damage":11.0,"enemies":"Jaw Worm","floor":3.0,"turns":3.0},{"damage":37.0,"enemies":"Large Slime","floor":4.0,"turns":6.0},{"damage":22.0,"enemies":"Gremlin Nob","floor":6.0,"turns":4.0},{"damage":9.0,"enemies":"Gremlin Gang","floor":10.0,"turns":5.0},{"damage":11.0,"enemies":"Blue Slaver","floor":11.0,"turns":3.0},{"damage":11.0,"enemies":"Looter","floor":13.0,"turns":2.0},{"damage":16.0,"enemies":"Exordium Thugs","floor":14.0,"turns":5.0},{"damage":18,"enemies":"Slime Boss","floor":16,"turns":6},{"damage":12,"enemies":"Shell Parasite","floor":18,"turns":4},{"damage":17,"enemies":"Spheric Guardian","floor":19,"turns":3},{"damage":21,"enemies":"Cultist and Chosen","floor":21,"turns":4},{"damage":18,"enemies":"Snake Plant","floor":22,"turns":3},{"damage":10,"enemies":"Centurion and Healer","floor":24,"turns":5},{"damage":37,"enemies":"Snecko","floor":27,"turns":4},{"damage":31,"enemies":"Sentry and Sphere","floor":29,"turns":7},{"damage":14,"enemies":"Colosseum Slavers","floor":31,"turns":2},{"damage":6,"enemies":"Colosseum Nobs","floor":31,"turns":2},{"damage":60,"enemies":"Champ","floor":33,"turns":5}],"seed_played":"8421865968665333013","potions_obtained":[{"floor":1.0,"key":"BlessingOfTheForge"},{"floor":3.0,"key":"BlessingOfTheForge"},{"floor":6.0,"key":"GamblersBrew"},{"floor":13.0,"key":"SteroidPotion"},{"floor":18,"key":"Regen Potion"},{"floor":19,"key":"Fire Potion"},{"floor":29,"key":"AttackPotion"}],"is_trial":false,"path_per_floor":["M","M","M","M","$","E","$","R","T","M","M","R","M","M","R","B",null,"M","M","$","M","M","R","M","R","T","M","R","M","R","?","R","B"],"character_chosen":"IRONCLAD","items_purchased":["Shrug It Off"],"campfire_rested":2,"item_purchase_floors":[7],"current_hp_per_floor":[80,78,73,42,42,26,26,26,26,23,18,42,37,27,27,15,80,80,75,75,66,60,60,62,62,62,37,37,27,51,55,55,0,0],"gold":325,"neow_bonus":"HUNDRED_GOLD","is_daily":false,"chose_seed":false,"campfire_upgraded":6,"win_rate":0.0,"timestamp":1612710685,"path_taken":["M","M","M","M","?","E","$","R","T","M","M","R","?","M","R","BOSS","M","M","?","M","M","R","M","R","T","M","R","M","R","?","R","BOSS"],"items_purchased_type":["Card"],"build_version":"2020-12-22","purchased_purges":3,"victory":false,"max_hp_per_floor":[80,80,80,80,80,80,80,80,80,80,80,80,80,80,80,80,80,80,80,80,80,80,80,80,80,80,80,80,80,80,80,80,80,80],"card_choices":[{"not_picked":["Intimidate","Disarm"],"picked":"Pummel","floor":1.0},{"not_picked":["Anger","Iron Wave"],"picked":"Uppercut","floor":2.0},{"not_picked":["Thunderclap","Clash"],"picked":"Dropkick","floor":3.0},{"not_picked":["Havoc","Thunderclap"],"picked":"Perfected Strike","floor":4.0},{"not_picked":["Sword Boomerang","Headbutt"],"picked":"Twin Strike","floor":6.0},{"not_picked":["Ghostly Armor","Rage"],"picked":"Spot Weakness","floor":10.0},{"not_picked":["Twin Strike","Havoc"],"picked":"Battle Trance","floor":11.0},{"not_picked":["Clash","Dropkick","Uppercut"],"picked":"SKIP","floor":13.0},{"not_picked":["Thunderclap","Anger"],"picked":"Pommel Strike","floor":14.0},{"not_picked":["Fiend Fire","Impervious"],"picked":"Offering","floor":16},{"not_picked":["Headbutt","Whirlwind+1"],"picked":"Flex+1","floor":18},{"not_picked":["Headbutt","Wild Strike","Twin Strike"],"picked":"SKIP","floor":19},{"not_picked":["Iron Wave","Thunderclap","Spot Weakness+1"],"picked":"SKIP","floor":21},{"not_picked":["True Grit","Anger"],"picked":"Power Through","floor":22},{"not_picked":["Reckless Charge","Wild Strike","True Grit"],"picked":"SKIP","floor":24},{"not_picked":["Iron Wave","Intimidate","Flex","Thunderclap+1"],"picked":"SKIP","floor":27},{"not_picked":["Battle Trance+1","Bludgeon","Clothesline","Spot Weakness"],"picked":"SKIP","floor":29}],"player_experience":660512,"relics_obtained":[{"floor":6.0,"key":"Oddly Smooth Stone"},{"floor":26,"key":"Question Card"},{"floor":31,"key":"Incense Burner"},{"floor":31,"key":"Self Forming Clay"}],"event_choices":[{"damage_healed":0,"gold_gain":0,"player_choice":"Fight","damage_taken":0,"max_hp_gain":0,"max_hp_loss":0,"event_name":"Colosseum","floor":31,"gold_loss":0},{"damage_healed":0,"gold_gain":0,"player_choice":"Fought Nobs","damage_taken":0,"max_hp_gain":0,"max_hp_loss":0,"event_name":"Colosseum","floor":31,"gold_loss":0}],"is_beta":false,"boss_relics":[{"not_picked":["Runic Dome","Velvet Choker"],"picked":"Black Blood"}],"items_purged_floors":[5,7,20],"is_endless":false,"potions_floor_spawned":[1,3,6,13,18,19,29],"killed_by":"Champ","ascension_level":4}}