{"host":"p7cjtxxrilhp4dw7","time":1612688582,"event":{"mods":["BaseMod","Block Reminder","Colored Map","Curses Come First","Highlight Path","Minty Spire (QoL Compilation)","Replay The Spire","StSLib","The Hierophant"],"gold_per_floor":[122,134,146,158,182,194,232,244,279,321,352,389,401,447,459,569,581,605,635,647,671,697,724,736,736],"floor_reached":24,"language":"ENG","playtime":1695,"items_purged":[],"score":346,"play_id":"6dfc6ba1-9675-457f-9e3e-1cba5e56f249","local_time":"20210207020302","is_ascension_mode":true,"campfire_choices":[{"data":"Zap","floor":6,"key":"SMITH"},{"floor":8,"key":"REST"},{"floor":15,"key":"REST"}],"circlet_count":0,"master_deck":["AscendersBane","Strike_B","Strike_B","Strike_B","Strike_B","Defend_B","Defend_B","Defend_B","Defend_B","Zap+1","Conserve Battery","Bash","Go for the Eyes","Scorching Beam","BootSequence","Conserve Battery","Reboot","Firewall","Cold Snap+1","Beam Cell+1","Self Repair"],"relics":["MawBank","Iron Core","Replay:Multitool","Dream Catcher","DataDisk","Replay:Antivirus Software","Molten Egg 2","Toxic Egg 2"],"acts_visited":["Exordium","TheCity"],"potions_floor_usage":[12,14,21,22,24],"damage_taken":[{"damage":0,"enemies":"Small Slimes","floor":1,"turns":4},{"damage":1,"enemies":"Cultist","floor":5,"turns":3},{"damage":29,"enemies":"Lagavulin","floor":7,"turns":6},{"damage":0,"enemies":"2 Louse","floor":11,"turns":3},{"damage":3,"enemies":"Replay:BlueRogue","floor":12,"turns":4},{"damage":21,"enemies":"Gremlin Nob","floor":14,"turns":4},{"damage":8,"enemies":"The Guardian","floor":16,"turns":8},{"damage":2,"enemies":"Shell Parasite","floor":18,"turns":4},{"damage":20,"enemies":"Spheric Guardian","floor":19,"turns":4},{"damage":6,"enemies":"3 Cultists","floor":21,"turns":5},{"damage":11,"enemies":"Snake Plant","floor":22,"turns":5},{"damage":18,"enemies":"Centurion and Healer","floor":23,"turns":5},{"damage":27,"enemies":"Gremlin Leader","floor":24,"turns":2}],"seed_played":"3026116969132116014","potions_obtained":[{"floor":1,"key":"Swift Potion"},{"floor":7,"key":"FocusPotion"},{"floor":11,"key":"BlessingOfTheForge"},{"floor":13,"key":"DuplicationPotion"},{"floor":16,"key":"ColorlessPotion"},{"floor":21,"key":"Milkshake"},{"floor":23,"key":"PowerPotion"}],"is_trial":false,"path_per_floor":["M","?","?","$","M","R","E","R","T","?","M","E","?","E","R","B",null,"M","M","T","M","M","M","E"],"character_chosen":"DEFECT","items_purchased":[],"campfire_rested":2,"item_purchase_floors":[],"current_hp_per_floor":[68,68,68,68,67,67,38,60,60,60,60,57,57,36,58,50,69,67,47,47,41,37,26,0,0],"gold":736,"neow_bonus":"RANDOM_COMMON_RELIC","is_daily":false,"chose_seed":false,"campfire_upgraded":1,"win_rate":0.0,"timestamp":1612688582,"path_taken":["M","?","?","$","?","R","E","R","T","?","M","E","?","E","R","BOSS","M","M","?","?","M","M","E"],"items_purchased_type":[],"build_version":"2020-12-22","purchased_purges":0,"victory":false,"max_hp_per_floor":[75,75,75,75,75,75,75,75,75,75,75,75,75,75,75,75,75,75,75,75,75,75,75,75,75],"card_choices":[{"not_picked":["Heatsinks","ReplayTheSpireMod:System Scan"],"picked":"Conserve Battery","floor":1},{"not_picked":["FTL","Anger"],"picked":"Go for the Eyes","floor":5},{"not_picked":["Genetic Algorithm","Heatsinks"],"picked":"Scorching Beam","floor":7},{"not_picked":["Warcry","Hello World"],"picked":"BootSequence","floor":8},{"not_picked":["Compile Driver","ReplayRNGCard","Undo"],"picked":"SKIP","floor":11},{"not_picked":["Body Slam","WeaponsOverheat"],"picked":"Conserve Battery","floor":12},{"not_picked":["WeaponsOverheat","ReplayTheSpireMod:System Scan","Darkness"],"picked":"SKIP","floor":14},{"not_picked":["Redo","Streamline+1"],"picked":"Reboot","floor":15},{"not_picked":["ReplayRNGCard","Machine Learning"],"picked":"Firewall","floor":16},{"not_picked":["ReplaySolidLightProjector","Tempest+1"],"picked":"Cold Snap+1","floor":18},{"not_picked":["Chill","ReplayTheSpireMod:System Scan"],"picked":"Beam Cell+1","floor":19},{"not_picked":["Blizzard+1","Streamline+1"],"picked":"Self Repair","floor":21},{"not_picked":["Coolheaded+1","Chill+1","Tempest+1"],"picked":"SKIP","floor":22},{"not_picked":["Cold Snap+1","Coolheaded+1","ReplaySort+1"],"picked":"SKIP","floor":23}],"player_experience":673002,"relics_obtained":[{"floor":7,"key":"Dream Catcher"},{"floor":9,"key":"DataDisk"},{"floor":12,"key":"Replay:Antivirus Software"},{"floor":14,"key":"Molten Egg 2"},{"floor":20,"key":"Toxic Egg 2"}],"event_choices":[{"damage_healed":0,"gold_gain":0,"player_choice":"Gave Potion","damage_taken":0,"relics_obtained":["Replay:Multitool"],"max_hp_gain":0,"max_hp_loss":0,"event_name":"WeMeetAgain","floor":3,"gold_loss":0},{"damage_healed":0,"gold_gain":30,"player_choice":"Searched \u00271\u0027 times","damage_taken":0,"max_hp_gain":0,"max_hp_loss":0,"event_name":"Dead Adventurer","floor":10,"gold_loss":0},{"damage_healed":0,"gold_gain":0,"player_choice":"Got Potions","damage_taken":0,"max_hp_gain":0,"max_hp_loss":0,"event_name":"Lab","floor":13,"gold_loss":0}],"is_beta":false,"boss_relics":[{"not_picked":["Astrolabe","Kintsugi","Replay:Drink Me"]}],"items_purged_floors":[],"is_endless":false,"potions_floor_spawned":[1,7,11,16,18,21,23],"killed_by":"Gremlin Leader","ascension_level":12}}