{"host":"630px4nyj50z5id8","time":1612693454,"event":{"mods":["BaseMod","Better Note","Colored Powertips","Good Game Mod","Minty Spire (QoL Compilation)","Quick Restart","Rare Cards Sparkle","Relic Filter Mod","Replay The Spire","StSLib","Waifu the Spire"],"gold_per_floor":[135,181,31,82,82,82,135,135,135,201,58,143,143,169,169,169,169],"floor_reached":16,"language":"ZHS","playtime":658,"items_purged":["Strike_G","Strike_G"],"score":253,"play_id":"5099015a-ada5-4c73-afba-a12e2ffbebb9","local_time":"20210207182414","is_ascension_mode":true,"campfire_choices":[{"data":"HandOfGreed","floor":6.0,"key":"SMITH"},{"data":"Deadly Poison","floor":8.0,"key":"SMITH"},{"data":"Reflex","floor":15,"key":"SMITH"}],"circlet_count":0,"master_deck":["AscendersBane","Strike_G","Strike_G","Strike_G","Defend_G","Defend_G","Defend_G","Defend_G","Defend_G","Survivor","Neutralize","HandOfGreed+1","Leg Sweep","Deadly Poison+1","Deflect","Tactician","Reflex+1","Prepared","Acrobatics","Acrobatics","Burst+1","Malaise"],"relics":["Ring of the Snake","REME:ComplimentaryCards","NeowsBlessing","Replay:Baseball","Replay:Rubber Ducky","Art of War","Replay:Mystery Machine"],"acts_visited":["Exordium"],"potions_floor_usage":[14],"damage_taken":[{"damage":0.0,"enemies":"Cultist","floor":1.0,"turns":3.0},{"damage":0.0,"enemies":"Small Slimes","floor":4.0,"turns":4.0},{"damage":0.0,"enemies":"Gremlin Nob","floor":7.0,"turns":1.0},{"damage":6.0,"enemies":"2 Louse","floor":10.0,"turns":9.0},{"damage":24.0,"enemies":"Gremlin Gang","floor":12.0,"turns":6.0},{"damage":8,"enemies":"Lagavulin","floor":14,"turns":4},{"damage":17,"enemies":"Hexaghost","floor":16,"turns":14}],"seed_played":"-2987710250637224148","potions_obtained":[{"floor":2.0,"key":"AttackPotion"},{"floor":14,"key":"Strength Potion"}],"is_trial":false,"path_per_floor":["M","?","$","M","$","R","E","R","T","M","$","M","?","E","R","B"],"character_chosen":"THE_SILENT","items_purchased":["Tactician","Acrobatics"],"campfire_rested":0,"item_purchase_floors":[3,11],"current_hp_per_floor":[59,59,59,59,59,59,59,59,59,53,53,29,29,21,21,4,4],"gold":169,"neow_bonus":"THREE_ENEMY_KILL","is_daily":false,"chose_seed":false,"campfire_upgraded":3,"win_rate":0.0,"timestamp":1612693454,"path_taken":["M","?","$","M","$","R","E","R","T","M","$","M","?","E","R","BOSS"],"items_purchased_type":["Card","Card"],"build_version":"2020-12-22","purchased_purges":2,"victory":false,"max_hp_per_floor":[66,66,66,66,66,66,66,66,66,66,66,66,66,66,66,66,66],"card_choices":[{"not_picked":["Toxin Wave","Underhanded Strike"],"picked":"Leg Sweep","floor":1.0},{"not_picked":["Deflect","Quick Slash"],"picked":"Deadly Poison","floor":2.0},{"not_picked":["ReplayTheSpireMod:Tripwire","Cloak And Dagger"],"picked":"Deflect","floor":2.0},{"not_picked":["Bane","Riddle With Holes"],"picked":"Reflex","floor":4.0},{"not_picked":["Outmaneuver","Flying Knee","Endless Agony"],"picked":"SKIP","floor":7.0},{"not_picked":["Flying Knee","Sucker Punch"],"picked":"Prepared","floor":10.0},{"not_picked":["Acrobatics","Blade Dance"],"picked":"Burst","floor":12.0},{"not_picked":["ReplayTheSpireMod:Scrap Shanks","Dagger Throw"],"picked":"Malaise","floor":14}],"player_experience":418058,"relics_obtained":[{"floor":2.0,"key":"Replay:Baseball"},{"floor":7.0,"key":"Replay:Rubber Ducky"},{"floor":9.0,"key":"Art of War"},{"floor":14,"key":"Replay:Mystery Machine"}],"event_choices":[{"damage_healed":0.0,"max_hp_gain":0.0,"max_hp_loss":0.0,"gold_gain":0.0,"event_name":"Upgrade Shrine","player_choice":"Upgraded","floor":13.0,"gold_loss":0.0,"damage_taken":0.0,"cards_upgraded":["Burst"]}],"is_beta":false,"boss_relics":[],"items_purged_floors":[3,11],"is_endless":false,"potions_floor_spawned":[14],"killed_by":"Hexaghost","ascension_level":18}}