{"host":"mqhvlr3kpxebko0t","time":1612685838,"event":{"mods":["AchievementEnabler","BaseMod","Colored Map","Colored Powertips","KOR Keyword Fix","Keyboard Shortcuts","Minty Spire (QoL Compilation)","StSLib","SuperFastMode"],"gold_per_floor":[112,262,262,282,207,237,137,137,137,137,148,148,148,162,162,233,233,233,233],"floor_reached":18,"language":"KOR","playtime":153,"items_purged":["Doubt","Strike_P"],"score":366,"play_id":"f6357208-bac9-40dd-89ed-1d9c11359b81","local_time":"20210207171718","is_ascension_mode":true,"campfire_choices":[{"data":"Eruption","floor":8,"key":"SMITH"},{"data":"CrushJoints","floor":10,"key":"SMITH"},{"data":"TalkToTheHand","floor":12,"key":"SMITH"},{"data":"FearNoEvil","floor":15,"key":"SMITH"}],"circlet_count":0,"master_deck":["AscendersBane","Strike_P","Defend_P","Defend_P","Defend_P","Eruption+1","Vigilance","CrushJoints+1","TalkToTheHand+1","FearNoEvil+1","Scrawl","Crescendo+1","Blasphemy+1","Fasting2+1"],"relics":["PureWater","NeowsBlessing","Art of War","Mummified Hand","Astrolabe"],"acts_visited":["Exordium","TheCity"],"potions_floor_usage":[16],"damage_taken":[{"damage":0,"enemies":"2 Louse","floor":1,"turns":1},{"damage":0,"enemies":"Cultist","floor":4,"turns":1},{"damage":0,"enemies":"3 Sentries","floor":6,"turns":1},{"damage":2,"enemies":"Jaw Worm","floor":11,"turns":2},{"damage":13,"enemies":"3 Louse","floor":14,"turns":2},{"damage":31,"enemies":"The Guardian","floor":16,"turns":10},{"damage":100057,"enemies":"Shell Parasite","floor":18,"turns":3}],"seed_played":"2928690775714336257","potions_obtained":[{"floor":1,"key":"Energy Potion"},{"floor":3,"key":"AttackPotion"}],"is_trial":false,"path_per_floor":["M","?","?","M","$","E","$","R","T","R","M","R","?","M","R","B",null,"M"],"character_chosen":"WATCHER","items_purchased":[],"campfire_rested":0,"item_purchase_floors":[],"current_hp_per_floor":[61,61,61,61,61,61,61,61,61,61,59,59,64,51,51,20,60,0,0],"gold":233,"neow_bonus":"THREE_ENEMY_KILL","is_daily":false,"chose_seed":false,"campfire_upgraded":4,"win_rate":0.0,"timestamp":1612685838,"path_taken":["M","?","?","?","$","E","$","R","T","R","M","R","?","M","R","BOSS","M"],"items_purchased_type":[],"build_version":"2020-12-22","purchased_purges":2,"victory":false,"max_hp_per_floor":[68,68,68,68,68,68,68,68,68,68,68,68,73,73,73,73,73,73,73],"card_choices":[{"not_picked":["ReachHeaven","PathToVictory"],"picked":"CrushJoints","floor":1},{"not_picked":["Meditate","Crescendo"],"picked":"TalkToTheHand","floor":4},{"not_picked":["ForeignInfluence","EmptyBody","Protect"],"picked":"SKIP","floor":6},{"not_picked":["Prostrate","FollowUp"],"picked":"FearNoEvil","floor":11},{"not_picked":["Vengeance","Sanctity","ReachHeaven"],"picked":"SKIP","floor":14},{"not_picked":["Ragnarok","MasterReality"],"picked":"Scrawl","floor":16}],"player_experience":693821,"relics_obtained":[{"floor":6,"key":"Art of War"},{"floor":9,"key":"Mummified Hand"}],"event_choices":[{"damage_healed":0,"gold_gain":150,"player_choice":"AGREE","damage_taken":0,"max_hp_gain":0,"max_hp_loss":0,"event_name":"Liars Game","floor":2,"gold_loss":0,"cards_obtained":["Doubt"]},{"damage_healed":0,"gold_gain":0,"player_choice":"Got Potions","damage_taken":0,"max_hp_gain":0,"max_hp_loss":0,"event_name":"Lab","floor":3,"gold_loss":0},{"damage_healed":0,"gold_gain":0,"player_choice":"Donut","damage_taken":0,"max_hp_gain":5,"max_hp_loss":0,"event_name":"Big Fish","floor":13,"gold_loss":0}],"is_beta":false,"boss_relics":[{"not_picked":["Ectoplasm","VioletLotus"],"picked":"Astrolabe"}],"items_purged_floors":[5,7],"is_endless":false,"potions_floor_spawned":[1,4,6,14],"killed_by":"Shell Parasite","ascension_level":20}}