{"host":"96nkmeof81a2z72a","time":1612681365,"event":{"mods":["BaseMod","Minty Spire (QoL Compilation)","Quick Restart","StSLib"],"gold_per_floor":[117,117,67,77,77,108,108,108,131,150,181,202,152,168,168,296,296,309,408,408,427,452,452,492,492,543,557,588,503,503,527,527,646,646,665,665,685,704,725,764,674,707,707,707,741,741,779,803,803,803,803,803,0,0,0],"floor_reached":54,"language":"ZHS","playtime":3141,"items_purged":["Pain","Corruption"],"score":819,"play_id":"39624b4a-a517-4019-afdb-9607925cba84","local_time":"20210207150245","is_ascension_mode":true,"campfire_choices":[{"data":"True Grit","floor":8.0,"key":"SMITH"},{"data":"True Grit","floor":15.0,"key":"SMITH"},{"data":"Entrench","floor":23.0,"key":"SMITH"},{"data":"Juggernaut","floor":25.0,"key":"SMITH"},{"data":"Feel No Pain","floor":30.0,"key":"SMITH"},{"data":"Evolve","floor":32.0,"key":"SMITH"},{"floor":49.0,"key":"RECALL"},{"data":"Fire Breathing","floor":52,"key":"SMITH"}],"circlet_count":0,"master_deck":["Defend_R","Defend_R+1","Bash","Entrench+1","Reaper","True Grit+1","Headbutt","Shrug It Off","Evolve+1","True Grit+1","Juggernaut+1","Pummel","Wild Strike","Feel No Pain+1","Rupture+1","Shrug It Off+1","Carnage+1","Reckless Charge+1","Power Through+1","Immolate","Thunderclap+1","Fire Breathing+1","Apotheosis","Double Tap"],"relics":["Busted Crown","Golden Idol","Champion Belt","WarpedTongs","Smiling Mask","Ornamental Fan","Mark of Pain","Nunchaku","Omamori","Happy Flower","Lantern","Bag of Marbles","Astrolabe","Juzu Bracelet","Eternal Feather","Ancient Tea Set","Turnip","Molten Egg 2","Strange Spoon","Bottled Lightning"],"acts_visited":["Exordium","TheCity","TheBeyond","TheEnding"],"potions_floor_usage":[50,50],"damage_taken":[{"damage":5.0,"enemies":"Small Slimes","floor":1.0,"turns":3.0},{"damage":9.0,"enemies":"2 Louse","floor":4.0,"turns":3.0},{"damage":38.0,"enemies":"Lagavulin","floor":6.0,"turns":8.0},{"damage":1.0,"enemies":"Cultist","floor":10.0,"turns":3.0},{"damage":14.0,"enemies":"Gremlin Nob","floor":11.0,"turns":4.0},{"damage":6.0,"enemies":"Red Slaver","floor":12.0,"turns":3.0},{"damage":7.0,"enemies":"Large Slime","floor":14.0,"turns":6.0},{"damage":15.0,"enemies":"The Guardian","floor":16.0,"turns":14.0},{"damage":11.0,"enemies":"3 Byrds","floor":18.0,"turns":5.0},{"damage":5.0,"enemies":"Chosen","floor":21.0,"turns":5.0},{"damage":3.0,"enemies":"3 Cultists","floor":22.0,"turns":6.0},{"damage":14.0,"enemies":"Book of Stabbing","floor":24.0,"turns":6.0},{"damage":11.0,"enemies":"Snake Plant","floor":27.0,"turns":4.0},{"damage":27.0,"enemies":"Slavers","floor":28.0,"turns":6.0},{"damage":8.0,"enemies":"Snecko","floor":31.0,"turns":4.0},{"damage":28.0,"enemies":"Automaton","floor":33.0,"turns":9.0},{"damage":0.0,"enemies":"3 Shapes","floor":35.0,"turns":3.0},{"damage":27.0,"enemies":"3 Darklings","floor":37.0,"turns":7.0},{"damage":11.0,"enemies":"Writhing Mass","floor":38.0,"turns":8.0},{"damage":6.0,"enemies":"Spire Growth","floor":39.0,"turns":4.0},{"damage":18.0,"enemies":"Reptomancer","floor":40.0,"turns":7.0},{"damage":2.0,"enemies":"Nemesis","floor":42.0,"turns":5.0},{"damage":37.0,"enemies":"Reptomancer","floor":45.0,"turns":6.0},{"damage":38.0,"enemies":"Nemesis","floor":47.0,"turns":5.0},{"damage":0.0,"enemies":"4 Shapes","floor":48.0,"turns":2.0},{"damage":14,"enemies":"Time Eater","floor":50,"turns":7},{"damage":50,"enemies":"Shield and Spear","floor":54,"turns":4}],"seed_played":"954627201704450678","potions_obtained":[{"floor":1.0,"key":"BloodPotion"},{"floor":6.0,"key":"CultistPotion"},{"floor":10.0,"key":"Explosive Potion"},{"floor":24.0,"key":"Fruit Juice"},{"floor":28.0,"key":"PowerPotion"},{"floor":31.0,"key":"BlessingOfTheForge"},{"floor":38.0,"key":"LiquidMemories"},{"floor":48.0,"key":"SneckoOil"}],"is_trial":false,"path_per_floor":["M","?","?","M","?","E","?","R","T","M","E","M","$","M","R","B",null,"M","?","?","M","M","R","E","R","T","M","E","?","R","M","R","B",null,"M","?","M","M","M","E","?","E","T","?","E","T","E","M","R","B",null,"R","$","E"],"character_chosen":"IRONCLAD","items_purchased":["Strange Spoon","Apotheosis","Bottled Lightning","Double Tap","PowerPotion","Block Potion"],"campfire_rested":0,"item_purchase_floors":[53,53,53,53,53,53],"current_hp_per_floor":[75,75,75,73,53,21,21,21,21,26,28,26,26,29,29,21,80,69,69,69,70,77,77,68,68,68,62,50,50,50,48,48,34,85,85,85,70,65,66,62,62,66,66,66,41,41,3,3,15,8,85,85,85,51,51],"gold":0,"neow_bonus":"BOSS_RELIC","is_daily":false,"chose_seed":false,"campfire_upgraded":7,"win_rate":0.0,"timestamp":1612681365,"path_taken":["M","?","?","M","?","E","?","R","T","?","E","M","?","M","R","BOSS","M","?","?","?","M","R","E","R","T","M","E","?","R","M","R","BOSS","M","?","M","M","M","E","?","E","T","?","E","?","E","M","R","BOSS","R","$","E"],"items_purchased_type":["Relic","Card","Relic","Card","Potion","Potion"],"build_version":"2020-12-22","purchased_purges":2,"victory":false,"max_hp_per_floor":[80,80,80,80,80,80,80,80,80,80,80,80,80,80,80,80,80,80,80,80,80,80,80,85,85,85,85,85,85,85,85,85,85,85,85,85,85,85,85,85,85,85,85,85,85,85,85,85,85,85,85,85,85,85,85],"card_choices":[{"not_picked":[],"picked":"Entrench","floor":1.0},{"not_picked":[],"picked":"True Grit","floor":4.0},{"not_picked":[],"picked":"Headbutt","floor":6.0},{"not_picked":["Rage"],"picked":"SKIP","floor":10.0},{"not_picked":[],"picked":"Shrug It Off","floor":11.0},{"not_picked":[],"picked":"Evolve","floor":12.0},{"not_picked":[],"picked":"True Grit","floor":14.0},{"not_picked":[],"picked":"Juggernaut","floor":16.0},{"not_picked":["Bloodletting"],"picked":"SKIP","floor":18.0},{"not_picked":["Heavy Blade"],"picked":"SKIP","floor":21.0},{"not_picked":[],"picked":"Pummel","floor":22.0},{"not_picked":[],"picked":"Wild Strike","floor":24.0},{"not_picked":[],"picked":"Feel No Pain","floor":27.0},{"not_picked":["Cleave"],"picked":"SKIP","floor":28.0},{"not_picked":["Twin Strike"],"picked":"SKIP","floor":31.0},{"not_picked":[],"picked":"Corruption","floor":33.0},{"not_picked":["Flex"],"picked":"SKIP","floor":35.0},{"not_picked":["Cleave+1"],"picked":"SKIP","floor":37.0},{"not_picked":[],"picked":"Reckless Charge+1","floor":38.0},{"not_picked":[],"picked":"Power Through+1","floor":39.0},{"not_picked":["Headbutt"],"picked":"SKIP","floor":40.0},{"not_picked":["Havoc"],"picked":"SKIP","floor":42.0},{"not_picked":[],"picked":"Immolate","floor":45.0},{"not_picked":[],"picked":"Thunderclap+1","floor":47.0},{"not_picked":[],"picked":"Fire Breathing","floor":48.0}],"player_experience":550047,"relics_obtained":[{"floor":6.0,"key":"Champion Belt"},{"floor":9.0,"key":"Smiling Mask"},{"floor":11.0,"key":"Ornamental Fan"},{"floor":20.0,"key":"Nunchaku"},{"floor":24.0,"key":"Omamori"},{"floor":26.0,"key":"Happy Flower"},{"floor":28.0,"key":"Lantern"},{"floor":40.0,"key":"Juzu Bracelet"},{"floor":42.0,"key":"Eternal Feather"},{"floor":45.0,"key":"Ancient Tea Set"},{"floor":46.0,"key":"Turnip"},{"floor":47.0,"key":"Molten Egg 2"}],"event_choices":[{"damage_healed":0.0,"max_hp_gain":0.0,"max_hp_loss":0.0,"gold_gain":0.0,"cards_transformed":["Strike_R"],"event_name":"Living Wall","player_choice":"Change","floor":2.0,"gold_loss":0.0,"damage_taken":0.0,"cards_obtained":["Reaper"]},{"cards_removed":["Defend_R"],"damage_healed":0.0,"max_hp_gain":0.0,"max_hp_loss":0.0,"gold_gain":0.0,"event_name":"The Cleric","player_choice":"Card Removal","floor":3.0,"gold_loss":50.0,"damage_taken":0.0},{"damage_healed":0.0,"max_hp_gain":0.0,"max_hp_loss":0.0,"gold_gain":0.0,"event_name":"Golden Idol","player_choice":"Take Damage","floor":5.0,"gold_loss":0.0,"damage_taken":20.0,"relics_obtained":["Golden Idol"]},{"damage_healed":0.0,"max_hp_gain":0.0,"max_hp_loss":0.0,"gold_gain":0.0,"event_name":"Accursed Blacksmith","player_choice":"Rummage","floor":7.0,"gold_loss":0.0,"damage_taken":0.0,"relics_obtained":["WarpedTongs"],"cards_obtained":["Pain"]},{"damage_healed":0.0,"max_hp_gain":0.0,"max_hp_loss":0.0,"gold_gain":99.0,"event_name":"Nest","player_choice":"Stole From Cult","floor":19.0,"gold_loss":0.0,"damage_taken":0.0},{"damage_healed":0.0,"max_hp_gain":0.0,"max_hp_loss":0.0,"gold_gain":0.0,"event_name":"Wheel of Change","player_choice":"Relic","floor":20.0,"gold_loss":0.0,"damage_taken":0.0},{"damage_healed":0.0,"max_hp_gain":0.0,"max_hp_loss":0.0,"gold_gain":0.0,"event_name":"Addict","player_choice":"Obtained Relic","floor":29.0,"gold_loss":85.0,"damage_taken":0.0,"relics_obtained":["Bag of Marbles"]},{"cards_removed":["Defend_R"],"damage_healed":0.0,"max_hp_gain":0.0,"max_hp_loss":0.0,"gold_gain":0.0,"event_name":"Falling","player_choice":"Removed Skill","floor":36.0,"gold_loss":0.0,"damage_taken":0.0},{"cards_removed":["Strike_R"],"damage_healed":0.0,"max_hp_gain":0.0,"max_hp_loss":0.0,"gold_gain":0.0,"event_name":"Designer","player_choice":"Upgrade and Remove","floor":41.0,"gold_loss":90.0,"damage_taken":0.0,"cards_upgraded":["Defend_R"]},{"damage_healed":0.0,"max_hp_gain":0.0,"max_hp_loss":0.0,"gold_gain":0.0,"event_name":"SensoryStone","player_choice":"Memory 1","floor":44.0,"gold_loss":0.0,"damage_taken":0.0}],"is_beta":false,"boss_relics":[{"not_picked":["Coffee Dripper","Velvet Choker"],"picked":"Mark of Pain"},{"not_picked":["Runic Cube","SlaversCollar"],"picked":"Astrolabe"}],"items_purged_floors":[13,53],"is_endless":false,"potions_floor_spawned":[1,6,10,24,28,31,33,37,38,40,48],"killed_by":"Shield and Spear","ascension_level":1}}