{"host":"dt8tt9y5uobrbn6j","time":1612675756,"event":{"mods":["100% Spire Juice","ATMod(°¢èªMod)","Act Like it!","BaseMod","Better Third Choice","BetterRewards","Bossed Relics","Card Forge","Colored Powertips","Conspire","HololiveMod","Mimic Mod","Minty Spire (QoL Compilation)","Quick Restart","Relic Stats","Reliquary","Retaliation","Shop Mod","StSLib","The Bug Knight","The Jungle","Weighted Paths","óô»ðÖ¸ÄÏ"],"gold_per_floor":[86,161,174,190,28,62,62,78,78,96,21,47,47,57,57,162,162,181,198,198,198,213,267,267,278,328,153,166,207,224,239,239,343,343,359,359,376,389,349,381,281,307,307,182,34,34,34,34,34,54,54,54,54,54,54],"floor_reached":54,"language":"ZHS","playtime":2652,"items_purged":["Hololive_Strike","Hololive_Defend","Hololive_Defend"],"score":972,"play_id":"0392c549-5336-4550-92ce-5632a7897de9","local_time":"20210207132916","is_ascension_mode":false,"campfire_choices":[{"data":"Hololive_CallShiroganeNoel","floor":7.0,"key":"SMITH"},{"data":"Hololive_Recruit","floor":13.0,"key":"SMITH"},{"data":"Hololive_CallDoris","floor":15.0,"key":"SMITH"},{"floor":32.0,"key":"RECALL"}],"circlet_count":0,"master_deck":["Hololive_Strike+1","Hololive_LuckPotion","Hololive_CallFriendA","Hololive_CallNekomataOkayu","Hololive_CallShiroganeNoel+1","Hololive_CallDoris+1","Hololive_ScarfAndHalo","Hololive_CallUruhaRushia","Hololive_StrengthChampion","Hololive_Nanodesu","Hololive_DurableLive","Hololive_Recruit+1","Hololive_StarCraft","Hololive_CallOmaruPolka+1","Hololive_CallYukihanaLamy+1","Hololive_MaximGun+1","Hololive_IdolExercise"],"relics":["Hololive_TheStar","Hammer of Thor","Seething Fire","Anvil of the Gods","AT_ATBox","Pocketwatch","AT_BellDemon","conspire:RoyalGoblet","Gremlin Horn","reliquary:NewFriend","Potion Belt","theJungle:ShellPeas","Bag of Marbles","Fusion Hammer","AT_BellowingDragoncrestRing","Juzu Bracelet","reliquary:BrokenClock"],"acts_visited":["Exordium","Exordium","TheBeyond","TheEnding"],"potions_floor_usage":[50,50,50],"damage_taken":[{"damage":0.0,"enemies":"Jaw Worm","floor":1.0,"turns":2.0},{"damage":0.0,"enemies":"Small Slimes","floor":3.0,"turns":4.0},{"damage":0.0,"enemies":"Cultist","floor":4.0,"turns":2.0},{"damage":0.0,"enemies":"Lagavulin","floor":6.0,"turns":6.0},{"damage":0.0,"enemies":"Blue Slaver","floor":8.0,"turns":2.0},{"damage":0.0,"enemies":"Looter","floor":9.0,"turns":3.0},{"damage":0.0,"enemies":"Looter","floor":10.0,"turns":2.0},{"damage":0.0,"enemies":"Gremlin Nob","floor":12.0,"turns":4.0},{"damage":0.0,"enemies":"Exordium Thugs","floor":14.0,"turns":3.0},{"damage":0.0,"enemies":"Slime Boss","floor":16.0,"turns":4.0},{"damage":0.0,"enemies":"theJungle:MUSHROOMGANG","floor":18.0,"turns":4.0},{"damage":0.0,"enemies":"theJungle:GiantWrat","floor":19.0,"turns":4.0},{"damage":0.0,"enemies":"theJungle:JungleHuntersEncounter","floor":22.0,"turns":5.0},{"damage":0.0,"enemies":"theJungle:MamaSnecko","floor":23.0,"turns":6.0},{"damage":0.0,"enemies":"theJungle:Snecko_Cultist_And_Trap","floor":25.0,"turns":6.0},{"damage":0.0,"enemies":"theJungle:2_Snecko_Cultists","floor":28.0,"turns":4.0},{"damage":0.0,"enemies":"theJungle:2_Phrogs","floor":29.0,"turns":7.0},{"damage":0.0,"enemies":"theJungle:2_Flameangoes","floor":30.0,"turns":3.0},{"damage":0.0,"enemies":"theJungle:Snecko_Cultist_And_Trap","floor":31.0,"turns":4.0},{"damage":0.0,"enemies":"theJungle:TotemBoss","floor":33.0,"turns":10.0},{"damage":0.0,"enemies":"3 Darklings","floor":35.0,"turns":4.0},{"damage":0.0,"enemies":"3 Shapes","floor":37.0,"turns":3.0},{"damage":0.0,"enemies":"Sphere and 2 Shapes","floor":38.0,"turns":2.0},{"damage":0.0,"enemies":"Giant Head","floor":40.0,"turns":6.0},{"damage":0.0,"enemies":"Nemesis","floor":42.0,"turns":6.0},{"damage":14,"enemies":"conspire:OrnateMirror","floor":50,"turns":9},{"damage":52,"enemies":"Shield and Spear","floor":54,"turns":4}],"seed_played":"3322591295658469744","potions_obtained":[{"floor":1.0,"key":"PowerPotion"},{"floor":6.0,"key":"ColorlessPotion"},{"floor":8.0,"key":"SpeedPotion"},{"floor":12.0,"key":"ColorlessPotion"},{"floor":28.0,"key":"Energy Potion"},{"floor":37.0,"key":"Swift Potion"},{"floor":38.0,"key":"FairyPotion"},{"floor":42.0,"key":"Swift Potion"}],"is_trial":false,"path_per_floor":["M","?","M","M","$","E","R","M","MIM","M","R","E","R","M","R","B",null,"M","M","?","?","M","E","$","M","T","?","M","E","M","M","R","B",null,"M","?","M","M","?","E","R","E","T","R","$","R","?","$","R","B",null,"R","$","E"],"character_chosen":"Hololive_HololiveCharacter","items_purchased":["Hololive_Nanodesu","reliquary:BrokenClock"],"campfire_rested":0,"item_purchase_floors":[5,45],"current_hp_per_floor":[32,32,32,32,32,32,32,32,32,32,32,32,32,32,32,32,32,32,32,32,32,32,32,32,32,32,32,32,32,32,32,32,32,32,32,30,30,30,30,30,30,30,30,30,30,30,30,30,30,16,30,30,30,0,0],"gold":54,"neow_bonus":"THREE_RARE_CARDS","is_daily":false,"chose_seed":false,"campfire_upgraded":3,"win_rate":0.0,"timestamp":1612675756,"path_taken":["M","?","M","M","$","E","R","M","MIM","M","R","E","R","M","R","BOSS","M","M","?","?","?","E","$","M","T","?","M","E","M","M","R","BOSS","M","?","M","M","?","E","R","E","T","R","$","R","?","?","R","BOSS","R","$","E"],"items_purchased_type":["Card","Relic"],"build_version":"2020-12-22","purchased_purges":3,"victory":false,"max_hp_per_floor":[32,32,32,32,32,32,32,32,32,32,32,32,32,32,32,32,32,32,32,32,32,32,32,32,32,32,32,32,32,32,32,32,32,32,32,30,30,30,30,30,30,30,30,30,30,30,30,30,30,30,30,30,30,30,30],"relic_stats":{"Gremlin Horn":[24,24],"counters":[27,118],"Juzu Bracelet":1,"obtain_stats":[{"AT_BellDemon":12,"Potion Belt":26,"AT_ATBox":0,"conspire:RoyalGoblet":17,"Gremlin Horn":21,"Hammer of Thor":0,"Juzu Bracelet":42,"Seething Fire":0,"theJungle:ShellPeas":27,"AT_BellowingDragoncrestRing":40,"Anvil of the Gods":0,"Hololive_TheStar":0,"reliquary:NewFriend":23,"Fusion Hammer":34,"Bag of Marbles":29,"reliquary:BrokenClock":45,"Pocketwatch":6},{"AT_BellDemon":8,"Potion Belt":15,"AT_ATBox":0,"conspire:RoyalGoblet":10,"Gremlin Horn":12,"Hammer of Thor":0,"Juzu Bracelet":25,"Seething Fire":0,"theJungle:ShellPeas":15,"AT_BellowingDragoncrestRing":24,"Anvil of the Gods":0,"Hololive_TheStar":0,"reliquary:NewFriend":14,"Fusion Hammer":20,"Bag of Marbles":17,"reliquary:BrokenClock":25,"Pocketwatch":4},{"AT_BellDemon":25,"Potion Belt":56,"AT_ATBox":0,"conspire:RoyalGoblet":32,"Gremlin Horn":40,"Hammer of Thor":0,"Juzu Bracelet":105,"Seething Fire":0,"theJungle:ShellPeas":56,"AT_BellowingDragoncrestRing":99,"Anvil of the Gods":0,"Hololive_TheStar":0,"reliquary:NewFriend":50,"Fusion Hammer":84,"Bag of Marbles":67,"reliquary:BrokenClock":105,"Pocketwatch":14}],"Pocketwatch":[155]},"card_choices":[{"not_picked":["Hololive_ASMR","Hololive_OpenUp"],"picked":"Hololive_ScarfAndHalo","floor":0.0},{"not_picked":["Hololive_Drill","Hololive_HuntDinosaur","Hololive_CallNekomataOkayu"],"picked":"Hololive_CallUruhaRushia","floor":1.0},{"not_picked":["Hololive_Drill","Hololive_CallNatsuiroMatsuri","Hololive_OvertimeWork","Hololive_Trident"],"picked":"SKIP","floor":3.0},{"not_picked":["Hololive_Breathe","Hololive_DevilCharm","Hololive_Drill"],"picked":"Hololive_StrengthChampion","floor":4.0},{"not_picked":["Hololive_Yoholoon","Hololive_HuntDinosaur","Hololive_CallRoboco"],"picked":"Hololive_DurableLive","floor":6.0},{"not_picked":["Hololive_ILoveYou","Hololive_OvertimeWork","Hololive_CallNekomataOkayu","Hololive_CallTokoyamiTowa"],"picked":"SKIP","floor":8.0},{"not_picked":["Hololive_Trident","Hololive_OvertimeWork","Hololive_Rebound","Hololive_StrengthChampion"],"picked":"SKIP","floor":10.0},{"not_picked":["Hololive_CallShiranuiFlare","Hololive_RevenueBasedLive","Hololive_Drill"],"picked":"Hololive_Recruit","floor":12.0},{"not_picked":["Hololive_CallDoris","Hololive_HuntDinosaur","Hololive_CocoNews","Hololive_SummonFox"],"picked":"SKIP","floor":14.0},{"not_picked":["Hololive_OpenUp","Hololive_Recruit","Hololive_ScarfAndHalo"],"picked":"Hololive_StarCraft","floor":16.0},{"not_picked":["Hololive_Breathe","Hololive_CallAmaneKanata","Hololive_HuntDinosaur","Hololive_OvertimeWork+1"],"picked":"SKIP","floor":18.0},{"not_picked":["Hololive_Trident","Hololive_Drill","Hololive_StrengthChampion","Hololive_Yoholoon+1"],"picked":"SKIP","floor":19.0},{"not_picked":["Hololive_BringToTrial","Hololive_StrengthChampion+1","Hololive_CallAiraniIofifteen","Hololive_ASMR"],"picked":"SKIP","floor":22.0},{"not_picked":["Hololive_Drill","Hololive_Trident+1","Hololive_HuntDinosaur"],"picked":"Hololive_CallOmaruPolka+1","floor":23.0},{"not_picked":["Hololive_CallDoris","Hololive_OvertimeWork+1","Hololive_CallShiranuiFlare"],"picked":"Hololive_CallYukihanaLamy+1","floor":25.0},{"not_picked":["Hololive_Psychosis","Hololive_Drill+1","Hololive_Trident","Hololive_Rebound"],"picked":"SKIP","floor":28.0},{"not_picked":["Hololive_CallShiranuiFlare","Hololive_DevilCharm+1","Hololive_Rebound","Hololive_Sequa+1"],"picked":"SKIP","floor":29.0},{"not_picked":["Hololive_StrengthChampion","Hololive_LuckPotion+1","Hololive_Drill","Hololive_CallShiranuiFlare"],"picked":"SKIP","floor":30.0},{"not_picked":["Hololive_Psychosis","Hololive_RevenueBasedLive","Hololive_Trident+1","Hololive_OvertimeWork+1"],"picked":"SKIP","floor":31.0},{"not_picked":["Hololive_ScarfAndHalo","Hololive_HighAtkLowDef","Hololive_Thief"],"picked":"Hololive_MaximGun","floor":33.0},{"not_picked":["Hololive_CallYogiri+1","Hololive_RevenueBasedLive","Hololive_Psychosis","Hololive_HuntDinosaur+1"],"picked":"SKIP","floor":35.0},{"not_picked":["Hololive_CallYozoraMel+1","Hololive_Trident+1","Hololive_OvertimeWork+1","Hololive_CallUruhaRushia"],"picked":"SKIP","floor":37.0},{"not_picked":["Hololive_StrengthChampion+1","Hololive_Trident+1","Hololive_BringToTrial","Hololive_OvertimeWork"],"picked":"SKIP","floor":38.0},{"not_picked":["Hololive_Sequa+1","Hololive_HuntDinosaur","Hololive_CallTokoyamiTowa"],"picked":"Hololive_IdolExercise","floor":40.0},{"not_picked":["Hololive_StrengthChampion+1","Hololive_LuckPotion+1","Hololive_CallRosalyn+1","Hololive_StarCraft"],"picked":"SKIP","floor":42.0}],"player_experience":880179,"relics_obtained":[{"floor":6.0,"key":"Pocketwatch"},{"floor":12.0,"key":"AT_BellDemon"},{"floor":23.0,"key":"reliquary:NewFriend"},{"floor":26.0,"key":"Potion Belt"},{"floor":29.0,"key":"Bag of Marbles"},{"floor":40.0,"key":"AT_BellowingDragoncrestRing"},{"floor":42.0,"key":"Juzu Bracelet"}],"event_choices":[{"cards_removed":["Hololive_CallOkamiMio"],"damage_healed":0.0,"max_hp_gain":0.0,"max_hp_loss":0.0,"gold_gain":0.0,"event_name":"WeMeetAgain","player_choice":"Gave Card","floor":21.0,"gold_loss":0.0,"damage_taken":0.0,"relics_obtained":["Gremlin Horn"]},{"damage_healed":0.0,"max_hp_gain":0.0,"max_hp_loss":2.0,"gold_gain":0.0,"event_name":"Winding Halls","player_choice":"Max HP","floor":36.0,"gold_loss":0.0,"damage_taken":0.0},{"damage_healed":0.0,"max_hp_gain":0.0,"max_hp_loss":0.0,"gold_gain":0.0,"event_name":"Designer","player_choice":"Upgraded Two","floor":39.0,"gold_loss":40.0,"damage_taken":0.0,"cards_upgraded":["Hololive_Strike","Hololive_MaximGun"]},{"damage_healed":0.0,"max_hp_gain":0.0,"max_hp_loss":0.0,"gold_gain":0.0,"event_name":"Duplicator","player_choice":"Ignored","floor":47.0,"gold_loss":0.0,"damage_taken":0.0}],"is_beta":false,"boss_relics":[{"not_picked":["Sozu","SlaversCollar"],"picked":"conspire:RoyalGoblet"},{"not_picked":["conspire:RunicOctahedron","Hololive_ChaosS"],"picked":"Fusion Hammer"}],"items_purged_floors":[11,41,44],"is_endless":false,"potions_floor_spawned":[1,6,8,12,19,23,28,30,37,38,40,42],"killed_by":"Shield and Spear","ascension_level":0}}