{"host":"wshey5htrz8rni6u","time":1612703812,"event":{"mods":["2.2 Compatiblity","BaseMod","Best Route Mod","Block Reminder","Colored Map","Colored Powertips","Current Relic Mod","Curses Come First","Dark Map","Key Reminder","Minty Spire (QoL Compilation)","Potion Indicator Mod","Quick Restart","Random Character Button","Relic Sorter","Relic Stats","StSLib","SuperFastMode","Unceasing Turn Reminder"],"gold_per_floor":[115,127,127,127,138,138,172,172,172,188,188,188,32,32,32,155,155,180,180,205,219,243,278,278,314,365,379,379,379,379,379],"floor_reached":30,"language":"ENG","playtime":1152,"items_purged":["Strike_B"],"score":268,"play_id":"39c9786a-1c7f-4c5a-a2b8-ad789f2c5838","local_time":"20210207051652","is_ascension_mode":false,"campfire_choices":[{"data":"Zap","floor":6,"key":"SMITH"},{"data":"Dualcast","floor":8,"key":"SMITH"},{"data":"Multi-Cast","floor":11,"key":"SMITH"},{"data":"Beam Cell","floor":15,"key":"SMITH"},{"floor":24,"key":"REST"}],"circlet_count":0,"master_deck":["Defend_B","Defend_B","Defend_B","Zap+1","Dualcast+1","Force Field","Rip and Tear","Iron Wave","BootSequence","Multi-Cast+1","Beam Cell+1","Defragment","Creative AI","Barrage","Ball Lightning","Coolheaded","Stack+1","Hologram+1","Self Repair","Melter","Compile Driver","Aggregate","Double Energy"],"relics":["Cracked Core","NeowsBlessing","StoneCalendar","Gremlin Horn","Shuriken","Golden Idol","Sozu","Vajra","Eternal Feather","Oddly Smooth Stone"],"acts_visited":["Exordium","TheCity"],"potions_floor_usage":[7,20],"damage_taken":[{"damage":0,"enemies":"Small Slimes","floor":1,"turns":1},{"damage":0,"enemies":"Jaw Worm","floor":2,"turns":1},{"damage":0,"enemies":"Cultist","floor":5,"turns":1},{"damage":31,"enemies":"Gremlin Nob","floor":7,"turns":6},{"damage":6,"enemies":"Large Slime","floor":10,"turns":5},{"damage":19,"enemies":"Slime Boss","floor":16,"turns":7},{"damage":6,"enemies":"Shell Parasite","floor":18,"turns":5},{"damage":0,"enemies":"Chosen","floor":20,"turns":4},{"damage":13,"enemies":"Shelled Parasite and Fungi","floor":21,"turns":5},{"damage":9,"enemies":"Centurion and Healer","floor":22,"turns":7},{"damage":10,"enemies":"Book of Stabbing","floor":23,"turns":6},{"damage":18,"enemies":"Gremlin Leader","floor":25,"turns":7},{"damage":17,"enemies":"Chosen and Byrds","floor":27,"turns":7},{"damage":35,"enemies":"Slavers","floor":30,"turns":3}],"seed_played":"-7937057432551295873","potions_obtained":[{"floor":5,"key":"Weak Potion"},{"floor":16,"key":"GamblersBrew"}],"is_trial":false,"path_per_floor":["M","M","?","?","M","R","E","R","T","M","R","?","$","?","R","B",null,"M","?","M","M","M","E","R","E","T","M","?","?","E"],"character_chosen":"DEFECT","items_purchased":["Defragment"],"campfire_rested":1,"item_purchase_floors":[13],"current_hp_per_floor":[75,75,68,68,68,68,37,37,37,31,31,31,31,24,24,5,69,63,63,63,50,41,31,51,40,40,30,30,30,0,0],"gold":379,"neow_bonus":"THREE_ENEMY_KILL","is_daily":false,"chose_seed":false,"campfire_upgraded":4,"win_rate":0.0,"timestamp":1612703812,"path_taken":["M","M","?","?","M","R","E","R","T","?","R","?","$","?","R","BOSS","M","?","M","M","M","E","R","E","T","M","?","?","E"],"items_purchased_type":["Card"],"build_version":"2020-12-13","purchased_purges":1,"victory":false,"max_hp_per_floor":[75,75,75,75,75,75,75,75,75,75,75,69,69,69,69,69,69,69,69,69,69,69,69,69,69,69,69,69,69,69,69],"relic_stats":{"Sozu":3,"Gremlin Horn":[7,7],"counters":[14,65],"Shuriken":[10],"Golden Idol":60,"StoneCalendar":[83],"Eternal Feather":0,"obtain_stats":[{"Sozu":17,"NeowsBlessing":0,"Gremlin Horn":7,"Shuriken":9,"Golden Idol":12,"Vajra":23,"Oddly Smooth Stone":26,"StoneCalendar":3,"Eternal Feather":25,"Cracked Core":0},{"Sozu":6,"NeowsBlessing":0,"Gremlin Horn":4,"Shuriken":4,"Golden Idol":5,"Vajra":11,"Oddly Smooth Stone":12,"StoneCalendar":2,"Eternal Feather":12,"Cracked Core":0},{"Sozu":21,"NeowsBlessing":0,"Gremlin Horn":9,"Shuriken":9,"Golden Idol":14,"Vajra":48,"Oddly Smooth Stone":55,"StoneCalendar":2,"Eternal Feather":55,"Cracked Core":0}]},"card_choices":[{"not_picked":["Coolheaded","Steam"],"picked":"Force Field","floor":1},{"not_picked":["Stack","Cold Snap"],"picked":"Rip and Tear","floor":2},{"not_picked":["Beam Cell","Darkness"],"picked":"BootSequence","floor":5},{"not_picked":["Beam Cell","Hologram"],"picked":"Multi-Cast","floor":7},{"not_picked":["Reprogram","Go for the Eyes"],"picked":"Beam Cell","floor":10},{"not_picked":["Fission","Seek"],"picked":"Creative AI","floor":16},{"not_picked":["Darkness","Steam"],"picked":"Barrage","floor":18},{"not_picked":["Cold Snap","Heatsinks+1"],"picked":"Coolheaded","floor":20},{"not_picked":["Chaos+1","Sweeping Beam"],"picked":"Stack+1","floor":21},{"not_picked":["Beam Cell+1","Cold Snap"],"picked":"Hologram+1","floor":22},{"not_picked":["Compile Driver+1","Aggregate+1"],"picked":"Self Repair","floor":23},{"not_picked":["Reprogram","Chaos"],"picked":"Melter","floor":25},{"not_picked":["Gash","Beam Cell"],"picked":"Compile Driver","floor":27}],"player_experience":4862,"relics_obtained":[{"floor":7,"key":"Gremlin Horn"},{"floor":9,"key":"Shuriken"},{"floor":23,"key":"Vajra"},{"floor":25,"key":"Eternal Feather"},{"floor":26,"key":"Oddly Smooth Stone"}],"event_choices":[{"damage_healed":0,"gold_gain":0,"player_choice":"Success","damage_taken":7,"relics_obtained":["StoneCalendar"],"max_hp_gain":0,"max_hp_loss":0,"event_name":"Scrap Ooze","floor":3,"gold_loss":0},{"cards_removed":["Strike_B"],"damage_healed":0,"gold_gain":0,"player_choice":"Took Card","damage_taken":0,"max_hp_gain":0,"max_hp_loss":0,"event_name":"NoteForYourself","floor":4,"gold_loss":0,"cards_obtained":["Iron Wave"]},{"damage_healed":0,"gold_gain":0,"player_choice":"Lose Max HP","damage_taken":0,"relics_obtained":["Golden Idol"],"max_hp_gain":0,"max_hp_loss":6,"event_name":"Golden Idol","floor":12,"gold_loss":0},{"cards_removed":["Defend_B"],"damage_healed":0,"gold_gain":0,"player_choice":"Card Removal","damage_taken":7,"max_hp_gain":0,"max_hp_loss":0,"event_name":"Golden Wing","floor":14,"gold_loss":0},{"damage_healed":0,"gold_gain":0,"player_choice":"Read","damage_taken":0,"max_hp_gain":0,"max_hp_loss":0,"event_name":"The Library","floor":19,"gold_loss":0,"cards_obtained":["Ball Lightning"]},{"damage_healed":0,"gold_gain":0,"cards_transformed":["Strike_B","Strike_B"],"player_choice":"Became Test Subject","damage_taken":0,"max_hp_gain":0,"max_hp_loss":0,"event_name":"Drug Dealer","floor":28,"gold_loss":0,"cards_obtained":["Aggregate","Double Energy"]},{"damage_healed":0,"gold_gain":0,"player_choice":"Bought 0 Potions","damage_taken":0,"max_hp_gain":0,"max_hp_loss":0,"event_name":"The Woman in Blue","floor":29,"gold_loss":0}],"is_beta":false,"boss_relics":[{"not_picked":["Calling Bell","Runic Pyramid"],"picked":"Sozu"}],"items_purged_floors":[13],"is_endless":false,"potions_floor_spawned":[5,16,18,22,25],"killed_by":"Slavers","ascension_level":0}}