{"host":"nwd160me4iqdtr8u","time":1612724501,"event":{"mods":["AchievementEnabler","Act Like it!","BaseMod","Colored Map","DeckTracker","Hallownest","Keyboard Shortcuts","Minty Spire (QoL Compilation)","Quick Restart","Rare Cards Sparkle","Smile Girya","StSLib","SuperFastMode","The Bug Knight","everything is the same but u backflip on backflip"],"gold_per_floor":[116,116,135,135,147,182,182,193,193,219,238,251,261,278,278,382,382,401,401,414,11,11,42,55,87,112,143,98,114,130,155,155,257,257,272,24,24,38,55,81,81,81,126,153,153,28,28,28,28,28],"floor_reached":51,"language":"KOR","playtime":2803,"items_purged":["HollowMod:FocusHealStart","HollowMod:NailStrikeStart","Hallownest:curseDreamersLament"],"score":1069,"play_id":"bfa68f2b-4cb3-4669-acaa-27fd73629206","local_time":"20210208040141","is_ascension_mode":true,"campfire_choices":[{"data":"HollowMod:AbyssShriek","floor":7.0,"key":"SMITH"},{"data":"HollowMod:DungDefenderAura","floor":15.0,"key":"SMITH"},{"floor":32.0,"key":"REST"},{"floor":41.0,"key":"REST"},{"floor":45.0,"key":"REST"},{"floor":47.0,"key":"REST"},{"floor":49.0,"key":"REST"}],"circlet_count":0,"master_deck":["HollowMod:NailStrikeStart","HollowMod:NailStrikeStart","HollowMod:QuickDashStart","HollowMod:QuickDashStart","HollowMod:QuickDashStart","HollowMod:QuickDashStart+1","HollowMod:PogoStrike","HollowMod:SoulStrike","HollowMod:AbyssShriek+1","HollowMod:CloakDash","HollowMod:NewJinnsSoul","HollowMod:LifebloodCore","HollowMod:MantisMark","HollowMod:DungDefenderAura+1","HollowMod:VengefulVoid+1","HollowMod:QuirrelsAssistance+1","HollowMod:HornetsHelp+1","HollowMod:InfectedCysts+1","HollowMod:DescendingDark+1","Deep Breath","HollowMod:RecoilStrike+1","HollowMod:GreatSlash+1","HollowMod:HuntersJournal","HollowMod:MonarchWings+1","HollowMod:LifebloodCocoon","HollowMod:SharpenedNail+1","HollowMod:LifebloodCore","HollowMod:SiblingsShadow","HollowMod:CloakDash+1","HollowMod:MonarchWings"],"relics":["HollowMod:VesselMask","Hallownest:DreamNailRelic","Question Card","Molten Egg 2","StrikeDummy","Fusion Hammer","Letter Opener","InkBottle","Shuriken","PreservedInsect","Pear","Vajra","Busted Crown","Oddly Smooth Stone","Du-Vu Doll","Hallownest:BeastSealRelic","Dream Catcher","Eternal Feather"],"acts_visited":["Hallownest:Greenpath","Hallownest:CityofTears","Hallownest:KingdomsEdge"],"potions_floor_usage":[50],"damage_taken":[{"damage":0.0,"enemies":"Hallownest:monsterHuskWarrior","floor":1.0,"turns":6.0},{"damage":5.0,"enemies":"Hallownest:2_Tiktiks_and_1_Crawlid","floor":3.0,"turns":4.0},{"damage":5.0,"enemies":"Hallownest:monsterHuskGuard","floor":5.0,"turns":4.0},{"damage":13.0,"enemies":"Hallownest:eliteVengeflyKing","floor":6.0,"turns":5.0},{"damage":13.0,"enemies":"Hallownest:monsterFoolEater","floor":8.0,"turns":4.0},{"damage":10.0,"enemies":"Hallownest:eliteMossKnight","floor":10.0,"turns":9.0},{"damage":0.0,"enemies":"Hallownest:monsterMossCharger","floor":11.0,"turns":3.0},{"damage":0.0,"enemies":"Hallownest:Guard_and_Warrior","floor":12.0,"turns":4.0},{"damage":6.0,"enemies":"Hallownest:1_Ooma_and_2_Uuma","floor":13.0,"turns":4.0},{"damage":0.0,"enemies":"Hallownest:MossCreep_and_Mosskin","floor":14.0,"turns":4.0},{"damage":23.0,"enemies":"Hallownest:BossFalseKnight","floor":16.0,"turns":11.0},{"damage":3.0,"enemies":"Hallownest:Flukemon_and_Top","floor":18.0,"turns":5.0},{"damage":0.0,"enemies":"Hallownest:2_Mistakes","floor":20.0,"turns":5.0},{"damage":0.0,"enemies":"Hallownest:eliteSoulWarrior","floor":23.0,"turns":7.0},{"damage":0.0,"enemies":"Hallownest:monsterShrumalOgre","floor":24.0,"turns":4.0},{"damage":17.0,"enemies":"Hallownest:eliteWatcherKnight","floor":25.0,"turns":10.0},{"damage":0.0,"enemies":"Hallownest:eliteSoulWarrior","floor":27.0,"turns":4.0},{"damage":0.0,"enemies":"Hallownest:2_Husk_Sentries","floor":29.0,"turns":3.0},{"damage":5.0,"enemies":"Hallownest:2_Flukemon","floor":30.0,"turns":5.0},{"damage":0.0,"enemies":"Hallownest:Nosk","floor":31.0,"turns":7.0},{"damage":0.0,"enemies":"Hallownest:BossMantisLord","floor":33.0,"turns":6.0},{"damage":0.0,"enemies":"Hallownest:2_Littles","floor":35.0,"turns":4.0},{"damage":10.0,"enemies":"Hallownest:3_Siblings","floor":38.0,"turns":7.0},{"damage":0.0,"enemies":"Hallownest:Shield_Sturdy","floor":39.0,"turns":5.0},{"damage":0.0,"enemies":"Hallownest:StalkingDevout","floor":40.0,"turns":5.0},{"damage":23.0,"enemies":"Hallownest:eliteHiveKnight","floor":44.0,"turns":4.0},{"damage":20,"enemies":"Hallownest:Radiance","floor":50,"turns":10}],"seed_played":"-6094510429233036485","potions_obtained":[{"floor":3.0,"key":"DuplicationPotion"},{"floor":8.0,"key":"Block Potion"},{"floor":11.0,"key":"SmokeBomb"},{"floor":12.0,"key":"DistilledChaos"},{"floor":14.0,"key":"AttackPotion"},{"floor":16.0,"key":"PowerPotion"},{"floor":20.0,"key":"Dexterity Potion"},{"floor":25.0,"key":"FearPotion"},{"floor":29.0,"key":"BlessingOfTheForge"},{"floor":31.0,"key":"LiquidMemories"},{"floor":33.0,"key":"SpeedPotion"},{"floor":35.0,"key":"SneckoOil"},{"floor":44.0,"key":"CultistPotion"}],"is_trial":false,"path_per_floor":["M","?","M","?","M","E","R","M","T","E","M","M","M","M","R","B",null,"M","?","M","$","?","E","M","E","T","E","?","M","M","E","R","B",null,"M","$","?","M","M","E","R","?","T","E","R","$","R","?","R","B",null],"character_chosen":"THE_BUGKNIGHT","items_purchased":["Letter Opener","Deep Breath","Oddly Smooth Stone"],"campfire_rested":5,"item_purchase_floors":[21,21,36],"current_hp_per_floor":[75,75,75,75,70,57,57,44,44,40,40,40,34,34,34,11,75,75,75,75,75,75,75,75,58,58,68,68,68,63,63,85,85,85,85,85,85,75,75,75,85,85,85,62,85,85,85,85,85,65],"gold":28,"neow_bonus":"REMOVE_CARD","is_daily":false,"chose_seed":false,"campfire_upgraded":2,"win_rate":0.0,"timestamp":1612724501,"path_taken":["M","?","M","?","M","E","R","M","T","E","M","M","M","?","R","BOSS","M","?","M","$","?","E","?","E","T","E","?","M","M","E","R","BOSS","M","$","?","M","M","E","R","?","T","E","R","?","R","?","R","BOSS"],"items_purchased_type":["Relic","Card","Relic"],"build_version":"2020-12-22","purchased_purges":3,"victory":true,"max_hp_per_floor":[75,75,75,75,75,75,75,75,75,75,75,75,75,75,75,75,75,75,75,75,75,75,75,75,75,75,85,85,85,85,85,85,85,85,85,85,85,85,85,85,85,85,85,85,85,85,85,85,85,85],"card_choices":[{"not_picked":["HollowMod:NewJinnsSoul","HollowMod:LifebloodCocoon"],"picked":"HollowMod:SoulStrike","floor":1.0},{"not_picked":["HollowMod:DescendingDark","HollowMod:InfectedAttack"],"picked":"HollowMod:AbyssShriek","floor":3.0},{"not_picked":["HollowMod:theNailsmith","HollowMod:InfectedAttack"],"picked":"HollowMod:CloakDash","floor":5.0},{"not_picked":["HollowMod:VengefulSpirit","HollowMod:NewLittleFool","HollowMod:HeavyBlow"],"picked":"SKIP","floor":6.0},{"not_picked":["HollowMod:VengefulSpirit","HollowMod:NewLittleFool","HollowMod:HeavyBlow"],"picked":"SKIP","floor":6.0},{"not_picked":["HollowMod:InfectedAttack","HollowMod:SoulVessel","HollowMod:ChannelNail"],"picked":"HollowMod:NewJinnsSoul","floor":8.0},{"not_picked":["HollowMod:InfectedCysts+1","HollowMod:GoodIntentions","HollowMod:InfectedAttack+1"],"picked":"HollowMod:LifebloodCore","floor":10.0},{"not_picked":["HollowMod:ChannelNail","HollowMod:CycloneSlash+1","HollowMod:InfectedCysts+1"],"picked":"HollowMod:MantisMark","floor":11.0},{"not_picked":["HollowMod:SiblingsSouls","HollowMod:HeavyBlow+1","HollowMod:WhiteLadysBlessing"],"picked":"HollowMod:DungDefenderAura","floor":12.0},{"not_picked":["HollowMod:BaldurShell","HollowMod:ShapeofUnn","HollowMod:InfectedCysts+1"],"picked":"HollowMod:VengefulVoid+1","floor":13.0},{"not_picked":["HollowMod:CornifersMapStart","HollowMod:VengefulVoid+1","HollowMod:BrokenVessel"],"picked":"HollowMod:QuirrelsAssistance+1","floor":14.0},{"not_picked":["HollowMod:SlysStrikes","HollowMod:theNailsmith","HollowMod:MidwifesHunger+1"],"picked":"HollowMod:HornetsHelp+1","floor":16.0},{"not_picked":["HollowMod:BaldurShell","HollowMod:SiblingsSouls+1","HollowMod:InfectedAttack+1"],"picked":"HollowMod:InfectedCysts+1","floor":18.0},{"not_picked":["HollowMod:SoulSplash","HollowMod:GreatSlash+1","HollowMod:GrimmsGift"],"picked":"HollowMod:DescendingDark+1","floor":20.0},{"not_picked":["HollowMod:ElderbugsWisdom","HollowMod:GoodIntentions","HollowMod:SlysStrikes"],"picked":"HollowMod:RecoilStrike+1","floor":23.0},{"not_picked":["HollowMod:CycloneSlash+1","HollowMod:CornifersMapStart","HollowMod:TaintedHusks","HollowMod:SharpenedNail+1"],"picked":"SKIP","floor":24.0},{"not_picked":["HollowMod:DashSlash+1","HollowMod:SharpenedNail+1","HollowMod:VengefulVoid+1"],"picked":"HollowMod:GreatSlash+1","floor":25.0},{"not_picked":["HollowMod:HeavyBlow+1","HollowMod:VengefulSpirit+1","HollowMod:AbyssShriek+1"],"picked":"HollowMod:HuntersJournal","floor":27.0},{"not_picked":["HollowMod:SiblingsSouls","HollowMod:SoulVessel+1","HollowMod:FastStrike+1"],"picked":"HollowMod:MonarchWings+1","floor":29.0},{"not_picked":["HollowMod:DashSlash+1","HollowMod:SharpenedShadows","HollowMod:DescendingDark+1"],"picked":"HollowMod:LifebloodCocoon","floor":30.0},{"not_picked":["HollowMod:CycloneSlash+1","HollowMod:WhiteLadysBlessing","HollowMod:GoodIntentions"],"picked":"HollowMod:SharpenedNail+1","floor":31.0},{"not_picked":["HollowMod:HornetsHelp+1","HollowMod:Hiveblood","HollowMod:SlysStrikes"],"picked":"HollowMod:LifebloodCore","floor":33.0},{"not_picked":["HollowMod:DreamGate","HollowMod:CornifersMapStart+1"],"picked":"SKIP","floor":35.0},{"not_picked":["HollowMod:ChannelNail+1","HollowMod:SoulSplash+1"],"picked":"SKIP","floor":38.0},{"not_picked":["HollowMod:SoulSplash+1","HollowMod:InfectedAttack+1"],"picked":"SKIP","floor":39.0},{"not_picked":["HollowMod:InfectedAttack+1"],"picked":"HollowMod:SiblingsShadow","floor":40.0},{"not_picked":["HollowMod:FallenFury+1"],"picked":"HollowMod:CloakDash+1","floor":44.0},{"not_picked":["HollowMod:SoulSplash+1"],"picked":"HollowMod:MonarchWings","floor":49.0}],"player_experience":454663,"relics_obtained":[{"floor":6.0,"key":"Question Card"},{"floor":9.0,"key":"Molten Egg 2"},{"floor":10.0,"key":"StrikeDummy"},{"floor":23.0,"key":"InkBottle"},{"floor":25.0,"key":"Shuriken"},{"floor":26.0,"key":"PreservedInsect"},{"floor":27.0,"key":"Pear"},{"floor":31.0,"key":"Vajra"},{"floor":40.0,"key":"Du-Vu Doll"},{"floor":43.0,"key":"Dream Catcher"},{"floor":44.0,"key":"Eternal Feather"}],"event_choices":[],"is_beta":false,"boss_relics":[{"not_picked":["SacredBark","SlaversCollar"],"picked":"Fusion Hammer"},{"not_picked":["Philosopher\u0027s Stone","Astrolabe"],"picked":"Busted Crown"}],"items_purged_floors":[21,36,46],"is_endless":false,"potions_floor_spawned":[3,8,11,12,14,16,20,25,29,31,33,35,44],"ascension_level":4}}