{"host":"d52brwsy6af8zvaq","time":1612717984,"event":{"mods":["AchievementEnabler","BaseMod","Bestiary","Highlight Path","Minty Spire (QoL Compilation)","Quick Restart","Relic Stats","ojb\u0027s Better Paths Mod"],"gold_per_floor":[110,110,5,18,33,33,43,74,74,74,94,94,119,131,131,206,206,219,237,237,248,264,264,264],"floor_reached":23,"language":"ENG","playtime":951,"items_purged":["Pain"],"score":410,"play_id":"96d85151-428a-4bac-9fba-795b0b4a4df5","local_time":"20210207101304","is_ascension_mode":true,"campfire_choices":[{"data":"Zap","floor":6.0,"key":"SMITH"},{"data":"Defragment","floor":12.0,"key":"SMITH"},{"data":"Conserve Battery","floor":15.0,"key":"SMITH"}],"circlet_count":0,"master_deck":["AscendersBane","Strike_B","Strike_B","Defend_B","Defend_B","Defend_B","Defend_B","Zap+1","Dualcast","Ball Lightning","Conserve Battery+1","Fusion","Self Repair","Redo","Defragment+1","Hologram","Sweeping Beam","Cold Snap","Meteor Strike","Skim","Turbo","Hyperbeam","Skim","Core Surge","Stack"],"relics":["Cracked Core","WarpedTongs","Thread and Needle","Eternal Feather","Ornamental Fan","SacredBark"],"acts_visited":["Exordium","TheCity"],"potions_floor_usage":[23],"damage_taken":[{"damage":4.0,"enemies":"2 Louse","floor":1.0,"turns":3.0},{"damage":0.0,"enemies":"Cultist","floor":4.0,"turns":3.0},{"damage":7.0,"enemies":"Jaw Worm","floor":5.0,"turns":3.0},{"damage":13.0,"enemies":"2 Fungi Beasts","floor":7.0,"turns":5.0},{"damage":18.0,"enemies":"Lagavulin","floor":8.0,"turns":7.0},{"damage":15.0,"enemies":"Large Slime","floor":11.0,"turns":7.0},{"damage":16.0,"enemies":"3 Sentries","floor":13.0,"turns":5.0},{"damage":4.0,"enemies":"Blue Slaver","floor":14.0,"turns":4.0},{"damage":54.0,"enemies":"Hexaghost","floor":16.0,"turns":12.0},{"damage":10.0,"enemies":"Shell Parasite","floor":18.0,"turns":5.0},{"damage":18.0,"enemies":"Chosen","floor":19.0,"turns":7.0},{"damage":17.0,"enemies":"Snake Plant","floor":21.0,"turns":5.0},{"damage":34,"enemies":"Chosen and Byrds","floor":22,"turns":6},{"damage":12,"enemies":"Book of Stabbing","floor":23,"turns":2}],"seed_played":"5996522242135120025","potions_obtained":[{"floor":7.0,"key":"Dexterity Potion"},{"floor":8.0,"key":"SteroidPotion"},{"floor":16.0,"key":"AttackPotion"},{"floor":18.0,"key":"ColorlessPotion"},{"floor":22,"key":"FocusPotion"}],"is_trial":false,"path_per_floor":["M","?","$","M","M","R","M","E","T","?","M","R","E","M","R","B",null,"M","M","?","M","M","E"],"character_chosen":"DEFECT","items_purchased":["Conserve Battery"],"campfire_rested":0,"item_purchase_floors":[3],"current_hp_per_floor":[67,67,67,67,60,60,57,46,46,46,41,50,41,44,56,9,61,58,47,47,37,10,0,0],"gold":264,"neow_bonus":"TEN_PERCENT_HP_BONUS","is_daily":false,"chose_seed":false,"campfire_upgraded":3,"win_rate":0.0,"timestamp":1612717984,"path_taken":["M","?","$","M","?","R","M","E","T","?","M","R","E","M","R","BOSS","M","M","?","M","M","E"],"items_purchased_type":["Card"],"build_version":"2020-12-22","purchased_purges":1,"victory":false,"max_hp_per_floor":[78,78,78,78,78,78,78,78,78,78,78,78,78,78,78,78,78,78,78,78,78,78,78,78],"relic_stats":{"counters":[14,74],"Ornamental Fan":[28],"Eternal Feather":21,"obtain_stats":[{"Ornamental Fan":13,"SacredBark":17,"Thread and Needle":8,"Eternal Feather":9,"Cracked Core":0,"WarpedTongs":2},{"Ornamental Fan":7,"SacredBark":9,"Thread and Needle":5,"Eternal Feather":5,"Cracked Core":0,"WarpedTongs":1},{"Ornamental Fan":33,"SacredBark":49,"Thread and Needle":21,"Eternal Feather":21,"Cracked Core":0,"WarpedTongs":3}],"WarpedTongs":[70]},"card_choices":[{"not_picked":["Fusion","Lockon"],"picked":"Ball Lightning","floor":1.0},{"not_picked":["Conserve Battery","Reinforced Body"],"picked":"Fusion","floor":4.0},{"not_picked":["Ball Lightning","Rebound"],"picked":"Self Repair","floor":5.0},{"not_picked":["Ball Lightning","Reboot"],"picked":"Redo","floor":7.0},{"not_picked":["Doom and Gloom","Hyperbeam"],"picked":"Defragment","floor":8.0},{"not_picked":["Streamline","Blizzard"],"picked":"Hologram","floor":11.0},{"not_picked":["Go for the Eyes","Steam"],"picked":"Sweeping Beam","floor":13.0},{"not_picked":["Steam","Go for the Eyes"],"picked":"Cold Snap","floor":14.0},{"not_picked":["Core Surge","All For One"],"picked":"Meteor Strike","floor":16.0},{"not_picked":["Rebound","Gash"],"picked":"Skim","floor":18.0},{"not_picked":["Coolheaded","Stack"],"picked":"Turbo","floor":19.0},{"not_picked":["Ball Lightning","FTL"],"picked":"Core Surge","floor":21.0},{"not_picked":["Turbo","Steam"],"picked":"Stack","floor":22}],"player_experience":2179830,"relics_obtained":[{"floor":8.0,"key":"Thread and Needle"},{"floor":9.0,"key":"Eternal Feather"},{"floor":13.0,"key":"Ornamental Fan"}],"event_choices":[{"damage_healed":0.0,"max_hp_gain":0.0,"max_hp_loss":0.0,"gold_gain":0.0,"event_name":"Accursed Blacksmith","player_choice":"Rummage","floor":2.0,"gold_loss":0.0,"damage_taken":0.0,"relics_obtained":["WarpedTongs"],"cards_obtained":["Pain"]},{"damage_healed":0.0,"max_hp_gain":0.0,"max_hp_loss":0.0,"gold_gain":0.0,"event_name":"Liars Game","player_choice":"Ignored","floor":10.0,"gold_loss":0.0,"damage_taken":0.0},{"damage_healed":0.0,"max_hp_gain":0.0,"max_hp_loss":0.0,"gold_gain":0.0,"cards_transformed":["Strike_B","Strike_B"],"event_name":"Drug Dealer","player_choice":"Became Test Subject","floor":20.0,"gold_loss":0.0,"damage_taken":0.0,"cards_obtained":["Hyperbeam","Skim"]}],"is_beta":false,"boss_relics":[{"not_picked":["Philosopher\u0027s Stone","Ectoplasm"],"picked":"SacredBark"}],"items_purged_floors":[3],"is_endless":false,"potions_floor_spawned":[7,8,11,13,16,18,22],"killed_by":"Book of Stabbing","ascension_level":20}}