{"host":"d52brwsy6af8zvaq","time":1612667167,"event":{"mods":["AchievementEnabler","BaseMod","Bestiary","Highlight Path","Minty Spire (QoL Compilation)","Quick Restart","Relic Stats","ojb\u0027s Better Paths Mod"],"gold_per_floor":[112,129,177,51,71,105,117,160,172,214,253,285,297,322,334,420,432,462,474,486,513,182,182,209,209,209,209,226,226,226,226],"floor_reached":30,"language":"ENG","playtime":1036,"items_purged":["Strike_B"],"score":682,"play_id":"a1d8d1f0-6cca-4741-bbd5-51ed73fecf02","local_time":"20210206200607","is_ascension_mode":true,"campfire_choices":[{"data":"Buffer","floor":7.0,"key":"SMITH"},{"data":"Zap","floor":13.0,"key":"SMITH"},{"data":"Dualcast","floor":15.0,"key":"SMITH"},{"floor":23.0,"key":"REST"},{"floor":25.0,"key":"REST"},{"data":"White Noise","floor":29.0,"key":"SMITH"}],"circlet_count":0,"master_deck":["AscendersBane","Strike_B+1","Strike_B+1","Strike_B+1","Defend_B+1","Defend_B+1","Defend_B+1","Defend_B+1","Zap+1","Dualcast+1","Streamline","FTL","White Noise+1","Cold Snap","Buffer+1","Chaos","Doom and Gloom","Electrodynamics","Redo","Amplify","Melter+1","Auto Shields","Recycle+1","Undo","Chill","Double Energy"],"relics":["Cracked Core","Blood Vial","MawBank","Singing Bowl","StrikeDummy","InkBottle","Toy Ornithopter","Inserter","ClockworkSouvenir","FossilizedHelix"],"acts_visited":["Exordium","TheCity"],"potions_floor_usage":[],"damage_taken":[{"damage":0.0,"enemies":"Cultist","floor":1.0,"turns":3.0},{"damage":2.0,"enemies":"Jaw Worm","floor":2.0,"turns":4.0},{"damage":13.0,"enemies":"Small Slimes","floor":5.0,"turns":4.0},{"damage":0.0,"enemies":"Gremlin Nob","floor":6.0,"turns":4.0},{"damage":0.0,"enemies":"Lagavulin","floor":8.0,"turns":6.0},{"damage":0.0,"enemies":"Gremlin Nob","floor":10.0,"turns":4.0},{"damage":13.0,"enemies":"3 Louse","floor":12.0,"turns":3.0},{"damage":3.0,"enemies":"2 Fungi Beasts","floor":14.0,"turns":2.0},{"damage":52.0,"enemies":"Hexaghost","floor":16.0,"turns":10.0},{"damage":22.0,"enemies":"2 Thieves","floor":18.0,"turns":3.0},{"damage":16.0,"enemies":"Chosen","floor":21.0,"turns":5.0},{"damage":54.0,"enemies":"Gremlin Leader","floor":24.0,"turns":8.0},{"damage":16.0,"enemies":"Snake Plant","floor":28.0,"turns":3.0},{"damage":26,"enemies":"Slavers","floor":30,"turns":5}],"seed_played":"7330632068757663001","potions_obtained":[{"floor":2.0,"key":"Weak Potion"},{"floor":5.0,"key":"PowerPotion"},{"floor":10.0,"key":"SteroidPotion"},{"floor":12.0,"key":"EssenceOfSteel"},{"floor":18.0,"key":"Fruit Juice"},{"floor":24.0,"key":"ColorlessPotion"}],"is_trial":false,"path_per_floor":["M","M","T","$","M","E","R","E","T","E","T","M","R","M","R","B",null,"M","?","?","M","$","R","E","R","T","?","M","R","E"],"character_chosen":"DEFECT","items_purchased":["White Noise","Cold Snap","Undo","ClockworkSouvenir","Chill"],"campfire_rested":2,"item_purchase_floors":[4,4,22,22,22],"current_hp_per_floor":[71,69,69,69,58,60,60,64,64,66,66,55,55,59,59,9,62,52,52,52,38,38,63,11,36,36,36,24,24,0,0],"gold":226,"neow_bonus":"TEN_PERCENT_HP_BONUS","is_daily":false,"chose_seed":false,"campfire_upgraded":4,"win_rate":0.0,"timestamp":1612667167,"path_taken":["M","M","?","$","?","E","R","E","T","E","?","M","R","?","R","BOSS","M","?","?","M","$","R","E","R","T","?","M","R","E"],"items_purchased_type":["Card","Card","Card","Relic","Card"],"build_version":"2020-12-22","purchased_purges":1,"victory":false,"max_hp_per_floor":[78,78,78,78,78,78,78,80,80,80,80,80,80,80,80,80,80,85,85,85,85,85,85,85,85,85,85,87,87,87,87],"relic_stats":{"Blood Vial":24,"Inserter":[12],"Singing Bowl":4,"counters":[14,64],"MawBank":192,"obtain_stats":[{"Blood Vial":3,"Inserter":17,"Singing Bowl":8,"Cracked Core":0,"MawBank":6,"StrikeDummy":9,"InkBottle":10,"Toy Ornithopter":11,"FossilizedHelix":24,"ClockworkSouvenir":22},{"Blood Vial":2,"Inserter":9,"Singing Bowl":5,"Cracked Core":0,"MawBank":4,"StrikeDummy":5,"InkBottle":6,"Toy Ornithopter":6,"FossilizedHelix":12,"ClockworkSouvenir":11},{"Blood Vial":7,"Inserter":40,"Singing Bowl":21,"Cracked Core":0,"MawBank":15,"StrikeDummy":21,"InkBottle":25,"Toy Ornithopter":25,"FossilizedHelix":56,"ClockworkSouvenir":48}],"InkBottle":[13],"Toy Ornithopter":10},"card_choices":[{"not_picked":["Turbo","Barrage"],"picked":"Streamline","floor":1.0},{"not_picked":["Coolheaded","Redo"],"picked":"FTL","floor":2.0},{"not_picked":["Hologram","Sweeping Beam"],"picked":"Buffer","floor":5.0},{"not_picked":["Gash","Genetic Algorithm"],"picked":"Chaos","floor":6.0},{"not_picked":["Beam Cell","Streamline","Fusion"],"picked":"Singing Bowl","floor":8.0},{"not_picked":["Redo","Chaos"],"picked":"Doom and Gloom","floor":10.0},{"not_picked":["Chaos","Sweeping Beam"],"picked":"Electrodynamics","floor":12.0},{"not_picked":["Hello World","Sweeping Beam"],"picked":"Redo","floor":14.0},{"not_picked":["Electrodynamics","Meteor Strike"],"picked":"Amplify","floor":16.0},{"not_picked":["Hologram","Turbo"],"picked":"Melter+1","floor":18.0},{"not_picked":["Gash","Streamline+1"],"picked":"Recycle+1","floor":21.0},{"not_picked":["Static Discharge","Force Field"],"picked":"Double Energy","floor":24.0},{"not_picked":["Barrage","Rip and Tear","Gash+1"],"picked":"Singing Bowl","floor":28.0}],"player_experience":2171431,"relics_obtained":[{"floor":3.0,"key":"Blood Vial"},{"floor":6.0,"key":"MawBank"},{"floor":8.0,"key":"Singing Bowl"},{"floor":9.0,"key":"StrikeDummy"},{"floor":10.0,"key":"InkBottle"},{"floor":11.0,"key":"Toy Ornithopter"},{"floor":24.0,"key":"FossilizedHelix"}],"event_choices":[{"damage_healed":0.0,"max_hp_gain":0.0,"max_hp_loss":0.0,"gold_gain":0.0,"event_name":"The Library","player_choice":"Read","floor":19.0,"gold_loss":0.0,"damage_taken":0.0,"cards_obtained":["Auto Shields"]},{"damage_healed":0.0,"max_hp_gain":0.0,"max_hp_loss":0.0,"gold_gain":0.0,"event_name":"Ghosts","player_choice":"Ignored","floor":20.0,"gold_loss":0.0,"damage_taken":0.0},{"damage_healed":0.0,"max_hp_gain":0.0,"max_hp_loss":0.0,"gold_gain":0.0,"event_name":"Back to Basics","player_choice":"Simplicity","floor":27.0,"gold_loss":0.0,"damage_taken":0.0,"cards_upgraded":["Strike_B","Strike_B","Strike_B","Defend_B","Defend_B","Defend_B","Defend_B"]}],"is_beta":false,"boss_relics":[{"not_picked":["Sozu","Nuclear Battery"],"picked":"Inserter"}],"items_purged_floors":[22],"is_endless":false,"potions_floor_spawned":[2,5,10,12,18,24],"killed_by":"Slavers","ascension_level":20}}