{"host":"58syw52hqfl22t9m","time":1612683477,"event":{"mods":["2.2 Compatiblity","AchievementEnabler","BaseMod","Better Altar","Better Match","Better Note","Better Sensory Stone","Better Skull","Better Third Choice","BetterRewards","Block Reminder","Colored Map","Colored Powertips","Curses Come First","Dark Map","GifTheSpireLib","Highlight Path","Hubris","Infinite Spire","Minty Spire (QoL Compilation)","Monster B Gone","Permanent Neow","Poor People Problems","Random Character Button","Rare Cards Sparkle","Relic Stats","Reliquary","Replay The Spire","Shop Mod","Spicy Shops","StSLib","The Blue Laboratory"],"gold_per_floor":[111,42,62,62,62,62,96,107,157,157,157,176,187,204,204,305,305,323,34,34,34,48,48,80,80,105,105,118,135,135,150,150,255,255,273,173,185,185,201,201,228,241,241,147,165,165,196,196,196,196],"floor_reached":51,"language":"ENG","playtime":3268,"items_purged":["Strike_P","Strike_P","Defend_P","MasterReality+1","Defend_P"],"score":832,"play_id":"c52bc723-39c1-41a2-9669-cebfa9cafb73","local_time":"20210206233757","is_ascension_mode":true,"campfire_choices":[{"data":"Eruption","floor":6,"key":"SMITH"},{"data":"ClearTheMind","floor":11,"key":"SMITH"},{"floor":15,"key":"REST"},{"data":"ReachHeaven","floor":23,"key":"SMITH"},{"floor":25,"key":"REST"},{"data":"BattleHymn","floor":27,"key":"SMITH"},{"floor":30,"key":"REST"},{"floor":32,"key":"REST"},{"floor":40,"key":"REST"},{"floor":49,"key":"REST"}],"circlet_count":0,"master_deck":["Strike_P","Strike_P","Defend_P","Eruption+1","Vigilance","Prostrate","Crescendo+1","Consecrate","Adaptation","ReachHeaven+1","Evaluate","Perseverance","FollowUp","MasterReality+1","Prostrate","BattleHymn+1","SandsOfTime","Prostrate+1","Halt+1","EmptyBody","Protect"],"relics":["PureWater","Kunai","Membership Card","Sling","StrikeDummy","hubris:OldNail","Guide Book","infinitespire:Beetle Shell","Blue Doll","hubris:Backtick","Bottled Tornado","White Beast Statue","reliquary:Sideboard","reliquary:JackalopeAntler","Replay:Bottled Flurry"],"acts_visited":["Exordium","TheCity","TheBeyond"],"potions_floor_usage":[3,16,22,29],"damage_taken":[{"damage":0,"enemies":"Jaw Worm","floor":1,"turns":3},{"damage":0,"enemies":"2 Louse","floor":3,"turns":2},{"damage":10,"enemies":"Gremlin Nob","floor":7,"turns":3},{"damage":2,"enemies":"Cultist","floor":8,"turns":3},{"damage":8,"enemies":"Looter","floor":12,"turns":3},{"damage":0,"enemies":"Exordium Thugs","floor":13,"turns":3},{"damage":0,"enemies":"Red Slaver","floor":14,"turns":2},{"damage":18,"enemies":"The Guardian","floor":16,"turns":13},{"damage":1,"enemies":"Shell Parasite","floor":18,"turns":4},{"damage":0,"enemies":"Spheric Guardian","floor":22,"turns":3},{"damage":26,"enemies":"Replay:Snechameleon","floor":24,"turns":6},{"damage":3,"enemies":"3 Cultists","floor":28,"turns":4},{"damage":17,"enemies":"Snake Plant","floor":29,"turns":3},{"damage":19,"enemies":"Snecko","floor":31,"turns":5},{"damage":21,"enemies":"Collector","floor":33,"turns":8},{"damage":12,"enemies":"Orb Walker","floor":35,"turns":3},{"damage":24,"enemies":"3 Darklings","floor":37,"turns":3},{"damage":27,"enemies":"Transient","floor":39,"turns":5},{"damage":12,"enemies":"R_Hoarder","floor":41,"turns":4},{"damage":42,"enemies":"Writhing Mass","floor":42,"turns":3},{"damage":3,"enemies":"3 Darklings","floor":45,"turns":3},{"damage":21,"enemies":"Nemesis","floor":47,"turns":5},{"damage":29,"enemies":"Donu and Deca","floor":50,"turns":5}],"seed_played":"-93992725322841676","potions_obtained":[{"floor":1,"key":"Fire Potion"},{"floor":3,"key":"Energy Potion"},{"floor":12,"key":"Regen Potion"},{"floor":14,"key":"blueLaboratory:BottledHope"},{"floor":22,"key":"Fire Potion"},{"floor":24,"key":"blueLaboratory:BottleOfRum"},{"floor":37,"key":"Swift Potion"},{"floor":41,"key":"FairyPotion"},{"floor":45,"key":"Reflective Coating"}],"is_trial":false,"path_per_floor":["M","$","M","?","?","R","E","M","T","?","R","M","M","M","R","B",null,"M","$","?","?","M","R","E","R","T","R","M","M","R","M","R","B",null,"M","NS","M","?","M","R","E","M","T","$","M","?","E","T","R","B",null],"character_chosen":"WATCHER","items_purchased":["Kunai","Membership Card","Prostrate","BattleHymn","Crescendo","Consecrate","Sling","ReachHeaven","MasterReality","Prostrate","Guide Book","Protect"],"campfire_rested":6,"item_purchase_floors":[0,0,0,0,0,0,0,2,19,19,19,44],"current_hp_per_floor":[72,72,72,72,72,72,62,60,60,60,60,52,52,52,72,64,72,71,71,71,71,71,71,45,66,66,66,63,46,67,48,69,48,72,60,60,36,36,9,30,18,13,13,13,10,63,42,42,60,31],"gold":196,"neow_bonus":"","is_daily":false,"chose_seed":false,"campfire_upgraded":4,"win_rate":0.0,"timestamp":1612683477,"path_taken":["M","$","M","?","?","R","E","M","T","?","R","?","M","M","R","BOSS","M","$","?","?","M","R","E","R","T","R","M","M","R","M","R","BOSS","M","NS","M","?","M","R","E","?","T","?","M","?","E","?","R","BOSS"],"items_purchased_type":["Relic","Relic","Card","Card","Card","Card","Relic","Card","Card","Card","Relic","Card"],"build_version":"2020-12-22","purchased_purges":5,"victory":true,"max_hp_per_floor":[72,72,72,72,72,72,72,72,72,72,72,72,72,72,72,72,72,72,72,72,72,72,72,72,72,72,72,72,72,72,72,72,72,72,72,72,72,72,72,72,72,72,72,72,72,63,63,63,63,63],"relic_stats":{"counters":[23,96],"Kunai":[30],"obtain_stats":[{"reliquary:Sideboard":43,"Guide Book":19,"Blue Doll":26,"infinitespire:Beetle Shell":24,"Bottled Tornado":34,"Sling":0,"White Beast Statue":41,"reliquary:JackalopeAntler":47,"hubris:Backtick":34,"Replay:Bottled Flurry":48,"Kunai":0,"Membership Card":0,"PureWater":0,"StrikeDummy":7,"hubris:OldNail":9},{"reliquary:Sideboard":20,"Guide Book":9,"Blue Doll":11,"infinitespire:Beetle Shell":11,"Bottled Tornado":15,"Sling":0,"White Beast Statue":19,"reliquary:JackalopeAntler":22,"hubris:Backtick":15,"Replay:Bottled Flurry":22,"Kunai":0,"Membership Card":0,"PureWater":0,"StrikeDummy":3,"hubris:OldNail":4},{"reliquary:Sideboard":83,"Guide Book":36,"Blue Doll":45,"infinitespire:Beetle Shell":45,"Bottled Tornado":65,"Sling":0,"White Beast Statue":80,"reliquary:JackalopeAntler":91,"hubris:Backtick":65,"Replay:Bottled Flurry":91,"Kunai":0,"Membership Card":0,"PureWater":0,"StrikeDummy":8,"hubris:OldNail":11}]},"card_choices":[{"not_picked":["BowlingBash","Halt"],"picked":"Adaptation","floor":1},{"not_picked":["EmptyFist","Adaptation"],"picked":"Evaluate","floor":3},{"not_picked":["Ragnarok","Brilliance"],"picked":"ClearTheMind","floor":7},{"not_picked":["JustLucky","Crescendo","Replay:AtTheReady"],"picked":"SKIP","floor":8},{"not_picked":["Replay:AtTheReady","Swivel"],"picked":"Perseverance","floor":12},{"not_picked":["Evaluate","Worship"],"picked":"FollowUp","floor":13},{"not_picked":["Replay:Cycle","WheelKick","ThirdEye"],"picked":"SKIP","floor":14},{"not_picked":["Replay:BluntJabs","InnerPeace+1","Replay:Cycle"],"picked":"SKIP","floor":18},{"not_picked":["ThirdEye","Indignation","JustLucky"],"picked":"SKIP","floor":22},{"not_picked":["Ragnarok","Meditate+1"],"picked":"BattleHymn","floor":24},{"not_picked":["EmptyFist","FollowUp","Prostrate"],"picked":"SKIP","floor":28},{"not_picked":["JustLucky","FlyingSleeves+1"],"picked":"SandsOfTime","floor":29},{"not_picked":["FlyingSleeves","Sanctity","SashWhip"],"picked":"SKIP","floor":31},{"not_picked":["Protect","PathToVictory+1","Consecrate"],"picked":"SKIP","floor":35},{"not_picked":["DeceiveReality+1","Vengeance+1"],"picked":"Prostrate+1","floor":37},{"not_picked":["Replay:AtTheReady+1","ConjureBlade"],"picked":"Halt+1","floor":39},{"not_picked":["Replay:Anticipation","Replay:ManipulateFuture+1","CutThroughFate"],"picked":"SKIP","floor":41},{"not_picked":["Replay:Anticipation","Replay:ManipulateFuture+1","CutThroughFate"],"picked":"SKIP","floor":41},{"not_picked":["PathToVictory","EmptyFist"],"picked":"EmptyBody","floor":42},{"not_picked":["CutThroughFate+1","Crescendo"],"picked":"Prostrate","floor":45},{"not_picked":["BowlingBash+1","Replay:ManipulateFuture+1"],"picked":"Worship","floor":47}],"player_experience":442584,"relics_obtained":[{"floor":7,"key":"StrikeDummy"},{"floor":9,"key":"hubris:OldNail"},{"floor":24,"key":"infinitespire:Beetle Shell"},{"floor":26,"key":"Blue Doll"},{"floor":41,"key":"White Beast Statue"},{"floor":43,"key":"reliquary:Sideboard"},{"floor":47,"key":"reliquary:JackalopeAntler"},{"floor":48,"key":"Replay:Bottled Flurry"}],"event_choices":[{"damage_healed":0,"gold_gain":0,"player_choice":"Ignored","damage_taken":0,"max_hp_gain":0,"max_hp_loss":0,"event_name":"betterNote:BetterNote","floor":20,"gold_loss":0,"cards_obtained":["Static Discharge"]},{"damage_healed":0,"gold_gain":0,"player_choice":"Ignored","damage_taken":0,"max_hp_gain":0,"max_hp_loss":0,"event_name":"Purifier","floor":21,"gold_loss":0},{"cards_removed":["Defend_P"],"damage_healed":0,"gold_gain":0,"player_choice":"Purged","damage_taken":0,"max_hp_gain":0,"max_hp_loss":0,"event_name":"Purifier","floor":38,"gold_loss":0},{"damage_healed":63,"gold_gain":0,"player_choice":"Heal","damage_taken":0,"max_hp_gain":0,"max_hp_loss":9,"event_name":"The Moai Head","floor":46,"gold_loss":0}],"is_beta":false,"boss_relics":[{"not_picked":["Runic Dome","Pandora\u0027s Box","reliquary:WritOfMandamus"]},{"not_picked":["Replay:Grab Bag","hubris:ScarierMask"],"picked":"hubris:Backtick"}],"items_purged_floors":[0,2,19,19,44],"is_endless":false,"potions_floor_spawned":[1,3,12,14,18,22,24,37,41,42,45,47],"ascension_level":3}}