{"host":"aaqofma31c3gm2hj","time":1612694259,"event":{"mods":["BaseMod","GungeonMod","Minty Spire (QoL Compilation)","Replay The Spire","Spicy Shops","StSLib"],"gold_per_floor":[112,37,74,74,91,91,121,121,121,121,137,166,182,13,13,84,84,95,111,161,261,261,261],"floor_reached":22,"language":"ZHS","playtime":628,"items_purged":[],"score":634,"play_id":"c3e5bdb2-90b8-4918-bd21-bb59bdb2c359","local_time":"20210207183739","is_ascension_mode":true,"campfire_choices":[{"data":"Zap","floor":6.0,"key":"SMITH"},{"data":"Blizzard","floor":8.0,"key":"SMITH"}],"circlet_count":0,"master_deck":["AscendersBane","Strike_B","Strike_B","Defend_B","Defend_B","Defend_B","Defend_B","Zap+1","Dualcast+1","Glacier","Blizzard+1","Cold Snap","White Noise","Mirror Shield","Panic Button+1","CommonCold"],"relics":["Cracked Core","NeowsBlessing","Pen Nib","Pet Ghost","Replay:Multitool","Replay:Kaleidoscope","Replay:Frozen Program","SsserpentHead","Black Star","ReplayTheSpireMod:Ring of Challenge"],"acts_visited":["Exordium","TheCity"],"potions_floor_usage":[],"damage_taken":[{"damage":0.0,"enemies":"Cultist","floor":1.0,"turns":1.0},{"damage":0.0,"enemies":"Jaw Worm","floor":5.0,"turns":1.0},{"damage":0.0,"enemies":"3 Sentries","floor":7.0,"turns":2.0},{"damage":0.0,"enemies":"Small Slimes","floor":11.0,"turns":3.0},{"damage":0.0,"enemies":"Lagavulin","floor":12.0,"turns":8.0},{"damage":0.0,"enemies":"2 Fungi Beasts","floor":13.0,"turns":4.0},{"damage":0.0,"enemies":"Fading Forest","floor":16.0,"turns":11.0},{"damage":15.0,"enemies":"3 Byrds","floor":18.0,"turns":4.0},{"damage":20.0,"enemies":"Shell Parasite","floor":19.0,"turns":6.0},{"damage":11,"enemies":"Shelled Parasite and Fungi","floor":22,"turns":2}],"seed_played":"-3509349882149662049","potions_obtained":[{"floor":3.0,"key":"Doom Potion"},{"floor":3.0,"key":"Dexterity Potion"},{"floor":7.0,"key":"DemoMod:LeadSkinPotion"}],"is_trial":false,"path_per_floor":["M","?","?","?","M","R","E","R","T","R","M","E","M","$","R","B",null,"M","M","?","?","M"],"character_chosen":"DEFECT","items_purchased":["Replay:Frozen Program"],"campfire_rested":0,"item_purchase_floors":[14],"current_hp_per_floor":[64,64,41,41,41,41,41,41,41,41,41,41,41,41,41,49,66,51,31,31,31,20,20],"gold":261,"neow_bonus":"THREE_ENEMY_KILL","is_daily":false,"chose_seed":false,"campfire_upgraded":2,"win_rate":0.0,"timestamp":1612694259,"path_taken":["M","?","?","?","M","R","E","R","T","R","?","E","M","$","R","BOSS","M","M","?","?","M"],"items_purchased_type":["Relic"],"build_version":"2020-12-22","purchased_purges":0,"victory":false,"max_hp_per_floor":[71,71,71,71,71,71,71,71,71,71,71,71,71,71,71,71,71,71,71,71,71,71,71],"card_choices":[{"not_picked":["BasicCrystalCard","Double Energy","ReplayTheSpireMod:Reroute Power"],"picked":"SKIP","floor":1.0},{"not_picked":["Coolheaded","Hologram"],"picked":"Glacier","floor":5.0},{"not_picked":["FTL","BasicCrystalCard"],"picked":"Blizzard","floor":7.0},{"not_picked":["Barrage","ReplayGash"],"picked":"Cold Snap","floor":11.0},{"not_picked":["Storm","Redo"],"picked":"White Noise","floor":12.0},{"not_picked":["Leap","Sweeping Beam","ReplayTheSpireMod:Reroute Power"],"picked":"SKIP","floor":13.0},{"not_picked":["Reboot","Core Surge"],"picked":"Mirror Shield","floor":16.0},{"not_picked":["Hologram","Sweeping Beam"],"picked":"Panic Button+1","floor":18.0},{"not_picked":["Doom and Gloom","Rebound","FTL"],"picked":"SKIP","floor":19.0}],"player_experience":656320,"relics_obtained":[{"floor":3.0,"key":"Pen Nib"},{"floor":7.0,"key":"Pet Ghost"},{"floor":9.0,"key":"Replay:Multitool"},{"floor":12.0,"key":"Replay:Kaleidoscope"},{"floor":20,"key":"ReplayTheSpireMod:Ring of Challenge"}],"event_choices":[{"cards_removed":["Strike_B"],"damage_healed":0.0,"max_hp_gain":0.0,"max_hp_loss":0.0,"gold_gain":0.0,"event_name":"The Cleric","player_choice":"Card Removal","floor":2.0,"gold_loss":75.0,"damage_taken":0.0},{"damage_healed":0.0,"max_hp_gain":0.0,"max_hp_loss":0.0,"gold_gain":0.0,"event_name":"Upgrade Shrine","player_choice":"Upgraded","floor":4.0,"gold_loss":0.0,"damage_taken":0.0,"cards_upgraded":["Dualcast"]},{"cards_removed":["Strike_B"],"damage_healed":0.0,"max_hp_gain":0.0,"max_hp_loss":0.0,"gold_gain":0.0,"event_name":"Wheel of Change","player_choice":"Card Removal","floor":10.0,"gold_loss":0.0,"damage_taken":0.0},{"damage_healed":0.0,"max_hp_gain":0.0,"max_hp_loss":0.0,"gold_gain":0.0,"event_name":"FaceTrader","player_choice":"Trade","floor":15.0,"gold_loss":0.0,"damage_taken":0.0,"relics_obtained":["SsserpentHead"]},{"damage_healed":0,"gold_gain":50,"player_choice":"Stole From Cult","damage_taken":0,"max_hp_gain":0,"max_hp_loss":0,"event_name":"Nest","floor":21,"gold_loss":0}],"is_beta":false,"boss_relics":[{"not_picked":["Tiny House","Replay:Drink Me"],"picked":"Black Star"}],"items_purged_floors":[],"is_endless":false,"potions_floor_spawned":[7,11,12,13],"killed_by":"Shelled Parasite and Fungi","ascension_level":20}}