{"host":"jpcy2bclvs7juczu","time":1612670088,"event":{"mods":["Alarm Clock","BaseMod","Bestiary","Block Reminder","Colored Map","Colored Powertips","Current Relic Mod","Curses Come First","Dark Map","Filter the Spire","Minty Spire (QoL Compilation)","Quick Restart","RNG Fix","Relic Stats","Slay the Relics Exporter","Smile Girya","StSLib","everything is the same but u backflip on backflip","ojb\u0027s Better Paths Mod","ojb\u0027s Info Mod","slay the spire mod where everything is the same but ironclad has a cowboy hat"],"gold_per_floor":[110,128,39,39,50,80,80,113,113,113,126,141,156,174,174,251,251,265,265,282,301,314,314,314,314],"floor_reached":24,"language":"ENG","playtime":856,"items_purged":[],"score":574,"play_id":"8e395010-fda2-470c-b4cc-a02148f70cb7","local_time":"20210206225448","is_ascension_mode":true,"campfire_choices":[{"data":"CrushJoints","floor":7,"key":"SMITH"},{"floor":10,"key":"REST"},{"floor":15,"key":"REST"},{"floor":23,"key":"REST"}],"circlet_count":0,"master_deck":["AscendersBane","Strike_P","Strike_P","Strike_P","Strike_P","Defend_P+1","Defend_P","Defend_P+1","Defend_P","Eruption+1","Vigilance","CrushJoints+1","CutThroughFate+1","WheelKick","SandsOfTime","BowlingBash","DeusExMachina","DeceiveReality","BowlingBash","Blasphemy","Protect","EmptyBody"],"relics":["SlaversCollar","War Paint","Turnip","TeardropLocket","Runic Dome"],"acts_visited":["Exordium","TheCity"],"potions_floor_usage":[8,13,14,22,22],"damage_taken":[{"damage":4,"enemies":"Jaw Worm","floor":1,"turns":3},{"damage":14,"enemies":"Small Slimes","floor":2,"turns":5},{"damage":3,"enemies":"2 Louse","floor":5,"turns":3},{"damage":0,"enemies":"Gremlin Nob","floor":6,"turns":2},{"damage":23,"enemies":"Lagavulin","floor":8,"turns":5},{"damage":12,"enemies":"Exordium Thugs","floor":11,"turns":3},{"damage":4,"enemies":"Large Slime","floor":12,"turns":4},{"damage":0,"enemies":"3 Louse","floor":13,"turns":1},{"damage":5,"enemies":"Blue Slaver","floor":14,"turns":2},{"damage":0,"enemies":"Slime Boss","floor":16,"turns":4},{"damage":0,"enemies":"Spheric Guardian","floor":18,"turns":1},{"damage":20,"enemies":"3 Byrds","floor":20,"turns":4},{"damage":17,"enemies":"Sentry and Sphere","floor":21,"turns":5},{"damage":0,"enemies":"Chosen and Byrds","floor":22,"turns":3},{"damage":34,"enemies":"Gremlin Leader","floor":24,"turns":3}],"seed_played":"5805446224289752183","potions_obtained":[{"floor":1,"key":"SmokeBomb"},{"floor":2,"key":"Regen Potion"},{"floor":6,"key":"Explosive Potion"},{"floor":12,"key":"LiquidMemories"},{"floor":13,"key":"GamblersBrew"},{"floor":21,"key":"FearPotion"}],"is_trial":false,"path_per_floor":["M","M","$","?","M","E","R","E","T","R","M","M","M","M","R","B",null,"M","?","M","M","M","R","E"],"character_chosen":"WATCHER","items_purchased":["WheelKick"],"campfire_rested":3,"item_purchase_floors":[3],"current_hp_per_floor":[57,43,43,23,20,20,20,11,11,31,19,15,15,10,30,30,59,59,40,20,3,3,24,0,0],"gold":314,"neow_bonus":"BOSS_RELIC","is_daily":false,"chose_seed":false,"campfire_upgraded":1,"win_rate":0.0,"timestamp":1612670088,"path_taken":["M","M","$","?","M","E","R","E","T","R","M","M","M","?","R","BOSS","M","?","M","M","M","R","E"],"items_purchased_type":["Card"],"build_version":"2020-12-22","purchased_purges":0,"victory":false,"max_hp_per_floor":[68,68,68,68,68,68,68,68,68,68,68,68,68,68,68,68,68,68,73,73,73,73,73,73,73],"relic_stats":{"counters":[15,48],"Turnip":[8],"War Paint":["Defend_P","Defend_P"],"obtain_stats":[{"SlaversCollar":0,"Runic Dome":17,"Turnip":8,"TeardropLocket":9,"PureWater":0,"War Paint":6},{"SlaversCollar":0,"Runic Dome":10,"Turnip":5,"TeardropLocket":5,"PureWater":0,"War Paint":4},{"SlaversCollar":0,"Runic Dome":32,"Turnip":18,"TeardropLocket":18,"PureWater":0,"War Paint":13}]},"card_choices":[{"not_picked":["BattleHymn","Prostrate"],"picked":"CrushJoints","floor":1},{"not_picked":["Crescendo","EmptyBody"],"picked":"CutThroughFate","floor":2},{"not_picked":["Collect","PathToVictory"],"picked":"SandsOfTime","floor":5},{"not_picked":["SashWhip","EmptyMind"],"picked":"BowlingBash","floor":6},{"not_picked":["SashWhip","Fasting2"],"picked":"DeusExMachina","floor":8},{"not_picked":["FollowUp","Collect"],"picked":"DeceiveReality","floor":11},{"not_picked":["PathToVictory","FollowUp"],"picked":"BowlingBash","floor":12},{"not_picked":["Wireheading","ClearTheMind","ThirdEye"],"picked":"SKIP","floor":13},{"not_picked":["Nirvana","BowlingBash","Consecrate"],"picked":"SKIP","floor":14},{"not_picked":["MasterReality","Judgement"],"picked":"Blasphemy","floor":16},{"not_picked":["WheelKick","WaveOfTheHand"],"picked":"Protect","floor":18},{"not_picked":["ThirdEye","FollowUp","Consecrate"],"picked":"SKIP","floor":20},{"not_picked":["Crescendo","CrushJoints","Protect"],"picked":"SKIP","floor":21},{"not_picked":["Perseverance","FlyingSleeves"],"picked":"EmptyBody","floor":22}],"player_experience":1591557,"relics_obtained":[{"floor":6,"key":"War Paint"},{"floor":8,"key":"Turnip"},{"floor":9,"key":"TeardropLocket"}],"event_choices":[{"damage_healed":0,"gold_gain":0,"player_choice":"Entered Light","damage_taken":20,"max_hp_gain":0,"max_hp_loss":0,"event_name":"Shining Light","floor":4,"gold_loss":0,"cards_upgraded":["CutThroughFate","Eruption"]},{"damage_healed":0,"gold_gain":0,"player_choice":"Shed Blood","damage_taken":24,"max_hp_gain":5,"max_hp_loss":0,"event_name":"Forgotten Altar","floor":19,"gold_loss":0}],"is_beta":false,"boss_relics":[{"not_picked":["Empty Cage","Velvet Choker"],"picked":"Runic Dome"}],"items_purged_floors":[],"is_endless":false,"potions_floor_spawned":[1,2,6,12,13,21],"killed_by":"Gremlin Leader","ascension_level":20}}