{"host":"z9grmtg2w0nmz8n1","time":1612669537,"event":{"mods":["Aspiration","BaseMod","Better Altar","Better Match","Better Note","Better Sensory Stone","Better Skull","Better Third Choice","BetterRewards","CCEM2","Clawfect","Colored Map","Conspire","GifTheSpireLib","Halation","Highlight Path","Hubris","Hunter ??","Jedi Mod","Minty Spire (QoL Compilation)","Permanent Neow","Reliquary","Replay The Spire","Shop Mod","Spicy Shops","StSLib","Stuff the Spire","The Administrix","The Blackbeard","The Runesmith","The Servant 0.9.4"],"gold_per_floor":[116,116,127,147,147,180,197,197,197,197,217,250,263,263,263,375,375,388,388],"floor_reached":18,"language":"ENG","playtime":799,"items_purged":[],"score":183,"play_id":"6a4565b2-d01a-48a3-83d2-3ff60231e744","local_time":"20210207014537","is_ascension_mode":true,"campfire_choices":[{"floor":8,"key":"RECALL"},{"floor":10,"key":"REST"},{"floor":15,"key":"REST"}],"circlet_count":0,"master_deck":["Runesmith:Strike_RS","Runesmith:Strike_RS","Runesmith:Strike_RS","Runesmith:Strike_RS","Runesmith:Defend_RS","Runesmith:Defend_RS","Runesmith:Defend_RS","Runesmith:Defend_RS","Runesmith:CraftFirestone+1","Runesmith:Fortify","Runesmith:RuneHurl","Runesmith:CraftIncendium","Runesmith:ChiselStab","Runesmith:HeatedChisel","Runesmith:UnlimitedPower"],"relics":["Runesmith:BrokenRuby","hubris:Icosahedron","conspire:GiftBox","CeramicFish","halation:PinkSoulGem","aspiration:SecretTechniqueScroll"],"acts_visited":["Exordium","TheCity"],"potions_floor_usage":[6,16],"damage_taken":[{"damage":0,"enemies":"Small Slimes","floor":1,"turns":3},{"damage":10,"enemies":"2 Louse","floor":3,"turns":1},{"damage":2,"enemies":"Cultist","floor":4,"turns":4},{"damage":28,"enemies":"3 Sentries","floor":6,"turns":12},{"damage":0,"enemies":"Blue Slaver","floor":7,"turns":3},{"damage":0,"enemies":"3 Louse","floor":11,"turns":3},{"damage":14,"enemies":"Gremlin Nob","floor":12,"turns":3},{"damage":7,"enemies":"Looter","floor":13,"turns":2},{"damage":23,"enemies":"Slime Boss","floor":16,"turns":10},{"damage":5,"enemies":"Shell Parasite","floor":18,"turns":6}],"seed_played":"7389536759630021645","potions_obtained":[{"floor":1,"key":"SkillPotion"},{"floor":11,"key":"FairyPotion"},{"floor":12,"key":"SkillPotion"},{"floor":16,"key":"AttackPotion"}],"is_trial":false,"path_per_floor":["M","?","M","M","?","E","M","R","T","R","M","E","M","?","R","B",null,"M"],"character_chosen":"RUNESMITH_CLASS","items_purchased":[],"campfire_rested":2,"item_purchase_floors":[],"current_hp_per_floor":[70,70,60,58,58,30,30,30,30,51,51,37,30,30,51,28,70,65,65],"gold":388,"neow_bonus":"RANDOM_EVENT","is_daily":false,"chose_seed":false,"campfire_upgraded":0,"win_rate":0.0,"timestamp":1612669537,"path_taken":["M","?","M","M","?","E","M","R","T","R","?","E","M","?","R","BOSS","M"],"items_purchased_type":[],"build_version":"2020-12-22","purchased_purges":0,"victory":false,"max_hp_per_floor":[70,70,70,70,70,70,70,70,70,70,70,70,70,70,70,70,70,70,70],"card_choices":[{"not_picked":["Runesmith:NanitesCloud","Runesmith:Terraform"],"picked":"Runesmith:RuneHurl","floor":1},{"not_picked":["Runesmith:Repurpose","Runesmith:StaticCage"],"picked":"Runesmith:CraftIncendium","floor":3},{"not_picked":["Runesmith:DoubleUp","Runesmith:Overpower","Runesmith:BackupBattery"],"picked":"SKIP","floor":4},{"not_picked":["Runesmith:Prism","Runesmith:Discharge","Runesmith:HammerAndChisel"],"picked":"SKIP","floor":6},{"not_picked":["Runesmith:EnergizedChisel","Runesmith:HeatedChisel"],"picked":"Runesmith:ChiselStab","floor":7},{"not_picked":["Runesmith:RuneHurl","Runesmith:Overpower"],"picked":"Runesmith:HeatedChisel","floor":11},{"not_picked":["Runesmith:MetallurgicalResearch","Runesmith:Repurpose","Runesmith:WhiteBalance"],"picked":"SKIP","floor":12},{"not_picked":["Runesmith:HammerAndChisel","Runesmith:StaticCage","Runesmith:WhiteBalance"],"picked":"SKIP","floor":13},{"not_picked":["Runesmith:CraftPrismatica","Runesmith:DuctTape"],"picked":"Runesmith:UnlimitedPower","floor":16}],"player_experience":863738,"relics_obtained":[{"floor":6,"key":"conspire:GiftBox"},{"floor":12,"key":"CeramicFish"}],"event_choices":[{"damage_healed":0,"gold_gain":0,"player_choice":"Bought 0 Potions","damage_taken":0,"max_hp_gain":0,"max_hp_loss":0,"event_name":"The Woman in Blue","floor":5,"gold_loss":0}],"is_beta":false,"boss_relics":[{"not_picked":["reliquary:WritOfMandamus","hubris:VirtuousBlindfold"],"picked":"aspiration:SecretTechniqueScroll"}],"items_purged_floors":[],"is_endless":false,"potions_floor_spawned":[1,11,12,16],"killed_by":"Shell Parasite","ascension_level":1}}