{"host":"gttgmv2wah99hzdm","time":1612720897,"event":{"mods":["AchievementEnabler","BaseMod","Bestiary","Block Reminder","Minty Spire (QoL Compilation)","Relic Stats","Weighted Paths","ojb\u0027s Info Mod"],"gold_per_floor":[116,135,135,135,155,39,39,72,72,72,106,118,118,118,118,118,118],"floor_reached":16,"language":"ENG","playtime":557,"items_purged":["Strike_R"],"score":236,"play_id":"d245eb25-20ea-40af-935e-4a581074c51b","local_time":"20210207120137","is_ascension_mode":true,"campfire_choices":[{"data":"Uppercut","floor":7.0,"key":"SMITH"},{"data":"Inflame","floor":10.0,"key":"SMITH"},{"data":"Whirlwind","floor":13.0,"key":"SMITH"},{"data":"Inflame","floor":15.0,"key":"SMITH"}],"circlet_count":0,"master_deck":["AscendersBane","Strike_R","Strike_R","Strike_R","Defend_R","Defend_R","Defend_R","Defend_R","Bash+1","Dual Wield+1","Havoc","Inflame+1","Uppercut+1","Inflame+1","Whirlwind+1"],"relics":["Burning Blood","TungstenRod","Darkstone Periapt","Potion Belt"],"acts_visited":["Exordium"],"potions_floor_usage":[16],"damage_taken":[{"damage":1.0,"enemies":"Cultist","floor":1.0,"turns":3.0},{"damage":4.0,"enemies":"Jaw Worm","floor":2.0,"turns":4.0},{"damage":4.0,"enemies":"2 Louse","floor":5.0,"turns":6.0},{"damage":27.0,"enemies":"Gremlin Nob","floor":8.0,"turns":4.0},{"damage":18.0,"enemies":"Lagavulin","floor":11.0,"turns":7.0},{"damage":17.0,"enemies":"Large Slime","floor":12.0,"turns":5.0},{"damage":10.0,"enemies":"Gremlin Nob","floor":14.0,"turns":3.0},{"damage":26,"enemies":"Slime Boss","floor":16,"turns":5}],"seed_played":"-6842528266298062787","potions_obtained":[{"floor":1.0,"key":"Swift Potion"},{"floor":2.0,"key":"SteroidPotion"},{"floor":8.0,"key":"SmokeBomb"}],"is_trial":false,"path_per_floor":["M","M","?","?","M","$","R","E","T","R","E","M","R","E","R","B"],"character_chosen":"IRONCLAD","items_purchased":["Uppercut"],"campfire_rested":0,"item_purchase_floors":[6],"current_hp_per_floor":[73,75,75,68,70,70,70,49,49,49,37,26,26,22,22,0,0],"gold":118,"neow_bonus":"UPGRADE_CARD","is_daily":false,"chose_seed":false,"campfire_upgraded":4,"win_rate":0.0,"timestamp":1612720897,"path_taken":["M","M","?","?","M","?","R","E","T","R","E","M","R","E","R","BOSS"],"items_purchased_type":["Card"],"build_version":"2020-12-22","purchased_purges":1,"victory":false,"max_hp_per_floor":[75,75,75,75,75,75,75,75,75,75,75,75,75,75,75,75,75],"relic_stats":{"Darkstone Periapt":0,"counters":[8,37],"obtain_stats":[{"Darkstone Periapt":9,"Potion Belt":11,"Burning Blood":0,"TungstenRod":8},{"Darkstone Periapt":4,"Potion Belt":5,"Burning Blood":0,"TungstenRod":4},{"Darkstone Periapt":17,"Potion Belt":24,"Burning Blood":0,"TungstenRod":17}],"Burning Blood":42,"TungstenRod":6},"card_choices":[{"not_picked":["Iron Wave","Pummel"],"picked":"Dual Wield","floor":1.0},{"not_picked":["Thunderclap","Second Wind"],"picked":"Havoc","floor":2.0},{"not_picked":["Evolve","Rampage"],"picked":"Inflame","floor":5.0},{"not_picked":["Warcry","Heavy Blade","Clothesline"],"picked":"SKIP","floor":8.0},{"not_picked":["Warcry","Wild Strike"],"picked":"Inflame","floor":11.0},{"not_picked":["Blood for Blood","Wild Strike"],"picked":"Whirlwind","floor":12.0}],"player_experience":1104745,"relics_obtained":[{"floor":8.0,"key":"TungstenRod"},{"floor":9.0,"key":"Darkstone Periapt"},{"floor":11.0,"key":"Potion Belt"}],"event_choices":[{"damage_healed":0.0,"max_hp_gain":0.0,"max_hp_loss":0.0,"gold_gain":0.0,"event_name":"Living Wall","player_choice":"Grow","floor":3.0,"gold_loss":0.0,"damage_taken":0.0,"cards_upgraded":["Dual Wield"]},{"cards_removed":["Strike_R"],"damage_healed":0.0,"max_hp_gain":0.0,"max_hp_loss":0.0,"gold_gain":0.0,"event_name":"Golden Wing","player_choice":"Card Removal","floor":4.0,"gold_loss":0.0,"damage_taken":7.0}],"is_beta":false,"boss_relics":[],"items_purged_floors":[6],"is_endless":false,"potions_floor_spawned":[1,2,8],"killed_by":"Slime Boss","ascension_level":20}}