{"host":"ncocfkoislda923u","time":1612697288,"event":{"mods":["BaseMod","Googly Eyes","Minty Spire (QoL Compilation)","Robot Space Explorer","Spire Arcade","StSLib","The Animator","The Cursed"],"gold_per_floor":[115,131,56,68,99,99,114,131,131,131,147,147,97,97,97,97,97],"floor_reached":16,"language":"ENG","playtime":16223,"items_purged":["animator:Defend"],"score":94,"play_id":"211b4f4c-5094-4209-bfd6-60f9f95cbdcc","local_time":"20210207122808","is_ascension_mode":false,"campfire_choices":[{"data":"animator:Darkness","floor":6,"key":"SMITH"},{"data":"animator:Shalltear","floor":10,"key":"SMITH"},{"floor":12,"key":"REST"},{"data":"animator:KyokoSakura","floor":15,"key":"SMITH"}],"circlet_count":0,"master_deck":["animator:Strike_Konosuba","animator:Defend_Konosuba","animator:Strike","animator:Strike","animator:Defend","animator:Defend","animator:Kazuma","animator:Aqua","animator:DolaRiku","animator:KyokoSakura+1","animator:Shalltear+1","animator:Darkness+1","animator:Kazuma","animator:PandorasActor","animator:Kyubey"],"relics":["animator:LivingPicture","animator:TheMissingPiece","Art of War"],"acts_visited":["Exordium"],"potions_floor_usage":[8],"damage_taken":[{"damage":8,"enemies":"Jaw Worm","floor":1,"turns":8},{"damage":5,"enemies":"2 Louse","floor":2,"turns":4},{"damage":3,"enemies":"Small Slimes","floor":4,"turns":3},{"damage":11,"enemies":"Exordium Wildlife","floor":5,"turns":5},{"damage":0,"enemies":"3 Louse","floor":7,"turns":5},{"damage":14,"enemies":"Exordium Thugs","floor":8,"turns":6},{"damage":2,"enemies":"Red Slaver","floor":11,"turns":4},{"damage":67,"enemies":"Hexaghost","floor":16,"turns":15}],"seed_played":"359812176457505929","potions_obtained":[{"floor":5,"key":"animator:GrowthPotion"},{"floor":7,"key":"BlessingOfTheForge"},{"floor":8,"key":"FearPotion"}],"is_trial":false,"path_per_floor":["M","M","$","M","M","R","M","M","T","R","M","R","?","?","R","B"],"character_chosen":"THE_ANIMATOR","items_purchased":[],"campfire_rested":1,"item_purchase_floors":[],"current_hp_per_floor":[64,61,61,60,51,51,53,41,41,41,41,62,62,62,62,0,0],"gold":97,"neow_bonus":"TEN_PERCENT_HP_BONUS","is_daily":false,"chose_seed":false,"campfire_upgraded":3,"win_rate":0.0,"timestamp":1612697288,"path_taken":["M","M","$","M","M","R","M","M","T","R","M","R","?","?","R","BOSS"],"items_purchased_type":[],"build_version":"2020-12-22","purchased_purges":1,"victory":false,"max_hp_per_floor":[72,72,72,72,72,72,72,72,72,72,72,72,72,72,72,72,72],"card_choices":[{"not_picked":["animator:OrikoMikuni","animator:IzunaHatsuse"],"picked":"animator:DolaRiku","floor":1},{"not_picked":["animator:SuzuneAmano","animator:Demiurge"],"picked":"animator:KyokoSakura","floor":2},{"not_picked":["animator:Megumin","animator:SayakaMiki"],"picked":"animator:Shalltear","floor":4},{"not_picked":["animator:Mitsurugi","animator:Aqua"],"picked":"animator:Darkness","floor":5},{"not_picked":["animator:OrikoMikuni","animator:ChaikaBohdan"],"picked":"animator:Kazuma","floor":7},{"not_picked":["animator:Layla","animator:Geryuganshoop"],"picked":"animator:PandorasActor","floor":8},{"not_picked":["animator:Tatsumaki","animator:OrikoMikuni"],"picked":"animator:Kyubey","floor":11}],"player_experience":1374902,"relics_obtained":[{"floor":9,"key":"Art of War"}],"event_choices":[{"cards_removed":["animator:Strike"],"damage_healed":0,"gold_gain":0,"player_choice":"Card Removal","damage_taken":0,"max_hp_gain":0,"max_hp_loss":0,"event_name":"The Cleric","floor":13,"gold_loss":50},{"damage_healed":0,"gold_gain":0,"player_choice":"Ignored","damage_taken":0,"max_hp_gain":0,"max_hp_loss":0,"event_name":"Liars Game","floor":14,"gold_loss":0}],"is_beta":false,"boss_relics":[],"items_purged_floors":[3],"is_endless":false,"potions_floor_spawned":[5,7,8],"killed_by":"Hexaghost","ascension_level":0}}