{"host":"xc18ixkpjvqrt8st","time":1612737471,"event":{"mods":["Act Like it!","BaseMod","Better Match","Better Third Choice","Conspire","Downfall","Hallownest","Hermit","Hubris","Infinite Spire","Minty Spire (QoL Compilation)","Reliquary","Replay The Spire","Robot Space Explorer","Shop Mod","Spicy Shops","Spire Arcade","StSLib","The Animator","The Edgeheg","The Jungle","The Marked","The Sage"],"gold_per_floor":[127,162,162,180,36,82,31,31,31,31,62,77,77,104,104,217,217,234,17,31,41,41,41,65,65,91,91,103,103,117,32,32,153,153,153,153],"floor_reached":35,"language":"ENG","playtime":1880,"items_purged":[],"score":457,"play_id":"125fe8ca-8079-408c-a11b-25448018c3d0","local_time":"20210207163751","is_ascension_mode":true,"campfire_choices":[{"floor":10,"key":"RECALL"},{"floor":13,"key":"REST"},{"data":"animator:EmiyaShirou","floor":15,"key":"SMITH"},{"floor":23,"key":"REST"},{"floor":25,"key":"REST"},{"data":"animator:MaesHughes","floor":29,"key":"SMITH"},{"floor":32,"key":"REST"}],"circlet_count":0,"master_deck":["animator:Strike_OnePunchMan","animator:Defend_OnePunchMan","animator:Strike","animator:Strike","animator:Defend","animator:Defend","animator:Defend","animator:Genos","animator:YuiTsuruno","animator:YunYun","animator:MetalKnight","animator:SayakaMiki","animator:SayakaMiki","animator:RinTohsaka","animator:MamiTomoe","animator:EmiyaShirou+1","animator:Saber","animator:Shichika+1","animator:Mikaela+1","animator:Alexander+1","animator:Rider+1","animator:MisaKurobane","animator:Walpurgisnacht+1","animator:Aqua","animator:SuzuneAmano+1","ReplayTheSpireMod:Black Plague","animator:MaesHughes+1","animator:NagisaMomoe","animator:MadokaKaname","Hallucinations","conspire:NecroticWound","Shame"],"relics":["animator:LivingPicture","animator:TheMissingPiece","NeowsBlessing","Frozen Egg 2","TheAbacus","reliquary:Aerogel","Replay:Mystery Machine","reliquary:JackalopeAntler","Eternal Feather","Astrolabe","animator:CerealBox","animator:CursedGlyph","Snack Pack","animator:Buoy","Replay:Ancient Bell","Strawberry","sagemod:Red_Beast_Statue","TungstenRod"],"acts_visited":["Exordium","TheCity","TheBeyond"],"potions_floor_usage":[14,14,14,24,33,35],"damage_taken":[{"damage":0,"enemies":"Small Slimes","floor":1,"turns":1},{"damage":0,"enemies":"2 Louse","floor":4,"turns":1},{"damage":0,"enemies":"3 Sentries","floor":6,"turns":1},{"damage":0,"enemies":"Cultist","floor":11,"turns":3},{"damage":29,"enemies":"Exordium Thugs","floor":12,"turns":5},{"damage":0,"enemies":"Gremlin Nob","floor":14,"turns":2},{"damage":30,"enemies":"Hexaghost","floor":16,"turns":13},{"damage":32,"enemies":"3 Byrds","floor":18,"turns":6},{"damage":22,"enemies":"Spheric Guardian","floor":20,"turns":4},{"damage":0,"enemies":"Snake Plant","floor":21,"turns":4},{"damage":29,"enemies":"Shelled Parasite and Fungi","floor":24,"turns":5},{"damage":37,"enemies":"conspire:HollyBat","floor":28,"turns":10},{"damage":16,"enemies":"Chosen and Byrds","floor":30,"turns":7},{"damage":30,"enemies":"conspire:MysteriousRune","floor":33,"turns":20},{"damage":89,"enemies":"3 Darklings","floor":35,"turns":7}],"seed_played":"926925497981203512","potions_obtained":[{"floor":4,"key":"Strength Potion"},{"floor":6,"key":"FearPotion"},{"floor":11,"key":"DistilledChaos"},{"floor":18,"key":"Slimebound:ThreeZeroPotion"},{"floor":21,"key":"Fire Potion"},{"floor":30,"key":"SteroidPotion"}],"is_trial":false,"path_per_floor":["M","?","?","M","$","E","$","?","T","R","M","M","R","E","R","B",null,"M","$","M","M","?","R","M","R","T","AVR","M","R","M","?","R","B",null,"M"],"character_chosen":"THE_ANIMATOR","items_purchased":["TheAbacus","animator:SayakaMiki","animator:CerealBox","animator:MisaKurobane"],"campfire_rested":4,"item_purchase_floors":[5,7,19,19],"current_hp_per_floor":[66,66,67,67,67,67,67,67,67,67,67,39,59,60,69,39,69,38,58,36,36,36,66,39,66,66,66,35,50,40,40,67,52,74,0,0],"gold":153,"neow_bonus":"THREE_ENEMY_KILL","is_daily":false,"chose_seed":false,"campfire_upgraded":2,"win_rate":0.0,"timestamp":1612737471,"path_taken":["M","?","?","?","$","E","?","?","T","R","?","M","R","E","R","BOSS","M","$","?","M","?","R","M","R","T","AVR","M","R","M","?","R","BOSS","M"],"items_purchased_type":["Relic","Card","Relic","Card"],"build_version":"2020-12-22","purchased_purges":0,"victory":false,"max_hp_per_floor":[66,66,67,67,67,67,67,67,67,67,67,68,68,69,69,69,69,70,70,66,66,66,66,66,66,66,66,66,66,67,67,67,67,74,74,74],"card_choices":[{"not_picked":["animator:MetalKnight","animator:RoyMustang"],"picked":"animator:YuiTsuruno","floor":1},{"not_picked":["animator:Kazuma","animator:Berserker"],"picked":"animator:YunYun","floor":2},{"not_picked":["animator:MumenRider","animator:Kazuma"],"picked":"animator:WinryRockbell+1","floor":2},{"not_picked":["animator:YuiTsuruno","animator:Sonic"],"picked":"animator:Yoichi","floor":4},{"not_picked":["animator:Eris","animator:Assassin"],"picked":"animator:MetalKnight","floor":6},{"not_picked":["animator:Berserker","animator:Archer+1"],"picked":"animator:RinTohsaka","floor":11},{"not_picked":["animator:HiiragiShinya","animator:Mitsuba"],"picked":"animator:MamiTomoe","floor":12},{"not_picked":["animator:Rider","animator:Melzalgald"],"picked":"animator:EmiyaShirou","floor":14},{"not_picked":["animator:Father","animator:HomuraAkemi"],"picked":"animator:Saber","floor":16},{"not_picked":["animator:KrulTepes","animator:SakuraMatou"],"picked":"animator:Rider+1","floor":18},{"not_picked":["animator:IrohaTamaki","animator:OrikoMikuni"],"picked":"animator:Walpurgisnacht","floor":20},{"not_picked":["animator:UneriGinkaku","animator:OrikoMikuni"],"picked":"animator:Aqua","floor":21},{"not_picked":["animator:RinTohsaka","animator:TsurugaMeisai"],"picked":"animator:SuzuneAmano+1","floor":24},{"not_picked":["animator:EmiyaShirou","animator:Berserker"],"picked":"animator:MaesHughes","floor":28},{"not_picked":["animator:YuiTsuruno","animator:OrikoMikuni"],"picked":"animator:NagisaMomoe","floor":30},{"not_picked":["animator:Hans+1","animator:HigakiRinne"],"picked":"animator:MadokaKaname","floor":33},{"not_picked":["hubris:Despair","animator:Curse_Nutcracker"],"picked":"Hallucinations","floor":34},{"not_picked":["conspire:Blindness","hubris:Gluttony"],"picked":"conspire:NecroticWound","floor":34},{"not_picked":["Parasite","hubris:Envy"],"picked":"Shame","floor":34}],"player_experience":706195,"relics_obtained":[{"floor":2,"key":"Frozen Egg 2"},{"floor":6,"key":"reliquary:Aerogel"},{"floor":9,"key":"reliquary:JackalopeAntler"},{"floor":14,"key":"Eternal Feather"},{"floor":20,"key":"animator:CursedGlyph"}],"event_choices":[{"cards_removed":["animator:Yoichi"],"damage_healed":0,"gold_gain":0,"player_choice":"Gave Card","damage_taken":0,"relics_obtained":["Replay:Mystery Machine"],"max_hp_gain":0,"max_hp_loss":0,"event_name":"WeMeetAgain","floor":8,"gold_loss":0},{"damage_healed":0,"gold_gain":0,"player_choice":"Obtained Relic","damage_taken":0,"relics_obtained":["animator:Buoy"],"max_hp_gain":0,"max_hp_loss":0,"event_name":"Addict","floor":31,"gold_loss":85}],"is_beta":false,"boss_relics":[{"not_picked":["reliquary:KinkedSpring","sagemod:Falmels_Amulet"],"picked":"Astrolabe"},{"not_picked":["animator:RacePiece","Coffee Dripper"],"picked":"Replay:Ancient Bell"},{"not_picked":["Replay:Wax Seal","Replay:Baseball"],"picked":"Strawberry"},{"not_picked":["InkBottle","Garlic"],"picked":"sagemod:Red_Beast_Statue"},{"not_picked":["animator:HeavyHalberd","Shovel"],"picked":"TungstenRod"}],"items_purged_floors":[],"is_endless":false,"potions_floor_spawned":[4,6,11,18,21,30],"killed_by":"3 Darklings","ascension_level":2}}