{"host":"he07elbwfbprxmdo","time":1612703168,"event":{"mods":["BaseMod","Better Skull","Better Third Choice","Better Vampires","Block Reminder","Clockwork Mod","Colored Map","Downfall","Energized Spire","Fox Events","Halation","Hermit","Highlight Path","Marisa????????","Minty Spire (QoL Compilation)","Relic Stats","StSLib","The Animator","The Servant 0.9.4","Unceasing Turn Reminder"],"gold_per_floor":[99,116,116,131,149,149,149,161,195,215,250,250,150,60,74,172,172,172,188,188,188,188,208,282,282,282,282,295,18,18,33,33,131,181,181,196,207,207,217,267,267,267,299,299,299,299,319,332,332,332,332,332],"floor_reached":50,"language":"ENG","playtime":5910,"items_purged":["champ:Defend"],"score":566,"play_id":"cb29dd45-0e53-4fcc-84a2-baffe2bf3cdb","local_time":"20210207150608","is_ascension_mode":false,"campfire_choices":[{"data":"champ:Taunt","floor":1.0,"key":"SMITH"},{"floor":13,"key":"REST"},{"floor":18,"key":"DIG"},{"data":"champ:StanceDance","floor":25,"key":"SMITH"},{"data":"champ:FanOfKnives","floor":27,"key":"SMITH"},{"floor":30,"key":"REST"},{"data":"champ:FanOfKnives","floor":35,"key":"SMITH"},{"floor":44,"key":"REST"},{"floor":45,"key":"REST"}],"circlet_count":0,"master_deck":["champ:Strike","champ:Strike","champ:Strike","champ:Defend+1","champ:Defend","champ:Defend","champ:Taunt+1","champ:GutPunch","champ:Taunt+1","champ:StanceDance+1","champ:DefensiveShout","champ:FanOfKnives+1","champ:ArenaPreparation","champ:BringItOn","champ:FanOfKnives+1","Demon Form+1","champ:PreciseThrust","champ:PreciseThrust","champ:PreciseThrust","champ:StanceDance+1","champ:PreciseThrust+1","champ:MurderStrike+1","champ:UltimateStance","champ:FancyFootwork+1","champ:CalledShot","champ:IronFortress","champ:Lariat"],"relics":["champ:ChampionCrown","WingedGreaves","Mango","Shovel","downfall:HeartBlessingGreen","energizedSpire:EnergizedDie","Smiling Mask","downfall:RedIOU","Bottled Lightning","Molten Egg 2","Bottled Tornado","Tiny House","champ:GladiatorsBookOfMartialProwess","Bottled Flame","Incense Burner","Lantern"],"acts_visited":["Exordium","TheCity","TheBeyond"],"potions_floor_usage":[10,11,16,20,28,29,29,33,39,39,40,46,50],"damage_taken":[{"damage":30.0,"enemies":"Small Slimes","floor":2.0,"turns":5.0},{"damage":15.0,"enemies":"Cultist","floor":4.0,"turns":5.0},{"damage":5.0,"enemies":"Jaw Worm","floor":5.0,"turns":4.0},{"damage":37.0,"enemies":"Large Slime","floor":8.0,"turns":6.0},{"damage":47.0,"enemies":"3 Sentries","floor":9.0,"turns":6.0},{"damage":30,"enemies":"Exordium Wildlife","floor":10,"turns":4},{"damage":52,"enemies":"Gremlin Nob","floor":11,"turns":5},{"damage":30,"enemies":"downfall:FleeingMerchant","floor":14,"turns":4},{"damage":6,"enemies":"Gremlin Gang","floor":15,"turns":3},{"damage":47,"enemies":"SI_SHIV_ARCHETYPE","floor":16,"turns":7},{"damage":43,"enemies":"3 Byrds","floor":19,"turns":4},{"damage":21,"enemies":"Spheric Guardian","floor":20,"turns":4},{"damage":25,"enemies":"Snecko","floor":23,"turns":4},{"damage":25,"enemies":"Shelled Parasite and Fungi","floor":28,"turns":3},{"damage":32,"enemies":"downfall:FleeingMerchant","floor":29,"turns":4},{"damage":15,"enemies":"Cultist and Chosen","floor":31,"turns":3},{"damage":23,"enemies":"Snake Plant","floor":32,"turns":4},{"damage":31,"enemies":"IC_MUSHROOM_ARCHETYPE","floor":33,"turns":5},{"damage":28,"enemies":"3 Darklings","floor":36,"turns":4},{"damage":33,"enemies":"3 Shapes","floor":37,"turns":3},{"damage":61,"enemies":"Writhing Mass","floor":39,"turns":4},{"damage":34,"enemies":"Writhing Mass","floor":40,"turns":5},{"damage":37,"enemies":"Nemesis","floor":43,"turns":5},{"damage":62,"enemies":"Reptomancer","floor":46,"turns":5},{"damage":18,"enemies":"Spire Growth","floor":47,"turns":5},{"damage":11,"enemies":"3 Darklings","floor":48,"turns":4},{"damage":20,"enemies":"Transient","floor":49,"turns":5},{"damage":29,"enemies":"DF_ARCHETYPE_ORBS","floor":50,"turns":2}],"seed_played":"-4339292383175012056","potions_obtained":[{"floor":2.0,"key":"bronze:BurnAndBuffPotion"},{"floor":9.0,"key":"Block Potion"},{"floor":10,"key":"champ:CounterPotion"},{"floor":11,"key":"SneckoOil"},{"floor":15,"key":"Fire Potion"},{"floor":19,"key":"sneckomod:MuddlingPotion"},{"floor":23,"key":"DistilledChaos"},{"floor":32,"key":"Explosive Potion"},{"floor":33,"key":"Weak Potion"},{"floor":34,"key":"champ:CounterPotion"},{"floor":37,"key":"Weak Potion"},{"floor":43,"key":"SkillPotion"},{"floor":46,"key":"champ:CounterPotion"}],"is_trial":false,"path_per_floor":["R","M","?","M","M","?","T","M","E","M","E","?","R","$","M","B",null,"R","M","M","?","T","M","T","R","?","R","M","$","R","M","M","B",null,"R","M","M","?","M","?","T","?","E","R","R","E","M","M","M","B"],"character_chosen":"THE_CHAMP","items_purchased":["Bottled Tornado"],"campfire_rested":4,"item_purchase_floors":[29],"current_hp_per_floor":[99,94,94,94,94,94,94,82,60,65,52,47,80,80,79,72,113,113,90,89,89,89,89,89,89,89,89,79,67,100,90,87,61,118,118,100,72,72,51,47,47,47,10,45,80,43,25,29,29,0,0,0],"gold":332,"neow_bonus":"TEN_PERCENT_HP_BONUS","is_daily":false,"chose_seed":false,"campfire_upgraded":4,"win_rate":0.0,"timestamp":1612703168,"path_taken":["R","M","?","?","M","?","T","M","E","M","E","?","R","?","M","BOSS","R","M","?","?","?","M","T","R","?","R","M","$","R","M","M","BOSS","R","M","M","?","?","?","T","?","E","R","R","E","?","M","M","BOSS"],"items_purchased_type":["Relic"],"build_version":"2020-12-22","purchased_purges":1,"victory":false,"max_hp_per_floor":[99,99,99,99,99,99,99,99,99,99,113,113,113,113,113,113,113,113,113,113,113,113,113,113,113,113,113,113,113,113,113,113,113,118,118,118,118,118,118,118,118,118,118,118,118,118,118,118,118,118,118,118],"relic_stats":{"Shovel":1,"counters":[28,122],"Smiling Mask":0,"obtain_stats":[{"Lantern":46,"Tiny House":34,"energizedSpire:EnergizedDie":17,"champ:ChampionCrown":0,"Mango":11,"downfall:HeartBlessingGreen":13,"Incense Burner":43,"Bottled Tornado":29,"Smiling Mask":18,"champ:GladiatorsBookOfMartialProwess":40,"Bottled Flame":41,"downfall:BrokenWingStatue":6,"Shovel":12,"Molten Egg 2":24,"WingedGreaves":7,"downfall:RedIOU":21,"Bottled Lightning":22,"Toy Ornithopter":9},{"Lantern":24,"Tiny House":18,"energizedSpire:EnergizedDie":10,"champ:ChampionCrown":0,"Mango":7,"downfall:HeartBlessingGreen":7,"Incense Burner":23,"Bottled Tornado":15,"Smiling Mask":10,"champ:GladiatorsBookOfMartialProwess":22,"Bottled Flame":22,"downfall:BrokenWingStatue":3,"Shovel":7,"Molten Egg 2":13,"WingedGreaves":3,"downfall:RedIOU":12,"Bottled Lightning":12,"Toy Ornithopter":5},{"Lantern":106,"Tiny House":80,"energizedSpire:EnergizedDie":49,"champ:ChampionCrown":0,"Mango":35,"downfall:HeartBlessingGreen":35,"Incense Burner":101,"Bottled Tornado":68,"Smiling Mask":49,"champ:GladiatorsBookOfMartialProwess":96,"Bottled Flame":96,"downfall:BrokenWingStatue":14,"Shovel":35,"Molten Egg 2":61,"WingedGreaves":14,"downfall:RedIOU":57,"Bottled Lightning":57,"Toy Ornithopter":26}]},"card_choices":[{"not_picked":["champ:Shatter","champ:FocusedDefense"],"picked":"champ:GutPunch","floor":2.0},{"not_picked":["champ:Circumvent","champ:EndlessRage"],"picked":"champ:StanceDance","floor":4.0},{"not_picked":["champ:GutPunch","champ:Haymaker"],"picked":"champ:DefensiveShout","floor":5.0},{"not_picked":["champ:CrownThrow","champ:TornadoPunch"],"picked":"champ:FanOfKnives","floor":8.0},{"not_picked":["champ:Duel","champ:Parry"],"picked":"champ:ArenaPreparation","floor":9.0},{"not_picked":["champ:CrownThrow","champ:Circumvent"],"picked":"champ:BringItOn","floor":10},{"not_picked":["champ:BladeFlurry","champ:BringItOn"],"picked":"champ:FanOfKnives","floor":11},{"not_picked":["champ:PreemptiveStrike","champ:ArenaPreparation"],"picked":"champ:PreciseThrust","floor":14},{"not_picked":["champ:Lariat","champ:GladiatorForm","champ:TornadoPunch"],"picked":"SKIP","floor":15},{"not_picked":["champ:RecklessLeap","champ:Circumvent"],"picked":"champ:PreciseThrust","floor":19},{"not_picked":["champ:Backstep+1","champ:AdrenalArmor+1"],"picked":"champ:PreciseThrust","floor":20},{"not_picked":["champ:EndlessRage","champ:Haymaker"],"picked":"champ:StanceDance+1","floor":23},{"not_picked":["champ:PreemptiveStrike+1","champ:RapidStrikes+1","champ:FaceSlap+1"],"picked":"SKIP","floor":28},{"not_picked":["champ:Circumvent","champ:StanceDance","champ:FalseCounter+1"],"picked":"SKIP","floor":29},{"not_picked":["champ:BerserkersShout+1","champ:TornadoPunch+1"],"picked":"champ:PreciseThrust+1","floor":31},{"not_picked":["champ:FalseCounter","champ:GutPunch+1"],"picked":"champ:MurderStrike+1","floor":32},{"not_picked":["champ:CheapShot+1","champ:GladiatorForm"],"picked":"champ:UltimateStance","floor":33},{"not_picked":["champ:Shatter+1","champ:DeathBlow+1"],"picked":"champ:FancyFootwork+1","floor":34},{"not_picked":["champ:PreciseThrust+1","champ:CrownThrow+1"],"picked":"champ:CalledShot","floor":36},{"not_picked":["champ:Haymaker+1","champ:PerfectedStrike+1"],"picked":"champ:IronFortress","floor":37},{"not_picked":["champ:Backstep","champ:HeartStrike+1","champ:EnGarde"],"picked":"SKIP","floor":39},{"not_picked":["champ:BerserkersShout+1","champ:Shatter+1","champ:StrikeOfGenius"],"picked":"SKIP","floor":43},{"not_picked":["champ:BringItOn","champ:RapidStrikes+1","champ:FanOfKnives+1"],"picked":"SKIP","floor":46},{"not_picked":["champ:RisingSlash+1","champ:StanceDance+1","champ:Circumvent"],"picked":"SKIP","floor":47},{"not_picked":["champ:HeartStrike+1","champ:RapidStrikes+1","champ:BringItOn"],"picked":"SKIP","floor":48},{"not_picked":["champ:Encircle+1","champ:FalseCounter","champ:AdrenalArmor+1"],"picked":"SKIP","floor":49}],"player_experience":172602,"relics_obtained":[{"floor":7.0,"key":"WingedGreaves"},{"floor":9.0,"key":"Toy Ornithopter"},{"floor":11,"key":"Mango"},{"floor":18,"key":"Smiling Mask"},{"floor":22,"key":"Bottled Lightning"},{"floor":24,"key":"Molten Egg 2"},{"floor":40,"key":"champ:GladiatorsBookOfMartialProwess"},{"floor":41,"key":"Bottled Flame"},{"floor":43,"key":"Incense Burner"},{"floor":46,"key":"Lantern"}],"event_choices":[{"damage_healed":0,"gold_gain":1,"player_choice":"Card Relic ","damage_taken":5,"max_hp_gain":0,"max_hp_loss":0,"event_name":"betterThird:BetterScrap","floor":12,"gold_loss":0,"cards_obtained":["Demon Form","Feed"]},{"cards_removed":["champ:Strike"],"damage_healed":0,"gold_gain":0,"player_choice":"Took Card","damage_taken":0,"max_hp_gain":0,"max_hp_loss":0,"event_name":"NoteForYourself","floor":38,"gold_loss":0,"cards_obtained":["Hologram"]}],"is_beta":false,"boss_relics":[{"not_picked":["energizedSpire:SpiderWeb","halation:ForbiddenBikini"],"picked":"energizedSpire:EnergizedDie"},{"not_picked":["Empty Cage","energizedSpire:RedRose"],"picked":"Tiny House"}],"items_purged_floors":[14],"is_endless":false,"potions_floor_spawned":[2,9,10,11,15,19,23,32,33,37,43,46],"killed_by":"DF_ARCHETYPE_ORBS","ascension_level":0}}