{"host":"mnpd8gh7cwxsn5kh","time":1612701546,"event":{"mods":["BaseMod","Bestiary","Block Reminder","Colored Map","Colored Powertips","Highlight Path","Minty Spire (QoL Compilation)","Relic Sorter","Relic Stats"],"gold_per_floor":[119,119,136,311,321,321,350,127,127,57,57,82,101,120,120,218,218,233,233,233,233,233,259,259,286,286,286,313,331,349,360,360,460,460,471,489,489,537,2,35,12,44,71,71,45,72,99,110,110,110],"floor_reached":51,"language":"ENG","playtime":5051,"items_purged":["Doubt","Strike_G"],"score":1292,"play_id":"8a52e3cf-7b5a-43d5-ac1a-d8f0e0732dd4","local_time":"20210207133906","is_ascension_mode":true,"campfire_choices":[{"data":"Infinite Blades","floor":6,"key":"SMITH"},{"floor":15,"key":"REST"},{"floor":24,"key":"REST"},{"floor":27,"key":"REST"},{"floor":32,"key":"REST"},{"data":"Wraith Form v2","floor":44,"key":"SMITH"},{"data":"Wraith Form v2","floor":49,"key":"SMITH"}],"circlet_count":0,"master_deck":["AscendersBane","Strike_G","Strike_G","Strike_G+1","Defend_G","Defend_G+1","Defend_G+1","Defend_G","Defend_G","Survivor","Neutralize+1","PiercingWail","PiercingWail","Infinite Blades+1","Quick Slash","Masterful Stab","Cloak And Dagger","Sucker Punch","Blade Dance","Corpse Explosion","Acrobatics+1","Writhe","RitualDagger","Wraith Form v2+1","Blade Dance+1","Prepared+1","Calculated Gamble+1","Unload","Wraith Form v2+1","Endless Agony+1","Secret Technique+1","Calculated Gamble+1","Escape Plan+1","Secret Technique+1","Noxious Fumes","Blade Dance+1","Backflip+1","Adrenaline+1","Finisher","Parasite"],"relics":["Ring of the Snake","Whetstone","CaptainsWheel","War Paint","Shovel","Bag of Marbles","TungstenRod","WristBlade","Kunai","Turnip","Orichalcum","Toxic Egg 2","Ancient Tea Set","SacredBark","Unceasing Top","Lee\u0027s Waffle","Pear","Centennial Puzzle","CeramicFish","Art of War"],"acts_visited":["Exordium","TheCity","TheBeyond"],"potions_floor_usage":[7,12,33,33,38,38,46,50],"damage_taken":[{"damage":2,"enemies":"2 Louse","floor":1,"turns":3},{"damage":0,"enemies":"Jaw Worm","floor":3,"turns":5},{"damage":7,"enemies":"Cultist","floor":5,"turns":7},{"damage":30,"enemies":"3 Sentries","floor":7,"turns":14},{"damage":15,"enemies":"Lagavulin","floor":12,"turns":11},{"damage":1,"enemies":"Gremlin Gang","floor":13,"turns":5},{"damage":0,"enemies":"Exordium Thugs","floor":14,"turns":7},{"damage":10,"enemies":"The Guardian","floor":16,"turns":17},{"damage":5,"enemies":"Shell Parasite","floor":18,"turns":7},{"damage":31,"enemies":"Slavers","floor":23,"turns":4},{"damage":28,"enemies":"Book of Stabbing","floor":25,"turns":6},{"damage":29,"enemies":"Gremlin Leader","floor":28,"turns":11},{"damage":1,"enemies":"2 Thieves","floor":29,"turns":3},{"damage":0,"enemies":"Centurion and Healer","floor":30,"turns":3},{"damage":0,"enemies":"Snecko","floor":31,"turns":3},{"damage":16,"enemies":"Champ","floor":33,"turns":14},{"damage":0,"enemies":"3 Shapes","floor":35,"turns":8},{"damage":1,"enemies":"Orb Walker","floor":36,"turns":3},{"damage":0,"enemies":"2 Orb Walkers","floor":38,"turns":5},{"damage":10,"enemies":"Giant Head","floor":40,"turns":10},{"damage":30,"enemies":"Reptomancer","floor":42,"turns":8},{"damage":0,"enemies":"Writhing Mass","floor":46,"turns":8},{"damage":0,"enemies":"Nemesis","floor":47,"turns":7},{"damage":0,"enemies":"4 Shapes","floor":48,"turns":4},{"damage":38,"enemies":"Awakened One","floor":50,"turns":14}],"seed_played":"-2257505220834966676","potions_obtained":[{"floor":3,"key":"SpeedPotion"},{"floor":5,"key":"CunningPotion"},{"floor":23,"key":"FearPotion"},{"floor":30,"key":"DuplicationPotion"},{"floor":31,"key":"SteroidPotion"},{"floor":33,"key":"Fire Potion"},{"floor":35,"key":"SkillPotion"},{"floor":40,"key":"EssenceOfSteel"},{"floor":46,"key":"Strength Potion"}],"is_trial":false,"path_per_floor":["M","?","M","?","M","R","E","$","T","$","?","E","M","M","R","B",null,"M","?","?","?","?","E","R","E","T","R","E","M","M","M","R","B",null,"M","M","?","?","$","E","$","E","T","R","$","M","E","M","R","B",null],"character_chosen":"THE_SILENT","items_purchased":["War Paint","Masterful Stab","Escape Plan+1","Lee\u0027s Waffle","Secret Technique+1","Noxious Fumes","Backflip+1","Finisher"],"campfire_rested":4,"item_purchase_floors":[8,10,39,39,39,39,41,45],"current_hp_per_floor":[61,54,54,54,47,47,17,17,17,17,17,2,1,1,22,12,56,51,39,39,64,59,28,50,22,22,44,15,14,14,14,36,20,61,61,60,60,60,82,82,82,52,52,52,52,52,52,52,52,14],"gold":110,"neow_bonus":"RANDOM_COMMON_RELIC","is_daily":false,"chose_seed":false,"campfire_upgraded":3,"win_rate":0.0,"timestamp":1612701546,"path_taken":["M","?","M","?","M","R","E","$","T","$","?","E","?","?","R","BOSS","M","?","?","?","?","E","R","E","T","R","E","M","M","M","R","BOSS","M","M","?","?","$","E","$","E","T","R","?","M","E","M","R","BOSS"],"items_purchased_type":["Relic","Card","Card","Relic","Card","Card","Card","Card"],"build_version":"2020-12-22","purchased_purges":2,"victory":true,"max_hp_per_floor":[70,70,70,70,70,70,70,70,70,70,70,70,70,70,70,70,70,70,75,75,75,75,75,75,75,75,75,75,75,75,75,75,75,75,75,75,75,75,82,92,92,92,92,92,92,92,92,92,92,92],"relic_stats":{"Lee\u0027s Waffle":22,"counters":[25,187],"CeramicFish":18,"Whetstone":["Neutralize","Strike_G"],"War Paint":["Defend_G","Defend_G"],"Orichalcum":[264],"Centennial Puzzle":[3],"Shovel":0,"Turnip":[6],"Art of War":[1],"Kunai":[89],"obtain_stats":[{"Lee\u0027s Waffle":39,"Pear":40,"SacredBark":34,"CeramicFish":43,"Whetstone":0,"War Paint":8,"Orichalcum":25,"Ancient Tea Set":28,"CaptainsWheel":7,"Centennial Puzzle":42,"Shovel":9,"WristBlade":17,"Turnip":23,"Bag of Marbles":11,"Art of War":47,"Kunai":20,"Toxic Egg 2":26,"TungstenRod":12,"Unceasing Top":38,"Ring of the Snake":0},{"Lee\u0027s Waffle":19,"Pear":20,"SacredBark":16,"CeramicFish":21,"Whetstone":0,"War Paint":4,"Orichalcum":11,"Ancient Tea Set":12,"CaptainsWheel":4,"Centennial Puzzle":21,"Shovel":4,"WristBlade":8,"Turnip":10,"Bag of Marbles":4,"Art of War":23,"Kunai":9,"Toxic Egg 2":11,"TungstenRod":5,"Unceasing Top":19,"Ring of the Snake":0},{"Lee\u0027s Waffle":136,"Pear":146,"SacredBark":120,"CeramicFish":154,"Whetstone":0,"War Paint":29,"Orichalcum":86,"Ancient Tea Set":97,"CaptainsWheel":29,"Centennial Puzzle":154,"Shovel":29,"WristBlade":69,"Turnip":80,"Bag of Marbles":29,"Art of War":169,"Kunai":76,"Toxic Egg 2":86,"TungstenRod":40,"Unceasing Top":136,"Ring of the Snake":0}],"TungstenRod":47,"Unceasing Top":[3],"Ring of the Snake":[50]},"card_choices":[{"not_picked":["Deadly Poison","Outmaneuver"],"picked":"PiercingWail","floor":1},{"not_picked":["Bouncing Flask","Distraction"],"picked":"PiercingWail","floor":3},{"not_picked":["Underhanded Strike","Expertise"],"picked":"Infinite Blades","floor":5},{"not_picked":["Backflip","Outmaneuver"],"picked":"Quick Slash","floor":7},{"not_picked":["Reflex","Poisoned Stab"],"picked":"Cloak And Dagger","floor":12},{"not_picked":["Poisoned Stab","Escape Plan"],"picked":"Sucker Punch","floor":13},{"not_picked":["Slice","Acrobatics"],"picked":"Blade Dance","floor":14},{"not_picked":["Burst","Grand Finale"],"picked":"Corpse Explosion","floor":16},{"not_picked":["Bane","Dagger Spray"],"picked":"Acrobatics+1","floor":18},{"not_picked":["Deadly Poison","Choke","Quick Slash"],"picked":"SKIP","floor":23},{"not_picked":["Outmaneuver","Cloak And Dagger"],"picked":"Wraith Form v2","floor":25},{"not_picked":["Prepared+1","Blur+1"],"picked":"Blade Dance+1","floor":28},{"not_picked":["Catalyst+1","Deadly Poison+1"],"picked":"Prepared+1","floor":29},{"not_picked":["Deadly Poison+1","Terror+1"],"picked":"Calculated Gamble+1","floor":30},{"not_picked":["Underhanded Strike","Bouncing Flask+1"],"picked":"Unload","floor":31},{"not_picked":["Storm of Steel+1","Adrenaline+1"],"picked":"Wraith Form v2","floor":33},{"not_picked":["Distraction+1","Eviscerate"],"picked":"Endless Agony+1","floor":35},{"not_picked":["Bane+1","Poisoned Stab","Underhanded Strike"],"picked":"SKIP","floor":36},{"not_picked":["HandOfGreed","PanicButton+1"],"picked":"Secret Technique+1","floor":37},{"not_picked":["Outmaneuver+1","Flying Knee+1"],"picked":"Calculated Gamble+1","floor":38},{"not_picked":["Terror+1","Flying Knee+1"],"picked":"Blade Dance+1","floor":40},{"not_picked":["Blur+1","Flying Knee+1"],"picked":"Adrenaline+1","floor":42},{"not_picked":["Sucker Punch+1","Expertise+1","Finisher"],"picked":"SKIP","floor":46},{"not_picked":["Unload","All Out Attack+1","Dagger Throw+1"],"picked":"SKIP","floor":47},{"not_picked":["PiercingWail+1","Flying Knee+1","Dagger Spray+1"],"picked":"SKIP","floor":48}],"player_experience":373446,"relics_obtained":[{"floor":7,"key":"CaptainsWheel"},{"floor":9,"key":"Shovel"},{"floor":11,"key":"Bag of Marbles"},{"floor":12,"key":"TungstenRod"},{"floor":23,"key":"Turnip"},{"floor":25,"key":"Orichalcum"},{"floor":26,"key":"Toxic Egg 2"},{"floor":28,"key":"Ancient Tea Set"},{"floor":38,"key":"Unceasing Top"},{"floor":40,"key":"Pear"},{"floor":42,"key":"Centennial Puzzle"},{"floor":43,"key":"CeramicFish"},{"floor":47,"key":"Art of War"}],"event_choices":[{"cards_removed":["Strike_G"],"damage_healed":0,"gold_gain":0,"player_choice":"Card Removal","damage_taken":7,"max_hp_gain":0,"max_hp_loss":0,"event_name":"Golden Wing","floor":2,"gold_loss":0},{"damage_healed":0,"gold_gain":175,"player_choice":"AGREE","damage_taken":0,"max_hp_gain":0,"max_hp_loss":0,"event_name":"Liars Game","floor":4,"gold_loss":0,"cards_obtained":["Doubt"]},{"damage_healed":0,"gold_gain":0,"player_choice":"Relic","damage_taken":0,"max_hp_gain":0,"max_hp_loss":0,"event_name":"Wheel of Change","floor":11,"gold_loss":0},{"damage_healed":0,"gold_gain":0,"player_choice":"Shed Blood","damage_taken":18,"max_hp_gain":5,"max_hp_loss":0,"event_name":"Forgotten Altar","floor":19,"gold_loss":0},{"damage_healed":0,"gold_gain":0,"player_choice":"Opened","damage_taken":0,"relics_obtained":["Kunai"],"max_hp_gain":0,"max_hp_loss":0,"event_name":"The Mausoleum","floor":20,"gold_loss":0,"cards_obtained":["Writhe"]},{"damage_healed":25,"gold_gain":0,"player_choice":"Heal","damage_taken":0,"max_hp_gain":0,"max_hp_loss":0,"event_name":"The Library","floor":21,"gold_loss":0},{"damage_healed":0,"gold_gain":0,"player_choice":"Joined the Cult","damage_taken":6,"max_hp_gain":0,"max_hp_loss":0,"event_name":"Nest","floor":22,"gold_loss":0,"cards_obtained":["RitualDagger"]},{"damage_healed":0,"gold_gain":0,"player_choice":"Memory 1","damage_taken":0,"max_hp_gain":0,"max_hp_loss":0,"event_name":"SensoryStone","floor":37,"gold_loss":0},{"damage_healed":0,"gold_gain":0,"player_choice":"Fight","damage_taken":0,"max_hp_gain":0,"max_hp_loss":0,"event_name":"Mysterious Sphere","floor":38,"gold_loss":0}],"is_beta":false,"boss_relics":[{"not_picked":["Astrolabe","Sozu"],"picked":"WristBlade"},{"not_picked":["Pandora\u0027s Box","Coffee Dripper"],"picked":"SacredBark"}],"items_purged_floors":[8,39],"is_endless":false,"potions_floor_spawned":[3,5,23,30,31,33,35,40,46],"ascension_level":11}}