{"host":"2brg86hfzr3u5cix","time":1612709945,"event":{"mods":["AchievementEnabler","Ascension Unlocker","BaseMod","CapriCore","DeckTracker","Highlight Path","Keyboard Shortcuts","Minty Spire (QoL Compilation)","Permanent Neow","Relic Stats","StSLib","Twitch Utils","Uncapped","UnlockEverythingMod"],"gold_per_floor":[12,12,37,37,37,37,37,37,60,84,100,120,164,177,177,270,270,294,344,17,30,30,30],"floor_reached":22,"language":"KOR","playtime":648,"items_purged":["Defend_R"],"score":372,"play_id":"136d6800-8fda-40af-9d90-16870809c09b","local_time":"20210207235905","is_ascension_mode":true,"campfire_choices":[{"data":"Armaments","floor":6.0,"key":"SMITH"},{"data":"Bludgeon","floor":15,"key":"SMITH"}],"circlet_count":0,"master_deck":["AscendersBane","Strike_R","Strike_R","Strike_R","Strike_R","Defend_R","Defend_R","Defend_R","Bash","Bludgeon+1","Feel No Pain","Armaments+1","Evolve","Shrug It Off","Battle Trance","Rupture","Reaper","Combust","Whirlwind","Wild Strike"],"relics":["Burning Blood","Golden Idol","Bag of Marbles","Juzu Bracelet","Black Star","Medical Kit"],"acts_visited":["Exordium","TheCity"],"potions_floor_usage":[13,16,16],"damage_taken":[{"damage":0.0,"enemies":"Small Slimes","floor":1.0,"turns":2.0},{"damage":4.0,"enemies":"Jaw Worm","floor":3.0,"turns":4.0},{"damage":4.0,"enemies":"2 Louse","floor":10.0,"turns":4.0},{"damage":25,"enemies":"Gremlin Gang","floor":11,"turns":9},{"damage":3,"enemies":"Blue Slaver","floor":12,"turns":3},{"damage":31,"enemies":"Gremlin Nob","floor":13,"turns":4},{"damage":0,"enemies":"2 Fungi Beasts","floor":14,"turns":4},{"damage":20,"enemies":"The Guardian","floor":16,"turns":12},{"damage":39,"enemies":"Shell Parasite","floor":18,"turns":8},{"damage":22,"enemies":"2 Thieves","floor":21,"turns":5},{"damage":18,"enemies":"Snecko","floor":22,"turns":2}],"seed_played":"8684930704695596166","potions_obtained":[{"floor":1.0,"key":"SneckoOil"},{"floor":8.0,"key":"LiquidMemories"},{"floor":8.0,"key":"BloodPotion"},{"floor":13,"key":"SteroidPotion"}],"is_trial":false,"path_per_floor":["M","?","M","?","$","R","?","?","T","M","M","M","E","M","R","B",null,"M","?","$","M","M"],"character_chosen":"IRONCLAD","items_purchased":["Whirlwind","Medical Kit"],"campfire_rested":0,"item_purchase_floors":[20,20],"current_hp_per_floor":[74,48,50,50,50,50,50,50,50,52,33,36,26,32,32,18,61,28,28,28,16,0,0],"gold":30,"neow_bonus":"THREE_RARE_CARDS","is_daily":false,"chose_seed":false,"campfire_upgraded":2,"win_rate":0.0,"timestamp":1612709945,"path_taken":["M","?","M","?","$","R","?","?","T","M","M","?","E","M","R","BOSS","M","?","$","M","M"],"items_purchased_type":["Card","Relic"],"build_version":"2020-12-22","purchased_purges":1,"victory":false,"max_hp_per_floor":[75,75,75,75,75,75,75,75,75,75,75,75,75,75,75,75,75,75,75,75,75,75,75],"relic_stats":{"counters":[11,57],"Golden Idol":56,"Juzu Bracelet":0,"Black Star":0,"Medical Kit":[0],"obtain_stats":[{"Golden Idol":2,"Bag of Marbles":9,"Juzu Bracelet":13,"Black Star":17,"Medical Kit":20,"Burning Blood":0},{"Golden Idol":1,"Bag of Marbles":2,"Juzu Bracelet":6,"Black Star":8,"Medical Kit":9,"Burning Blood":0},{"Golden Idol":2,"Bag of Marbles":6,"Juzu Bracelet":26,"Black Star":42,"Medical Kit":50,"Burning Blood":0}],"Burning Blood":60},"card_choices":[{"not_picked":["Offering","Exhume"],"picked":"Bludgeon","floor":0.0},{"not_picked":["Dual Wield","Flame Barrier"],"picked":"Feel No Pain","floor":1.0},{"not_picked":["Warcry","Anger"],"picked":"Armaments","floor":3.0},{"not_picked":["Armaments","Warcry"],"picked":"Evolve","floor":10.0},{"not_picked":["True Grit","Reckless Charge"],"picked":"Shrug It Off","floor":11},{"not_picked":["Pummel","Cleave"],"picked":"Battle Trance","floor":12},{"not_picked":["Brutality","Evolve"],"picked":"Rupture","floor":13},{"not_picked":["Sword Boomerang","Shrug It Off","Heavy Blade"],"picked":"SKIP","floor":14},{"not_picked":["Barricade","Limit Break"],"picked":"Reaper","floor":16},{"not_picked":["Entrench","Wild Strike"],"picked":"Combust","floor":18},{"not_picked":["Heavy Blade","Shrug It Off"],"picked":"Wild Strike","floor":21}],"player_experience":361719,"relics_obtained":[{"floor":9.0,"key":"Bag of Marbles"},{"floor":13,"key":"Juzu Bracelet"}],"event_choices":[{"damage_healed":0.0,"max_hp_gain":0.0,"max_hp_loss":0.0,"gold_gain":0.0,"event_name":"Golden Idol","player_choice":"Take Damage","floor":2.0,"gold_loss":0.0,"damage_taken":26.0,"relics_obtained":["Golden Idol"]},{"cards_removed":["Strike_R"],"damage_healed":0.0,"max_hp_gain":0.0,"max_hp_loss":0.0,"gold_gain":0.0,"event_name":"Living Wall","player_choice":"Forget","floor":4.0,"gold_loss":0.0,"damage_taken":0.0},{"damage_healed":0.0,"max_hp_gain":0.0,"max_hp_loss":0.0,"gold_gain":0.0,"event_name":"Liars Game","player_choice":"Ignored","floor":7.0,"gold_loss":0.0,"damage_taken":0.0},{"damage_healed":0.0,"max_hp_gain":0.0,"max_hp_loss":0.0,"gold_gain":0.0,"event_name":"Lab","player_choice":"Got Potions","floor":8.0,"gold_loss":0.0,"damage_taken":0.0},{"damage_healed":0,"gold_gain":50,"player_choice":"Stole From Cult","damage_taken":0,"max_hp_gain":0,"max_hp_loss":0,"event_name":"Nest","floor":19,"gold_loss":0}],"is_beta":false,"boss_relics":[{"not_picked":["Runic Cube","SacredBark"],"picked":"Black Star"}],"items_purged_floors":[20],"is_endless":false,"potions_floor_spawned":[1,12,13,14],"killed_by":"Snecko","ascension_level":20}}