{"host":"oeh4wb93hhtrshvk","time":1612695207,"event":{"mods":["2.2 Compatiblity","AchievementEnabler","Act Like it!","Aspiration","BaseMod","Better Skull","Better Third Choice","Block Reminder","Bossed Relics","Card Filter","Colored Powertips","Conspire","Curses Come First","Defuse TimeMaze Blight","Displayed Cursed Tome","Downfall","Energized Spire","GifTheSpireLib","Hermit","Hubris","Infinite Spire","Marisa????????","Minty Spire (QoL Compilation)","Pale of the Ancients","Quick Restart","Rare Cards Sparkle","Relic Filter","Reliquary","Replay The Spire","Shop Mod","Spicy Shops","StS++","StSLib","The Blue Laboratory","The Cursed","Transform Curses","Wandering Minibosses","Weighted Paths","Wide Potions"],"gold_per_floor":[116,151,151,151,164,164,194,194,221,221,239,268,280,306,306,405,405,424,424,442,468,47,47,66,95,95,121,5,5,23,52,52,149,149,166,166,195,208,33,33,62,72,72,72,85,114,141,176,176,273,273,279,283,297,302,309,309,328,30,30,30,43,65,66,78,78,153,153,158,162,162,173,173,173,174,174,174,174,165,184,164,164,164],"floor_reached":81,"language":"FRA","playtime":20804,"items_purged":["bronze:Strike","bronze:Defend"],"score":1522,"play_id":"59d0aae0-b3db-45fc-b913-a1a7930f7a3d","local_time":"20210207115327","daily_mods":["Heirloom","DeadlyEvents"],"is_ascension_mode":false,"campfire_choices":[{"data":"bronze:HyperBeam","floor":6.0,"key":"SMITH"},{"data":"ReplayTheSpireMod:Black Plague","floor":8.0,"key":"SMITH"},{"data":"bronze:WhirlingStrike","floor":10.0,"key":"SMITH"},{"data":"bronze:HardenedForm","floor":15.0,"key":"SMITH"},{"data":"bronze:Goto","floor":23.0,"key":"SMITH"},{"data":"infinitespire:NeuralNetwork","floor":29.0,"key":"SMITH"},{"data":"bronze:BurnOut","floor":32.0,"key":"SMITH"},{"data":"bronze:BurnOut","floor":40.0,"key":"SMITH"},{"data":"bronze:Return","floor":44.0,"key":"SMITH"},{"data":"bronze:Virus","floor":57,"key":"SMITH"},{"data":"Fire Breathing","floor":66,"key":"SMITH"},{"data":"infinitespire:Punishment","floor":74,"key":"SMITH"},{"data":"bronze:Mutator","floor":76,"key":"SMITH"},{"data":"bronze:Repulsor","floor":78,"key":"SMITH"}],"circlet_count":0,"master_deck":["bronze:Strike","bronze:Strike","bronze:Strike","bronze:Defend","bronze:Defend","bronze:Defend","bronze:Replicate","bronze:Goto+1","bronze:WhirlingStrike+1","Regret","ReplayTheSpireMod:Black Plague+1","bronze:WhirlingStrike","bronze:HardenedForm+1","bronze:FindAndReplace","bronze:CloningBeam+1","bronze:Invalidate+1","Decay","bronze:ItsAFeature","bronze:BurnOut+1","infinitespire:NeuralNetwork+1","bronze:Terminator","bronze:BurnOut+1","bronze:Repulsor+1","bronze:BurnOut","bronze:Return+1","bronze:Flail+1","bronze:Virus+1","bronze:Mutator+1","Fire Breathing+1","sneckomod:DangerNoodle","infinitespire:Punishment+1","All Out Attack","Grand Finale","Neutralize"],"relics":["bronze:BronzeCore","hubris:Potato","Incense Burner","conspire:GiftBox","Du-Vu Doll","Gremlin Food","Orichalcum","Calipers","hubris:Backtick","reliquary:Conveyor","bronze:ProtectiveGoggles","Cauldron","Eternal Feather","Kunai","infinitespire:WardingShard","Chameleon Ring","infinitespire:Lychee Nut","Thread and Needle","wanderingMiniBosses:OtherGremlinHorn","Meat on the Bone","bronze:MakeshiftBattery","Spirit Poop","Torii","aspiration:HummingbirdHeart","Matryoshka","hubris:FunFungus","aspiration:ChemicalBlood","Slimebound:StickyStick","conspire:DeflatedDodgeball","Black Star","MealTicket","reliquary:QuartzCube","PrismaticShard","Oddly Smooth Stone","Toy Ornithopter","infinitespire:Broken Mirror","NlothsMask","Regal Pillow","aspiration:HiddenCompartment","Astrolabe","Potion Belt","Blood Vial","hubris:BottledHeart","infinitespire:Golems Mask","Guardian:GemstoneGun"],"acts_visited":["Exordium","TheCity","TheBeyond","TheCity"],"potions_floor_usage":[],"damage_taken":[{"damage":0.0,"enemies":"Jaw Worm","floor":1.0,"turns":5.0},{"damage":0.0,"enemies":"Small Slimes","floor":5.0,"turns":2.0},{"damage":11.0,"enemies":"Gremlin Nob","floor":7.0,"turns":3.0},{"damage":0.0,"enemies":"2 Louse","floor":11.0,"turns":2.0},{"damage":8.0,"enemies":"Lagavulin","floor":12.0,"turns":3.0},{"damage":0.0,"enemies":"Large Slime","floor":13.0,"turns":3.0},{"damage":0.0,"enemies":"Gremlin Nob","floor":14.0,"turns":2.0},{"damage":0.0,"enemies":"The Guardian","floor":16.0,"turns":9.0},{"damage":14.0,"enemies":"Spheric Guardian","floor":18.0,"turns":4.0},{"damage":4.0,"enemies":"2 Thieves","floor":20.0,"turns":3.0},{"damage":32.0,"enemies":"conspire:MimicChest","floor":21.0,"turns":8.0},{"damage":0.0,"enemies":"Centurion and Healer","floor":24.0,"turns":2.0},{"damage":0.0,"enemies":"Book of Stabbing","floor":25.0,"turns":4.0},{"damage":9.0,"enemies":"Nightmare","floor":27.0,"turns":5.0},{"damage":0.0,"enemies":"Snecko","floor":30.0,"turns":5.0},{"damage":0.0,"enemies":"Book of Stabbing","floor":31.0,"turns":3.0},{"damage":19.0,"enemies":"Automaton","floor":33.0,"turns":8.0},{"damage":0.0,"enemies":"Orb Walker","floor":35.0,"turns":1.0},{"damage":0.0,"enemies":"Nemesis","floor":37.0,"turns":3.0},{"damage":0.0,"enemies":"3 Shapes","floor":38.0,"turns":2.0},{"damage":0.0,"enemies":"Reptomancer","floor":41.0,"turns":4.0},{"damage":0.0,"enemies":"3 Darklings","floor":42.0,"turns":2.0},{"damage":0.0,"enemies":"Maw","floor":45.0,"turns":4.0},{"damage":0.0,"enemies":"Giant Head","floor":46.0,"turns":4.0},{"damage":0.0,"enemies":"R_Hoarder","floor":48.0,"turns":4.0},{"damage":0.0,"enemies":"Replay:Hell Engine","floor":50.0,"turns":5.0},{"damage":0,"enemies":"conspire:RoseBush","floor":52,"turns":1},{"damage":0,"enemies":"infinitespire:Voidling","floor":53,"turns":2},{"damage":0,"enemies":"2 Louse","floor":54,"turns":1},{"damage":1,"enemies":"Gremlin Gang","floor":55,"turns":2},{"damage":0,"enemies":"Looter","floor":56,"turns":2},{"damage":0,"enemies":"3 Sentries","floor":58,"turns":2},{"damage":0,"enemies":"Blue Slaver","floor":62,"turns":1},{"damage":0,"enemies":"Replay:BlueRogue","floor":63,"turns":2},{"damage":0,"enemies":"3 Louse","floor":64,"turns":3},{"damage":0,"enemies":"Exordium Thugs","floor":65,"turns":2},{"damage":0,"enemies":"Hexaghost","floor":67,"turns":4},{"damage":0,"enemies":"Chosen","floor":69,"turns":2},{"damage":0,"enemies":"conspire:FuzzyDice","floor":70,"turns":2},{"damage":0,"enemies":"conspire:SneckoGhost","floor":72,"turns":3},{"damage":0,"enemies":"Centurion and Healer","floor":75,"turns":3},{"damage":0,"enemies":"3 Cultists","floor":79,"turns":3},{"damage":0,"enemies":"Gremlin Leader","floor":80,"turns":2},{"damage":1,"enemies":"Nightmare","floor":81,"turns":3}],"seed_played":"-3618067777844815549","potions_obtained":[{"floor":1.0,"key":"ColorlessPotion"},{"floor":5.0,"key":"BlessingOfTheForge"},{"floor":22.0,"key":"StSpp:InhibitionPotion"},{"floor":22.0,"key":"blueLaboratory:HeartbeatPotion"},{"floor":22.0,"key":"infinitespire:BlackPotion"},{"floor":41.0,"key":"ColorlessPotion"},{"floor":48.0,"key":"Doom Potion"},{"floor":54,"key":"Explosive Potion"},{"floor":67,"key":"Slimebound:ThreeZeroPotion"},{"floor":80,"key":"BlessingOfTheForge"}],"is_trial":true,"path_per_floor":["M","?","?","?","M","R","E","R","T","R","M","E","M","E","R","B",null,"M","?","M","?","$","R","M","E","T","NM","$","R","M","E","R","B",null,"M","?","E","M","$","R","E","M","T","R","M","E","T","E","R","B",null,"M","M","M","M","M","R","E","$","T","?","M","E","M","M","R","B",null,"M","M","?","E","?","R","M","R","T","R","M","E","NM"],"character_chosen":"THE_AUTOMATON","items_purchased":["Cauldron","Eternal Feather","Kunai","Thread and Needle","PrismaticShard","Oddly Smooth Stone"],"campfire_rested":0,"item_purchase_floors":[22,22,22,28,59,59],"current_hp_per_floor":[70,70,70,53,53,53,42,42,42,42,42,34,34,34,34,34,70,56,56,52,20,20,32,32,32,32,23,23,38,44,50,52,33,52,52,52,52,52,52,52,52,52,52,52,52,52,52,52,52,52,52,52,52,52,52,52,52,52,52,52,52,52,52,52,52,52,52,52,52,52,52,52,1,1,1,1,1,1,1,1,0,0,0],"gold":164,"neow_bonus":"","is_daily":false,"chose_seed":false,"campfire_upgraded":14,"win_rate":0.0,"timestamp":1612695207,"path_taken":["M","?","?","?","M","R","E","R","T","R","?","E","?","?","R","BOSS","M","?","M","?","?","R","?","E","T","NM","$","R","M","?","R","BOSS","M","?","?","M","$","R","E","?","T","R","M","?","?","E","R","BOSS","M","?","M","?","?","R","?","$","T","?","M","?","M","?","R","BOSS","M","M","?","?","?","R","M","R","T","R","?","?","NM"],"items_purchased_type":["Relic","Relic","Relic","Relic","Relic","Relic"],"build_version":"2020-12-22","purchased_purges":2,"victory":false,"max_hp_per_floor":[70,70,70,70,70,70,70,70,70,70,70,70,70,70,70,70,70,70,70,70,70,70,70,70,70,70,52,52,52,52,52,52,52,52,52,52,52,52,52,52,52,52,52,52,52,52,52,52,52,52,52,52,52,52,52,52,52,52,52,52,52,52,52,52,52,52,52,52,52,52,52,52,1,1,1,1,1,1,1,1,1,1,1],"card_choices":[{"not_picked":["bronze:Frontload","bronze:Turbo"],"picked":"bronze:Backtrace","floor":1.0},{"not_picked":["bronze:Iterate","bronze:Constructor"],"picked":"bronze:WhirlingStrike","floor":2.0},{"not_picked":["bronze:Verify","bronze:SpaghettiCode"],"picked":"bronze:HyperBeam","floor":3.0},{"not_picked":["infinitespire:Fortify","infinitespire:TheBestDefense"],"picked":"ReplayTheSpireMod:Black Plague","floor":4.0},{"not_picked":["bronze:Iterate","bronze:Shield","bronze:Frontload"],"picked":"SKIP","floor":5.0},{"not_picked":["bronze:BitShift","bronze:DigitalCarnage","bronze:DelayedGuard"],"picked":"SKIP","floor":7.0},{"not_picked":["bronze:BronzeArmor","bronze:WildBeam","bronze:Branch"],"picked":"SKIP","floor":11.0},{"not_picked":["bronze:OilSpill","bronze:Separator"],"picked":"bronze:WhirlingStrike","floor":12.0},{"not_picked":["bronze:CutThrough","bronze:Overload"],"picked":"bronze:BronzeOrb","floor":13.0},{"not_picked":["bronze:BurnOut","bronze:WildBeam"],"picked":"bronze:HardenedForm","floor":14.0},{"not_picked":["bronze:Assembly","bronze:ThunderWave"],"picked":"bronze:FindAndReplace","floor":16.0},{"not_picked":["bronze:Overheat","bronze:Branch","bronze:WhirlingStrike"],"picked":"SKIP","floor":18.0},{"not_picked":["bronze:Overheat","bronze:BuggyMess"],"picked":"bronze:CloningBeam+1","floor":20.0},{"not_picked":["bronze:Deprecate+1","bronze:Constructor"],"picked":"bronze:Invalidate+1","floor":21.0},{"not_picked":["bronze:NullPointer+1","bronze:BuggyMess+1"],"picked":"bronze:ItsAFeature","floor":24.0},{"not_picked":["bronze:Invalidate","bronze:Constructor"],"picked":"bronze:BurnOut","floor":25.0},{"not_picked":["ReplayTheSpireMod:Echoes of Time","hubris:Fate"],"picked":"infinitespire:NeuralNetwork","floor":27.0},{"not_picked":["bronze:Deprecate","bronze:ChildClass","bronze:ClassDefault"],"picked":"SKIP","floor":27.0},{"not_picked":["bronze:DelayedSlice","bronze:Invalidate"],"picked":"bronze:Terminator","floor":30.0},{"not_picked":["bronze:Overload","bronze:Invalidate+1","bronze:Branch"],"picked":"SKIP","floor":31.0},{"not_picked":["bronze:HardenedForm","bronze:HyperBeam"],"picked":"bronze:BurnOut","floor":33.0},{"not_picked":["bronze:Allocate","bronze:Constructor"],"picked":"bronze:Repulsor","floor":35.0},{"not_picked":["bronze:WhirlingStrike+1","bronze:ItsAFeature","bronze:Overheat+1"],"picked":"SKIP","floor":37.0},{"not_picked":["bronze:Iterate","bronze:Overheat","bronze:DelayedSlice"],"picked":"SKIP","floor":38.0},{"not_picked":["bronze:BitShift+1","bronze:Frontload"],"picked":"bronze:BurnOut","floor":41.0},{"not_picked":["bronze:Iterate","bronze:Boost+1"],"picked":"bronze:Return","floor":42.0},{"not_picked":["bronze:ForceShield","bronze:Deprecate+1"],"picked":"bronze:Flail+1","floor":45.0},{"not_picked":["bronze:OilSpill","bronze:Shell+1"],"picked":"bronze:Virus","floor":46.0},{"not_picked":["bronze:WhirlingStrike","bronze:NullPointer","bronze:Flail+1"],"picked":"SKIP","floor":48.0},{"not_picked":["bronze:ShipIt","bronze:FindAndReplace"],"picked":"bronze:Mutator","floor":50.0},{"not_picked":["bronze:BugBarrage","bronze:OilSpill","bronze:Repair"],"picked":"SKIP","floor":52},{"not_picked":["bronze:Turbo","bronze:FineTuning","bronze:WildBeam"],"picked":"SKIP","floor":53},{"not_picked":["bronze:Boost","bronze:BronzeArmor","bronze:BronzeOrb"],"picked":"SKIP","floor":54},{"not_picked":["bronze:DarkDash","bronze:CutThrough","bronze:BronzeArmor"],"picked":"SKIP","floor":55},{"not_picked":["bronze:BitShift","bronze:BronzeArmor","bronze:Overload"],"picked":"SKIP","floor":56},{"not_picked":["bronze:FollowUp","bronze:Philosophize","bronze:Invalidate"],"picked":"SKIP","floor":58},{"not_picked":["sneckomod:DiceCrush","expansioncontent:LastStand","Flying Knee"],"picked":"SKIP","floor":62},{"not_picked":["hexamod:InspiringFlames","hermit:HeroicBravado","NonDirectionalLaser"],"picked":"SKIP","floor":63},{"not_picked":["sneckomod:UnknownClassDEFAULT_GRAY_COLOR","bronze:Fortify","hexamod:PhantomFireball"],"picked":"SKIP","floor":64},{"not_picked":["champ:FaceSlap","TheCursedMod:FleshFromBone"],"picked":"Fire Breathing","floor":65},{"not_picked":["Chrysalis","Slimebound:SlimeSlap"],"picked":"sneckomod:DangerNoodle","floor":67},{"not_picked":["ReplayTheSpireMod:Echoes of Time","ReplayTheSpireMod:Chaos Vortex"],"picked":"infinitespire:Punishment","floor":68},{"not_picked":["hubris:SlightOfHand","TheCursedMod:Stretching","bronze:BronzeOrb+1"],"picked":"SKIP","floor":69},{"not_picked":["Entrench","champ:SkillfulDodge","TheCursedMod:SpreadPlague"],"picked":"SKIP","floor":70},{"not_picked":["Jack Of All Trades+1","conspire:DoublingDagger+1","TheCursedMod:PrepareRite+1"],"picked":"SKIP","floor":72},{"not_picked":["hermit:Dive","hermit:BodyArmor","Dark Embrace"],"picked":"SKIP","floor":75},{"not_picked":["ChargingUp","Flechettes","Slimebound:Prepare+1"],"picked":"SKIP","floor":79},{"not_picked":["sneckomod:UnlimitedRolls","hexamod:Incineration","AsteroidBelt"],"picked":"SKIP","floor":80}],"player_experience":643594,"relics_obtained":[{"floor":2.0,"key":"Incense Burner"},{"floor":7.0,"key":"Du-Vu Doll"},{"floor":9.0,"key":"Gremlin Food"},{"floor":12.0,"key":"Orichalcum"},{"floor":14.0,"key":"Calipers"},{"floor":21.0,"key":"bronze:ProtectiveGoggles"},{"floor":25.0,"key":"infinitespire:WardingShard"},{"floor":26.0,"key":"Chameleon Ring"},{"floor":27.0,"key":"infinitespire:Lychee Nut"},{"floor":30.0,"key":"wanderingMiniBosses:OtherGremlinHorn"},{"floor":31.0,"key":"Meat on the Bone"},{"floor":37.0,"key":"Torii"},{"floor":41.0,"key":"aspiration:HummingbirdHeart"},{"floor":43.0,"key":"Matryoshka"},{"floor":46.0,"key":"hubris:FunFungus"},{"floor":47.0,"key":"aspiration:ChemicalBlood"},{"floor":47.0,"key":"Slimebound:StickyStick"},{"floor":48.0,"key":"conspire:DeflatedDodgeball"},{"floor":58,"key":"MealTicket"},{"floor":58,"key":"reliquary:QuartzCube"},{"floor":60,"key":"Toy Ornithopter"},{"floor":60,"key":"infinitespire:Broken Mirror"},{"floor":63,"key":"Regal Pillow"},{"floor":63,"key":"aspiration:HiddenCompartment"},{"floor":72,"key":"Potion Belt"},{"floor":72,"key":"Blood Vial"},{"floor":80,"key":"infinitespire:Golems Mask"},{"floor":80,"key":"Guardian:GemstoneGun"}],"event_choices":[{"damage_healed":0.0,"max_hp_gain":0.0,"max_hp_loss":0.0,"gold_gain":0.0,"event_name":"Big Fish","player_choice":"Box","floor":3.0,"gold_loss":0.0,"damage_taken":0.0,"relics_obtained":["conspire:GiftBox"],"cards_obtained":["Regret"]},{"cards_removed":["Doubt"],"damage_healed":0.0,"max_hp_gain":0.0,"max_hp_loss":0.0,"gold_gain":0.0,"event_name":"Bonfire Elementals","player_choice":"Offered Curse","floor":36.0,"gold_loss":0.0,"damage_taken":0.0,"relics_obtained":["Spirit Poop"]},{"damage_healed":0,"gold_gain":0,"player_choice":"Trade","damage_taken":0,"relics_obtained":["NlothsMask"],"max_hp_gain":0,"max_hp_loss":0,"event_name":"FaceTrader","floor":61,"gold_loss":0}],"is_beta":false,"boss_relics":[{"not_picked":["Busted Crown","conspire:RunicOctahedron"],"picked":"hubris:Backtick"},{"not_picked":["StSpp:PileOfSugar","aspiration:RunicSpoon"],"picked":"bronze:MakeshiftBattery"},{"not_picked":["StSpp:Magatama","reliquary:RedCape"],"picked":"Black Star"},{"not_picked":["expansioncontent:StudyCardRelic","reliquary:Craggleroot"],"picked":"Astrolabe"}],"items_purged_floors":[39,39],"is_endless":true,"potions_floor_spawned":[1,5,24,25,31,38,41,42,46,48,54,55,62,67,69,70,80],"killed_by":"Nightmare","ascension_level":0}}