{"host":"xltl1aroowo69o4n","time":1612671861,"event":{"mods":["BaseMod","Colored Map","Colored Powertips","Downfall","Marisa????????","Minty Spire (QoL Compilation)","StSLib","The Cursed","The Hierophant","The Mystic","The Necromancer"],"gold_per_floor":[99,109,128,139,239,514,514,198,212,222,207,307,107,133,159,277,277,277,305,319,319,337,84,111,140,173,21,21,21,46,86,96,96,96],"floor_reached":33,"language":"ENG","playtime":2391,"items_purged":["Regret"],"score":331,"play_id":"012132c5-e1c6-44a1-89ed-39aad05a95d6","local_time":"20210206232421","is_ascension_mode":false,"campfire_choices":[{"floor":1,"key":"RECALL"},{"floor":13,"key":"REST"},{"data":"BinaryStars","floor":18,"key":"SMITH"}],"circlet_count":0,"master_deck":["Strike_MRS+1","Strike_MRS+1","Strike_MRS+1","Strike_MRS+1","Defend_MRS+1","Defend_MRS+1","Defend_MRS+1","Defend_MRS+1","MasterSpark","UpSweep","PulseMagic","OortCloud","Occultation","GalacticHalo","expansioncontent:LastStand","DoubleSpark","DarkMatter","WitchOfGreed","DragonMeteor","EnergyFlow","BinaryStars+1","OortCloud","RefractionSpark+1","PropBag","SporeBomb","Chrysalis","MysteriousBeam","UnstableBomb","6A","GalacticHalo+1","ChargingUp+1","expansioncontent:QuickStudy","PowerUp","AsteroidBelt","GalacticHalo","SprinkleStarSeal"],"relics":["MiniHakkero","Pen Nib","Blood Vial","downfall:HeartBlessingRed","downfall:HeartBlessingBlue","Sozu","downfall:KnowingSkull","Oddly Smooth Stone","Orichalcum","FossilizedHelix","Sundial"],"acts_visited":["Exordium","TheCity"],"potions_floor_usage":[16,16,22,25],"damage_taken":[{"damage":0,"enemies":"2 Louse","floor":2,"turns":2},{"damage":0,"enemies":"Cultist","floor":3,"turns":3},{"damage":6,"enemies":"Jaw Worm","floor":4,"turns":3},{"damage":5,"enemies":"downfall:FleeingMerchant","floor":8,"turns":4},{"damage":8,"enemies":"2 Fungi Beasts","floor":9,"turns":5},{"damage":9,"enemies":"Lots of Slimes","floor":10,"turns":5},{"damage":8,"enemies":"downfall:FleeingMerchant","floor":11,"turns":4},{"damage":2,"enemies":"Exordium Wildlife","floor":14,"turns":5},{"damage":6,"enemies":"3 Louse","floor":15,"turns":3},{"damage":27,"enemies":"IC_STATUS_ARCHETYPE","floor":16,"turns":13},{"damage":10,"enemies":"Chosen","floor":19,"turns":4},{"damage":0,"enemies":"Spheric Guardian","floor":20,"turns":4},{"damage":1,"enemies":"Snake Plant","floor":22,"turns":4},{"damage":1,"enemies":"downfall:FleeingMerchant","floor":23,"turns":4},{"damage":3,"enemies":"Book of Stabbing","floor":25,"turns":4},{"damage":1,"enemies":"Snecko","floor":26,"turns":4},{"damage":3,"enemies":"downfall:FleeingMerchant","floor":27,"turns":4},{"damage":1,"enemies":"Shelled Parasite and Fungi","floor":30,"turns":3},{"damage":29,"enemies":"Slavers","floor":31,"turns":6},{"damage":0,"enemies":"Snake Plant","floor":32,"turns":2},{"damage":54,"enemies":"DF_ARCHETYPE_CLAW","floor":33,"turns":12}],"seed_played":"-7564099206619022099","potions_obtained":[{"floor":3,"key":"SteroidPotion"},{"floor":4,"key":"StarNLove"},{"floor":9,"key":"sneckomod:MuddlingPotion"},{"floor":14,"key":"ColorlessPotion"},{"floor":16,"key":"LiquidMemories"},{"floor":16,"key":"Swift Potion"}],"is_trial":false,"path_per_floor":["R","M","M","M","?","?","T","$","M","M","$","?","R","M","M","B",null,"R","M","M","?","M","$","T","E","M","$","?","?","M","E","M","B"],"character_chosen":"MARISA","items_purchased":["expansioncontent:LastStand","Blood Vial","Chrysalis","MysteriousBeam","UnstableBomb","expansioncontent:QuickStudy"],"campfire_rested":1,"item_purchase_floors":[8,8,23,23,23,27],"current_hp_per_floor":[75,75,75,69,69,69,69,64,58,51,45,45,80,80,76,51,85,85,75,77,72,73,74,74,73,74,73,73,73,74,47,49,0,0],"gold":96,"neow_bonus":"RANDOM_COMMON_RELIC","is_daily":false,"chose_seed":false,"campfire_upgraded":1,"win_rate":0.0,"timestamp":1612671861,"path_taken":["R","M","M","M","?","?","T","$","M","?","$","?","R","M","M","BOSS","R","M","M","?","M","$","T","E","?","$","?","?","M","E","M","BOSS"],"items_purchased_type":["Card","Relic","Card","Card","Card","Card"],"build_version":"2020-12-13","purchased_purges":1,"victory":false,"max_hp_per_floor":[75,75,75,75,75,75,75,75,75,75,75,75,85,85,85,85,85,85,85,85,85,85,85,85,85,85,85,85,85,85,85,85,85,85],"card_choices":[{"not_picked":["SporeBomb","OpenUniverse"],"picked":"PulseMagic","floor":2},{"not_picked":["Singularity","DeepEcoloBomb"],"picked":"OortCloud","floor":3},{"not_picked":["DoubleSpark","EventHorizon"],"picked":"Occultation","floor":4},{"not_picked":["AsteroidBelt","MagicChant"],"picked":"GalacticHalo","floor":8},{"not_picked":["UnstableBomb","PulseMagic"],"picked":"DoubleSpark","floor":9},{"not_picked":["StarlightTyphoon","Orbital"],"picked":"DarkMatter","floor":10},{"not_picked":["DC","MilkyWay"],"picked":"WitchOfGreed","floor":11},{"not_picked":["WitchOfGreed","Acceleration"],"picked":"DragonMeteor","floor":14},{"not_picked":["Robbery","NonDirectionalLaser"],"picked":"EnergyFlow","floor":15},{"not_picked":["JA","SuperNova"],"picked":"BinaryStars","floor":16},{"not_picked":["SuperPerseids","WitchOfGreed"],"picked":"OortCloud","floor":19},{"not_picked":["OneTimeOff","GravityBeat"],"picked":"RefractionSpark+1","floor":20},{"not_picked":["OortCloud","MeteoricShower"],"picked":"PropBag","floor":22},{"not_picked":["LuminesStrike","WitchLeyline+1"],"picked":"SporeBomb","floor":23},{"not_picked":["UnstableBomb","Occultation"],"picked":"6A","floor":25},{"not_picked":["OrrerysSun","ManaConvection"],"picked":"GalacticHalo+1","floor":26},{"not_picked":["OpenUniverse","ShootTheMoon"],"picked":"ChargingUp+1","floor":27},{"not_picked":["OpenUniverse","NonDirectionalLaser"],"picked":"AsteroidBelt","floor":30},{"not_picked":["WitchOfGreed+1","NonDirectionalLaser"],"picked":"GalacticHalo","floor":31},{"not_picked":["IllusionStar","MeteoricShower+1"],"picked":"SprinkleStarSeal","floor":32}],"player_experience":128490,"relics_obtained":[{"floor":24,"key":"Oddly Smooth Stone"},{"floor":25,"key":"Orichalcum"},{"floor":31,"key":"FossilizedHelix"}],"event_choices":[{"damage_healed":0,"gold_gain":0,"player_choice":"Read","damage_taken":0,"max_hp_gain":0,"max_hp_loss":0,"event_name":"The Library","floor":28,"gold_loss":0,"cards_obtained":["PowerUp"]},{"damage_healed":0,"gold_gain":0,"player_choice":"Simplicity","damage_taken":0,"max_hp_gain":0,"max_hp_loss":0,"event_name":"Back to Basics","floor":29,"gold_loss":0,"cards_upgraded":["Strike_MRS","Strike_MRS","Strike_MRS","Strike_MRS","Defend_MRS","Defend_MRS","Defend_MRS","Defend_MRS"]}],"is_beta":false,"boss_relics":[{"not_picked":["Velvet Choker","Empty Cage"],"picked":"Sozu"}],"items_purged_floors":[8],"is_endless":false,"potions_floor_spawned":[3,4,9,14,15,16,25,30,32],"killed_by":"DF_ARCHETYPE_CLAW","ascension_level":0}}