{"host":"nia1zwr35jsu5y7h","time":1612689946,"event":{"mods":["2.2 Compatiblity","Abigail Mod","Bard","BaseMod","Colored Map","Conspire","Downfall","Friendly Minions","Hermit","Highlight Path","Hubris","Infinite Spire","Kiyohime????","Koishi","Marisa????????","Minty Spire (QoL Compilation)","Quick Restart","Replay The Spire","Shade Mod","Shop Mod","StSLib","The Administrix","The Animator","The Construct","The Cursed","The Disciple","The Mystic","The Necromancer","The Servant 0.9.4"],"gold_per_floor":[115,115,149,163,2,36,36,62,114,139,154,154,68,83,83,83,83],"floor_reached":16,"language":"ENG","playtime":604,"items_purged":[],"score":236,"play_id":"f1d7f3a4-5600-4f17-8f54-5252b6ea042f","local_time":"20210207012546","is_ascension_mode":true,"campfire_choices":[{"data":"mysticmod:Disintegrate","floor":7,"key":"SMITH"},{"floor":15,"key":"REST"}],"circlet_count":0,"master_deck":["AscendersBane","mysticmod:Strike_Mystic","mysticmod:Strike_Mystic","mysticmod:Strike_Mystic","mysticmod:Strike_Mystic","mysticmod:Defend_Mystic","mysticmod:Defend_Mystic","mysticmod:Defend_Mystic","mysticmod:Defend_Mystic","mysticmod:ArcaneDodge","mysticmod:ShockingGrasp","mysticmod:Disintegrate+1","mysticmod:CureLightWounds","mysticmod:Fly","mysticmod:Haste+1","mysticmod:Discipline","mysticmod:PunishingArmor","mysticmod:HunkerDown","mysticmod:Fly"],"relics":["mysticmod:SpellBook","hubris:Towel","hexamod:BolsterEngine","War Paint","Bottled Flame","PreservedInsect","Bag of Marbles","Simple Rune"],"acts_visited":["Exordium"],"potions_floor_usage":[6],"damage_taken":[{"damage":0,"enemies":"Small Slimes","floor":1,"turns":2},{"damage":4,"enemies":"conspire:MimicChest","floor":3,"turns":4},{"damage":1,"enemies":"Jaw Worm","floor":4,"turns":3},{"damage":25,"enemies":"3 Sentries","floor":6,"turns":12},{"damage":30,"enemies":"Gremlin Nob","floor":8,"turns":4},{"damage":11,"enemies":"3 Sentries","floor":10,"turns":5},{"damage":0,"enemies":"2 Louse","floor":11,"turns":2},{"damage":0,"enemies":"2 Fungi Beasts","floor":14,"turns":3},{"damage":23,"enemies":"Fading Forest","floor":16,"turns":8}],"seed_played":"2548474917660918942","potions_obtained":[{"floor":3,"key":"ColorlessPotion"},{"floor":4,"key":"FairyPotion"},{"floor":11,"key":"Swift Potion"}],"is_trial":false,"path_per_floor":["M","?","?","M","$","E","R","E","T","E","M","?","$","M","R","B"],"character_chosen":"MYSTIC_CLASS","items_purchased":["mysticmod:Haste","mysticmod:HunkerDown"],"campfire_rested":1,"item_purchase_floors":[5,13],"current_hp_per_floor":[65,65,64,65,65,43,43,15,15,7,9,9,9,9,30,26,26],"gold":83,"neow_bonus":"ONE_RANDOM_RARE_CARD","is_daily":false,"chose_seed":false,"campfire_upgraded":1,"win_rate":0.0,"timestamp":1612689946,"path_taken":["M","?","?","M","$","E","R","E","T","E","M","?","$","M","R","BOSS"],"items_purchased_type":["Card","Card"],"build_version":"2020-12-22","purchased_purges":0,"victory":false,"max_hp_per_floor":[72,72,72,72,72,72,72,72,72,72,72,72,72,72,72,72,72],"card_choices":[{"not_picked":["mysticmod:MirrorStrike","mysticmod:Riposte"],"picked":"mysticmod:CureLightWounds","floor":1},{"not_picked":["mysticmod:EarthenWall","mysticmod:CorrosiveTouch"],"picked":"mysticmod:Fly","floor":4},{"not_picked":["mysticmod:Probe","mysticmod:MirrorEntity","mysticmod:DiviningBlow"],"picked":"SKIP","floor":6},{"not_picked":["mysticmod:Dedication","mysticmod:BulkUp"],"picked":"mysticmod:Discipline","floor":8},{"not_picked":["mysticmod:Sideswipe","mysticmod:Dedication"],"picked":"mysticmod:PunishingArmor","floor":10},{"not_picked":["mysticmod:PureInstinct","mysticmod:DiviningBlow","mysticmod:CorrosiveTouch"],"picked":"SKIP","floor":11},{"not_picked":["mysticmod:LightningBolt","mysticmod:Disengage"],"picked":"mysticmod:Fly","floor":14}],"player_experience":2322926,"relics_obtained":[{"floor":3,"key":"hexamod:BolsterEngine"},{"floor":6,"key":"War Paint"},{"floor":8,"key":"Bottled Flame"},{"floor":9,"key":"PreservedInsect"},{"floor":10,"key":"Bag of Marbles"},{"floor":12,"key":"Simple Rune"}],"event_choices":[],"is_beta":false,"boss_relics":[],"items_purged_floors":[],"is_endless":false,"potions_floor_spawned":[3,4,11,14],"killed_by":"Fading Forest","ascension_level":20}}