{"host":"zksvs3x2ysy9npnz","time":1612711713,"event":{"mods":["Aspiration","BaseMod","Beaked The Cultist","BetterRewards","Clockwork Mod","Colored Map","Conspire","Downfall","Halation","Highlight Path","Hubris","Infinite Spire","Jedi Mod","Magitek Elite","Minty Spire (QoL Compilation)","Permanent Neow","Quick Restart","Relic Stats","Shop Mod","StSLib","The Runesmith","The Witch"],"gold_per_floor":[116,116,127,137,137,137,137,137,160,200,125,138,138,182,182,266,266,286,259,259,276,287,287,318,318,318,318,349,349,349,100,100,183,183,199,208,208,222,242,242,270,270,323,339,69,103,120,152,152,152,152,152,74,108,108,108],"floor_reached":55,"language":"FRA","playtime":2730,"items_purged":["Runesmith:Strike_RS","Runesmith:Strike_RS","Runesmith:Strike_RS","Runesmith:Strike_RS"],"score":1404,"play_id":"7968ec4c-d235-4f12-9189-d06b08e9c308","local_time":"20210207162833","is_ascension_mode":true,"campfire_choices":[{"data":"infinitespire:SevenWalls","floor":6,"key":"SMITH"},{"data":"Runesmith:Fortify","floor":8,"key":"SMITH"},{"data":"Runesmith:EnergizedChisel","floor":13,"key":"SMITH"},{"data":"Runesmith:Grindstone","floor":15,"key":"SMITH"},{"data":"Runesmith:FrozenChisel","floor":23,"key":"SMITH"},{"data":"Runesmith:CraftFirestone","floor":25,"key":"SMITH"},{"data":"Runesmith:LithiumIon","floor":27,"key":"SMITH"},{"floor":29,"key":"RECALL"},{"data":"Runesmith:Defend_RS","floor":32,"key":"SMITH"},{"data":"Runesmith:Defend_RS","floor":40,"key":"SMITH"},{"data":"Runesmith:Defend_RS","floor":42,"key":"SMITH"}],"circlet_count":0,"master_deck":["AscendersBane","Runesmith:Defend_RS+1","Runesmith:Defend_RS+1","Runesmith:Defend_RS+1","Runesmith:Defend_RS+1","Runesmith:CraftFirestone+1","Runesmith:Fortify+1","infinitespire:SevenWalls+1","Runesmith:LithiumIon+1","Runesmith:EnergizedChisel+1","Runesmith:FrozenChisel+1","Runesmith:Grindstone+1","Runesmith:LightningRod+1","Finesse"],"relics":["Sozu","Centennial Puzzle","CeramicFish","infinitespire:WardingShard","Busted Crown","Bronze Scales","aspiration:ArtOfWarUpgrade","War Paint","Ancient Tea Set","Anchor","halation:Prosthetics","Lee\u0027s Waffle","halation:Toothbrush","Guardian:PocketSentry","jedi:Pinwheel","Omamori","infinitespire:Beetle Shell"],"acts_visited":["Exordium","TheCity","TheBeyond","TheEnding"],"potions_floor_usage":[],"damage_taken":[{"damage":4,"enemies":"Small Slimes","floor":1,"turns":4},{"damage":2,"enemies":"2 Louse","floor":3,"turns":4},{"damage":4,"enemies":"Cultist","floor":4,"turns":4},{"damage":0,"enemies":"3 Sentries","floor":10,"turns":8},{"damage":0,"enemies":"Exordium Thugs","floor":12,"turns":6},{"damage":0,"enemies":"Gremlin Nob","floor":14,"turns":4},{"damage":0,"enemies":"Hexaghost","floor":16,"turns":10},{"damage":0,"enemies":"Shell Parasite","floor":18,"turns":6},{"damage":8,"enemies":"2 Thieves","floor":19,"turns":5},{"damage":1,"enemies":"Sentry and Sphere","floor":21,"turns":6},{"damage":6,"enemies":"Shelled Parasite and Fungi","floor":22,"turns":6},{"damage":0,"enemies":"Nightmare","floor":24,"turns":9},{"damage":0,"enemies":"Book of Stabbing","floor":28,"turns":5},{"damage":0,"enemies":"Champ","floor":33,"turns":12},{"damage":24,"enemies":"3 Darklings","floor":35,"turns":6},{"damage":0,"enemies":"3 Shapes","floor":38,"turns":6},{"damage":0,"enemies":"Writhing Mass","floor":39,"turns":8},{"damage":0,"enemies":"Giant Head","floor":41,"turns":11},{"damage":0,"enemies":"3 Darklings","floor":44,"turns":10},{"damage":4,"enemies":"Reptomancer","floor":46,"turns":7},{"damage":0,"enemies":"4 Shapes","floor":47,"turns":9},{"damage":0,"enemies":"Giant Head","floor":48,"turns":10},{"damage":0,"enemies":"infinitespire:MassOfShapes","floor":50,"turns":7},{"damage":33,"enemies":"Shield and Spear","floor":54,"turns":7},{"damage":23,"enemies":"The Heart","floor":55,"turns":3}],"seed_played":"1155472817045121603","potions_obtained":[],"is_trial":false,"path_per_floor":["M","?","M","M","?","R","?","R","T","E","$","M","R","E","R","B",null,"M","M","?","M","M","R","NM","R","T","R","E","R","?","$","R","B",null,"M","AVR","?","M","M","R","E","R","T","M","$","E","M","E","R","B",null,"R","$","E","B"],"character_chosen":"RUNESMITH_CLASS","items_purchased":["Anchor","Guardian:PocketSentry","Finesse"],"campfire_rested":0,"item_purchase_floors":[31,45,53],"current_hp_per_floor":[59,42,40,36,29,29,52,52,52,52,52,52,52,52,52,52,66,66,58,58,57,51,51,51,51,51,51,51,51,51,51,51,51,35,11,42,42,42,42,42,42,42,42,42,45,41,41,41,41,44,47,47,47,14,0,0],"gold":108,"neow_bonus":"BOSS_RELIC","is_daily":false,"chose_seed":false,"campfire_upgraded":10,"win_rate":0.0,"timestamp":1612711713,"path_taken":["M","?","M","M","?","R","?","R","T","E","?","?","R","E","R","BOSS","M","M","?","M","M","R","NM","R","T","R","E","R","?","$","R","BOSS","M","AVR","?","M","M","R","E","R","T","M","$","E","M","E","R","BOSS","R","$","E","BOSS"],"items_purchased_type":["Relic","Relic","Card"],"build_version":"2020-12-22","purchased_purges":4,"victory":false,"max_hp_per_floor":[70,70,70,70,70,70,70,70,70,70,70,70,70,70,70,70,70,70,70,70,70,70,70,70,70,70,70,70,70,70,70,70,70,35,35,42,42,42,42,42,42,42,42,42,45,45,45,45,45,48,48,48,48,48,48,48],"relic_stats":{"Sozu":12,"Centennial Puzzle":[18],"Lee\u0027s Waffle":31,"Busted Crown":42,"counters":[25,172],"CeramicFish":54,"Bronze Scales":[408],"War Paint":["Runesmith:LightningRod","Runesmith:Defend_RS"],"obtain_stats":[{"Runesmith:BrokenRuby":0,"Lee\u0027s Waffle":36,"CeramicFish":10,"infinitespire:Beetle Shell":54,"Guardian:PocketSentry":45,"Omamori":48,"War Paint":26,"halation:Prosthetics":34,"jedi:Pinwheel":46,"Ancient Tea Set":28,"Sozu":0,"Centennial Puzzle":9,"Anchor":31,"Busted Crown":17,"infinitespire:WardingShard":14,"Bronze Scales":20,"aspiration:ArtOfWarUpgrade":52,"halation:Toothbrush":41,"Art of War":24},{"Runesmith:BrokenRuby":0,"Lee\u0027s Waffle":15,"CeramicFish":4,"infinitespire:Beetle Shell":24,"Guardian:PocketSentry":19,"Omamori":22,"War Paint":12,"halation:Prosthetics":14,"jedi:Pinwheel":20,"Ancient Tea Set":13,"Sozu":0,"Centennial Puzzle":3,"Anchor":13,"Busted Crown":7,"infinitespire:WardingShard":6,"Bronze Scales":9,"aspiration:ArtOfWarUpgrade":23,"halation:Toothbrush":18,"Art of War":12},{"Runesmith:BrokenRuby":0,"Lee\u0027s Waffle":95,"CeramicFish":20,"infinitespire:Beetle Shell":169,"Guardian:PocketSentry":130,"Omamori":155,"War Paint":72,"halation:Prosthetics":89,"jedi:Pinwheel":137,"Ancient Tea Set":77,"Sozu":0,"Centennial Puzzle":12,"Anchor":77,"Busted Crown":40,"infinitespire:WardingShard":30,"Bronze Scales":51,"aspiration:ArtOfWarUpgrade":162,"halation:Toothbrush":120,"Art of War":72}]},"card_choices":[{"not_picked":["Runesmith:MakeshiftArmor","Runesmith:Repurpose"],"picked":"Runesmith:Prism","floor":1},{"not_picked":["hubris:Rewind","infinitespire:Punishment"],"picked":"infinitespire:SevenWalls","floor":2},{"not_picked":["Runesmith:HeatExchange","Runesmith:RuneHurl"],"picked":"Runesmith:LithiumIon","floor":3},{"not_picked":["Runesmith:CraftObretio","Runesmith:HammerThrow"],"picked":"Runesmith:EnergizedChisel","floor":4},{"not_picked":["Runesmith:GenerateForcefield","Runesmith:BackupBattery"],"picked":"Runesmith:FrozenChisel","floor":10},{"not_picked":["Runesmith:Superposition","Runesmith:CraftMagma","Runesmith:Firewall"],"picked":"SKIP","floor":12},{"not_picked":["Runesmith:EarthShield","Runesmith:FrozenChisel"],"picked":"Runesmith:Grindstone","floor":14},{"not_picked":["Runesmith:ArcReactor","Runesmith:CraftMedicinae"],"picked":"Runesmith:LightningRod","floor":16},{"not_picked":["Runesmith:MakeshiftArmor"],"picked":"SKIP","floor":18},{"not_picked":["Runesmith:EarthShield"],"picked":"SKIP","floor":19},{"not_picked":["Runesmith:HeatedChisel"],"picked":"SKIP","floor":21},{"not_picked":["Runesmith:Prism"],"picked":"SKIP","floor":22},{"not_picked":["Runesmith:UnstableHammer"],"picked":"SKIP","floor":24},{"not_picked":["Runesmith:Grindstone"],"picked":"SKIP","floor":28},{"not_picked":[],"picked":"Runesmith:DuctTape","floor":33},{"not_picked":["Runesmith:CraftObretio"],"picked":"SKIP","floor":35},{"not_picked":["Runesmith:RuneHurl"],"picked":"SKIP","floor":38},{"not_picked":["Runesmith:CraftSpiculum+1"],"picked":"SKIP","floor":39},{"not_picked":["Runesmith:UnstableHammer"],"picked":"SKIP","floor":41},{"not_picked":["Runesmith:Grindstone"],"picked":"SKIP","floor":44},{"not_picked":["Runesmith:BackupBattery+1"],"picked":"SKIP","floor":46},{"not_picked":["Runesmith:FrozenChisel+1"],"picked":"SKIP","floor":47},{"not_picked":["Runesmith:ShiftingStrike"],"picked":"SKIP","floor":48},{"not_picked":["Runesmith:Grindstone"],"picked":"SKIP","floor":54}],"player_experience":1858867,"relics_obtained":[{"floor":9,"key":"Centennial Puzzle"},{"floor":10,"key":"CeramicFish"},{"floor":14,"key":"infinitespire:WardingShard"},{"floor":20,"key":"Bronze Scales"},{"floor":24,"key":"Art of War"},{"floor":26,"key":"War Paint"},{"floor":28,"key":"Ancient Tea Set"},{"floor":41,"key":"halation:Toothbrush"},{"floor":46,"key":"jedi:Pinwheel"},{"floor":48,"key":"Omamori"},{"floor":54,"key":"infinitespire:Beetle Shell"}],"event_choices":[{"cards_removed":["Runesmith:Prism"],"damage_healed":0,"gold_gain":0,"player_choice":"Card Removal","damage_taken":7,"max_hp_gain":0,"max_hp_loss":0,"event_name":"Golden Wing","floor":5,"gold_loss":0},{"damage_healed":23,"gold_gain":0,"player_choice":"Banana","damage_taken":0,"max_hp_gain":0,"max_hp_loss":0,"event_name":"Big Fish","floor":7,"gold_loss":0},{"damage_healed":0,"gold_gain":0,"player_choice":"Ignored","damage_taken":0,"max_hp_gain":0,"max_hp_loss":0,"event_name":"Ghosts","floor":30,"gold_loss":0},{"cards_removed":["Runesmith:DuctTape"],"damage_healed":0,"gold_gain":0,"player_choice":"Removed Power","damage_taken":0,"max_hp_gain":0,"max_hp_loss":0,"event_name":"Falling","floor":37,"gold_loss":0}],"is_beta":false,"boss_relics":[{"not_picked":["Coffee Dripper","hubris:GrandSneckoEye"],"picked":"Busted Crown"},{"not_picked":["halation:ForbiddenBikini","halation:Risk"],"picked":"halation:Prosthetics"}],"items_purged_floors":[11,31,36,45],"is_endless":false,"potions_floor_spawned":[1,3,14,16,18,24,33,39,41,44,46,54],"killed_by":"The Heart","ascension_level":13}}