{"host":"f5gffvlv6a66yqkd","time":1612684989,"event":{"mods":["2.2 Compatiblity","BaseMod","Colored Map","Custom Start","DeckTracker","Keyboard Shortcuts","Minty Spire (QoL Compilation)","Permanent Neow","Quick Restart","Relic Stats","StSLib","SuperFastMode"],"gold_per_floor":[110,210,224,235,246,246,216,216,268,32,48,67,67,67,67,138,138,152,152,202,216,226,226,141,156,180,180,180,191,210,5,5,5,5],"floor_reached":33,"language":"KOR","playtime":869,"items_purged":[],"score":578,"play_id":"b0ea3630-ca69-4e82-892c-b6811f4ec5bd","local_time":"20210207170309","is_ascension_mode":true,"campfire_choices":[{"data":"Eruption","floor":6.0,"key":"SMITH"},{"data":"Adaptation","floor":8.0,"key":"SMITH"},{"data":"SignatureMove","floor":13.0,"key":"SMITH"},{"data":"TalkToTheHand","floor":15.0,"key":"SMITH"},{"data":"Ragnarok","floor":23.0,"key":"SMITH"},{"floor":27.0,"key":"RECALL"},{"floor":32.0,"key":"REST"}],"circlet_count":0,"master_deck":["AscendersBane","Strike_P","Strike_P","Strike_P","Strike_P","Defend_P","Defend_P","Defend_P","Defend_P","Eruption+1","Vigilance","EmptyBody","Adaptation+1","Consecrate","TalkToTheHand+1","SignatureMove+1","FlurryOfBlows","FollowUp","Ragnarok+1","Vault","Fasting2","MentalFortress"],"relics":["PureWater","Centennial Puzzle","ClockworkSouvenir","VioletLotus","Enchiridion","Tiny Chest","MealTicket","Medical Kit"],"acts_visited":["Exordium","TheCity"],"potions_floor_usage":[33],"damage_taken":[{"damage":0.0,"enemies":"Cultist","floor":1.0,"turns":3.0},{"damage":14.0,"enemies":"2 Louse","floor":3.0,"turns":4.0},{"damage":2.0,"enemies":"Small Slimes","floor":4.0,"turns":4.0},{"damage":0.0,"enemies":"Blue Slaver","floor":5.0,"turns":4.0},{"damage":4.0,"enemies":"Exordium Thugs","floor":11.0,"turns":5.0},{"damage":6.0,"enemies":"Looter","floor":12.0,"turns":3.0},{"damage":0.0,"enemies":"Slime Boss","floor":16.0,"turns":8.0},{"damage":0.0,"enemies":"3 Byrds","floor":18.0,"turns":3.0},{"damage":0.0,"enemies":"Spheric Guardian","floor":21.0,"turns":2.0},{"damage":0.0,"enemies":"Cultist and Chosen","floor":22.0,"turns":3.0},{"damage":18.0,"enemies":"Centurion and Healer","floor":25.0,"turns":3.0},{"damage":0.0,"enemies":"Snecko","floor":29.0,"turns":3.0},{"damage":11.0,"enemies":"Snake Plant","floor":30.0,"turns":4.0},{"damage":32,"enemies":"Champ","floor":33,"turns":10}],"seed_played":"6976689375107957705","potions_obtained":[{"floor":1.0,"key":"CultistPotion"},{"floor":4.0,"key":"EssenceOfSteel"},{"floor":7.0,"key":"LiquidBronze"},{"floor":16.0,"key":"Swift Potion"},{"floor":18.0,"key":"LiquidMemories"},{"floor":30.0,"key":"LiquidBronze"}],"is_trial":false,"path_per_floor":["M","?","M","M","M","R","?","R","T","$","M","M","R","?","R","B",null,"M","?","?","M","M","R","?","M","T","R","?","M","M","$","R","B"],"character_chosen":"WATCHER","items_purchased":["ClockworkSouvenir","SignatureMove","Medical Kit","MentalFortress"],"campfire_rested":1,"item_purchase_floors":[10,10,31,31],"current_hp_per_floor":[61,61,47,45,45,45,45,45,45,45,41,35,35,35,35,35,60,60,39,39,39,39,39,39,21,21,21,21,21,10,25,45,13,13],"gold":5,"neow_bonus":"THREE_CARDS","is_daily":false,"chose_seed":false,"campfire_upgraded":5,"win_rate":0.0,"timestamp":1612684989,"path_taken":["M","?","?","M","M","R","?","R","T","$","?","?","R","?","R","BOSS","M","?","?","?","M","R","?","M","T","R","?","M","M","$","R","BOSS"],"items_purchased_type":["Relic","Card","Relic","Card"],"build_version":"2020-12-22","purchased_purges":0,"victory":false,"max_hp_per_floor":[68,68,68,68,68,68,68,68,68,68,68,68,68,68,68,68,68,68,68,68,68,68,68,68,68,68,68,68,68,68,68,68,68,68],"relic_stats":{"Centennial Puzzle":[15],"counters":[14,59],"Tiny Chest":0,"MealTicket":15,"VioletLotus":[3],"Medical Kit":[0],"obtain_stats":[{"Centennial Puzzle":9,"Enchiridion":19,"Tiny Chest":24,"MealTicket":26,"VioletLotus":17,"PureWater":0,"Medical Kit":31,"ClockworkSouvenir":10},{"Centennial Puzzle":4,"Enchiridion":8,"Tiny Chest":10,"MealTicket":11,"VioletLotus":7,"PureWater":0,"Medical Kit":13,"ClockworkSouvenir":4},{"Centennial Puzzle":15,"Enchiridion":34,"Tiny Chest":39,"MealTicket":42,"VioletLotus":31,"PureWater":0,"Medical Kit":49,"ClockworkSouvenir":15}]},"card_choices":[{"not_picked":["FlyingSleeves","SashWhip"],"picked":"EmptyBody","floor":0.0},{"not_picked":["SignatureMove","EmptyFist"],"picked":"Adaptation","floor":1.0},{"not_picked":["WindmillStrike","Evaluate"],"picked":"Consecrate","floor":3.0},{"not_picked":["FollowUp","Swivel"],"picked":"TalkToTheHand","floor":4.0},{"not_picked":["Evaluate","Study","JustLucky"],"picked":"SKIP","floor":5.0},{"not_picked":["Consecrate","SpiritShield"],"picked":"FlurryOfBlows","floor":11.0},{"not_picked":["Crescendo","SashWhip"],"picked":"FollowUp","floor":12.0},{"not_picked":["Blasphemy","Alpha"],"picked":"Ragnarok","floor":16.0},{"not_picked":["CutThroughFate","WreathOfFlame+1","Prostrate"],"picked":"SKIP","floor":18.0},{"not_picked":["Halt","PathToVictory","FlyingSleeves"],"picked":"SKIP","floor":21.0},{"not_picked":["Sanctity","Protect","EmptyFist"],"picked":"SKIP","floor":22.0},{"not_picked":["Tantrum","SandsOfTime+1","SignatureMove+1"],"picked":"SKIP","floor":25.0},{"not_picked":["CrushJoints","Consecrate"],"picked":"Fasting2","floor":29.0},{"not_picked":["Weave","FollowUp","EmptyMind"],"picked":"SKIP","floor":30.0}],"player_experience":1692940,"relics_obtained":[{"floor":9.0,"key":"Centennial Puzzle"},{"floor":19.0,"key":"Enchiridion"},{"floor":26.0,"key":"MealTicket"}],"event_choices":[{"damage_healed":0.0,"max_hp_gain":0.0,"max_hp_loss":0.0,"gold_gain":100.0,"event_name":"Wheel of Change","player_choice":"Gold","floor":2.0,"gold_loss":0.0,"damage_taken":0.0},{"damage_healed":0.0,"max_hp_gain":0.0,"max_hp_loss":0.0,"gold_gain":0.0,"event_name":"The Woman in Blue","player_choice":"Bought 2 Potions","floor":7.0,"gold_loss":0.0,"damage_taken":0.0},{"damage_healed":0.0,"max_hp_gain":0.0,"max_hp_loss":0.0,"gold_gain":0.0,"event_name":"Liars Game","player_choice":"Ignored","floor":14.0,"gold_loss":0.0,"damage_taken":0.0},{"damage_healed":0.0,"max_hp_gain":0.0,"max_hp_loss":0.0,"gold_gain":0.0,"event_name":"Cursed Tome","player_choice":"Obtained Book","floor":19.0,"gold_loss":0.0,"damage_taken":21.0},{"damage_healed":0.0,"max_hp_gain":0.0,"max_hp_loss":0.0,"gold_gain":50.0,"event_name":"Golden Shrine","player_choice":"Pray","floor":20.0,"gold_loss":0.0,"damage_taken":0.0},{"damage_healed":0.0,"max_hp_gain":0.0,"max_hp_loss":0.0,"gold_gain":0.0,"event_name":"Addict","player_choice":"Obtained Relic","floor":24.0,"gold_loss":85.0,"damage_taken":0.0,"relics_obtained":["Tiny Chest"]},{"damage_healed":0.0,"max_hp_gain":0.0,"max_hp_loss":0.0,"gold_gain":0.0,"event_name":"N\u0027loth","player_choice":"Ignored","floor":28.0,"gold_loss":0.0,"damage_taken":0.0}],"is_beta":false,"boss_relics":[{"not_picked":["Black Star","Sozu"],"picked":"VioletLotus"}],"items_purged_floors":[],"is_endless":false,"potions_floor_spawned":[1,4,16,18,21,30],"killed_by":"Champ","ascension_level":20}}