{"host":"5jzx1090woovszu4","time":1612739576,"event":{"mods":["BaseMod","Gremlin Mod","Minty Spire (QoL Compilation)","Spicy Shops","StSLib","TheSurvivalist","[GremlinLeader]The Maniac"],"gold_per_floor":[99,99,99,99,99,99,64,64,64,64,32,32,32,32,32,32,32,32,0,0,0,0,0,0,0,0,0,0,0,0,0,0,0,0,0,0,0,0,0,0,0,0,0,0,0,0,0,0,0,0,0,0,0,0,0],"floor_reached":56,"language":"ENG","playtime":3127,"items_purged":[],"score":1486,"play_id":"0a1cd558-c136-40f7-8c69-ba3da50ff054","local_time":"20210208001256","is_ascension_mode":true,"campfire_choices":[{"data":"maniac:UnseenTerror","floor":15,"key":"SMITH"},{"data":"maniac:Simulacrum","floor":23,"key":"SMITH"},{"data":"maniac:DashForward","floor":25,"key":"SMITH"},{"data":"maniac:Simulacrum","floor":32,"key":"SMITH"},{"data":"maniac:ExceedEnchantment","floor":41,"key":"SMITH"},{"data":"maniac:UnseenTerror","floor":45,"key":"SMITH"},{"floor":49,"key":"RECALL"},{"data":"maniac:HammerStrike","floor":52,"key":"SMITH"}],"circlet_count":0,"master_deck":["maniac:Strike","maniac:Strike","maniac:Strike","maniac:Defend","maniac:Defend","maniac:BurnBlood+1","maniac:AbyssShackle","maniac:Intimidate","maniac:ShelteringEdge+1","maniac:UnseenTerror+1","maniac:DashForward+1","maniac:HammerStrike+1","maniac:Simulacrum+1","maniac:PerceiveDanger+1","maniac:Assassinate+1","maniac:ManipulatedFaith+1","maniac:PanickyParry+1","maniac:SeeingDetails","maniac:UnseenTerror+1","maniac:Intimidate+1","maniac:WardAndDefend","maniac:Simulacrum+1","maniac:BladesInCloak+1","maniac:ExceedEnchantment+1","maniac:BladesInCloak+1"],"relics":["maniac:BrokenHorn","Ectoplasm","CaptainsWheel","Lantern","Letter Opener","Eternal Feather","Thread and Needle","Astrolabe","Prayer Wheel","Kunai","Anchor","SacredBark","Torii","Incense Burner","War Paint","Omamori","Orichalcum","Centennial Puzzle"],"acts_visited":["Exordium","TheCity","TheBeyond","TheEnding"],"potions_floor_usage":[6,30,33,42,54,54,55],"damage_taken":[{"damage":0,"enemies":"Small Slimes","floor":1,"turns":3},{"damage":1,"enemies":"2 Louse","floor":3,"turns":2},{"damage":0,"enemies":"Cultist","floor":4,"turns":3},{"damage":29,"enemies":"Lagavulin","floor":6,"turns":8},{"damage":3,"enemies":"3 Sentries","floor":8,"turns":4},{"damage":9,"enemies":"Gremlin Nob","floor":10,"turns":3},{"damage":0,"enemies":"Lagavulin","floor":12,"turns":3},{"damage":8,"enemies":"Large Slime","floor":14,"turns":4},{"damage":7,"enemies":"Slime Boss","floor":16,"turns":9},{"damage":3,"enemies":"Spheric Guardian","floor":18,"turns":4},{"damage":6,"enemies":"2 Thieves","floor":19,"turns":3},{"damage":0,"enemies":"Cultist and Chosen","floor":20,"turns":4},{"damage":0,"enemies":"Snake Plant","floor":22,"turns":3},{"damage":10,"enemies":"Slavers","floor":27,"turns":3},{"damage":4,"enemies":"3 Cultists","floor":29,"turns":3},{"damage":6,"enemies":"Book of Stabbing","floor":30,"turns":2},{"damage":5,"enemies":"Centurion and Healer","floor":31,"turns":3},{"damage":12,"enemies":"Automaton","floor":33,"turns":8},{"damage":0,"enemies":"3 Shapes","floor":35,"turns":3},{"damage":0,"enemies":"Mind Bloom Boss Battle","floor":36,"turns":3},{"damage":1,"enemies":"Orb Walker","floor":37,"turns":3},{"damage":3,"enemies":"Spire Growth","floor":39,"turns":3},{"damage":0,"enemies":"Reptomancer","floor":40,"turns":3},{"damage":0,"enemies":"Nemesis","floor":42,"turns":3},{"damage":0,"enemies":"Maw","floor":44,"turns":5},{"damage":3,"enemies":"Giant Head","floor":46,"turns":3},{"damage":28,"enemies":"Time Eater","floor":50,"turns":5},{"damage":0,"enemies":"Shield and Spear","floor":54,"turns":5},{"damage":52,"enemies":"The Heart","floor":55,"turns":6}],"seed_played":"3420342120185029607","potions_obtained":[{"floor":1,"key":"Swift Potion"},{"floor":12,"key":"BlessingOfTheForge"},{"floor":14,"key":"PowerPotion"},{"floor":27,"key":"SteroidPotion"},{"floor":31,"key":"FearPotion"},{"floor":33,"key":"Block Potion"},{"floor":37,"key":"Strength Potion"},{"floor":48,"key":"Block Potion"}],"is_trial":false,"path_per_floor":["M","?","M","M","$","E","?","E","T","E","?","E","?","M","R","B",null,"M","M","M","$","M","R","?","R","T","E","$","M","E","M","R","B",null,"M","?","M","T","M","E","R","E","T","M","R","E","$","?","R","B",null,"R","$","E","B",null],"character_chosen":"THE_MANIAC","items_purchased":[],"campfire_rested":0,"item_purchase_floors":[],"current_hp_per_floor":[80,73,72,72,72,43,63,60,60,51,51,51,51,43,52,45,80,77,71,71,71,71,80,80,80,80,70,70,66,60,55,67,55,80,80,80,79,79,76,76,80,80,80,80,80,77,77,77,80,52,80,80,80,80,28],"gold":0,"neow_bonus":"BOSS_RELIC","is_daily":false,"chose_seed":false,"campfire_upgraded":7,"win_rate":0.0,"timestamp":1612739576,"path_taken":["M","?","M","M","$","E","?","E","T","E","?","E","?","M","R","BOSS","M","M","M","?","M","R","?","R","T","E","?","M","E","M","R","BOSS","M","?","M","?","M","E","R","E","T","M","R","E","?","?","R","BOSS","R","$","E","BOSS"],"items_purchased_type":[],"build_version":"2020-12-22","purchased_purges":0,"victory":true,"max_hp_per_floor":[80,80,80,80,80,80,80,80,80,80,80,80,80,80,80,80,80,80,80,80,80,80,80,80,80,80,80,80,80,80,80,80,80,80,80,80,80,80,80,80,80,80,80,80,80,80,80,80,80,80,80,80,80,80,80],"card_choices":[{"not_picked":["maniac:SeekerKnife","maniac:MeleeStrike"],"picked":"maniac:Intimidate","floor":1},{"not_picked":["maniac:ListenToNone","maniac:SeekerKnife"],"picked":"maniac:ShelteringEdge","floor":3},{"not_picked":["maniac:BladesInCloak","maniac:Intimidate"],"picked":"maniac:UnseenTerror","floor":4},{"not_picked":["maniac:UndyingDesire","maniac:WardAndDefend"],"picked":"maniac:DashForward","floor":6},{"not_picked":["maniac:ObscuredAttack","maniac:WardAndDefend"],"picked":"maniac:HammerStrike","floor":8},{"not_picked":["maniac:SeekerKnife","maniac:SpectralFlash","maniac:ShiftingShadows"],"picked":"SKIP","floor":10},{"not_picked":["maniac:SpectralKnives","maniac:BladeEnd","maniac:BladesInCloak"],"picked":"SKIP","floor":12},{"not_picked":["maniac:Hasten","maniac:MeleeStrike","maniac:UndyingDesire"],"picked":"SKIP","floor":14},{"not_picked":["maniac:ExceedEnchantment","maniac:ShadowContact"],"picked":"maniac:Simulacrum","floor":16},{"not_picked":["maniac:ManipulatedFaith+1","maniac:UndyingDesire"],"picked":"maniac:PanickyParry+1","floor":18},{"not_picked":["maniac:Intimidate","maniac:Assassinate+1"],"picked":"maniac:SeeingDetails","floor":19},{"not_picked":["maniac:WardAndDefend","maniac:Confront","maniac:Refine"],"picked":"SKIP","floor":20},{"not_picked":["maniac:ExpectedMoves","maniac:PanickyParry+1","maniac:Confront+1"],"picked":"SKIP","floor":22},{"not_picked":["maniac:SecretBackups","maniac:RallyToMe"],"picked":"maniac:UnseenTerror","floor":27},{"not_picked":["maniac:BladeShoot","maniac:PanickyParry"],"picked":"maniac:Intimidate+1","floor":29},{"not_picked":["maniac:FindAShortcut","maniac:PanickyParry","maniac:WardAndDefend+1"],"picked":"SKIP","floor":29},{"not_picked":["maniac:BladesInCloak","maniac:SeekerKnife"],"picked":"maniac:WardAndDefend","floor":30},{"not_picked":["maniac:AllOutAttack","maniac:FindAShortcut"],"picked":"maniac:Simulacrum","floor":31},{"not_picked":["maniac:PanickyParry","maniac:MeleeStrike","maniac:ShelteringEdge"],"picked":"SKIP","floor":31},{"not_picked":["maniac:MeleeStrike","maniac:PerceiveDanger","maniac:SpectralKnives+1"],"picked":"SKIP","floor":35},{"not_picked":["maniac:PanickyParry","maniac:UndyingDesire+1","maniac:WitnessTrueSorcery"],"picked":"SKIP","floor":35},{"not_picked":["maniac:Retrospect","maniac:UndyingDesire+1"],"picked":"maniac:BladesInCloak+1","floor":37},{"not_picked":["maniac:Traceback+1","maniac:ListenToNone","maniac:UntravelledPath"],"picked":"SKIP","floor":37},{"not_picked":["maniac:PerceiveDanger+1","maniac:Retrospect","maniac:UndyingDesire"],"picked":"SKIP","floor":39},{"not_picked":["maniac:ExpectedMoves+1","maniac:UntravelledPath","maniac:AlleviatingSorcery"],"picked":"SKIP","floor":39},{"not_picked":["maniac:Refine+1","maniac:MeleeStrike"],"picked":"maniac:ExceedEnchantment","floor":40},{"not_picked":["maniac:ExpectedMoves","maniac:ObscuredAttack+1","maniac:Refine+1"],"picked":"SKIP","floor":42},{"not_picked":["maniac:MeleeStrike","maniac:PanickyParry"],"picked":"maniac:BladesInCloak+1","floor":44},{"not_picked":["maniac:BladeEnd","maniac:BladeArtist","maniac:MeleeStrike"],"picked":"SKIP","floor":44},{"not_picked":["maniac:PanickyParry+1","maniac:ListenToNone+1","maniac:SeekerKnife+1"],"picked":"SKIP","floor":46},{"not_picked":["maniac:WardAndDefend+1","maniac:Retrospect","maniac:AlleviatingSorcery"],"picked":"SKIP","floor":54}],"player_experience":611182,"relics_obtained":[{"floor":6,"key":"CaptainsWheel"},{"floor":8,"key":"Lantern"},{"floor":9,"key":"Letter Opener"},{"floor":10,"key":"Eternal Feather"},{"floor":12,"key":"Thread and Needle"},{"floor":26,"key":"Prayer Wheel"},{"floor":27,"key":"Kunai"},{"floor":30,"key":"Anchor"},{"floor":36,"key":"Torii"},{"floor":40,"key":"Incense Burner"},{"floor":42,"key":"War Paint"},{"floor":43,"key":"Omamori"},{"floor":46,"key":"Orichalcum"},{"floor":54,"key":"Centennial Puzzle"}],"event_choices":[{"cards_removed":["maniac:Defend"],"damage_healed":0,"gold_gain":0,"player_choice":"Card Removal","damage_taken":7,"max_hp_gain":0,"max_hp_loss":0,"event_name":"Golden Wing","floor":2,"gold_loss":0},{"damage_healed":20,"gold_gain":0,"player_choice":"Healed","damage_taken":0,"max_hp_gain":0,"max_hp_loss":0,"event_name":"The Cleric","floor":7,"gold_loss":35},{"damage_healed":0,"gold_gain":0,"player_choice":"Left Gold","damage_taken":0,"max_hp_gain":0,"max_hp_loss":0,"event_name":"World of Goop","floor":11,"gold_loss":32},{"damage_healed":0,"gold_gain":100,"player_choice":"Pray","damage_taken":0,"max_hp_gain":0,"max_hp_loss":0,"event_name":"Golden Shrine","floor":13,"gold_loss":0},{"damage_healed":0,"gold_gain":0,"player_choice":"Ignored","damage_taken":0,"max_hp_gain":0,"max_hp_loss":0,"event_name":"Ghosts","floor":24,"gold_loss":0},{"damage_healed":0,"gold_gain":0,"player_choice":"Fight","damage_taken":0,"max_hp_gain":0,"max_hp_loss":0,"event_name":"MindBloom","floor":36,"gold_loss":0},{"damage_healed":0,"gold_gain":0,"player_choice":"Got Potions","damage_taken":0,"max_hp_gain":0,"max_hp_loss":0,"event_name":"Lab","floor":48,"gold_loss":0}],"is_beta":false,"boss_relics":[{"not_picked":["Snecko Eye","Pandora\u0027s Box"],"picked":"Astrolabe"},{"not_picked":["Busted Crown","Empty Cage"],"picked":"SacredBark"}],"items_purged_floors":[],"is_endless":false,"potions_floor_spawned":[1,12,14,27,31,33,36,37,40],"ascension_level":1}}