{"host":"8zu1ae860u6on6cl","time":1612730068,"event":{"mods":["BaseMod","Bestiary","Minty Spire (QoL Compilation)","Relic Stats","StSLib","ojb\u0027s Better Paths Mod","ojb\u0027s Info Mod"],"gold_per_floor":[111,111,111,34,47,47,76,76,100,129,139,158,49,65,65,139,139,158,173,189,189,189,189],"floor_reached":22,"language":"ENG","playtime":1387,"items_purged":[],"score":392,"play_id":"8e8286a8-e02a-45d3-9e24-4a92cb168d3e","local_time":"20210207143428","is_ascension_mode":true,"campfire_choices":[{"data":"Bouncing Flask","floor":6,"key":"SMITH"},{"floor":8,"key":"REST"},{"floor":15,"key":"REST"}],"circlet_count":0,"master_deck":["AscendersBane","Strike_G","Defend_G","Defend_G","Defend_G","Defend_G","Defend_G","Survivor","Neutralize","Bouncing Flask+1","Noxious Fumes","Bane","Blade Dance","Acrobatics","Crippling Poison","Bane","Blade Dance","Burst","Dagger Throw+1","Tools of the Trade+1","Acrobatics+1","PiercingWail","Calculated Gamble","Leg Sweep"],"relics":["Ring of the Snake","Happy Flower","PreservedInsect","Strawberry","Astrolabe","NlothsMask"],"acts_visited":["Exordium","TheCity"],"potions_floor_usage":[12,16,22,22],"damage_taken":[{"damage":10,"enemies":"Small Slimes","floor":1,"turns":7},{"damage":0,"enemies":"2 Louse","floor":5,"turns":3},{"damage":28,"enemies":"Gremlin Nob","floor":7,"turns":4},{"damage":12,"enemies":"Lagavulin","floor":10,"turns":4},{"damage":0,"enemies":"Cultist","floor":11,"turns":3},{"damage":19,"enemies":"Exordium Thugs","floor":12,"turns":4},{"damage":6,"enemies":"2 Fungi Beasts","floor":14,"turns":3},{"damage":18,"enemies":"Slime Boss","floor":16,"turns":6},{"damage":24,"enemies":"Shell Parasite","floor":18,"turns":5},{"damage":29,"enemies":"2 Thieves","floor":19,"turns":4},{"damage":12,"enemies":"3 Cultists","floor":20,"turns":5},{"damage":4,"enemies":"Snake Plant","floor":22,"turns":3}],"seed_played":"7673439014005424152","potions_obtained":[{"floor":7,"key":"Fruit Juice"},{"floor":11,"key":"Weak Potion"},{"floor":12,"key":"LiquidBronze"},{"floor":20,"key":"AttackPotion"}],"is_trial":false,"path_per_floor":["M","?","?","$","M","R","E","R","T","E","M","M","$","M","R","B",null,"M","M","M","?","M"],"character_chosen":"THE_SILENT","items_purchased":["Noxious Fumes","CultistPotion"],"campfire_rested":2,"item_purchase_floors":[4,13],"current_hp_per_floor":[55,55,48,48,48,48,20,41,41,36,36,22,22,16,41,23,69,45,16,4,4,0,0],"gold":189,"neow_bonus":"TEN_PERCENT_HP_BONUS","is_daily":false,"chose_seed":false,"campfire_upgraded":1,"win_rate":0.0,"timestamp":1612730068,"path_taken":["M","?","?","$","M","R","E","R","T","E","M","M","$","M","R","BOSS","M","M","M","?","M"],"items_purchased_type":["Card","Potion"],"build_version":"2020-12-22","purchased_purges":0,"victory":false,"max_hp_per_floor":[72,72,72,72,72,72,72,72,72,79,79,84,84,84,84,84,84,84,84,84,84,84,84],"relic_stats":{"Happy Flower":[12],"counters":[12,51],"Astrolabe":["Dagger Throw","Tools of the Trade","Acrobatics"],"PreservedInsect":29,"obtain_stats":[{"Happy Flower":7,"Strawberry":10,"Astrolabe":17,"PreservedInsect":9,"Ring of the Snake":0,"NlothsMask":21},{"Happy Flower":3,"Strawberry":4,"Astrolabe":8,"PreservedInsect":3,"Ring of the Snake":0,"NlothsMask":11},{"Happy Flower":14,"Strawberry":18,"Astrolabe":34,"PreservedInsect":14,"Ring of the Snake":0,"NlothsMask":48}],"Ring of the Snake":[24]},"card_choices":[{"not_picked":["Flying Knee","Slice"],"picked":"Bouncing Flask","floor":1},{"not_picked":["Quick Slash","Cloak And Dagger"],"picked":"Bane","floor":5},{"not_picked":["Acrobatics","Backflip"],"picked":"Blade Dance","floor":7},{"not_picked":["Concentrate","Poisoned Stab"],"picked":"Acrobatics","floor":10},{"not_picked":["Storm of Steel","Dodge and Roll"],"picked":"Crippling Poison","floor":11},{"not_picked":["Heel Hook","PiercingWail"],"picked":"Bane","floor":12},{"not_picked":["Dagger Throw","Sucker Punch"],"picked":"Blade Dance","floor":14},{"not_picked":["Night Terror","Corpse Explosion"],"picked":"Burst","floor":16},{"not_picked":["Prepared","Dodge and Roll"],"picked":"PiercingWail","floor":18},{"not_picked":["Concentrate","Slice"],"picked":"Calculated Gamble","floor":19},{"not_picked":["Deflect","Slice"],"picked":"Leg Sweep","floor":20}],"player_experience":196478,"relics_obtained":[{"floor":7,"key":"Happy Flower"},{"floor":9,"key":"PreservedInsect"},{"floor":10,"key":"Strawberry"}],"event_choices":[{"damage_healed":0,"gold_gain":0,"player_choice":"Leave","damage_taken":0,"max_hp_gain":0,"max_hp_loss":0,"event_name":"The Cleric","floor":2,"gold_loss":0},{"cards_removed":["Strike_G"],"damage_healed":0,"gold_gain":0,"player_choice":"Card Removal","damage_taken":7,"max_hp_gain":0,"max_hp_loss":0,"event_name":"Golden Wing","floor":3,"gold_loss":0},{"damage_healed":0,"gold_gain":0,"player_choice":"Trade","damage_taken":0,"relics_obtained":["NlothsMask"],"max_hp_gain":0,"max_hp_loss":0,"event_name":"FaceTrader","floor":21,"gold_loss":0}],"is_beta":false,"boss_relics":[{"not_picked":["Fusion Hammer","Velvet Choker"],"picked":"Astrolabe"}],"items_purged_floors":[],"is_endless":false,"potions_floor_spawned":[7,11,12,20],"killed_by":"Snake Plant","ascension_level":20}}