{"host":"s41rn2jhghpwfrvz","time":1612689867,"event":{"mods":["BaseMod","Minty Spire (QoL Compilation)","Quick Restart","Relic Stats","SuperFastMode"],"gold_per_floor":[114,131,131,145,145,145,170,170,170,170,186,205,230,256,256,331,331,351,380,305,305,321,355,355,383,436,436,462,477,503,522,522,596,596,606,253,273,286,508,538,538,870,870,924,942,962,962,978,978,978,978,978,978,13,43,43],"floor_reached":57,"language":"ENG","playtime":1327,"items_purged":["Shrug It Off","Dagger Spray"],"score":3495,"play_id":"a7a7b2a5-38a5-4df0-a43e-20d2b6cf3193","local_time":"20210207112427","daily_mods":["SealedDeck","Diverse","DeadlyEvents"],"is_ascension_mode":true,"campfire_choices":[{"data":"Flex","floor":6,"key":"SMITH"},{"data":"EmptyMind","floor":8,"key":"SMITH"},{"data":"Adaptation","floor":15,"key":"SMITH"},{"data":"Turbo","floor":24,"key":"SMITH"},{"data":"Scrawl","floor":27,"key":"SMITH"},{"data":"Tantrum","floor":32,"key":"SMITH"},{"floor":41,"key":"RECALL"},{"data":"Offering","floor":47,"key":"SMITH"},{"data":"FearNoEvil","floor":49,"key":"SMITH"},{"data":"Backflip","floor":53,"key":"SMITH"}],"circlet_count":0,"master_deck":["AscendersBane","Adaptation+1","Tantrum+1","EmptyMind+1","Flex+1","Backflip+1","TalkToTheHand+1","Adaptation+1","Scrawl+1","Turbo+1","Offering+1","FearNoEvil+1","Barricade"],"relics":["Burning Blood","Darkstone Periapt","Question Card","White Beast Statue","Centennial Puzzle","Empty Cage","Red Mask","Happy Flower","PreservedInsect","Toy Ornithopter","Bottled Lightning","The Courier","Coffee Dripper","OrangePellets","Omamori","Bronze Scales","Old Coin","Gambling Chip","TheAbacus","Pen Nib","Paper Frog","Vajra","Turnip","War Paint","Mummified Hand"],"acts_visited":["Exordium","TheCity","TheBeyond","TheEnding"],"potions_floor_usage":[13,56],"damage_taken":[{"damage":0,"enemies":"2 Louse","floor":1,"turns":2},{"damage":0,"enemies":"Small Slimes","floor":2,"turns":2},{"damage":0,"enemies":"Cultist","floor":4,"turns":2},{"damage":10,"enemies":"Lagavulin","floor":7,"turns":6},{"damage":1,"enemies":"Blue Slaver","floor":11,"turns":3},{"damage":0,"enemies":"2 Fungi Beasts","floor":12,"turns":2},{"damage":0,"enemies":"3 Sentries","floor":13,"turns":2},{"damage":0,"enemies":"Gremlin Nob","floor":14,"turns":2},{"damage":5,"enemies":"Slime Boss","floor":16,"turns":6},{"damage":22,"enemies":"Spheric Guardian","floor":18,"turns":3},{"damage":6,"enemies":"Masked Bandits","floor":19,"turns":2},{"damage":22,"enemies":"2 Thieves","floor":22,"turns":3},{"damage":33,"enemies":"Slavers","floor":23,"turns":2},{"damage":0,"enemies":"Gremlin Leader","floor":25,"turns":2},{"damage":0,"enemies":"Book of Stabbing","floor":28,"turns":1},{"damage":0,"enemies":"Centurion and Healer","floor":29,"turns":1},{"damage":0,"enemies":"Gremlin Leader","floor":30,"turns":1},{"damage":0,"enemies":"3 Cultists","floor":31,"turns":1},{"damage":0,"enemies":"Champ","floor":33,"turns":3},{"damage":0,"enemies":"3 Darklings","floor":35,"turns":1},{"damage":0,"enemies":"Orb Walker","floor":37,"turns":1},{"damage":0,"enemies":"Writhing Mass","floor":38,"turns":1},{"damage":6,"enemies":"Nemesis","floor":40,"turns":1},{"damage":6,"enemies":"Reptomancer","floor":42,"turns":1},{"damage":0,"enemies":"2 Orb Walkers","floor":44,"turns":1},{"damage":0,"enemies":"Jaw Worm Horde","floor":45,"turns":1},{"damage":14,"enemies":"4 Shapes","floor":46,"turns":2},{"damage":0,"enemies":"3 Darklings","floor":48,"turns":1},{"damage":1,"enemies":"Time Eater","floor":50,"turns":2},{"damage":0,"enemies":"Donu and Deca","floor":51,"turns":1},{"damage":0,"enemies":"Shield and Spear","floor":55,"turns":1},{"damage":9,"enemies":"The Heart","floor":56,"turns":5}],"seed_played":"-7698156423118925741","potions_obtained":[{"floor":7,"key":"SteroidPotion"},{"floor":10,"key":"ElixirPotion"},{"floor":14,"key":"SkillPotion"},{"floor":16,"key":"SpeedPotion"}],"is_trial":true,"path_per_floor":["M","M","?","M","$","R","E","R","T","?","M","M","E","E","R","B",null,"M","?","$","?","M","E","R","E","T","R","E","M","E","M","R","B",null,"M","$","M","M","?","E","R","E","T","?","M","M","R","M","R","B","B",null,"R","$","E","B",null],"character_chosen":"IRONCLAD","items_purchased":["OrangePellets","Omamori","TheAbacus","Pen Nib","Paper Frog","Vajra","Turnip","War Paint"],"campfire_rested":0,"item_purchase_floors":[36,36,54,54,54,54,54,54],"current_hp_per_floor":[74,75,52,58,58,58,54,54,54,54,59,65,71,75,75,75,75,59,59,59,59,43,16,16,22,22,22,28,34,40,46,46,52,69,75,75,75,75,75,75,75,75,75,75,75,67,67,73,73,75,75,75,75,75,75,75],"gold":43,"neow_bonus":"","is_daily":false,"chose_seed":false,"campfire_upgraded":9,"win_rate":0.0,"timestamp":1612689867,"path_taken":["M","M","?","M","$","R","E","R","T","?","M","M","?","E","R","BOSS","M","?","$","?","M","E","R","E","T","R","?","M","E","M","R","BOSS","M","$","M","M","?","E","R","E","T","?","M","M","R","M","R","BOSS","BOSS","R","$","E","BOSS"],"items_purchased_type":["Relic","Relic","Relic","Relic","Relic","Relic","Relic","Relic"],"build_version":"2020-12-22","purchased_purges":2,"victory":true,"max_hp_per_floor":[75,75,75,75,75,75,75,75,75,75,75,75,75,75,75,75,75,75,75,75,75,75,75,75,75,75,75,75,75,75,75,75,75,75,75,75,75,75,75,75,75,75,75,75,75,75,75,75,75,75,75,75,75,75,75,75],"relic_stats":{"Darkstone Periapt":0,"Happy Flower":[9],"counters":[32,65],"PreservedInsect":278,"Pen Nib":[4],"War Paint":[],"Question Card":25,"Burning Blood":143,"OrangePellets":[9],"Centennial Puzzle":[29],"TheAbacus":[270],"Mummified Hand":[5],"Bronze Scales":[57],"Gambling Chip":[0],"Turnip":[2],"obtain_stats":[{"Darkstone Periapt":7,"Vajra":54,"Empty Cage":17,"Burning Blood":0,"Old Coin":42,"Centennial Puzzle":14,"TheAbacus":54,"Mummified Hand":55,"Gambling Chip":44,"Red Mask":19,"Paper Frog":54,"Happy Flower":23,"PreservedInsect":25,"The Courier":30,"Pen Nib":54,"Omamori":36,"War Paint":54,"Question Card":9,"White Beast Statue":13,"OrangePellets":36,"Bronze Scales":40,"Turnip":54,"Coffee Dripper":34,"Bottled Lightning":28,"Toy Ornithopter":26},{"Darkstone Periapt":4,"Vajra":30,"Empty Cage":9,"Burning Blood":0,"Old Coin":24,"Centennial Puzzle":8,"TheAbacus":30,"Mummified Hand":31,"Gambling Chip":25,"Red Mask":11,"Paper Frog":30,"Happy Flower":13,"PreservedInsect":14,"The Courier":17,"Pen Nib":30,"Omamori":20,"War Paint":30,"Question Card":4,"White Beast Statue":7,"OrangePellets":20,"Bronze Scales":23,"Turnip":30,"Coffee Dripper":19,"Bottled Lightning":15,"Toy Ornithopter":14},{"Darkstone Periapt":12,"Vajra":59,"Empty Cage":27,"Burning Blood":0,"Old Coin":51,"Centennial Puzzle":21,"TheAbacus":59,"Mummified Hand":60,"Gambling Chip":52,"Red Mask":32,"Paper Frog":59,"Happy Flower":37,"PreservedInsect":39,"The Courier":42,"Pen Nib":59,"Omamori":47,"War Paint":59,"Question Card":12,"White Beast Statue":19,"OrangePellets":47,"Bronze Scales":50,"Turnip":59,"Coffee Dripper":46,"Bottled Lightning":40,"Toy Ornithopter":39}],"Toy Ornithopter":5},"card_choices":[{"not_picked":["Outmaneuver","Footwork"],"picked":"TalkToTheHand","floor":1},{"not_picked":["Static Discharge","Tactician","Hello World"],"picked":"SKIP","floor":2},{"not_picked":["Ghostly Armor","Crippling Poison","Pommel Strike"],"picked":"SKIP","floor":4},{"not_picked":["PathToVictory","Spot Weakness","Acrobatics"],"picked":"SKIP","floor":7},{"not_picked":["Clash","FlyingSleeves","Armaments","EmptyBody"],"picked":"SKIP","floor":11},{"not_picked":["Sweeping Beam","Evaluate","Thunderclap","Dagger Spray"],"picked":"SKIP","floor":12},{"not_picked":["PathToVictory","Eviscerate","Unload","Steam"],"picked":"SKIP","floor":13},{"not_picked":["Power Through","Underhanded Strike","Flying Knee"],"picked":"Adaptation","floor":14},{"not_picked":["Multi-Cast","Tools of the Trade","Corpse Explosion"],"picked":"Scrawl","floor":16},{"not_picked":["Tantrum","Dropkick","Tactician","Prepared"],"picked":"SKIP","floor":18},{"not_picked":["Hemokinesis","FlurryOfBlows","Sweeping Beam","Blade Dance"],"picked":"SKIP","floor":22},{"not_picked":["Fasting2","Tempest","SashWhip"],"picked":"Turbo","floor":23},{"not_picked":["FTL","Armaments","LikeWater","CutThroughFate"],"picked":"SKIP","floor":25},{"not_picked":["Outmaneuver+1","LessonLearned","Swivel","Thunderclap"],"picked":"SKIP","floor":28},{"not_picked":["Searing Blow","Redo","Slice","Headbutt"],"picked":"SKIP","floor":29},{"not_picked":["Beam Cell","Prepared","Dropkick","Havoc"],"picked":"SKIP","floor":30},{"not_picked":["Skim","FearNoEvil","Blood for Blood","WindmillStrike"],"picked":"SKIP","floor":31},{"not_picked":["Demon Form","Wraith Form v2","MasterReality"],"picked":"Offering","floor":33},{"not_picked":["Tantrum","Steam","PathToVictory"],"picked":"FearNoEvil","floor":35},{"not_picked":["Barrage","Perfected Strike","Perseverance","EmptyBody+1"],"picked":"SKIP","floor":37},{"not_picked":["Adaptation","Flechettes+1","Indignation","Protect"],"picked":"SKIP","floor":38},{"not_picked":["Thunderclap+1","Loop","Immolate","PathToVictory"],"picked":"SKIP","floor":40},{"not_picked":["ClearTheMind+1","Wireheading+1","Consecrate","Dash"],"picked":"SKIP","floor":42},{"not_picked":["Barrage","Wallop","Sword Boomerang","Coolheaded"],"picked":"SKIP","floor":45},{"not_picked":["Armaments","Grand Finale","Stack","FlurryOfBlows"],"picked":"SKIP","floor":46},{"not_picked":["Fusion","LikeWater","Battle Trance","Protect"],"picked":"SKIP","floor":48},{"not_picked":["Force Field+1","Study","Poisoned Stab"],"picked":"Barricade","floor":55}],"player_experience":1884448,"relics_obtained":[{"floor":7,"key":"Darkstone Periapt"},{"floor":9,"key":"Question Card"},{"floor":13,"key":"White Beast Statue"},{"floor":14,"key":"Centennial Puzzle"},{"floor":19,"key":"Red Mask"},{"floor":23,"key":"Happy Flower"},{"floor":25,"key":"PreservedInsect"},{"floor":26,"key":"Toy Ornithopter"},{"floor":28,"key":"Bottled Lightning"},{"floor":30,"key":"The Courier"},{"floor":40,"key":"Bronze Scales"},{"floor":42,"key":"Old Coin"},{"floor":44,"key":"Gambling Chip"},{"floor":55,"key":"Mummified Hand"}],"event_choices":[{"damage_healed":0,"gold_gain":0,"player_choice":"Entered Light","damage_taken":23,"max_hp_gain":0,"max_hp_loss":0,"event_name":"Shining Light","floor":3,"gold_loss":0,"cards_upgraded":["TalkToTheHand","Adaptation"]},{"damage_healed":0,"gold_gain":0,"player_choice":"Got Potions","damage_taken":0,"max_hp_gain":0,"max_hp_loss":0,"event_name":"Lab","floor":10,"gold_loss":0},{"damage_healed":0,"gold_gain":0,"player_choice":"Fought Bandits","damage_taken":0,"max_hp_gain":0,"max_hp_loss":0,"event_name":"Masked Bandits","floor":19,"gold_loss":0},{"cards_removed":["Conserve Battery"],"damage_healed":0,"gold_gain":0,"player_choice":"Purged","damage_taken":0,"max_hp_gain":0,"max_hp_loss":0,"event_name":"Purifier","floor":21,"gold_loss":0},{"damage_healed":0,"gold_gain":222,"player_choice":"Wore Mask","damage_taken":0,"max_hp_gain":0,"max_hp_loss":0,"event_name":"Tomb of Lord Red Mask","floor":39,"gold_loss":0},{"damage_healed":0,"gold_gain":0,"player_choice":"Fight","damage_taken":0,"max_hp_gain":0,"max_hp_loss":0,"event_name":"Mysterious Sphere","floor":44,"gold_loss":0}],"is_beta":false,"boss_relics":[{"not_picked":["Sozu","Snecko Eye"],"picked":"Empty Cage"},{"not_picked":["Black Blood","Black Star"],"picked":"Coffee Dripper"}],"items_purged_floors":[20,36],"is_endless":false,"potions_floor_spawned":[7,11,14,16,18,19,22,23,25,28,29,30,31,33,35,37,38,40,42,44,45,46,48,55],"ascension_level":20}}