{"host":"1poy056mauca3bbh","time":1612729940,"event":{"mods":["Ascension Unlocker","BaseMod","Bestiary","Block Reminder","Colored Map","Colored Powertips","Curses Come First","Highlight Path","Minty Spire (QoL Compilation)","Permanent Neow","Quick Restart","Rare Cards Sparkle","Relic Stats","Smile Girya","StSLib","UnlockEverythingMod"],"gold_per_floor":[116,266,276,241,65,92,92,92,92,122,122,122,122],"floor_reached":12,"language":"ENG","playtime":370,"items_purged":["Doubt"],"score":168,"play_id":"cfdc4e3a-2a9c-49de-aba2-421bd04c62de","local_time":"20210207153220","is_ascension_mode":true,"campfire_choices":[{"floor":7,"key":"REST"}],"circlet_count":0,"master_deck":["AscendersBane","Strike_B","Strike_B","Strike_B","Strike_B","Defend_B","Defend_B","Defend_B","Defend_B","Zap","Dualcast","Cold Snap","Rebound","Capacitor","Barrage","Cold Snap","White Noise"],"relics":["Runic Pyramid","Smiling Mask","Centennial Puzzle","Toy Ornithopter"],"acts_visited":["Exordium"],"potions_floor_usage":[6,10],"damage_taken":[{"damage":4.0,"enemies":"Small Slimes","floor":1.0,"turns":4.0},{"damage":12.0,"enemies":"Jaw Worm","floor":3.0,"turns":4.0},{"damage":59,"enemies":"Gremlin Nob","floor":6,"turns":5},{"damage":26,"enemies":"3 Sentries","floor":10,"turns":8},{"damage":1,"enemies":"Lagavulin","floor":12,"turns":2}],"seed_played":"8972405648909646737","potions_obtained":[{"floor":3.0,"key":"SpeedPotion"},{"floor":6,"key":"Explosive Potion"}],"is_trial":false,"path_per_floor":["M","?","M","?","$","E","R","?","T","E","?","E"],"character_chosen":"DEFECT","items_purchased":["Capacitor","Barrage"],"campfire_rested":1,"item_purchase_floors":[5,5],"current_hp_per_floor":[60,60,48,65,65,6,27,27,27,1,1,0,0],"gold":122,"neow_bonus":"BOSS_RELIC","is_daily":false,"chose_seed":false,"campfire_upgraded":0,"win_rate":0.0,"timestamp":1612729940,"path_taken":["M","?","M","?","$","E","R","?","T","E","?","E"],"items_purchased_type":["Card","Card"],"build_version":"2020-12-22","purchased_purges":1,"victory":false,"max_hp_per_floor":[71,71,71,71,71,71,71,71,71,71,71,71,71],"relic_stats":{"Centennial Puzzle":[3],"counters":[5,23],"Smiling Mask":0,"obtain_stats":[{"Centennial Puzzle":9,"Cracked Core":0,"Smiling Mask":6,"Toy Ornithopter":10,"Runic Pyramid":0},{"Centennial Puzzle":3,"Cracked Core":0,"Smiling Mask":3,"Toy Ornithopter":4,"Runic Pyramid":0},{"Centennial Puzzle":13,"Cracked Core":0,"Smiling Mask":13,"Toy Ornithopter":21,"Runic Pyramid":0}],"Toy Ornithopter":0},"card_choices":[{"not_picked":["Barrage","Stack"],"picked":"Cold Snap","floor":1.0},{"not_picked":["Steam","Stack"],"picked":"Rebound","floor":3.0},{"not_picked":["Lockon","Sweeping Beam"],"picked":"Cold Snap","floor":6},{"not_picked":["Sunder","Rebound"],"picked":"White Noise","floor":10}],"player_experience":133043,"relics_obtained":[{"floor":6,"key":"Smiling Mask"},{"floor":9,"key":"Centennial Puzzle"},{"floor":10,"key":"Toy Ornithopter"}],"event_choices":[{"damage_healed":0.0,"max_hp_gain":0.0,"max_hp_loss":0.0,"gold_gain":150.0,"event_name":"Liars Game","player_choice":"AGREE","floor":2.0,"gold_loss":0.0,"damage_taken":0.0,"cards_obtained":["Doubt"]},{"damage_healed":17.0,"max_hp_gain":0.0,"max_hp_loss":0.0,"gold_gain":0.0,"event_name":"The Cleric","player_choice":"Healed","floor":4.0,"gold_loss":35.0,"damage_taken":0.0},{"damage_healed":0,"gold_gain":0,"player_choice":"Ignored","damage_taken":0,"max_hp_gain":0,"max_hp_loss":0,"event_name":"Golden Idol","floor":8,"gold_loss":0},{"damage_healed":0,"gold_gain":0,"player_choice":"0 cards matched","damage_taken":0,"max_hp_gain":0,"max_hp_loss":0,"event_name":"Match and Keep!","floor":11,"gold_loss":0,"cards_obtained":[]}],"is_beta":false,"boss_relics":[],"items_purged_floors":[5],"is_endless":false,"potions_floor_spawned":[3,6],"killed_by":"Lagavulin","ascension_level":20}}