{"host":"d52brwsy6af8zvaq","time":1612668588,"event":{"mods":["AchievementEnabler","BaseMod","Bestiary","Highlight Path","Minty Spire (QoL Compilation)","Quick Restart","Relic Stats","ojb\u0027s Better Paths Mod"],"gold_per_floor":[214,234,248,248,10,53,53,84,84,134,134,173,191,214,214,307,307,327,3,3,26,41,41,74,95,164,164,164],"floor_reached":27,"language":"ENG","playtime":1155,"items_purged":["Strike_B","Strike_B"],"score":506,"play_id":"6d816740-4198-4b2b-9d57-026035ae0395","local_time":"20210206202948","is_ascension_mode":true,"campfire_choices":[{"data":"Sunder","floor":7.0,"key":"SMITH"},{"floor":11.0,"key":"REST"},{"data":"Zap","floor":15.0,"key":"SMITH"},{"floor":23,"key":"REST"}],"circlet_count":0,"master_deck":["AscendersBane","Strike_B","Strike_B","Defend_B","Defend_B","Defend_B","Defend_B","Zap+1","Dualcast","Chill","Sunder+1","Rebound","Glacier","Multi-Cast","Sweeping Beam","Ball Lightning","Creative AI","Steam","Apotheosis","Ball Lightning","White Noise","Turbo","Chaos","Echo Form"],"relics":["Cracked Core","Golden Idol","Membership Card","Ancient Tea Set","White Beast Statue","Bag of Marbles","StrikeDummy","Black Star","CaptainsWheel","Juzu Bracelet","Tiny Chest","Symbiotic Virus"],"acts_visited":["Exordium","TheCity"],"potions_floor_usage":[22,24,27,27],"damage_taken":[{"damage":7.0,"enemies":"Jaw Worm","floor":1.0,"turns":4.0},{"damage":5.0,"enemies":"Small Slimes","floor":2.0,"turns":3.0},{"damage":0.0,"enemies":"Cultist","floor":3.0,"turns":3.0},{"damage":14.0,"enemies":"Lagavulin","floor":6.0,"turns":11.0},{"damage":32.0,"enemies":"Gremlin Nob","floor":8.0,"turns":4.0},{"damage":1.0,"enemies":"3 Sentries","floor":12.0,"turns":6.0},{"damage":0.0,"enemies":"Lots of Slimes","floor":13.0,"turns":2.0},{"damage":0.0,"enemies":"Exordium Thugs","floor":14.0,"turns":4.0},{"damage":13.0,"enemies":"Slime Boss","floor":16.0,"turns":8.0},{"damage":10.0,"enemies":"3 Byrds","floor":18.0,"turns":6.0},{"damage":2.0,"enemies":"Shell Parasite","floor":21.0,"turns":6.0},{"damage":10,"enemies":"Snecko","floor":22,"turns":4},{"damage":25,"enemies":"Slavers","floor":24,"turns":8},{"damage":1,"enemies":"Centurion and Healer","floor":25,"turns":8},{"damage":22,"enemies":"Book of Stabbing","floor":27,"turns":4}],"seed_played":"-4256375168657596319","potions_obtained":[{"floor":1.0,"key":"FearPotion"},{"floor":2.0,"key":"SkillPotion"},{"floor":12.0,"key":"Block Potion"},{"floor":13.0,"key":"Swift Potion"},{"floor":14.0,"key":"Swift Potion"},{"floor":16.0,"key":"Block Potion"},{"floor":18.0,"key":"DuplicationPotion"},{"floor":21.0,"key":"GamblersBrew"},{"floor":22,"key":"Block Potion"},{"floor":24,"key":"FocusPotion"},{"floor":25,"key":"Swift Potion"}],"is_trial":false,"path_per_floor":["M","M","M","?","$","E","R","E","T","?","R","E","M","M","R","B",null,"M","$","$","M","M","R","E","M","T","E"],"character_chosen":"DEFECT","items_purchased":["Membership Card","Glacier","Apotheosis","CaptainsWheel","Ball Lightning"],"campfire_rested":2,"item_purchase_floors":[5,5,19,19,19],"current_hp_per_floor":[57,52,52,52,52,38,38,6,6,6,25,24,24,24,24,11,51,41,41,41,39,29,48,23,22,22,0,0],"gold":164,"neow_bonus":"HUNDRED_GOLD","is_daily":false,"chose_seed":false,"campfire_upgraded":2,"win_rate":0.0,"timestamp":1612668588,"path_taken":["M","M","M","?","$","E","R","E","T","?","R","E","M","?","R","BOSS","M","?","$","M","M","R","E","M","T","E"],"items_purchased_type":["Relic","Card","Card","Relic","Card"],"build_version":"2020-12-22","purchased_purges":2,"victory":false,"max_hp_per_floor":[71,71,71,64,64,64,64,64,64,64,64,64,64,64,64,64,64,64,64,64,64,64,64,64,64,64,64,64],"relic_stats":{"counters":[15,81],"Golden Idol":74,"Tiny Chest":0,"Black Star":1,"Juzu Bracelet":0,"obtain_stats":[{"CaptainsWheel":19,"Golden Idol":4,"Tiny Chest":24,"Bag of Marbles":9,"Black Star":17,"Juzu Bracelet":24,"Membership Card":5,"Cracked Core":0,"Ancient Tea Set":6,"StrikeDummy":12,"Symbiotic Virus":26,"White Beast Statue":8},{"CaptainsWheel":10,"Golden Idol":3,"Tiny Chest":13,"Bag of Marbles":5,"Black Star":9,"Juzu Bracelet":13,"Membership Card":3,"Cracked Core":0,"Ancient Tea Set":4,"StrikeDummy":6,"Symbiotic Virus":14,"White Beast Statue":5},{"CaptainsWheel":51,"Golden Idol":10,"Tiny Chest":69,"Bag of Marbles":25,"Black Star":45,"Juzu Bracelet":69,"Membership Card":10,"Cracked Core":0,"Ancient Tea Set":21,"StrikeDummy":31,"Symbiotic Virus":77,"White Beast Statue":25}]},"card_choices":[{"not_picked":["Rebound","Steam"],"picked":"Chill","floor":1.0},{"not_picked":["Static Discharge","Stack"],"picked":"Sunder","floor":2.0},{"not_picked":["Compile Driver","Stack"],"picked":"Rebound","floor":3.0},{"not_picked":["Beam Cell","Coolheaded"],"picked":"Multi-Cast","floor":6.0},{"not_picked":["Meteor Strike","Streamline","Compile Driver"],"picked":"SKIP","floor":8.0},{"not_picked":["Redo","Turbo"],"picked":"Sweeping Beam","floor":12.0},{"not_picked":["Double Energy","Storm"],"picked":"Ball Lightning","floor":13.0},{"not_picked":["Hyperbeam","Hello World","Scrape"],"picked":"SKIP","floor":14.0},{"not_picked":["Machine Learning","Reboot"],"picked":"Creative AI","floor":16.0},{"not_picked":["Redo","Scrape"],"picked":"Steam","floor":18.0},{"not_picked":["Redo","Skim"],"picked":"White Noise","floor":21.0},{"not_picked":["Hologram","Sweeping Beam"],"picked":"Turbo","floor":22},{"not_picked":["White Noise","Hologram"],"picked":"Chaos","floor":24},{"not_picked":["Hologram+1","Leap"],"picked":"Echo Form","floor":25}],"player_experience":2174221,"relics_obtained":[{"floor":6.0,"key":"Ancient Tea Set"},{"floor":8.0,"key":"White Beast Statue"},{"floor":9.0,"key":"Bag of Marbles"},{"floor":12.0,"key":"StrikeDummy"},{"floor":24,"key":"Juzu Bracelet"},{"floor":24,"key":"Tiny Chest"},{"floor":26,"key":"Symbiotic Virus"}],"event_choices":[{"damage_healed":0.0,"max_hp_gain":0.0,"max_hp_loss":7.0,"gold_gain":0.0,"event_name":"Golden Idol","player_choice":"Lose Max HP","floor":4.0,"gold_loss":0.0,"damage_taken":0.0,"relics_obtained":["Golden Idol"]},{"damage_healed":0.0,"max_hp_gain":0.0,"max_hp_loss":0.0,"gold_gain":50.0,"event_name":"Golden Shrine","player_choice":"Pray","floor":10.0,"gold_loss":0.0,"damage_taken":0.0}],"is_beta":false,"boss_relics":[{"not_picked":["Velvet Choker","Coffee Dripper"],"picked":"Black Star"}],"items_purged_floors":[5,19],"is_endless":false,"potions_floor_spawned":[1,2,12,13,14,16,18,21,22,24,25],"killed_by":"Book of Stabbing","ascension_level":20}}