{"host":"oehe2dxjvdgux73m","time":1612704326,"event":{"mods":["AchievementEnabler","BaseMod","Colored Map","Colored Powertips","DeckTracker","Keyboard Shortcuts","Minty Spire (QoL Compilation)","Permanent Neow","Quick Restart","StSLib","SuperFastMode"],"gold_per_floor":[219,236,248,7,23,23,23,53,103,103,113,133,147,147,147,224,224,237,237,249,174,186,186,131,131,131],"floor_reached":25,"language":"KOR","playtime":572,"items_purged":["Defend_R"],"score":379,"play_id":"c1837b84-4b63-400b-8642-5d41bcdc7bb5","local_time":"20210207222526","is_ascension_mode":true,"campfire_choices":[{"data":"Perfected Strike","floor":6.0,"key":"SMITH"},{"data":"Armaments","floor":10.0,"key":"SMITH"},{"data":"Shockwave","floor":15.0,"key":"SMITH"},{"data":"Juggernaut","floor":23.0,"key":"SMITH"}],"circlet_count":0,"master_deck":["AscendersBane","Strike_R","Strike_R","Strike_R","Strike_R","Defend_R","Defend_R","Bash","Clothesline","Perfected Strike+1","Armaments+1","Shrug It Off","Fiend Fire+1","Shockwave+1","Juggernaut+1","Burning Pact"],"relics":["Burning Blood","Centennial Puzzle","Ornamental Fan","Regal Pillow","Runic Pyramid","Mummified Hand"],"acts_visited":["Exordium","TheCity"],"potions_floor_usage":[25],"damage_taken":[{"damage":6.0,"enemies":"2 Louse","floor":1.0,"turns":3.0},{"damage":6.0,"enemies":"Cultist","floor":2.0,"turns":3.0},{"damage":7.0,"enemies":"Jaw Worm","floor":3.0,"turns":3.0},{"damage":7.0,"enemies":"Red Slaver","floor":5.0,"turns":5.0},{"damage":17.0,"enemies":"Lagavulin","floor":8.0,"turns":6.0},{"damage":7.0,"enemies":"Large Slime","floor":11.0,"turns":5.0},{"damage":9.0,"enemies":"Looter","floor":12.0,"turns":3.0},{"damage":11.0,"enemies":"Exordium Thugs","floor":13.0,"turns":5.0},{"damage":28.0,"enemies":"Slime Boss","floor":16.0,"turns":4.0},{"damage":1.0,"enemies":"3 Byrds","floor":18.0,"turns":6.0},{"damage":0.0,"enemies":"Spheric Guardian","floor":20.0,"turns":3.0},{"damage":6.0,"enemies":"Snake Plant","floor":22.0,"turns":2.0},{"damage":73,"enemies":"Slavers","floor":25,"turns":5}],"seed_played":"146422417819838912","potions_obtained":[{"floor":2.0,"key":"Explosive Potion"},{"floor":8.0,"key":"Dexterity Potion"}],"is_trial":false,"path_per_floor":["M","M","M","$","M","R","?","E","T","R","M","M","M","?","R","B",null,"M","T","M","?","M","R","$","E"],"character_chosen":"IRONCLAD","items_purchased":["Centennial Puzzle","BloodPotion"],"campfire_rested":0,"item_purchase_floors":[4,24],"current_hp_per_floor":[68,68,67,67,66,66,66,55,55,55,54,51,46,46,46,24,62,67,67,73,73,73,73,73,15,15],"gold":131,"neow_bonus":"HUNDRED_GOLD","is_daily":false,"chose_seed":false,"campfire_upgraded":4,"win_rate":0.0,"timestamp":1612704326,"path_taken":["M","M","M","$","M","R","?","E","T","R","M","M","?","?","R","BOSS","M","?","M","?","M","R","$","E"],"items_purchased_type":["Relic","Potion"],"build_version":"2020-12-22","purchased_purges":1,"victory":false,"max_hp_per_floor":[75,75,75,75,75,75,75,75,75,75,75,75,75,75,75,75,75,75,75,75,75,75,75,75,75,75],"card_choices":[{"not_picked":["Thunderclap","Spot Weakness"],"picked":"Clothesline","floor":1.0},{"not_picked":["Intimidate","Twin Strike"],"picked":"Perfected Strike","floor":2.0},{"not_picked":["Anger","Dual Wield"],"picked":"Armaments","floor":3.0},{"not_picked":["Anger","Uppercut","Iron Wave"],"picked":"SKIP","floor":5.0},{"not_picked":["Armaments","Sever Soul","Ghostly Armor"],"picked":"SKIP","floor":8.0},{"not_picked":["Armaments","Sever Soul","Ghostly Armor"],"picked":"SKIP","floor":8.0},{"not_picked":["Reckless Charge","Bloodletting","True Grit"],"picked":"SKIP","floor":11.0},{"not_picked":["Cleave","Dark Embrace"],"picked":"Fiend Fire","floor":12.0},{"not_picked":["True Grit","Flex"],"picked":"Shockwave","floor":13.0},{"not_picked":["Feed","Reaper"],"picked":"Juggernaut","floor":16.0},{"not_picked":["Infernal Blade","Wild Strike","Warcry"],"picked":"SKIP","floor":18.0},{"not_picked":["Metallicize","Warcry","Combust"],"picked":"SKIP","floor":20.0},{"not_picked":["Combust","Clothesline"],"picked":"Burning Pact","floor":22.0}],"player_experience":410647,"relics_obtained":[{"floor":8.0,"key":"Ornamental Fan"},{"floor":9.0,"key":"Regal Pillow"},{"floor":19.0,"key":"Mummified Hand"}],"event_choices":[{"damage_healed":0.0,"max_hp_gain":0.0,"max_hp_loss":0.0,"gold_gain":0.0,"cards_transformed":["Defend_R"],"event_name":"Transmorgrifier","player_choice":"Transformed","floor":7.0,"gold_loss":0.0,"damage_taken":0.0,"cards_obtained":["Shrug It Off"]},{"damage_healed":0.0,"max_hp_gain":0.0,"max_hp_loss":0.0,"gold_gain":0.0,"event_name":"Accursed Blacksmith","player_choice":"Forge","floor":14.0,"gold_loss":0.0,"damage_taken":0.0,"cards_upgraded":["Fiend Fire"]},{"cards_removed":["Strike_R"],"damage_healed":0.0,"max_hp_gain":0.0,"max_hp_loss":0.0,"gold_gain":0.0,"event_name":"Beggar","player_choice":"Gave Gold","floor":21.0,"gold_loss":75.0,"damage_taken":0.0}],"is_beta":false,"boss_relics":[{"not_picked":["Coffee Dripper","Tiny House"],"picked":"Runic Pyramid"}],"items_purged_floors":[4],"is_endless":false,"potions_floor_spawned":[2,8],"killed_by":"Slavers","ascension_level":17}}