{"host":"xc18ixkpjvqrt8st","time":1612666150,"event":{"mods":["Act Like it!","BaseMod","Better Match","Better Third Choice","Conspire","Downfall","Hallownest","Hermit","Hubris","Infinite Spire","Minty Spire (QoL Compilation)","Reliquary","Replay The Spire","Robot Space Explorer","Shop Mod","Spicy Shops","Spire Arcade","StSLib","The Animator","The Edgeheg","The Jungle","The Marked","The Sage"],"gold_per_floor":[126,126,126,140,152,166,185,227,227,252,252,252,303,313,313,432,432,443,443,443,38,38,38,66,11,11,11,11,11,30,30,30,45,45,146,146,163,181,181,191,243,243,256,269,293,311,330,355,355,355,355,471,521,521],"floor_reached":53,"language":"ENG","playtime":1925,"items_purged":["Sickly","downfall:Bewildered"],"score":566,"play_id":"10e7210a-b4b8-49f9-8682-319166924fa4","local_time":"20210206204910","is_ascension_mode":false,"campfire_choices":[{"floor":12.0,"key":"REST"},{"floor":15.0,"key":"REST"},{"floor":23.0,"key":"RECALL"},{"floor":34.0,"key":"REST"},{"data":"animator:Boros","floor":42.0,"key":"SMITH"},{"floor":49.0,"key":"REST"},{"floor":51.0,"key":"REST"}],"circlet_count":0,"master_deck":["animator:Strike_Katanagatari","animator:Defend_Katanagatari+1","animator:Strike","animator:Strike","animator:Strike+1","animator:Defend","animator:Defend","animator:Defend","animator:Azekura","animator:Emonzaemon+1","animator:UneriGinkaku+1","animator:Shigure","animator:GazelDwargon","animator:KrulTepes","animator:Shichika","animator:Togame","animator:ItamiYouji","animator:Konayuki","animator:Biyorigo","AbeCurse","animator:MumenRider","Clumsy","hubris:Fate","animator:Cirno","animator:Jibril","animator:Yuuichirou","animator:Yuuichirou","animator:HinaKagiyama","animator:Curse_Dizziness","animator:ZankiKiguchi+1","hubris:Fate","animator:Konayuki","animator:Boros+1","animator:Yoichi","animator:Gillette","Pain","animator:YaoHaDucy+1","animator:DwarfShaman","animator:MumenRider+1","animator:MetalKnight","animator:Witch+1","animator:DolaStephanie","animator:Shinoa","animator:Konayuki","animator:Shiro","animator:Kaijin+1"],"relics":["animator:LivingPicture","animator:TheMissingPiece","NeowsBlessing","hubris:Metronome","Anchor","infinitespire:CheckeredPen","Gremlin Horn","Abe\u0027s Treasure","TungstenRod","reliquary:HotPoker","sneckomod:BabySnecko","Darkstone Periapt","BargainBundle","Mark of Pain","WarpedTongs","ReplayTheSpireMod:Shallot","animator:OldCoffin","ReplayTheSpireMod:Ring of Collecting","Tiny House"],"acts_visited":["Exordium","TheCity","TheBeyond"],"potions_floor_usage":[],"damage_taken":[{"damage":0.0,"enemies":"2 Louse","floor":1.0,"turns":1.0},{"damage":0.0,"enemies":"Jaw Worm","floor":4.0,"turns":1.0},{"damage":0.0,"enemies":"Cultist","floor":5.0,"turns":1.0},{"damage":6.0,"enemies":"Gremlin Gang","floor":6.0,"turns":4.0},{"damage":4.0,"enemies":"Large Slime","floor":7.0,"turns":5.0},{"damage":0.0,"enemies":"Gremlin Nob","floor":8.0,"turns":2.0},{"damage":0.0,"enemies":"Looter","floor":10.0,"turns":2.0},{"damage":0.0,"enemies":"conspire:2 RoseBushes","floor":14.0,"turns":1.0},{"damage":55.0,"enemies":"The Guardian","floor":16.0,"turns":13.0},{"damage":14.0,"enemies":"Spheric Guardian","floor":18.0,"turns":4.0},{"damage":0.0,"enemies":"conspire:FuzzyDice","floor":24.0,"turns":4.0},{"damage":9.0,"enemies":"Sentry and Sphere","floor":30.0,"turns":3.0},{"damage":17.0,"enemies":"Shelled Parasite and Fungi","floor":33.0,"turns":3.0},{"damage":19.0,"enemies":"Champ","floor":35.0,"turns":5.0},{"damage":0.0,"enemies":"Orb Walker","floor":37.0,"turns":2.0},{"damage":0.0,"enemies":"3 Shapes","floor":38.0,"turns":2.0},{"damage":2.0,"enemies":"Writhing Mass","floor":40.0,"turns":2.0},{"damage":7.0,"enemies":"Sphere and 2 Shapes","floor":43.0,"turns":3.0},{"damage":18.0,"enemies":"Transient","floor":44.0,"turns":5.0},{"damage":5.0,"enemies":"3 Darklings","floor":46.0,"turns":5.0},{"damage":9.0,"enemies":"Sphere and 2 Shapes","floor":47.0,"turns":4.0},{"damage":14.0,"enemies":"Nightmare","floor":48.0,"turns":4.0},{"damage":35.0,"enemies":"Time Eater","floor":52.0,"turns":8.0}],"seed_played":"-993207084453431916","potions_obtained":[{"floor":1.0,"key":"Milkshake"},{"floor":6.0,"key":"LiquidMemories"},{"floor":7.0,"key":"Milkshake"},{"floor":10.0,"key":"Swift Potion"},{"floor":53.0,"key":"EssenceOfSteel"}],"is_trial":false,"path_per_floor":["M","?","T","M","M","M","M","E","T","M","$","R","?","M","R","B",null,"M","?","?","$","?","R","M","$","T","PTL","PTL","?","M","$","AVR","M","R","B",null,"M","M","?","M","?","R","M","M","T","M","M","NM","R","?","R","B",null],"character_chosen":"THE_ANIMATOR","items_purchased":["Gremlin Horn","reliquary:HotPoker","animator:Cirno","animator:Yuuichirou"],"campfire_rested":5,"item_purchase_floors":[11,21,21,25],"current_hp_per_floor":[66,53,53,53,53,47,44,44,44,44,28,48,48,49,68,13,68,54,54,54,54,54,54,54,54,54,54,54,60,53,53,53,51,73,54,76,76,76,82,81,81,81,74,56,56,52,43,29,54,54,79,44,89,89],"gold":521,"neow_bonus":"THREE_ENEMY_KILL","is_daily":false,"chose_seed":false,"campfire_upgraded":1,"win_rate":0.0,"timestamp":1612666150,"path_taken":["M","?","?","?","M","M","M","E","T","M","?","R","?","M","R","BOSS","M","?","?","$","?","R","M","$","T","PTL","PTL","?","M","?","AVR","M","R","BOSS","M","M","?","?","?","R","M","M","T","M","M","NM","R","?","R","BOSS"],"items_purchased_type":["Relic","Relic","Card","Card"],"build_version":"2020-12-22","purchased_purges":2,"victory":false,"max_hp_per_floor":[66,66,66,66,66,66,67,67,67,67,67,67,67,68,68,68,68,68,68,68,68,68,68,68,68,68,68,68,74,76,76,76,76,76,76,76,76,76,82,83,83,83,83,83,83,84,84,84,84,84,84,84,89,89],"card_choices":[{"not_picked":["animator:Shinoa","animator:Guy"],"picked":"animator:UneriGinkaku","floor":1.0},{"not_picked":["animator:CrowleyEusford","animator:Kuribayashi"],"picked":"animator:Shigure","floor":4.0},{"not_picked":["animator:Emonzaemon","animator:Mikaela"],"picked":"animator:GazelDwargon","floor":5.0},{"not_picked":["animator:Mitsuba","animator:HiiragiShinya"],"picked":"animator:KrulTepes","floor":6.0},{"not_picked":["animator:Arpeggio","animator:DolaStephanie"],"picked":"animator:Shichika","floor":7.0},{"not_picked":["animator:Millim","animator:KrulTepes"],"picked":"animator:Togame","floor":8.0},{"not_picked":["animator:MumenRider","animator:Shion"],"picked":"animator:ItamiYouji","floor":10.0},{"not_picked":["animator:UneriGinkaku","animator:Togame"],"picked":"animator:Konayuki","floor":14.0},{"not_picked":["animator:SwordMaiden","animator:AcuraShin"],"picked":"animator:Biyorigo","floor":16.0},{"not_picked":["animator:Layla","animator:Mitsuba"],"picked":"animator:MumenRider","floor":18.0},{"not_picked":["ReplayTheSpireMod:Black Plague","infinitespire:SealOfDarkness+"],"picked":"hubris:Fate","floor":19.0},{"not_picked":["animator:Layla","animator:Shion"],"picked":"animator:Jibril","floor":24.0},{"not_picked":["animator:Witch","animator:Gillette"],"picked":"animator:ZankiKiguchi+1","floor":30.0},{"not_picked":["animator:Hitei","animator:Azekura"],"picked":"animator:Konayuki","floor":33.0},{"not_picked":["animator:Guren","animator:Biyorigo"],"picked":"animator:Boros","floor":35.0},{"not_picked":["animator:Viivi","animator:Kuribayashi"],"picked":"animator:Yoichi","floor":37.0},{"not_picked":["animator:Genos","animator:Hakurou+1"],"picked":"animator:Gillette","floor":38.0},{"not_picked":["animator:IzunaHatsuse","animator:UneriGinkaku"],"picked":"animator:YaoHaDucy+1","floor":40.0},{"not_picked":["animator:Konayuki","animator:HighElfArcher+1"],"picked":"animator:DwarfShaman","floor":41.0},{"not_picked":["animator:GuildGirl+1","animator:Shizu"],"picked":"animator:MumenRider+1","floor":41.0},{"not_picked":["animator:Sonic","animator:Genos"],"picked":"animator:MetalKnight","floor":43.0},{"not_picked":["animator:AcuraShin","animator:ZankiKiguchi"],"picked":"animator:Witch+1","floor":44.0},{"not_picked":["animator:Geryuganshoop","animator:Genos+1"],"picked":"animator:DolaStephanie","floor":46.0},{"not_picked":["animator:CowGirl+1","animator:IzunaHatsuse"],"picked":"animator:Shinoa","floor":47.0},{"not_picked":["animator:Hitei","animator:ZankiKiguchi"],"picked":"animator:Konayuki","floor":48.0},{"not_picked":["animator:ItamiYouji","animator:Boros"],"picked":"animator:Shiro","floor":52.0},{"not_picked":["animator:Genos+1","animator:Hakurou+1"],"picked":"animator:Kaijin+1","floor":53.0}],"player_experience":704209,"relics_obtained":[{"floor":3.0,"key":"hubris:Metronome"},{"floor":8.0,"key":"Anchor"},{"floor":9.0,"key":"infinitespire:CheckeredPen"},{"floor":26.0,"key":"Darkstone Periapt"},{"floor":41.0,"key":"ReplayTheSpireMod:Shallot"},{"floor":48.0,"key":"animator:OldCoffin"},{"floor":50.0,"key":"ReplayTheSpireMod:Ring of Collecting"}],"event_choices":[{"damage_healed":66.0,"max_hp_gain":0.0,"max_hp_loss":66.0,"gold_gain":0.0,"event_name":"betterThird:BetterShining","player_choice":"Upgrade","floor":2.0,"gold_loss":0.0,"damage_taken":13.0,"cards_upgraded":["animator:Emonzaemon","animator:UneriGinkaku"]},{"damage_healed":0.0,"max_hp_gain":0.0,"max_hp_loss":0.0,"gold_gain":51.0,"event_name":"Golden Wing","player_choice":"Gained Gold","floor":13.0,"gold_loss":0.0,"damage_taken":0.0},{"damage_healed":0.0,"max_hp_gain":0.0,"max_hp_loss":0.0,"gold_gain":0.0,"event_name":"The Mausoleum","player_choice":"Opened","floor":20.0,"gold_loss":0.0,"damage_taken":0.0,"relics_obtained":["TungstenRod"]},{"damage_healed":0.0,"max_hp_gain":0.0,"max_hp_loss":0.0,"gold_gain":0.0,"event_name":"Accursed Blacksmith","player_choice":"Rummage","floor":39.0,"gold_loss":0.0,"damage_taken":0.0,"relics_obtained":["WarpedTongs"],"cards_obtained":["Pain"]}],"is_beta":false,"boss_relics":[{"not_picked":["sagemod:Falmels_Amulet","hubris:BlackHole"],"picked":"Abe\u0027s Treasure"},{"not_picked":["conspire:RunicOctahedron","conspire:SeveredTorchhead"],"picked":"Mark of Pain"},{"not_picked":["hubris:TerracottaHorce","hubris:Backtick"],"picked":"Tiny House"}],"items_purged_floors":[21,32],"is_endless":true,"potions_floor_spawned":[1,6,7,10,14,16,18,40,43,46,47],"ascension_level":0}}