{"host":"kda2p2afd6bvz6qo","time":1612713725,"event":{"mods":["BaseMod","Colored Map","Minty Spire (QoL Compilation)","Relic Stats"],"gold_per_floor":[110,60,60,76,3,3,37,37,37,68,68,243,275,275,275,375,375,386,403,403,415,37,72,72,72],"floor_reached":24,"language":"ENG","playtime":1122,"items_purged":["Doubt"],"score":265,"play_id":"1ebfeaa7-8608-462e-9631-5a0b8e7f2da3","local_time":"20210207160205","is_ascension_mode":true,"campfire_choices":[{"data":"Beam Cell","floor":6,"key":"SMITH"},{"data":"Sweeping Beam","floor":8,"key":"SMITH"},{"data":"Melter","floor":11,"key":"SMITH"},{"floor":15,"key":"REST"}],"circlet_count":0,"master_deck":["Defend_B","Defend_B","Defend_B","Defend_B","Zap","Dualcast","Cold Snap","Beam Cell+1","Sweeping Beam+1","Melter+1","Ball Lightning","Capacitor","Rainbow+1","Recycle+1","Reinforced Body+1","Reprogram+1","Gash+1","Genetic Algorithm+1","Necronomicurse","Gash","Buffer"],"relics":["Runic Pyramid","The Courier","Juzu Bracelet","Incense Burner","Toxic Egg 2","Art of War","PreservedInsect","Astrolabe","Necronomicon","TheAbacus","Ornamental Fan","Darkstone Periapt"],"acts_visited":["Exordium","TheCity"],"potions_floor_usage":[],"damage_taken":[{"damage":4,"enemies":"Small Slimes","floor":1,"turns":4},{"damage":0,"enemies":"2 Louse","floor":4,"turns":4},{"damage":19,"enemies":"Lagavulin","floor":7,"turns":6},{"damage":16,"enemies":"Gremlin Nob","floor":10,"turns":4},{"damage":11,"enemies":"Lagavulin","floor":13,"turns":6},{"damage":18,"enemies":"Slime Boss","floor":16,"turns":8},{"damage":7,"enemies":"Shell Parasite","floor":18,"turns":4},{"damage":6,"enemies":"Chosen","floor":19,"turns":4},{"damage":29,"enemies":"Snake Plant","floor":21,"turns":4},{"damage":12,"enemies":"Gremlin Leader","floor":23,"turns":9},{"damage":14,"enemies":"Shelled Parasite and Fungi","floor":24,"turns":2}],"seed_played":"552044612217790136","potions_obtained":[{"floor":10,"key":"Block Potion"},{"floor":13,"key":"Block Potion"},{"floor":19,"key":"SkillPotion"}],"is_trial":false,"path_per_floor":["M","?","?","M","$","R","E","R","T","E","R","?","E","?","R","B",null,"M","M","?","M","$","E","M"],"character_chosen":"DEFECT","items_purchased":["Sweeping Beam","Melter","TheAbacus","Ornamental Fan"],"campfire_rested":1,"item_purchase_floors":[5,5,22,22],"current_hp_per_floor":[71,71,64,64,64,64,45,45,45,29,29,29,18,18,40,22,75,68,62,46,17,17,5,0,0],"gold":72,"neow_bonus":"BOSS_RELIC","is_daily":false,"chose_seed":false,"campfire_upgraded":3,"win_rate":0.0,"timestamp":1612713725,"path_taken":["M","?","?","M","$","R","E","R","T","E","R","?","E","?","R","BOSS","M","M","?","M","$","E","M"],"items_purchased_type":["Card","Card","Relic","Relic"],"build_version":"2020-12-22","purchased_purges":1,"victory":false,"max_hp_per_floor":[75,75,75,75,75,75,75,75,75,75,75,75,75,75,75,75,75,75,75,75,75,75,75,75,75],"relic_stats":{"Darkstone Periapt":0,"TheAbacus":[12],"counters":[11,55],"Ornamental Fan":[12],"Astrolabe":["Recycle","Reinforced Body","Reprogram"],"PreservedInsect":45,"Juzu Bracelet":0,"Art of War":[4],"Necronomicon":[0],"obtain_stats":[{"Darkstone Periapt":23,"Astrolabe":17,"The Courier":3,"PreservedInsect":14,"Juzu Bracelet":7,"Incense Burner":9,"TheAbacus":22,"Ornamental Fan":22,"Art of War":13,"Necronomicon":20,"Toxic Egg 2":10,"Cracked Core":0,"Runic Pyramid":0},{"Darkstone Periapt":10,"Astrolabe":6,"The Courier":1,"PreservedInsect":5,"Juzu Bracelet":3,"Incense Burner":3,"TheAbacus":9,"Ornamental Fan":9,"Art of War":5,"Necronomicon":8,"Toxic Egg 2":4,"Cracked Core":0,"Runic Pyramid":0},{"Darkstone Periapt":53,"Astrolabe":32,"The Courier":4,"PreservedInsect":24,"Juzu Bracelet":14,"Incense Burner":14,"TheAbacus":44,"Ornamental Fan":44,"Art of War":24,"Necronomicon":40,"Toxic Egg 2":18,"Cracked Core":0,"Runic Pyramid":0}]},"card_choices":[{"not_picked":["Barrage","Stack"],"picked":"Cold Snap","floor":1},{"not_picked":["Aggregate","Steam"],"picked":"Beam Cell","floor":4},{"not_picked":["Skim","Stack"],"picked":"Ball Lightning","floor":7},{"not_picked":["Compile Driver","Aggregate+1"],"picked":"Capacitor","floor":10},{"not_picked":["Sweeping Beam","Leap+1","Storm"],"picked":"SKIP","floor":13},{"not_picked":["Hyperbeam","Fission+1"],"picked":"Rainbow+1","floor":16},{"not_picked":["Barrage","Double Energy+1"],"picked":"Gash+1","floor":18},{"not_picked":["Leap+1","Reinforced Body+1"],"picked":"Genetic Algorithm+1","floor":19},{"not_picked":["Lockon","Chaos+1"],"picked":"Gash","floor":21},{"not_picked":["Reinforced Body+1","Barrage"],"picked":"Buffer","floor":23}],"player_experience":220624,"relics_obtained":[{"floor":7,"key":"Juzu Bracelet"},{"floor":9,"key":"Incense Burner"},{"floor":10,"key":"Toxic Egg 2"},{"floor":13,"key":"Art of War"},{"floor":20,"key":"Necronomicon"},{"floor":23,"key":"Darkstone Periapt"}],"event_choices":[{"cards_removed":["Strike_B"],"damage_healed":0,"gold_gain":0,"player_choice":"Card Removal","damage_taken":0,"max_hp_gain":0,"max_hp_loss":0,"event_name":"The Cleric","floor":2,"gold_loss":50},{"damage_healed":0,"gold_gain":0,"player_choice":"Success","damage_taken":7,"relics_obtained":["The Courier"],"max_hp_gain":0,"max_hp_loss":0,"event_name":"Scrap Ooze","floor":3,"gold_loss":0},{"damage_healed":0,"gold_gain":175,"player_choice":"AGREE","damage_taken":0,"max_hp_gain":0,"max_hp_loss":0,"event_name":"Liars Game","floor":12,"gold_loss":0,"cards_obtained":["Doubt"]},{"damage_healed":0,"gold_gain":0,"player_choice":"Gave Potion","damage_taken":0,"relics_obtained":["PreservedInsect"],"max_hp_gain":0,"max_hp_loss":0,"event_name":"WeMeetAgain","floor":14,"gold_loss":0},{"damage_healed":0,"gold_gain":0,"player_choice":"Obtained Book","damage_taken":16,"max_hp_gain":0,"max_hp_loss":0,"event_name":"Cursed Tome","floor":20,"gold_loss":0}],"is_beta":false,"boss_relics":[{"not_picked":["Cursed Key","SlaversCollar"],"picked":"Astrolabe"}],"items_purged_floors":[22],"is_endless":false,"potions_floor_spawned":[10,13,19],"killed_by":"Shelled Parasite and Fungi","ascension_level":3}}