{"host":"0cm5wy4nhuju7tij","time":1612656197,"event":{"mods":["100% Spire Juice","2.2 Compatiblity","AchievementEnabler","Aspiration","BaseMod","Better Third Choice","BetterRewards","CCEM2","CapriCore","Colored Powertips","Curses Come First","Displayed Cursed Tome","Downfall","Energized Spire","Evolution","Filter the Spire","Highlight Path","Jess\u0027s Bottle","Minty Spire (QoL Compilation)","Permanent Neow","Poor People Problems","Relic Filter Mod","Relic Stats","Shop Mod","Spicy Shops","StSLib","The Cursed","TheSurvivalist","Weighted Paths"],"gold_per_floor":[110,210,223,235,247,282,282,314,340,353,379,379,177,212,212,313,313,325,337,351,351,371,371,385,415,438,472,472,50,60,87,87,186,186,205,221,221,240,340,375,375,400,446,446,459,295,323,373,373,373,373,373,45,71,71],"floor_reached":56,"language":"ENG","playtime":4615,"items_purged":["Shame"],"score":2140,"play_id":"202ae8ef-71cc-4c9a-bea6-e62d45d33d1a","local_time":"20210206190317","is_ascension_mode":true,"campfire_choices":[{"data":"TheCursedMod:HellsGateOpen","floor":7,"key":"SMITH"},{"floor":12,"key":"REST"},{"data":"TheCursedMod:ParallelWorld","floor":15,"key":"SMITH"},{"data":"TheCursedMod:VoidForm","floor":23,"key":"SMITH"},{"data":"TheCursedMod:ManaBullet","floor":28,"key":"SMITH"},{"data":"TheCursedMod:SoulReap","floor":41,"key":"SMITH"},{"data":"TheCursedMod:CollectTribute","floor":44,"key":"SMITH"},{"floor":49,"key":"RECALL"}],"circlet_count":0,"master_deck":["TheCursedMod:CleanUpWorkshop","TheCursedMod:CursedAmulet","TheCursedMod:HellfireBreathing","TheCursedMod:HellfireBreathing","TheCursedMod:SpitefulPlan","TheCursedMod:LuckyCharm","TheCursedMod:CursedSpellbook","TheCursedMod:NeowsMight","TheCursedMod:ParallelWorld+1","TheCursedMod:CircleOfAmplification","TheCursedMod:CircleOfAbyss","TheCursedMod:CursedArmor","TheCursedMod:Obscuration","TheCursedMod:HellsGateOpen+1","TheCursedMod:CircleOfCorruption","TheCursedMod:CursedArmor","TheCursedMod:CursedBlade","TheCursedMod:OutForBlood","TheCursedMod:HellfireBreathing","TheCursedMod:SurpriseAttack","TheCursedMod:SurpriseAttack","TheCursedMod:VoidForm+1","TheCursedMod:CursedShiv","TheCursedMod:Mangle","TheCursedMod:BlessingInDisguise+1","TheCursedMod:SoulReap+1","TheCursedMod:CursedBlade+1","TheCursedMod:SmokeScreen+1","TheCursedMod:ManaBullet+1","TheCursedMod:CursedShiv","TheCursedMod:NeowsMight","TheCursedMod:CursedStaff+1","TheCursedMod:DemonSword","TheCursedMod:CursedShiv","Swift Strike","TheCursedMod:SpitefulPray","TheCursedMod:Dregs","TheCursedMod:ForbiddenAlchemy","downfall:Bewildered","Injury","TheCursedMod:Obscuration+1","Swift Strike+1","TheCursedMod:CollectTribute+1","Writhe","Regret","Dark Shackles+1","TheCursedMod:HellsGateOpen","TheCursedMod:CursedSpellbook","Panacea+1","TheCursedMod:CursedAmulet+1","TheCursedMod:WearCloak","TheCursedMod:SpitefulPray+1"],"relics":["TheCursedMod:BlackMagicAdvanced","EVO:Axolotl","CCEMRelics:WhiteRose","Pantograph","aspiration:Lifesprig","Anchor","CCEMRelics:ImbuedSpirit","aspiration:SecretTechniqueScroll","CCEMRelics:OverlyComfyChair","CCEMRelics:CocoNut","PreservedInsect","TheCursedMod:SoulVessel","CCEMRelics:SpiritsEdge","Oddly Smooth Stone","Bottled Lightning","TheCursedMod:FourLeafCloverCharm","downfall:ExtraCursedKey","CCEMRelics:FestiveHat","CCEMRelics:Barrel","Happy Flower","Bronze Scales","Gambling Chip","Du-Vu Doll","Bag of Preparation"],"acts_visited":["Exordium","TheCity","TheBeyond","TheEnding"],"potions_floor_usage":[18,55,55,55],"damage_taken":[{"damage":0,"enemies":"Jaw Worm","floor":1,"turns":2},{"damage":2,"enemies":"Cultist","floor":3,"turns":4},{"damage":0,"enemies":"Small Slimes","floor":4,"turns":3},{"damage":0,"enemies":"Blue Slaver","floor":5,"turns":3},{"damage":26,"enemies":"Gremlin Nob","floor":6,"turns":5},{"damage":3,"enemies":"Lagavulin","floor":8,"turns":5},{"damage":0,"enemies":"3 Louse","floor":10,"turns":2},{"damage":6,"enemies":"Gremlin Nob","floor":11,"turns":4},{"damage":18,"enemies":"3 Sentries","floor":14,"turns":5},{"damage":1,"enemies":"Hexaghost","floor":16,"turns":7},{"damage":9,"enemies":"3 Byrds","floor":18,"turns":4},{"damage":0,"enemies":"Shell Parasite","floor":19,"turns":4},{"damage":9,"enemies":"Centurion and Healer","floor":20,"turns":4},{"damage":0,"enemies":"Shelled Parasite and Fungi","floor":22,"turns":3},{"damage":16,"enemies":"Snake Plant","floor":24,"turns":4},{"damage":3,"enemies":"Book of Stabbing","floor":25,"turns":5},{"damage":5,"enemies":"Gremlin Leader","floor":27,"turns":4},{"damage":0,"enemies":"Centurion and Healer","floor":30,"turns":2},{"damage":0,"enemies":"Book of Stabbing","floor":31,"turns":4},{"damage":16,"enemies":"Automaton","floor":33,"turns":5},{"damage":0,"enemies":"3 Shapes","floor":35,"turns":3},{"damage":0,"enemies":"Orb Walker","floor":36,"turns":2},{"damage":0,"enemies":"Jaw Worm Horde","floor":38,"turns":2},{"damage":0,"enemies":"Reptomancer","floor":40,"turns":3},{"damage":1,"enemies":"Giant Head","floor":42,"turns":5},{"damage":0,"enemies":"3 Darklings","floor":45,"turns":2},{"damage":0,"enemies":"Reptomancer","floor":47,"turns":2},{"damage":5,"enemies":"Mind Bloom Boss Battle","floor":48,"turns":4},{"damage":36,"enemies":"Donu and Deca","floor":50,"turns":5},{"damage":0,"enemies":"Shield and Spear","floor":54,"turns":3},{"damage":28,"enemies":"The Heart","floor":55,"turns":5}],"seed_played":"8324480139527561643","potions_obtained":[{"floor":5,"key":"Block Potion"},{"floor":14,"key":"Strength Potion"},{"floor":18,"key":"EssenceOfSteel"},{"floor":24,"key":"FearPotion"}],"is_trial":false,"path_per_floor":["M","?","M","M","M","E","R","E","T","M","E","R","$","E","R","B",null,"M","M","M","?","M","R","M","E","T","E","R","$","M","E","R","B",null,"M","M","?","M","?","E","R","E","T","R","M","$","E","?","R","B",null,"R","$","E","B",null],"character_chosen":"THE_CURSED","items_purchased":["TheCursedMod:HellfireBreathing","Anchor","TheCursedMod:SurpriseAttack","CCEMRelics:SpiritsEdge","Oddly Smooth Stone","TheCursedMod:CursedShiv","TheCursedMod:HellsGateOpen","TheCursedMod:CursedSpellbook","Du-Vu Doll","TheCursedMod:WearCloak"],"campfire_rested":1,"item_purchase_floors":[13,13,13,29,29,29,46,46,53,53],"current_hp_per_floor":[68,68,66,66,66,40,40,37,37,37,31,53,53,35,35,59,71,62,62,53,53,61,61,55,68,68,65,65,65,65,73,73,72,78,80,80,80,80,85,85,85,85,85,85,85,85,85,84,84,62,79,79,79,85,64],"gold":71,"neow_bonus":"ONE_RANDOM_RARE_CARD","is_daily":false,"chose_seed":false,"campfire_upgraded":6,"win_rate":0.0,"timestamp":1612656197,"path_taken":["M","?","M","?","M","E","R","E","T","M","E","R","$","E","R","BOSS","M","M","M","?","M","R","M","E","T","E","R","$","M","E","R","BOSS","M","M","?","M","?","E","R","E","T","R","M","$","E","?","R","BOSS","R","$","E","BOSS"],"items_purchased_type":["Card","Relic","Card","Relic","Relic","Card","Card","Card","Relic","Card"],"build_version":"2020-12-22","purchased_purges":1,"victory":true,"max_hp_per_floor":[75,75,75,75,75,75,75,75,75,75,75,75,75,75,75,75,75,75,75,75,75,75,75,75,80,80,80,80,80,80,80,80,80,80,80,80,80,80,85,85,85,85,85,85,85,85,85,85,85,85,85,85,85,85,85],"relic_stats":{"Happy Flower":[7],"counters":[31,102],"Pantograph":33,"Bronze Scales":[90],"Gambling Chip":[0],"PreservedInsect":421,"Bag of Preparation":[2],"obtain_stats":[{"CCEMRelics:Barrel":42,"aspiration:Lifesprig":11,"TheCursedMod:FourLeafCloverCharm":34,"TheCursedMod:BlackMagicAdvanced":0,"CCEMRelics:ImbuedSpirit":14,"Happy Flower":43,"Oddly Smooth Stone":29,"PreservedInsect":26,"CCEMRelics:CocoNut":25,"Bag of Preparation":54,"EVO:Axolotl":0,"aspiration:SecretTechniqueScroll":17,"CCEMRelics:SpiritsEdge":29,"Du-Vu Doll":53,"Anchor":13,"CCEMRelics:FestiveHat":40,"CCEMRelics:OverlyComfyChair":21,"Pantograph":8,"Bronze Scales":47,"Gambling Chip":48,"downfall:ExtraCursedKey":39,"Bottled Lightning":31,"CCEMRelics:WhiteRose":6,"TheCursedMod:SoulVessel":27},{"CCEMRelics:Barrel":25,"aspiration:Lifesprig":8,"TheCursedMod:FourLeafCloverCharm":20,"TheCursedMod:BlackMagicAdvanced":0,"CCEMRelics:ImbuedSpirit":9,"Happy Flower":25,"Oddly Smooth Stone":17,"PreservedInsect":16,"CCEMRelics:CocoNut":16,"Bag of Preparation":30,"EVO:Axolotl":0,"aspiration:SecretTechniqueScroll":10,"CCEMRelics:SpiritsEdge":17,"Du-Vu Doll":29,"Anchor":8,"CCEMRelics:FestiveHat":24,"CCEMRelics:OverlyComfyChair":13,"Pantograph":6,"Bronze Scales":27,"Gambling Chip":28,"downfall:ExtraCursedKey":23,"Bottled Lightning":19,"CCEMRelics:WhiteRose":5,"TheCursedMod:SoulVessel":17},{"CCEMRelics:Barrel":83,"aspiration:Lifesprig":23,"TheCursedMod:FourLeafCloverCharm":71,"TheCursedMod:BlackMagicAdvanced":0,"CCEMRelics:ImbuedSpirit":27,"Happy Flower":83,"Oddly Smooth Stone":60,"PreservedInsect":56,"CCEMRelics:CocoNut":56,"Bag of Preparation":97,"EVO:Axolotl":0,"aspiration:SecretTechniqueScroll":34,"CCEMRelics:SpiritsEdge":60,"Du-Vu Doll":94,"Anchor":23,"CCEMRelics:FestiveHat":79,"CCEMRelics:OverlyComfyChair":45,"Pantograph":18,"Bronze Scales":87,"Gambling Chip":90,"downfall:ExtraCursedKey":77,"Bottled Lightning":66,"CCEMRelics:WhiteRose":14,"TheCursedMod:SoulVessel":60}]},"card_choices":[{"not_picked":["TheCursedMod:Wield","TheCursedMod:CursedAmulet"],"picked":"TheCursedMod:CursedArmor","floor":1},{"not_picked":["TheCursedMod:CursedMace","TheCursedMod:Stigma"],"picked":"TheCursedMod:Obscuration","floor":3},{"not_picked":["TheCursedMod:CircleOfFlame","TheCursedMod:CursedBlade"],"picked":"TheCursedMod:HellsGateOpen","floor":4},{"not_picked":["TheCursedMod:TacticalStrike","TheCursedMod:SpitefulStrike"],"picked":"TheCursedMod:CircleOfCorruption","floor":5},{"not_picked":["TheCursedMod:TacticalStrike","TheCursedMod:SmokeScreen"],"picked":"TheCursedMod:CursedArmor","floor":6},{"not_picked":["TheCursedMod:AbyssShockwave","TheCursedMod:VitalStrike"],"picked":"TheCursedMod:CursedBlade","floor":8},{"not_picked":["TheCursedMod:Wield","TheCursedMod:CursedBoomerang"],"picked":"TheCursedMod:OutForBlood","floor":10},{"not_picked":["TheCursedMod:RavingStaff","TheCursedMod:TacticalStrike","TheCursedMod:SoulCrush"],"picked":"SKIP","floor":11},{"not_picked":["TheCursedMod:CircleOfFocus","TheCursedMod:TacticalStrike"],"picked":"TheCursedMod:SurpriseAttack","floor":14},{"not_picked":["TheCursedMod:ParallelWorld","TheCursedMod:DemonicPact"],"picked":"TheCursedMod:VoidForm","floor":16},{"not_picked":["TheCursedMod:SmokeScreen","TheCursedMod:Stigma+1"],"picked":"TheCursedMod:CursedShiv","floor":18},{"not_picked":["TheCursedMod:RapidMovement","TheCursedMod:PrepareRite"],"picked":"TheCursedMod:Mangle","floor":19},{"not_picked":["TheCursedMod:FuryStrike","TheCursedMod:SpitefulStrike"],"picked":"TheCursedMod:BlessingInDisguise+1","floor":20},{"not_picked":["TheCursedMod:CircleOfFlame","TheCursedMod:AshesToAshes+1"],"picked":"TheCursedMod:SoulReap","floor":22},{"not_picked":["TheCursedMod:Stigma","TheCursedMod:SpitefulStrike"],"picked":"TheCursedMod:CursedBlade+1","floor":24},{"not_picked":["TheCursedMod:FuryStrike+1","TheCursedMod:Wield"],"picked":"TheCursedMod:SmokeScreen+1","floor":25},{"not_picked":["TheCursedMod:SpitefulStrike+1","TheCursedMod:TacticalStrike+1"],"picked":"TheCursedMod:ManaBullet","floor":27},{"not_picked":["TheCursedMod:RavingStaff+1","TheCursedMod:SpreadPlague"],"picked":"TheCursedMod:NeowsMight","floor":30},{"not_picked":["TheCursedMod:CircleOfCorruption","TheCursedMod:DoubleShield+1"],"picked":"TheCursedMod:CursedStaff+1","floor":31},{"not_picked":["TheCursedMod:DemonicPact","TheCursedMod:OutForBlood"],"picked":"TheCursedMod:DemonSword","floor":33},{"not_picked":["TheCursedMod:Stretching","TheCursedMod:SpitefulStrike"],"picked":"TheCursedMod:CursedShiv","floor":35},{"not_picked":["TheCursedMod:WearCloak","TheCursedMod:SaltUponWound","TheCursedMod:Stretching"],"picked":"SKIP","floor":36},{"not_picked":["Good Instincts","Discovery"],"picked":"Swift Strike","floor":37},{"not_picked":["TheCursedMod:CursedStaff+1","TheCursedMod:SpitefulStrike+1"],"picked":"TheCursedMod:SpitefulPray","floor":38},{"not_picked":["TheCursedMod:SpreadPlague+1","TheCursedMod:CursedBoomerang"],"picked":"TheCursedMod:Obscuration+1","floor":40},{"not_picked":["Trip+1","Discovery+1"],"picked":"Swift Strike+1","floor":42},{"not_picked":["TheCursedMod:CursedMace+1","TheCursedMod:WearCloak"],"picked":"TheCursedMod:CollectTribute","floor":42},{"not_picked":["Forethought+1","Thinking Ahead+1"],"picked":"Dark Shackles+1","floor":45},{"not_picked":["TheCursedMod:CircleOfFlame","TheCursedMod:CursedMace+1","TheCursedMod:AshesToAshes+1"],"picked":"SKIP","floor":45},{"not_picked":["Trip+1","Forethought+1"],"picked":"Panacea+1","floor":47},{"not_picked":["TheCursedMod:RapidMovement","TheCursedMod:CursedRelics","TheCursedMod:CircleOfCorruption"],"picked":"SKIP","floor":47},{"not_picked":["TheCursedMod:Wield+1","TheCursedMod:PrepareRite+1"],"picked":"TheCursedMod:CursedAmulet+1","floor":48},{"not_picked":["TheCursedMod:CircleOfBlood","TheCursedMod:BloodBarrier+1"],"picked":"TheCursedMod:SpitefulPray+1","floor":54}],"player_experience":283189,"relics_obtained":[{"floor":6,"key":"CCEMRelics:WhiteRose"},{"floor":8,"key":"Pantograph"},{"floor":11,"key":"aspiration:Lifesprig"},{"floor":14,"key":"CCEMRelics:ImbuedSpirit"},{"floor":25,"key":"CCEMRelics:CocoNut"},{"floor":26,"key":"PreservedInsect"},{"floor":27,"key":"TheCursedMod:SoulVessel"},{"floor":31,"key":"Bottled Lightning"},{"floor":40,"key":"CCEMRelics:FestiveHat"},{"floor":42,"key":"CCEMRelics:Barrel"},{"floor":43,"key":"Happy Flower"},{"floor":47,"key":"Bronze Scales"},{"floor":48,"key":"Gambling Chip"},{"floor":54,"key":"Bag of Preparation"}],"event_choices":[{"damage_healed":0,"gold_gain":100,"player_choice":"Gold","damage_taken":0,"max_hp_gain":0,"max_hp_loss":0,"event_name":"Wheel of Change","floor":2,"gold_loss":0},{"damage_healed":0,"gold_gain":0,"player_choice":"Stole Relic","damage_taken":0,"relics_obtained":["CCEMRelics:OverlyComfyChair"],"max_hp_gain":0,"max_hp_loss":0,"event_name":"Addict","floor":21,"gold_loss":0,"cards_obtained":["Shame"]},{"damage_healed":0,"gold_gain":0,"player_choice":"Memory 1","damage_taken":0,"max_hp_gain":0,"max_hp_loss":0,"event_name":"SensoryStone","floor":37,"gold_loss":0},{"damage_healed":0,"gold_gain":0,"player_choice":"Fight","damage_taken":0,"max_hp_gain":0,"max_hp_loss":0,"event_name":"MindBloom","floor":48,"gold_loss":0}],"is_beta":false,"boss_relics":[{"not_picked":["Astrolabe","energizedSpire:OgreHead"],"picked":"aspiration:SecretTechniqueScroll"},{"not_picked":["Pandora\u0027s Box","energizedSpire:EnergizedDie"],"picked":"TheCursedMod:FourLeafCloverCharm"}],"items_purged_floors":[29],"is_endless":false,"potions_floor_spawned":[3,5,14,18,24,27,30,31,36,40,48,54],"ascension_level":8}}