{"host":"9whf1n4a9wpiw119","time":1612711507,"event":{"mods":["Aspiration","BaseMod","Beaked The Cultist","Bestiary","Better Altar","Better Note","Better Skull","Better Third Choice","Challenge The Spire","Colored Map","Colored Powertips","Conspire","Emptier Cage","Energized Spire","GifTheSpireLib","Halation","Hermit","Highlight Path","Hubris","Infinite Spire","Minty Spire (QoL Compilation)","Quick Restart","Rare Cards Sparkle","Relic Stats","Reliquary","Replay The Spire","Shop Mod","Spikes Relics","StSLib","Stuff the Spire","SuperFastMode","Synergy Search","The Construct"],"gold_per_floor":[119,119,137,153,153,153,188,188,215,249,263,263,11,39,39,141,141,155,168,181,197,197,197,208,208,231,270,270,311,311,358,358,493,493,526,625,471,498,498,498,498,535,562,602,222,274,274,300,300,320],"floor_reached":51,"language":"ENG","playtime":2467,"items_purged":["Strike_G","Strike_G","Defend_G","Strike_G"],"score":1223,"play_id":"1c3dd029-e8f2-4c99-a19e-bf3f2a43a435","local_time":"20210207182507","is_ascension_mode":true,"campfire_choices":[{"data":"Neutralize","floor":6.0,"key":"SMITH"},{"data":"Deadly Poison","floor":8.0,"key":"SMITH"},{"data":"Endless Agony","floor":12.0,"key":"SMITH"},{"data":"Cloak And Dagger","floor":15.0,"key":"SMITH"},{"data":"infinitespire:Collect","floor":23.0,"key":"SMITH"},{"data":"Envenom","floor":25.0,"key":"SMITH"},{"floor":28.0,"key":"RECALL"},{"data":"Blade Dance","floor":32.0,"key":"SMITH"},{"data":"Predator","floor":40.0,"key":"SMITH"},{"data":"After Image","floor":47,"key":"SMITH"},{"data":"Hidden Blade","floor":49,"key":"SMITH"}],"circlet_count":0,"master_deck":["AscendersBane","Strike_G","Strike_G","Defend_G","Defend_G","Defend_G","Survivor","Neutralize+1","Deadly Poison+1","StuffTheSpire:BrimstoneBlast","Endless Agony+1","Flying Knee","Cloak And Dagger+1","Envenom+1","Blade Dance+1","conspire:DoublingDagger+1","Pace+1","infinitespire:Collect+1","Backflip","Deflect+1","infinitespire:Collect+1","Dodge and Roll","Phantasmal Killer","Blur","Cloak And Dagger","Replay:Poison Smokescreen","Predator+1","Adrenaline","Terror+1","After Image+1","Hidden Blade+1"],"relics":["Ring of the Snake","NeowsBlessing","Kunai","Bag of Marbles","SnailShell","ReplayTheSpireMod:Shallot","Quantum Egg","Coffee Dripper","TwistedFunnel","Replay:Bandana","hubris:TenFootPole","conspire:RoyalGoblet","hubris:Icosahedron","ReplayTheSpireMod:TigerMarble","MerchantsRug","hubris:Zylophone","Happy Flower"],"acts_visited":["Exordium","TheCity","TheBeyond"],"potions_floor_usage":[42,44,50,50],"damage_taken":[{"damage":0.0,"enemies":"Small Slimes","floor":1.0,"turns":1.0},{"damage":0.0,"enemies":"2 Louse","floor":3.0,"turns":1.0},{"damage":0.0,"enemies":"Cultist","floor":4.0,"turns":1.0},{"damage":12.0,"enemies":"Lagavulin","floor":7.0,"turns":6.0},{"damage":14.0,"enemies":"Gremlin Nob","floor":10.0,"turns":4.0},{"damage":0.0,"enemies":"Lots of Slimes","floor":11.0,"turns":2.0},{"damage":0.0,"enemies":"Lagavulin","floor":14.0,"turns":4.0},{"damage":18.0,"enemies":"Slime Boss","floor":16.0,"turns":12.0},{"damage":0.0,"enemies":"3 Byrds","floor":18.0,"turns":4.0},{"damage":6.0,"enemies":"Spheric Guardian","floor":19.0,"turns":4.0},{"damage":0.0,"enemies":"conspire:HollyBat","floor":20.0,"turns":7.0},{"damage":2.0,"enemies":"Snecko","floor":21.0,"turns":6.0},{"damage":0.0,"enemies":"Centurion and Healer","floor":24.0,"turns":4.0},{"damage":2.0,"enemies":"Cultist and Chosen","floor":27.0,"turns":4.0},{"damage":1.0,"enemies":"conspire:SneckoGhost","floor":29.0,"turns":5.0},{"damage":0.0,"enemies":"3 Cultists","floor":31.0,"turns":3.0},{"damage":0.0,"enemies":"conspire:MysteriousRune","floor":33.0,"turns":7.0},{"damage":0.0,"enemies":"Orb Walker","floor":35.0,"turns":3.0},{"damage":3.0,"enemies":"3 Shapes","floor":38.0,"turns":6.0},{"damage":0,"enemies":"Jaw Worm Horde","floor":42,"turns":2},{"damage":4,"enemies":"3 Darklings","floor":44,"turns":2},{"damage":0,"enemies":"Giant Head","floor":46,"turns":7},{"damage":45,"enemies":"hubris:GrandSnecko","floor":50,"turns":16}],"seed_played":"-8548830188852896889","potions_obtained":[{"floor":10.0,"key":"BlessingOfTheForge"},{"floor":11.0,"key":"Poison Potion"},{"floor":14.0,"key":"Weak Potion"},{"floor":16.0,"key":"SmokeBomb"},{"floor":20.0,"key":"SteroidPotion"},{"floor":24.0,"key":"Swift Potion"},{"floor":35.0,"key":"Adrenaline Potion"},{"floor":38.0,"key":"Block Potion"},{"floor":44,"key":"GhostInAJar"}],"is_trial":false,"path_per_floor":["M","?","M","M","?","R","E","R","T","E","M","R","$","E","R","B",null,"M","M","M","M","AVR","R","M","R","T","M","R","E","?","M","R","B",null,"M","?","$","M","?","R","AVR","M","T","M","$","E","R","T","R","B",null],"character_chosen":"THE_SILENT","items_purchased":["ReplayTheSpireMod:Shallot","Predator","After Image","Hidden Blade","MerchantsRug"],"campfire_rested":0,"item_purchase_floors":[13,37,45,45,45],"current_hp_per_floor":[63,63,63,63,63,63,51,51,51,37,37,37,37,37,37,19,57,57,51,51,49,49,49,49,49,49,47,47,46,46,46,46,46,64,64,56,56,53,53,53,53,53,53,49,49,49,49,49,49,4],"gold":320,"neow_bonus":"THREE_ENEMY_KILL","is_daily":false,"chose_seed":false,"campfire_upgraded":10,"win_rate":0.0,"timestamp":1612711507,"path_taken":["M","?","M","M","?","R","E","R","T","E","?","R","$","E","R","BOSS","M","M","M","M","AVR","R","M","R","T","?","R","E","?","M","R","BOSS","M","?","$","M","?","R","AVR","M","T","M","$","E","R","?","R","BOSS"],"items_purchased_type":["Relic","Card","Card","Card","Relic"],"build_version":"2020-12-22","purchased_purges":4,"victory":true,"max_hp_per_floor":[70,70,70,70,70,70,70,70,70,70,70,70,70,70,70,70,70,70,70,70,70,70,70,70,70,70,70,70,70,70,70,70,70,70,70,70,70,70,70,70,70,70,70,70,70,70,70,70,70,70],"relic_stats":{"Happy Flower":[5],"counters":[23,111],"Kunai":[100],"obtain_stats":[{"TwistedFunnel":22,"MerchantsRug":45,"SnailShell":9,"NeowsBlessing":0,"conspire:RoyalGoblet":34,"Happy Flower":48,"Quantum Egg":14,"hubris:Zylophone":46,"Replay:Bandana":26,"hubris:Icosahedron":39,"ReplayTheSpireMod:Shallot":13,"infinitespire:Bottled Soul":10,"Bag of Marbles":7,"Coffee Dripper":17,"hubris:TenFootPole":29,"ReplayTheSpireMod:TigerMarble":41,"Kunai":5,"Ring of the Snake":0},{"TwistedFunnel":12,"MerchantsRug":21,"SnailShell":4,"NeowsBlessing":0,"conspire:RoyalGoblet":17,"Happy Flower":22,"Quantum Egg":7,"hubris:Zylophone":22,"Replay:Bandana":13,"hubris:Icosahedron":19,"ReplayTheSpireMod:Shallot":6,"infinitespire:Bottled Soul":5,"Bag of Marbles":4,"Coffee Dripper":8,"hubris:TenFootPole":15,"ReplayTheSpireMod:TigerMarble":19,"Kunai":3,"Ring of the Snake":0},{"TwistedFunnel":52,"MerchantsRug":88,"SnailShell":9,"NeowsBlessing":0,"conspire:RoyalGoblet":75,"Happy Flower":95,"Quantum Egg":19,"hubris:Zylophone":95,"Replay:Bandana":56,"hubris:Icosahedron":84,"ReplayTheSpireMod:Shallot":15,"infinitespire:Bottled Soul":13,"Bag of Marbles":9,"Coffee Dripper":31,"hubris:TenFootPole":65,"ReplayTheSpireMod:TigerMarble":84,"Kunai":3,"Ring of the Snake":0}],"Ring of the Snake":[47]},"card_choices":[{"not_picked":["Terror","Acrobatics"],"picked":"Deadly Poison","floor":1.0},{"not_picked":["Prepared","Outmaneuver"],"picked":"StuffTheSpire:BrimstoneBlast","floor":3.0},{"not_picked":["Draining Mist","Quick Slash"],"picked":"Crippling Poison","floor":4.0},{"not_picked":["Sucker Punch","Predator"],"picked":"Endless Agony","floor":7.0},{"not_picked":["StuffTheSpire:Incursion","Dagger Throw"],"picked":"Flying Knee","floor":10.0},{"not_picked":["ReplayTheSpireMod:From All Sides","Dagger Spray","Underhanded Strike"],"picked":"SKIP","floor":11.0},{"not_picked":["All Out Attack","Concentrate"],"picked":"Cloak And Dagger","floor":14.0},{"not_picked":["Venomology","Glass Knife"],"picked":"Envenom","floor":16.0},{"not_picked":["Crippling Poison+1","Masterful Stab"],"picked":"Blade Dance","floor":18.0},{"not_picked":["Expertise","conspire:PoisonWeapons"],"picked":"conspire:DoublingDagger+1","floor":19.0},{"not_picked":["Dash","Quick Slash"],"picked":"Pace+1","floor":20.0},{"not_picked":["Prepared","Dagger Throw","Distraction"],"picked":"SKIP","floor":21.0},{"not_picked":["Dodge and Roll","StuffTheSpire:Python"],"picked":"Backflip","floor":24.0},{"not_picked":["Prepared","Leg Sweep"],"picked":"Deflect+1","floor":27.0},{"not_picked":["ReplayTheSpireMod:Tripwire","hubris:Sniper","Acrobatics"],"picked":"SKIP","floor":29.0},{"not_picked":["ReplayTheSpireMod:Tripwire","hubris:Sniper","Acrobatics"],"picked":"SKIP","floor":29.0},{"not_picked":["StuffTheSpire:ClusterCrunch","Deflect"],"picked":"Dodge and Roll","floor":31.0},{"not_picked":["Bullet Time","Malaise"],"picked":"Phantasmal Killer","floor":33.0},{"not_picked":["conspire:DoublingDagger","Deflect","Bane"],"picked":"SKIP","floor":35.0},{"not_picked":["Setup","Slice"],"picked":"Blur","floor":36.0},{"not_picked":["Poisoned Stab","Sucker Punch"],"picked":"Cloak And Dagger","floor":36.0},{"not_picked":["StuffTheSpire:Injection+1","StuffTheSpire:Python+1"],"picked":"Replay:Poison Smokescreen","floor":36.0},{"not_picked":["Eviscerate+1","Predator+1"],"picked":"Adrenaline","floor":38.0},{"not_picked":["ReplayTheSpireMod:Shiv Toss","Blade Dance+1"],"picked":"Terror+1","floor":42},{"not_picked":["Cloak And Dagger+1","StuffTheSpire:BumpUp+1","Deadly Poison+1"],"picked":"SKIP","floor":44},{"not_picked":["Leg Sweep+1","ReplayTheSpireMod:Necrosis","Riddle With Holes+1"],"picked":"SKIP","floor":46},{"not_picked":["Leg Sweep+1","ReplayTheSpireMod:Necrosis","Riddle With Holes+1"],"picked":"SKIP","floor":46},{"not_picked":["Leg Sweep+1","ReplayTheSpireMod:Necrosis","Riddle With Holes+1"],"picked":"SKIP","floor":46}],"player_experience":1098176,"relics_obtained":[{"floor":7.0,"key":"Bag of Marbles"},{"floor":9.0,"key":"SnailShell"},{"floor":10.0,"key":"infinitespire:Bottled Soul"},{"floor":14.0,"key":"Quantum Egg"},{"floor":26.0,"key":"Replay:Bandana"},{"floor":29.0,"key":"hubris:TenFootPole"},{"floor":46,"key":"hubris:Zylophone"},{"floor":48,"key":"Happy Flower"}],"event_choices":[{"cards_removed":["Crippling Poison"],"damage_healed":0.0,"max_hp_gain":0.0,"max_hp_loss":0.0,"gold_gain":0.0,"event_name":"WeMeetAgain","player_choice":"Gave Card","floor":5.0,"gold_loss":0.0,"damage_taken":0.0,"relics_obtained":["Kunai"]},{"damage_healed":0.0,"max_hp_gain":0.0,"max_hp_loss":0.0,"gold_gain":0.0,"event_name":"Duplicator","player_choice":"Copied","floor":30.0,"gold_loss":0.0,"damage_taken":0.0,"cards_obtained":["infinitespire:Collect"]}],"is_beta":false,"boss_relics":[{"not_picked":["hubris:Stopwatch","halation:LoveArrow"],"picked":"Coffee Dripper"},{"not_picked":["ReplayTheSpireMod:DimensionalGlitch","Calling Bell"],"picked":"conspire:RoyalGoblet"}],"items_purged_floors":[22,37,41,45],"is_endless":false,"potions_floor_spawned":[10,11,14,16,20,24,31,35,38,44],"ascension_level":10}}