{"host":"ix07nhfx4o3nf6kx","time":1612698228,"event":{"mods":["BaseMod","Hermit","Minty Spire (QoL Compilation)","StSLib","The Bug Knight","The Cursed","The Dragon Tamer","The Hierophant","The Jungle","The Runesmith"],"gold_per_floor":[117,128,140,115,76,109,109,124,201,266,195,195,195,213,213,313,363,386,436,460,460,460],"floor_reached":21,"language":"KOR","playtime":2084,"items_purged":[],"score":179,"play_id":"00573463-c4fe-46c7-af64-a0c0d1033699","local_time":"20210207204348","is_ascension_mode":false,"campfire_choices":[{"floor":7,"key":"REST"},{"floor":13,"key":"REST"},{"floor":15,"key":"RECALL"}],"circlet_count":0,"master_deck":["hermit:Strike_Hermit","hermit:Strike_Hermit","hermit:Strike_Hermit+1","hermit:Strike_Hermit","hermit:Defend_Hermit","hermit:Defend_Hermit","hermit:Defend_Hermit","hermit:Defend_Hermit","hermit:Snapshot","hermit:Covet","hermit:Brawl","hermit:EyeOfTheStorm","hermit:Scavenge","hermit:BigShot","hermit:Grudge","hermit:Deadeye","hermit:ItchyTrigger","hermit:EyeOfTheStorm","hermit:Manifest","hermit:CalledShot","hermit:Spite","hermit:HighNoon","hermit:Vantage","hermit:NoHoldsBarred","hermit:LuckOfTheDraw"],"relics":["hermit:Momento","Ice Cream","Shuriken","Bronze Scales","Meat on the Bone","Tiny House"],"acts_visited":["Exordium","Exordium"],"potions_floor_usage":[6,10,18,21],"damage_taken":[{"damage":0,"enemies":"2 Louse","floor":1,"turns":3},{"damage":5,"enemies":"Small Slimes","floor":2,"turns":4},{"damage":6,"enemies":"Jaw Worm","floor":3,"turns":5},{"damage":1,"enemies":"Looter","floor":4,"turns":4},{"damage":44,"enemies":"Gremlin Nob","floor":6,"turns":5},{"damage":9,"enemies":"Blue Slaver","floor":8,"turns":4},{"damage":20,"enemies":"Gremlin Nob","floor":10,"turns":4},{"damage":7,"enemies":"3 Louse","floor":14,"turns":3},{"damage":31,"enemies":"Slime Boss","floor":16,"turns":8},{"damage":10,"enemies":"theJungle:5_Spyders","floor":18,"turns":7},{"damage":35,"enemies":"theJungle:GiantWrat","floor":20,"turns":9},{"damage":53,"enemies":"theJungle:SlimyTreeVines","floor":21,"turns":7}],"seed_played":"-1254701340840091682","potions_obtained":[{"floor":1,"key":"BlessingOfTheForge"},{"floor":8,"key":"Swift Potion"},{"floor":10,"key":"LiquidMemories"},{"floor":16,"key":"Block Potion"},{"floor":17,"key":"Dexterity Potion"},{"floor":20,"key":"Weak Potion"}],"is_trial":false,"path_per_floor":["M","M","M","M","$","E","R","M","T","?","$","?","R","M","R","B",null,"M","?","M","M"],"character_chosen":"HERMIT","items_purchased":["hermit:Grudge","hermit:Manifest","hermit:CalledShot"],"campfire_rested":2,"item_purchase_floors":[5,11,11],"current_hp_per_floor":[82,77,71,70,70,26,50,41,41,21,21,18,42,47,47,28,87,77,65,42,0,0],"gold":460,"neow_bonus":"TEN_PERCENT_HP_BONUS","is_daily":false,"chose_seed":false,"campfire_upgraded":0,"win_rate":0.0,"timestamp":1612698228,"path_taken":["M","M","M","M","$","E","R","M","T","?","$","?","R","M","R","BOSS","M","?","M","M"],"items_purchased_type":["Card","Card","Card"],"build_version":"2020-12-22","purchased_purges":0,"victory":false,"max_hp_per_floor":[82,82,82,82,82,82,82,82,82,82,82,82,82,82,82,82,87,87,87,87,87,87],"card_choices":[{"not_picked":["hermit:HoleUp","hermit:HighCaliber"],"picked":"hermit:Brawl","floor":1},{"not_picked":["hermit:Snipe","hermit:Manifest"],"picked":"hermit:EyeOfTheStorm","floor":2},{"not_picked":["hermit:Snipe","hermit:Feint"],"picked":"hermit:Scavenge","floor":3},{"not_picked":["hermit:Malice","hermit:Roulette"],"picked":"hermit:BigShot","floor":4},{"not_picked":["hermit:WideOpen","hermit:BodyArmor"],"picked":"hermit:Deadeye","floor":6},{"not_picked":["hermit:SprayPray","hermit:HeroicBravado"],"picked":"hermit:ItchyTrigger","floor":8},{"not_picked":["hermit:Desperado","hermit:GhostlyPresence"],"picked":"hermit:EyeOfTheStorm","floor":10},{"not_picked":["hermit:Quickdraw","hermit:SprayPray"],"picked":"hermit:Spite","floor":14},{"not_picked":["hermit:FatalDesire","hermit:OverwhelmingPower"],"picked":"hermit:HighNoon","floor":16},{"not_picked":["hermit:Grudge","hermit:Snipe"],"picked":"hermit:Vantage","floor":17},{"not_picked":["hermit:Quickdraw","hermit:Snipe"],"picked":"hermit:NoHoldsBarred","floor":18},{"not_picked":["hermit:LoneWolf","hermit:Brawl+1"],"picked":"hermit:LuckOfTheDraw","floor":20}],"player_experience":226639,"relics_obtained":[{"floor":6,"key":"Ice Cream"},{"floor":9,"key":"Shuriken"}],"event_choices":[{"damage_healed":0,"gold_gain":30,"player_choice":"Searched \u00273\u0027 times","damage_taken":0,"relics_obtained":["Bronze Scales"],"max_hp_gain":0,"max_hp_loss":0,"event_name":"Dead Adventurer","floor":10,"gold_loss":0},{"damage_healed":0,"gold_gain":0,"player_choice":"Success","damage_taken":3,"relics_obtained":["Meat on the Bone"],"max_hp_gain":0,"max_hp_loss":0,"event_name":"Scrap Ooze","floor":12,"gold_loss":0}],"is_beta":false,"boss_relics":[{"not_picked":["SacredBark","Velvet Choker"],"picked":"Tiny House"}],"items_purged_floors":[],"is_endless":false,"potions_floor_spawned":[1,8,10,16,20],"killed_by":"theJungle:SlimyTreeVines","ascension_level":0}}