{"host":"jumrmhf584hajrnz","time":1612699324,"event":{"mods":["BaseMod","Duelist Mod","GifTheSpireLib","Minty Spire (QoL Compilation)","Quick Restart","StSLib"],"gold_per_floor":[145,420,9,9,9,41,41,66,93,113,113,113,123,256,256,331,331,343,258,258,293,325,325,154,185,185,185,113,131,131,169,169,273,273,296,309,309,309,36,36,67,80,155,155,155],"floor_reached":44,"language":"ENG","playtime":2246,"items_purged":["Regret","Writhe"],"score":1019,"play_id":"7bbd0151-35c0-42fe-be9f-6c5aba2e8235","local_time":"20210207130204","is_ascension_mode":true,"campfire_choices":[{"floor":7,"key":"REST"},{"floor":11,"key":"RECALL"},{"data":"theDuelist:Polymerization","floor":15,"key":"SMITH"},{"floor":23,"key":"REST"},{"floor":30,"key":"REST"},{"floor":32,"key":"REST"},{"floor":40,"key":"REST"}],"circlet_count":0,"master_deck":["theDuelist:AngelTrumpeter","AscendersBane","theDuelist:CactusBouncer","theDuelist:CastleWalls","theDuelist:CastleWalls","theDuelist:DarkworldThorns","theDuelist:Inmato","theDuelist:JerryBeansMan","theDuelist:JerryBeansMan","theDuelist:Sparks","theDuelist:KamionTimelord","theDuelist:WitchBlackRose","theDuelist:Firegrass","theDuelist:Predaponics","theDuelist:LightningDarts","theDuelist:Polymerization+1","theDuelist:BlackRoseDragon","theDuelist:RevivalRose","theDuelist:Inmato","theDuelist:Sangan","theDuelist:PredaplantDrosophyllum","theDuelist:SuperSolarNutrient+1","theDuelist:Predapruning","theDuelist:SilverApples","theDuelist:MudragonSwamp","theDuelist:BlackRoseMoonlight+1","theDuelist:WhiteRoseDragon+1","theDuelist:SilverApples+1","theDuelist:PsiCurse","theDuelist:SuperSolarNutrient+1","theDuelist:Predapruning+1"],"relics":["theDuelist:MillenniumPuzzle","theDuelist:CardPoolRelic","theDuelist:CardPoolBasicRelic","theDuelist:BoosterPackPoolRelic","theDuelist:CardPoolAddRelic","theDuelist:CardPoolMinusRelic","theDuelist:CardPoolSaveRelic","theDuelist:CardPoolOptionsRelic","Lee\u0027s Waffle","Juzu Bracelet","Paper Crane","Regal Pillow","theDuelist:ZoneToken","theDuelist:BoosterPackHealer","theDuelist:MillenniumCoin","SlaversCollar","theDuelist:KaibaToken","theDuelist:MetronomeRelicB","Happy Flower","Strawberry","Mark of Pain","theDuelist:ResummonBranch","theDuelist:MillenniumArmor","Vajra","Mummified Hand"],"acts_visited":["Exordium","TheCity","TheBeyond"],"potions_floor_usage":[25],"damage_taken":[{"damage":8,"enemies":"Small Slimes","floor":1,"turns":3},{"damage":32,"enemies":"Gremlin Nob","floor":6,"turns":4},{"damage":16,"enemies":"Lagavulin","floor":8,"turns":8},{"damage":2,"enemies":"Cultist","floor":10,"turns":4},{"damage":3,"enemies":"Jaw Worm","floor":13,"turns":3},{"damage":4,"enemies":"Gremlin Nob","floor":14,"turns":3},{"damage":14,"enemies":"The Guardian","floor":16,"turns":8},{"damage":17,"enemies":"3 Byrds","floor":18,"turns":4},{"damage":8,"enemies":"Chosen","floor":21,"turns":5},{"damage":32,"enemies":"Snake Plant","floor":22,"turns":5},{"damage":17,"enemies":"theDuelist:KaibaA2","floor":25,"turns":5},{"damage":0,"enemies":"Centurion and Healer","floor":29,"turns":3},{"damage":6,"enemies":"3 Cultists","floor":31,"turns":4},{"damage":48,"enemies":"Automaton","floor":33,"turns":9},{"damage":30,"enemies":"3 Shapes","floor":35,"turns":4},{"damage":2,"enemies":"Orb Walker","floor":36,"turns":4},{"damage":27,"enemies":"Nemesis","floor":41,"turns":7},{"damage":32,"enemies":"Spire Growth","floor":42,"turns":7},{"damage":45,"enemies":"Writhing Mass","floor":44,"turns":3}],"seed_played":"6000151154998702967","potions_obtained":[{"floor":1,"key":"theDuelist:BarricadePotion"},{"floor":13,"key":"SneckoOil"},{"floor":21,"key":"BlessingOfTheForge"},{"floor":29,"key":"theDuelist:DebuffArmorPotion"},{"floor":31,"key":"theDuelist:WhiteBottle"}],"is_trial":false,"path_per_floor":["M","?","$","?","?","E","R","E","T","M","R","T","M","E","R","B",null,"M","?","?","M","M","R","$","E","T","?","?","M","R","M","R","B",null,"M","M","?","?","$","R","E","M","T","M"],"character_chosen":"THE_DUELIST","items_purchased":["Lee\u0027s Waffle","Juzu Bracelet","Happy Flower","theDuelist:MillenniumArmor"],"campfire_rested":5,"item_purchase_floors":[3,3,24,39],"current_hp_per_floor":[55,55,77,77,77,45,68,52,52,50,50,50,47,47,47,33,66,49,49,49,45,17,55,55,45,45,45,45,49,84,78,84,36,72,42,44,44,44,44,84,65,33,33,0,0],"gold":155,"neow_bonus":"ONE_RANDOM_RARE_CARD","is_daily":false,"chose_seed":false,"campfire_upgraded":1,"win_rate":0.0,"timestamp":1612699324,"path_taken":["M","?","?","?","?","E","R","E","T","M","R","?","M","E","R","BOSS","M","?","?","M","M","R","?","E","T","?","?","M","R","M","R","BOSS","M","M","?","?","?","R","E","M","T","M"],"items_purchased_type":["Relic","Relic","Relic","Relic"],"build_version":"2020-12-22","purchased_purges":2,"victory":false,"max_hp_per_floor":[70,70,77,77,77,77,77,77,77,77,77,77,77,77,77,77,77,77,77,77,77,77,77,77,84,84,84,84,84,84,84,84,84,84,84,84,84,84,84,84,84,84,84,84,84],"card_choices":[{"not_picked":["theDuelist:RosePaladin","theDuelist:PredaplantChimerafflesia"],"picked":"theDuelist:KamionTimelord","floor":1},{"not_picked":["theDuelist:JerryBeansMan","theDuelist:CheerfulCoffin","theDuelist:Invigoration","theDuelist:WormApocalypse"],"picked":"theDuelist:Firegrass","floor":6},{"not_picked":["theDuelist:Fissure","theDuelist:FuryFire","theDuelist:CheerfulCoffin","theDuelist:PotDuality"],"picked":"theDuelist:Predaponics","floor":8},{"not_picked":["theDuelist:DarklordSuperbia","theDuelist:DestroyerGolem","theDuelist:GaiaMidNightSun","theDuelist:GilfordLegend"],"picked":"theDuelist:LightningDarts","floor":10},{"not_picked":["theDuelist:AttackTheMoon","theDuelist:GemArmadillo","theDuelist:GilfordLegend","theDuelist:ChangeHeart"],"picked":"theDuelist:Polymerization","floor":13},{"not_picked":["theDuelist:PredaplantDrosophyllum","theDuelist:CrystalRose","theDuelist:Firegrass","theDuelist:JerryBeansMan"],"picked":"theDuelist:BlackRoseDragon","floor":14},{"not_picked":["theDuelist:PlantFoodChain","theDuelist:BeastFangs","theDuelist:RoseArcher","theDuelist:Gigaplant"],"picked":"theDuelist:RevivalRose","floor":16},{"not_picked":["theDuelist:CactusBouncer","theDuelist:PredaplantFlytrap","theDuelist:CheerfulCoffin","theDuelist:BotanicalLion+1"],"picked":"theDuelist:Inmato","floor":18},{"not_picked":["theDuelist:BattleOx","theDuelist:GraniteLoyalist","theDuelist:Hinotama+1","theDuelist:LightningVortex"],"picked":"theDuelist:Sangan","floor":21},{"not_picked":["theDuelist:VenomShot+1","theDuelist:LordPoison","theDuelist:LonefireBlossom","theDuelist:RoseWitch"],"picked":"theDuelist:PredaplantDrosophyllum","floor":22},{"not_picked":["theDuelist:CactusBouncer","theDuelist:PredaplantPterapenthes","theDuelist:CheerfulCoffin","theDuelist:LonefireBlossom"],"picked":"theDuelist:SuperSolarNutrient+1","floor":25},{"not_picked":["theDuelist:LightningDarts","theDuelist:MudragonSwamp+1","theDuelist:PowerWall","theDuelist:FluteKuriboh"],"picked":"theDuelist:SilverApples","floor":29},{"not_picked":["theDuelist:EvilswarmHeliotrope","theDuelist:GaiaMidNightSun+1","theDuelist:GauntletWarrior","theDuelist:LightningRodLord+1"],"picked":"theDuelist:MudragonSwamp","floor":31},{"not_picked":["theDuelist:RoseArcher","theDuelist:PredaplantSarraceniant","theDuelist:PredaplantChimerafflesia","theDuelist:Gigaplant"],"picked":"theDuelist:BlackRoseMoonlight+1","floor":33},{"not_picked":["theDuelist:BotanicalLion","theDuelist:Firegrass+1","theDuelist:CheerfulCoffin","theDuelist:RagingMadPlants"],"picked":"theDuelist:WhiteRoseDragon+1","floor":35},{"not_picked":["theDuelist:Reinforcements","theDuelist:BottomlessTrapHole","theDuelist:AcidTrapHole+1","theDuelist:BloomingDarkestRose"],"picked":"theDuelist:SilverApples+1","floor":36},{"not_picked":["theDuelist:JerryBeansMan","theDuelist:Inmato","theDuelist:Firegrass","theDuelist:DarkworldThorns+1"],"picked":"theDuelist:SuperSolarNutrient+1","floor":41},{"not_picked":["theDuelist:BotanicalLion","theDuelist:LonefireBlossom","theDuelist:Spore","theDuelist:SilverApples"],"picked":"theDuelist:Predapruning+1","floor":42}],"player_experience":1716651,"relics_obtained":[{"floor":6,"key":"Paper Crane"},{"floor":8,"key":"Regal Pillow"},{"floor":9,"key":"theDuelist:ZoneToken"},{"floor":12,"key":"theDuelist:BoosterPackHealer"},{"floor":14,"key":"theDuelist:MillenniumCoin"},{"floor":25,"key":"Strawberry"},{"floor":41,"key":"Vajra"},{"floor":43,"key":"Mummified Hand"}],"event_choices":[{"damage_healed":0,"gold_gain":275,"player_choice":"Desecrate","damage_taken":0,"max_hp_gain":0,"max_hp_loss":0,"event_name":"Golden Shrine","floor":2,"gold_loss":0,"cards_obtained":["Regret"]},{"damage_healed":0,"gold_gain":0,"cards_transformed":["theDuelist:RoseArcher"],"player_choice":"Transformed","damage_taken":0,"max_hp_gain":0,"max_hp_loss":0,"event_name":"Transmorgrifier","floor":4,"gold_loss":0,"cards_obtained":["theDuelist:WitchBlackRose"]},{"cards_removed":["theDuelist:Sparks"],"damage_healed":0,"gold_gain":0,"player_choice":"Offered Basic","damage_taken":0,"max_hp_gain":0,"max_hp_loss":0,"event_name":"Bonfire Elementals","floor":5,"gold_loss":0},{"damage_healed":0,"gold_gain":0,"player_choice":"Obtained Relic","damage_taken":0,"relics_obtained":["theDuelist:KaibaToken"],"max_hp_gain":0,"max_hp_loss":0,"event_name":"Addict","floor":19,"gold_loss":85},{"damage_healed":0,"gold_gain":0,"player_choice":"Opened","damage_taken":0,"relics_obtained":["theDuelist:MetronomeRelicB"],"max_hp_gain":0,"max_hp_loss":0,"event_name":"The Mausoleum","floor":20,"gold_loss":0,"cards_obtained":["Writhe"]},{"damage_healed":0,"gold_gain":0,"player_choice":"Ignored","damage_taken":0,"max_hp_gain":0,"max_hp_loss":0,"event_name":"Ghosts","floor":27,"gold_loss":0},{"damage_healed":0,"gold_gain":0,"player_choice":"Purchased Predapruning for 72 Gold.","duelist":true,"damage_taken":0,"max_hp_gain":0,"max_hp_loss":0,"event_name":"Card Trader","floor":28,"gold_loss":0},{"damage_healed":0,"gold_gain":0,"player_choice":"Took item - Received: Millennium Branch","duelist":true,"damage_taken":0,"max_hp_gain":0,"max_hp_loss":0,"event_name":"Millennium Items","floor":37,"gold_loss":0},{"total_magic_score":77,"gold_gain":0,"duelist":true,"damage_taken":0,"relics_obtained":[],"points":2,"max_hp_gain":0,"max_hp_loss":0,"spent_points":{"magic":1,"greed":0,"war":1,"power":0,"hunger":0},"event_name":"Nameless Tomb","floor":38,"gold_loss":0,"cards_obtained":[]}],"is_beta":false,"boss_relics":[{"not_picked":["theDuelist:MillenniumKey","theDuelist:HauntedRelic"],"picked":"SlaversCollar"},{"not_picked":["Calling Bell","Runic Dome"],"picked":"Mark of Pain"}],"items_purged_floors":[3,39],"is_endless":false,"potions_floor_spawned":[1,13,21,29,31,42],"killed_by":"Writhing Mass","ascension_level":20}}