{"host":"ippeulvg90hectqg","time":1612688789,"event":{"mods":["BaseMod","Downfall","Hermit","Infinite Spire","Lobotomy","Minty Spire (QoL Compilation)","Replay The Spire","StSLib"],"gold_per_floor":[113,188,198,198,217,217,252,264,302,342,378,589,643,685,697,823,835,878,890,902,914,914],"floor_reached":21,"language":"ZHS","playtime":1507,"items_purged":["hermit:Strike_Hermit"],"score":189,"play_id":"a962c26e-3ee3-46fb-b67a-f076807c204f","local_time":"20210207170629","is_ascension_mode":false,"campfire_choices":[{"data":"hermit:Manifest","floor":6.0,"key":"SMITH"},{"data":"hermit:Covet","floor":8.0,"key":"SMITH"},{"data":"hermit:Combo","floor":15.0,"key":"SMITH"}],"circlet_count":0,"master_deck":["hermit:Strike_Hermit","hermit:Strike_Hermit","hermit:Strike_Hermit","hermit:Defend_Hermit","hermit:Defend_Hermit","hermit:Defend_Hermit","hermit:Defend_Hermit","hermit:Snapshot","hermit:Covet+1","hermit:ShadowCloak","hermit:Shortfuse","hermit:Manifest+1","Parasite","Funeral","hermit:Headshot","hermit:Combo+1","Parasite","hermit:Enervate","hermit:SprayPray","Wellcheers","hermit:FromBeyond","MeatLantern","hermit:Ricochet","hermit:Strike_Hermit"],"relics":["hermit:Momento","CogitoBucket","MawBank","Replay:Bandana","Omamori","Busted Crown","DollysMirror"],"acts_visited":["Exordium","TheCity"],"potions_floor_usage":[],"damage_taken":[{"damage":3.0,"enemies":"2 Louse","floor":1.0,"turns":3.0},{"damage":6.0,"enemies":"Jaw Worm","floor":3.0,"turns":4.0},{"damage":0.0,"enemies":"Small Slimes","floor":5.0,"turns":3.0},{"damage":13.0,"enemies":"Lagavulin","floor":7.0,"turns":7.0},{"damage":1.0,"enemies":"3 Louse","floor":10.0,"turns":4.0},{"damage":9.0,"enemies":"Large Slime","floor":11.0,"turns":6.0},{"damage":23.0,"enemies":"3 Sentries","floor":13.0,"turns":7.0},{"damage":9.0,"enemies":"Blue Slaver","floor":14.0,"turns":5.0},{"damage":23.0,"enemies":"The Guardian","floor":16.0,"turns":11.0},{"damage":32,"enemies":"Spheric Guardian","floor":18,"turns":6},{"damage":50,"enemies":"Chosen","floor":21,"turns":1}],"seed_played":"6490205815409254711","potions_obtained":[{"floor":1.0,"key":"Fire Potion"},{"floor":7.0,"key":"FearPotion"},{"floor":11.0,"key":"SkillPotion"},{"floor":16.0,"key":"Weak Potion"},{"floor":18,"key":"SteroidPotion"}],"is_trial":false,"path_per_floor":["M","?","M","?","M","R","E","R","T","M","M","?","E","M","R","B",null,"M","AVR","?","M"],"character_chosen":"HERMIT","items_purchased":[],"campfire_rested":0,"item_purchase_floors":[],"current_hp_per_floor":[72,61,55,75,75,75,62,62,62,62,55,55,34,26,26,4,75,43,43,43,0,0],"gold":914,"neow_bonus":"","is_daily":false,"chose_seed":false,"campfire_upgraded":3,"win_rate":0.0,"timestamp":1612688789,"path_taken":["M","?","M","?","M","R","E","R","T","M","M","?","E","M","R","BOSS","M","AVR","?","M"],"items_purchased_type":[],"build_version":"2020-12-22","purchased_purges":1,"victory":false,"max_hp_per_floor":[75,75,75,75,75,75,75,75,75,75,75,75,75,75,75,75,75,75,75,75,75,75],"card_choices":[{"not_picked":["PunishingBird","BeautyBeast"],"picked":"MHz","floor":1.0},{"not_picked":["hermit:HighCaliber","hermit:Determination"],"picked":"hermit:ShadowCloak","floor":1.0},{"not_picked":["Alriune","WallGazer"],"picked":"WhitesApple","floor":3.0},{"not_picked":["hermit:DeadMansHand","hermit:HighCaliber"],"picked":"hermit:Shortfuse","floor":3.0},{"not_picked":["hermit:Feint","hermit:Virtue"],"picked":"hermit:Manifest","floor":5.0},{"not_picked":["Wellcheers","PunishingBird"],"picked":"Funeral","floor":7.0},{"not_picked":["hermit:Manifest","hermit:Dive"],"picked":"hermit:Headshot","floor":7.0},{"not_picked":["hermit:Feint","hermit:Maintenance"],"picked":"hermit:Combo","floor":10.0},{"not_picked":["hermit:Maintenance","hermit:Feint"],"picked":"hermit:Enervate","floor":11.0},{"not_picked":["hermit:Dive","hermit:Desperado"],"picked":"hermit:SprayPray","floor":12.0},{"not_picked":["hermit:Determination","hermit:Coalescence","hermit:Shortfuse"],"picked":"SKIP","floor":13.0},{"not_picked":["hermit:HighCaliber","hermit:TrackingShot","hermit:Glare"],"picked":"SKIP","floor":14.0},{"not_picked":["WhitesApple","Bloodbath"],"picked":"Wellcheers","floor":16.0},{"not_picked":["hermit:OverwhelmingPower","hermit:Purgatory"],"picked":"hermit:FromBeyond","floor":16.0},{"not_picked":["PlagueDoctor","ShyLook"],"picked":"MeatLantern","floor":18},{"not_picked":[],"picked":"hermit:Ricochet","floor":18}],"player_experience":571960,"relics_obtained":[{"floor":7.0,"key":"MawBank"},{"floor":9.0,"key":"Replay:Bandana"},{"floor":13.0,"key":"Omamori"}],"event_choices":[{"damage_healed":0.0,"max_hp_gain":0.0,"max_hp_loss":0.0,"gold_gain":75.0,"event_name":"World of Goop","player_choice":"Gather Gold","floor":2.0,"gold_loss":0.0,"damage_taken":11.0},{"damage_healed":0,"gold_gain":0,"player_choice":"Ignored","damage_taken":0,"max_hp_gain":0,"max_hp_loss":0,"event_name":"Ghosts","floor":20,"gold_loss":0}],"is_beta":false,"boss_relics":[{"not_picked":["Ectoplasm","SacredBark"],"picked":"Busted Crown"}],"items_purged_floors":[19],"is_endless":false,"potions_floor_spawned":[1,7,11,16,18],"killed_by":"Chosen","ascension_level":0}}