{"host":"2qyxu97h6u4ukicb","time":1612660682,"event":{"mods":["AchievementEnabler","BaseMod","BetterRewards","Colored Map","Colored Powertips","Minty Spire (QoL Compilation)","Replay The Spire","Shop Mod","StSLib"],"gold_per_floor":[213,213,232,232,195,195,225,225,249,249,249,265,284,299,299,401,401,401,401],"floor_reached":18,"language":"ENG","playtime":1310,"items_purged":[],"score":160,"play_id":"16367809-8da3-4e62-b4a9-a62793cafa42","local_time":"20210206191802","is_ascension_mode":false,"campfire_choices":[{"data":"Dash","floor":6,"key":"SMITH"},{"data":"Slice","floor":8,"key":"SMITH"},{"data":"Neutralize","floor":10,"key":"SMITH"},{"floor":15,"key":"RECALL"}],"circlet_count":0,"master_deck":["Strike_G","Strike_G","Strike_G","Strike_G","Strike_G","Defend_G","Defend_G","Defend_G","Defend_G","Defend_G","Survivor+1","Neutralize+1","Deadly Poison+1","Slice+1","Dash+1"],"relics":["Sizzling Blood","Singing Bowl","Omamori","WristBlade"],"acts_visited":["Exordium","TheCity"],"potions_floor_usage":[7,16],"damage_taken":[{"damage":0,"enemies":"2 Louse","floor":1,"turns":3},{"damage":0,"enemies":"Cultist","floor":3,"turns":4},{"damage":19,"enemies":"Gremlin Nob","floor":7,"turns":5},{"damage":2,"enemies":"Small Slimes","floor":12,"turns":3},{"damage":9,"enemies":"Blue Slaver","floor":13,"turns":3},{"damage":1,"enemies":"Exordium Wildlife","floor":14,"turns":3},{"damage":27,"enemies":"The Guardian","floor":16,"turns":13},{"damage":0,"enemies":"2 Thieves","floor":18,"turns":1}],"seed_played":"-8498960287828426843","potions_obtained":[{"floor":3,"key":"Poison Potion"},{"floor":14,"key":"Milkshake"}],"is_trial":false,"path_per_floor":["M","?","M","?","$","R","E","R","T","R","?","M","M","M","R","B",null,"M"],"character_chosen":"THE_SILENT","items_purchased":["Dash"],"campfire_rested":0,"item_purchase_floors":[5],"current_hp_per_floor":[70,70,70,74,74,74,61,61,61,61,61,65,62,67,67,46,84,84,84],"gold":401,"neow_bonus":"HUNDRED_GOLD","is_daily":false,"chose_seed":false,"campfire_upgraded":3,"win_rate":0.0,"timestamp":1612660682,"path_taken":["M","?","?","?","$","R","E","R","T","R","?","M","M","M","R","BOSS","M"],"items_purchased_type":["Card"],"build_version":"2020-12-22","purchased_purges":0,"victory":false,"max_hp_per_floor":[70,70,70,74,74,74,76,76,76,76,76,78,80,82,82,84,84,84,84],"card_choices":[{"not_picked":["Catalyst","Deflect"],"picked":"Deadly Poison","floor":1},{"not_picked":["Backflip","Sucker Punch"],"picked":"Slice","floor":3},{"not_picked":["Quick Slash","Flying Knee","Dagger Throw"],"picked":"Singing Bowl","floor":7},{"not_picked":["PiercingWail","Eviscerate","Glass Knife"],"picked":"Singing Bowl","floor":12},{"not_picked":["PiercingWail","Finisher","Well Laid Plans"],"picked":"Singing Bowl","floor":13},{"not_picked":["Predator","Escape Plan","Endless Agony"],"picked":"Singing Bowl","floor":14},{"not_picked":["Burst","Wraith Form v2","Phantasmal Killer"],"picked":"Singing Bowl","floor":16}],"player_experience":792768,"relics_obtained":[{"floor":7,"key":"Singing Bowl"},{"floor":9,"key":"Omamori"}],"event_choices":[{"damage_healed":0,"gold_gain":0,"player_choice":"Upgraded","damage_taken":0,"max_hp_gain":0,"max_hp_loss":0,"event_name":"Upgrade Shrine","floor":2,"gold_loss":0,"cards_upgraded":["Deadly Poison"]},{"damage_healed":0,"gold_gain":0,"player_choice":"Grow","damage_taken":0,"max_hp_gain":0,"max_hp_loss":0,"event_name":"Living Wall","floor":11,"gold_loss":0,"cards_upgraded":["Survivor"]}],"is_beta":false,"boss_relics":[{"not_picked":["Replay:Grab Bag","Ectoplasm"],"picked":"WristBlade"}],"items_purged_floors":[],"is_endless":false,"potions_floor_spawned":[3,14],"killed_by":"2 Thieves","ascension_level":0}}