{"host":"z16h96csw6gsetxl","time":1612705461,"event":{"mods":["BaseMod","Minty Spire (QoL Compilation)"],"gold_per_floor":[109,109,109,130,55,55,96,121,148,183,83,122,122,138,138,257,257,276,300,21,21,39,39,82,100,152,152,171,209,225,259,259,389,389,414,414,439,457,128,166,166,201,224,287,302,320,334,21,21,21],"floor_reached":51,"language":"ZHS","playtime":2702,"items_purged":["Clumsy","Strike_G","Strike_G","Flying Knee"],"score":1156,"play_id":"649b6c90-e370-40d5-a973-a0ad1a473191","local_time":"20210207214421","is_ascension_mode":true,"campfire_choices":[{"data":"Masterful Stab","floor":6.0,"key":"SMITH"},{"data":"Blade Dance","floor":15.0,"key":"SMITH"},{"data":"Accuracy","floor":23.0,"key":"SMITH"},{"data":"Cloak And Dagger","floor":32,"key":"SMITH"},{"data":"1","floor":41,"key":"LIFT"},{"data":"Infinite Blades","floor":49,"key":"SMITH"}],"circlet_count":0,"master_deck":["Survivor","Neutralize","Predator","Masterful Stab+1","Accuracy+1","Blade Dance+1","Backstab","Backstab","A Thousand Cuts","Cloak And Dagger+1","Backstab","Infinite Blades+1","PiercingWail+1","Adrenaline+1","Acrobatics+1","Footwork","Terror+1","Venomology+1","Tactician+1","Quick Slash","Expertise+1","Dodge and Roll+1","Storm of Steel+1","Phantasmal Killer+1","Escape Plan+1","Acrobatics+1","Neutralize","Malaise+1","Infinite Blades+1","Secret Technique+1","Prepared+1","Calculated Gamble+1","Backflip+1"],"relics":["Ring of the Snake","Ice Cream","Golden Idol","Nunchaku","Oddly Smooth Stone","InkBottle","Happy Flower","Coffee Dripper","Pen Nib","Toxic Egg 2","Vajra","Prayer Wheel","Mango","Pandora\u0027s Box","Girya","Frozen Egg 2","Bag of Marbles","Tough Bandages","Pantograph"],"acts_visited":["Exordium","TheCity","TheBeyond"],"potions_floor_usage":[31,31,40,42,47,50,50],"damage_taken":[{"damage":0.0,"enemies":"Small Slimes","floor":1.0,"turns":3.0},{"damage":0.0,"enemies":"2 Louse","floor":4.0,"turns":2.0},{"damage":17.0,"enemies":"3 Sentries","floor":7.0,"turns":6.0},{"damage":4.0,"enemies":"Jaw Worm","floor":8.0,"turns":2.0},{"damage":0.0,"enemies":"Lagavulin","floor":10.0,"turns":4.0},{"damage":0.0,"enemies":"Gremlin Nob","floor":12.0,"turns":3.0},{"damage":0.0,"enemies":"Large Slime","floor":14.0,"turns":4.0},{"damage":0.0,"enemies":"Hexaghost","floor":16.0,"turns":7.0},{"damage":0.0,"enemies":"3 Byrds","floor":18.0,"turns":2.0},{"damage":0.0,"enemies":"Chosen","floor":19.0,"turns":3.0},{"damage":0.0,"enemies":"Shelled Parasite and Fungi","floor":22.0,"turns":3.0},{"damage":21.0,"enemies":"Slavers","floor":24.0,"turns":2.0},{"damage":0.0,"enemies":"Centurion and Healer","floor":25.0,"turns":3.0},{"damage":0.0,"enemies":"Snake Plant","floor":28.0,"turns":2.0},{"damage":4.0,"enemies":"Book of Stabbing","floor":29.0,"turns":2.0},{"damage":0,"enemies":"Snecko","floor":30,"turns":2},{"damage":0,"enemies":"Slavers","floor":31,"turns":4},{"damage":17,"enemies":"Champ","floor":33,"turns":5},{"damage":5,"enemies":"3 Shapes","floor":35,"turns":2},{"damage":0,"enemies":"3 Darklings","floor":37,"turns":1},{"damage":5,"enemies":"Jaw Worm Horde","floor":38,"turns":2},{"damage":0,"enemies":"Reptomancer","floor":40,"turns":2},{"damage":22,"enemies":"Giant Head","floor":42,"turns":3},{"damage":0,"enemies":"Mind Bloom Boss Battle","floor":44,"turns":1},{"damage":4,"enemies":"4 Shapes","floor":45,"turns":2},{"damage":0,"enemies":"3 Darklings","floor":46,"turns":2},{"damage":0,"enemies":"Writhing Mass","floor":47,"turns":2},{"damage":0,"enemies":"Donu and Deca","floor":50,"turns":3}],"seed_played":"-8806676891791243241","potions_obtained":[{"floor":7.0,"key":"Energy Potion"},{"floor":12.0,"key":"ColorlessPotion"},{"floor":14.0,"key":"CunningPotion"},{"floor":18.0,"key":"PowerPotion"},{"floor":19.0,"key":"DuplicationPotion"},{"floor":28.0,"key":"FearPotion"},{"floor":30,"key":"BlessingOfTheForge"},{"floor":37,"key":"Block Potion"},{"floor":45,"key":"Energy Potion"}],"is_trial":false,"path_per_floor":["M","?","?","M","$","R","E","M","T","E","$","E","?","M","R","B",null,"M","M","$","?","M","R","E","M","T","?","M","E","M","E","R","B",null,"M","?","M","M","$","E","R","E","T","?","M","M","M","$","R","B",null],"character_chosen":"THE_SILENT","items_purchased":["Pen Nib","Secret Technique+1","Pantograph","DuplicationPotion"],"campfire_rested":0,"item_purchase_floors":[20,39,48,48],"current_hp_per_floor":[70,53,53,53,53,53,36,32,32,32,32,32,32,32,32,32,70,70,70,70,70,70,70,49,49,49,49,49,45,45,59,59,42,84,79,79,79,74,74,74,74,52,52,52,48,48,48,48,48,73],"gold":21,"neow_bonus":"ONE_RARE_RELIC","is_daily":false,"chose_seed":false,"campfire_upgraded":5,"win_rate":0.0,"timestamp":1612705461,"path_taken":["M","?","?","M","$","R","E","M","T","E","$","E","?","?","R","BOSS","M","M","$","?","M","R","E","M","T","?","M","E","M","E","R","BOSS","M","?","M","?","$","E","R","E","T","?","M","M","M","$","R","BOSS"],"items_purchased_type":["Relic","Card","Relic","Potion"],"build_version":"2020-12-22","purchased_purges":4,"victory":true,"max_hp_per_floor":[70,70,70,70,70,70,70,70,70,70,70,70,70,70,70,70,70,70,70,70,70,70,70,70,70,70,70,70,70,70,84,84,84,84,84,84,84,84,84,84,84,84,84,84,84,84,84,84,84,84],"card_choices":[{"not_picked":["Bane","Flying Knee"],"picked":"Predator","floor":1.0},{"not_picked":["Deadly Poison","Caltrops"],"picked":"Masterful Stab","floor":4.0},{"not_picked":["Setup","Masterful Stab"],"picked":"Accuracy","floor":7.0},{"not_picked":["Reflex","Sucker Punch"],"picked":"Blade Dance","floor":8.0},{"not_picked":["Underhanded Strike","Caltrops"],"picked":"Backstab","floor":10.0},{"not_picked":["Sucker Punch","Deadly Poison","Distraction"],"picked":"SKIP","floor":12.0},{"not_picked":["Dodge and Roll","Noxious Fumes"],"picked":"Backstab","floor":14.0},{"not_picked":["Envenom","Storm of Steel"],"picked":"A Thousand Cuts","floor":16.0},{"not_picked":["Sucker Punch","Dodge and Roll"],"picked":"Cloak And Dagger","floor":18.0},{"not_picked":["Predator+1","Distraction"],"picked":"Backstab","floor":19.0},{"not_picked":["Dagger Spray","Eviscerate"],"picked":"Infinite Blades+1","floor":22.0},{"not_picked":["Dagger Spray","Dodge and Roll+1"],"picked":"PiercingWail+1","floor":24.0},{"not_picked":["Leg Sweep+1","All Out Attack"],"picked":"Adrenaline+1","floor":25.0},{"not_picked":["Poisoned Stab","Sucker Punch"],"picked":"Acrobatics+1","floor":28.0},{"not_picked":["Flechettes","Heel Hook"],"picked":"Footwork","floor":29.0},{"not_picked":["Bouncing Flask+1","Escape Plan+1"],"picked":"Terror+1","floor":30},{"not_picked":["Sucker Punch+1","Slice","Prepared+1"],"picked":"SKIP","floor":30},{"not_picked":["Flying Knee","Dodge and Roll+1","Poisoned Stab"],"picked":"SKIP","floor":31},{"not_picked":["Unload","Storm of Steel+1"],"picked":"Venomology+1","floor":33},{"not_picked":["Dagger Throw","Predator+1"],"picked":"Acrobatics+1","floor":35},{"not_picked":["Cloak And Dagger+1","Poisoned Stab","Sucker Punch+1"],"picked":"SKIP","floor":35},{"not_picked":["Distraction+1","Quick Slash"],"picked":"Malaise+1","floor":37},{"not_picked":["Poisoned Stab+1","Quick Slash+1"],"picked":"Infinite Blades","floor":37},{"not_picked":["PiercingWail+1","Slice+1","Flying Knee+1"],"picked":"SKIP","floor":38},{"not_picked":["Choke","Malaise+1","Concentrate+1"],"picked":"SKIP","floor":38},{"not_picked":["Dagger Throw+1","Bouncing Flask+1"],"picked":"Prepared+1","floor":40},{"not_picked":["PiercingWail+1","Slice+1"],"picked":"Calculated Gamble+1","floor":42},{"not_picked":["Leg Sweep+1","Dodge and Roll+1"],"picked":"Backflip+1","floor":45},{"not_picked":["Crippling Poison+1","Well Laid Plans+1","Flying Knee"],"picked":"SKIP","floor":45},{"not_picked":["Riddle With Holes+1","Corpse Explosion+1","Dagger Spray+1"],"picked":"SKIP","floor":46},{"not_picked":["Dagger Spray+1","Dagger Throw+1","Dodge and Roll+1"],"picked":"SKIP","floor":46},{"not_picked":["Distraction+1","Blur+1","Skewer+1"],"picked":"SKIP","floor":47},{"not_picked":["PiercingWail+1","Underhanded Strike+1","Poisoned Stab+1"],"picked":"SKIP","floor":47}],"player_experience":85601,"relics_obtained":[{"floor":7.0,"key":"Nunchaku"},{"floor":9.0,"key":"Oddly Smooth Stone"},{"floor":10.0,"key":"InkBottle"},{"floor":12.0,"key":"Happy Flower"},{"floor":24.0,"key":"Toxic Egg 2"},{"floor":26.0,"key":"Vajra"},{"floor":29.0,"key":"Prayer Wheel"},{"floor":31,"key":"Mango"},{"floor":40,"key":"Girya"},{"floor":42,"key":"Frozen Egg 2"},{"floor":43,"key":"Bag of Marbles"},{"floor":44,"key":"Tough Bandages"}],"event_choices":[{"damage_healed":0.0,"max_hp_gain":0.0,"max_hp_loss":0.0,"gold_gain":0.0,"event_name":"Golden Idol","player_choice":"Take Damage","floor":2.0,"gold_loss":0.0,"damage_taken":17.0,"relics_obtained":["Golden Idol"]},{"damage_healed":0.0,"max_hp_gain":0.0,"max_hp_loss":0.0,"gold_gain":0.0,"cards_transformed":["Defend_G"],"event_name":"Living Wall","player_choice":"Change","floor":3.0,"gold_loss":0.0,"damage_taken":0.0,"cards_obtained":["Flying Knee"]},{"damage_healed":0.0,"max_hp_gain":0.0,"max_hp_loss":0.0,"gold_gain":0.0,"event_name":"Liars Game","player_choice":"Ignored","floor":13.0,"gold_loss":0.0,"damage_taken":0.0},{"damage_healed":0.0,"max_hp_gain":0.0,"max_hp_loss":0.0,"gold_gain":0.0,"event_name":"Vampires","player_choice":"Ignored","floor":21.0,"gold_loss":0.0,"damage_taken":0.0},{"damage_healed":0.0,"max_hp_gain":0.0,"max_hp_loss":0.0,"gold_gain":0.0,"event_name":"Ghosts","player_choice":"Ignored","floor":27.0,"gold_loss":0.0,"damage_taken":0.0},{"damage_healed":0,"gold_gain":0,"player_choice":"1 cards matched","damage_taken":0,"max_hp_gain":0,"max_hp_loss":0,"event_name":"Match and Keep!","floor":36,"gold_loss":0,"cards_obtained":["Neutralize"]},{"damage_healed":0,"gold_gain":0,"player_choice":"Fight","damage_taken":0,"max_hp_gain":0,"max_hp_loss":0,"event_name":"MindBloom","floor":44,"gold_loss":0}],"is_beta":false,"boss_relics":[{"not_picked":["Busted Crown","Ring of the Serpent"],"picked":"Coffee Dripper"},{"not_picked":["SlaversCollar","Philosopher\u0027s Stone"],"picked":"Pandora\u0027s Box"}],"items_purged_floors":[5,11,20,39],"is_endless":false,"potions_floor_spawned":[7,12,14,18,19,28,30,37,38,45,46],"ascension_level":3}}