{"host":"ewe4oe702q4ujr6i","time":1612714523,"event":{"mods":["BaseMod","Colored Map","Colored Powertips","DeckTracker","Minty Spire (QoL Compilation)","SuperFastMode"],"gold_per_floor":[111,36,36,53,53,92,116,149,175,175,189,209,209,209],"floor_reached":13,"language":"KOR","playtime":771,"items_purged":["Decay"],"score":95,"play_id":"3770ce20-07e1-46eb-b832-2215f5741581","local_time":"20210208011523","is_ascension_mode":false,"campfire_choices":[{"floor":10,"key":"REST"}],"circlet_count":0,"master_deck":["Strike_P","Strike_P","Strike_P","Defend_P","Defend_P","Defend_P","Defend_P","Eruption","Vigilance","DeusExMachina","FlyingSleeves","Sanctity","Study","MentalFortress","Adaptation","MentalFortress"],"relics":["PureWater","Golden Idol","Centennial Puzzle","Boot","Bag of Marbles"],"acts_visited":["Exordium"],"potions_floor_usage":[6,13],"damage_taken":[{"damage":1,"enemies":"2 Louse","floor":1,"turns":2},{"damage":0,"enemies":"Small Slimes","floor":4,"turns":3},{"damage":11,"enemies":"3 Sentries","floor":6,"turns":12},{"damage":1,"enemies":"Jaw Worm","floor":7,"turns":3},{"damage":25,"enemies":"Lagavulin","floor":8,"turns":7},{"damage":0,"enemies":"Red Slaver","floor":11,"turns":3},{"damage":5,"enemies":"Looter","floor":12,"turns":4},{"damage":42,"enemies":"Gremlin Nob","floor":13,"turns":6}],"seed_played":"-7921704278819922690","potions_obtained":[{"floor":1,"key":"Explosive Potion"},{"floor":6,"key":"EssenceOfSteel"},{"floor":12,"key":"Ancient Potion"}],"is_trial":false,"path_per_floor":["M","$","?","M","?","E","M","E","T","R","M","M","E"],"character_chosen":"WATCHER","items_purchased":[],"campfire_rested":1,"item_purchase_floors":[],"current_hp_per_floor":[71,71,64,64,46,35,34,9,9,30,30,25,0,0],"gold":209,"neow_bonus":"THREE_RARE_CARDS","is_daily":false,"chose_seed":false,"campfire_upgraded":0,"win_rate":0.0,"timestamp":1612714523,"path_taken":["M","$","?","M","?","E","M","E","T","R","M","M","E"],"items_purchased_type":[],"build_version":"2020-12-22","purchased_purges":1,"victory":false,"max_hp_per_floor":[72,72,72,72,72,72,72,72,72,72,72,72,72,72],"card_choices":[{"not_picked":["Omniscience","Brilliance"],"picked":"DeusExMachina","floor":0},{"not_picked":["Crescendo","Weave"],"picked":"FlyingSleeves","floor":1},{"not_picked":["Protect","Consecrate"],"picked":"Sanctity","floor":4},{"not_picked":["MasterReality","EmptyFist","WindmillStrike"],"picked":"SKIP","floor":6},{"not_picked":["FollowUp","ClearTheMind"],"picked":"Study","floor":7},{"not_picked":["ForeignInfluence","Adaptation"],"picked":"MentalFortress","floor":8},{"not_picked":["JustLucky","PathToVictory"],"picked":"Adaptation","floor":11},{"not_picked":["CrushJoints","WreathOfFlame"],"picked":"MentalFortress","floor":12}],"player_experience":205613,"relics_obtained":[{"floor":6,"key":"Centennial Puzzle"},{"floor":8,"key":"Boot"},{"floor":9,"key":"Bag of Marbles"}],"event_choices":[{"cards_removed":["Strike_P"],"damage_healed":0,"gold_gain":0,"player_choice":"Card Removal","damage_taken":7,"max_hp_gain":0,"max_hp_loss":0,"event_name":"Golden Wing","floor":3,"gold_loss":0},{"damage_healed":0,"gold_gain":0,"player_choice":"Take Damage","damage_taken":18,"relics_obtained":["Golden Idol"],"max_hp_gain":0,"max_hp_loss":0,"event_name":"Golden Idol","floor":5,"gold_loss":0}],"is_beta":false,"boss_relics":[],"items_purged_floors":[2],"is_endless":false,"potions_floor_spawned":[1,6,12],"killed_by":"Gremlin Nob","ascension_level":0}}