{"host":"hpn0uxah5qjr7pa6","time":1612682908,"event":{"mods":["2.2 Compatiblity","Act Like it!","Aspiration","BaseMod","Better Third Choice","BetterRewards","Challenge The Spire","Colored Powertips","Conspire","DeckTracker","Downfall","Energized Spire","Hallownest","Hermit","Highlight Path","Hubris","Infinite Spire","Minty Spire (QoL Compilation)","Permanent Neow","Quick Restart","Rare Cards Sparkle","Replay The Spire","Spicy Shops","StSLib","The Bug Knight","The Jungle"],"gold_per_floor":[119,119,130,130,146,146,163,176,201,212,231,231,246,257,257,352,352,365,365,365],"floor_reached":19,"language":"ENG","playtime":878,"items_purged":[],"score":115,"play_id":"cd5dcd0d-370e-4e7e-84ae-63768f79eaaa","local_time":"20210206232828","is_ascension_mode":false,"campfire_choices":[{"data":"Poisoned Stab","floor":6.0,"key":"SMITH"},{"floor":15.0,"key":"REST"}],"circlet_count":0,"master_deck":["Strike_G","Strike_G","Strike_G","Strike_G","Strike_G","Defend_G","Defend_G","Defend_G","Defend_G","Defend_G","Survivor","Crippling Poison+1","Poisoned Stab+1","Noxious Fumes","Catalyst","Deadly Poison","Poisoned Stab"],"relics":["Ring of the Snake","Bag of Preparation","WristBlade"],"acts_visited":[],"potions_floor_usage":[],"damage_taken":[{"damage":7.0,"enemies":"Small Slimes","floor":1.0,"turns":2.0},{"damage":0.0,"enemies":"2 Louse","floor":3.0,"turns":1.0},{"damage":0.0,"enemies":"Cultist","floor":5.0,"turns":2.0},{"damage":4.0,"enemies":"3 Louse","floor":7.0,"turns":2.0},{"damage":4.0,"enemies":"Lots of Slimes","floor":8.0,"turns":2.0},{"damage":0.0,"enemies":"Exordium Wildlife","floor":10.0,"turns":1.0},{"damage":10.0,"enemies":"Large Slime","floor":11.0,"turns":3.0},{"damage":5.0,"enemies":"Blue Slaver","floor":13.0,"turns":2.0},{"damage":0.0,"enemies":"3 Louse","floor":14.0,"turns":1.0},{"damage":0.0,"enemies":"Hexaghost","floor":16.0,"turns":3.0},{"damage":0.0,"enemies":"Spheric Guardian","floor":18.0,"turns":1.0},{"damage":0,"enemies":"3 Byrds","floor":19,"turns":1}],"seed_played":"-7194481317755254792","potions_obtained":[{"floor":3.0,"key":"DistilledChaos"},{"floor":5.0,"key":"ColorlessPotion"},{"floor":10.0,"key":"BlessingOfTheForge"},{"floor":11.0,"key":"FairyPotion"}],"is_trial":false,"path_per_floor":["M","?","M","$","M","R","M","M","T","M","M","?","M","M","R","B",null,"M","M"],"character_chosen":"THE_SILENT","items_purchased":[],"campfire_rested":1,"item_purchase_floors":[],"current_hp_per_floor":[63,63,63,63,63,63,59,55,55,55,45,45,40,40,61,61,70,70,70,70],"gold":365,"neow_bonus":"TRANSFORM_CARD","is_daily":false,"chose_seed":false,"campfire_upgraded":1,"win_rate":0.0,"timestamp":1612682908,"path_taken":["M","?","M","$","M","R","M","M","T","M","M","?","M","M","R","BOSS","M","M"],"items_purchased_type":[],"build_version":"2020-12-22","purchased_purges":0,"victory":false,"max_hp_per_floor":[70,70,70,70,70,70,70,70,70,70,70,70,70,70,70,70,70,70,70,70],"card_choices":[{"not_picked":["Backflip","Sucker Punch"],"picked":"Poisoned Stab","floor":1.0},{"not_picked":["Dodge and Roll","Prepared"],"picked":"Noxious Fumes","floor":3.0},{"not_picked":["Acrobatics","Quick Slash","Sucker Punch"],"picked":"SKIP","floor":5.0},{"not_picked":["Setup","Acrobatics","Wraith Form v2"],"picked":"SKIP","floor":7.0},{"not_picked":["Outmaneuver","PiercingWail"],"picked":"Catalyst","floor":8.0},{"not_picked":["Underhanded Strike","Backstab","PiercingWail"],"picked":"SKIP","floor":10.0},{"not_picked":["Acrobatics","Infinite Blades"],"picked":"Deadly Poison","floor":11.0},{"not_picked":["Backflip","Prepared","Dagger Throw"],"picked":"SKIP","floor":13.0},{"not_picked":["Expertise","Doppelganger"],"picked":"Poisoned Stab","floor":14.0},{"not_picked":["Flying Knee+1","Deflect","Setup+1"],"picked":"SKIP","floor":18.0}],"player_experience":194649,"relics_obtained":[{"floor":9.0,"key":"Bag of Preparation"}],"event_choices":[{"damage_healed":0.0,"max_hp_gain":0.0,"max_hp_loss":0.0,"gold_gain":0.0,"event_name":"Living Wall","player_choice":"Grow","floor":2.0,"gold_loss":0.0,"damage_taken":0.0,"cards_upgraded":["Crippling Poison"]},{"damage_healed":0.0,"max_hp_gain":0.0,"max_hp_loss":0.0,"gold_gain":0.0,"event_name":"Shining Light","player_choice":"Ignored","floor":12.0,"gold_loss":0.0,"damage_taken":0.0}],"is_beta":false,"boss_relics":[{"not_picked":["Astrolabe","HoveringKite"],"picked":"WristBlade"}],"items_purged_floors":[],"is_endless":true,"potions_floor_spawned":[3,5,10,11],"killed_by":"3 Byrds","ascension_level":0}}