{"host":"ilhhjx796p2x2wmd","time":1612679333,"event":{"mods":["AchievementEnabler","BaseMod","BetterRewards","Colored Map","Colored Powertips","DeckTracker","Highlight Path","Minty Spire (QoL Compilation)","Permanent Neow","Rare Cards Sparkle","Shop Mod"],"gold_per_floor":[112,131,142,152,152,177,177,54,54,79,90,105,118,68,68,163,163,153,163,175,75,86,86,120,120,147,147,147,147,147,147],"floor_reached":30,"language":"KOR","playtime":721,"items_purged":["Defend_R","Strike_R"],"score":367,"play_id":"44422304-828c-42c2-90b8-768ebf75b791","local_time":"20210207152853","is_ascension_mode":true,"campfire_choices":[{"data":"Immolate","floor":7,"key":"SMITH"},{"floor":15,"key":"REST"},{"floor":23,"key":"REST"},{"data":"Evolve","floor":27,"key":"SMITH"}],"circlet_count":0,"master_deck":["Strike_R","Strike_R","Strike_R","Bash","Immolate+1","Wild Strike","Burning Pact","Perfected Strike","Evolve+1","Armaments","Power Through","Shrug It Off","Wild Strike","Exhume","Reaper","Twin Strike+1","Power Through","Perfected Strike","Shrug It Off","RitualDagger+1"],"relics":["Burning Blood","Regal Pillow","Mercury Hourglass","Torii","Empty Cage","Blue Candle","Dream Catcher"],"acts_visited":["Exordium","TheCity"],"potions_floor_usage":[10,16,22,24],"damage_taken":[{"damage":9,"enemies":"Jaw Worm","floor":1,"turns":3},{"damage":0,"enemies":"2 Louse","floor":2,"turns":1},{"damage":1,"enemies":"Cultist","floor":3,"turns":3},{"damage":14,"enemies":"Exordium Thugs","floor":4,"turns":4},{"damage":30,"enemies":"3 Sentries","floor":6,"turns":6},{"damage":15,"enemies":"Lagavulin","floor":10,"turns":4},{"damage":1,"enemies":"2 Fungi Beasts","floor":11,"turns":2},{"damage":6,"enemies":"3 Louse","floor":12,"turns":2},{"damage":13,"enemies":"Blue Slaver","floor":13,"turns":2},{"damage":1,"enemies":"Slime Boss","floor":16,"turns":6},{"damage":23,"enemies":"2 Thieves","floor":18,"turns":4},{"damage":12,"enemies":"Spheric Guardian","floor":19,"turns":4},{"damage":44,"enemies":"Centurion and Healer","floor":20,"turns":5},{"damage":1,"enemies":"Cultist and Chosen","floor":22,"turns":6},{"damage":38,"enemies":"Slavers","floor":24,"turns":5},{"damage":19,"enemies":"Shelled Parasite and Fungi","floor":30,"turns":4}],"seed_played":"-4066459208565228263","potions_obtained":[{"floor":3,"key":"SpeedPotion"},{"floor":6,"key":"DistilledChaos"},{"floor":10,"key":"Regen Potion"},{"floor":11,"key":"DistilledChaos"},{"floor":16,"key":"Explosive Potion"},{"floor":24,"key":"BloodPotion"}],"is_trial":false,"path_per_floor":["M","M","M","M","?","E","R","$","T","E","M","M","M","?","R","B",null,"M","M","M","$","M","R","E","?","T","R","?","?","M"],"character_chosen":"IRONCLAD","items_purchased":["Armaments"],"campfire_rested":2,"item_purchase_floors":[8],"current_hp_per_floor":[69,75,80,72,65,41,41,41,41,32,37,37,30,30,69,74,79,62,56,22,22,46,80,52,52,52,52,46,46,27,27],"gold":147,"neow_bonus":"ONE_RANDOM_RARE_CARD","is_daily":false,"chose_seed":false,"campfire_upgraded":2,"win_rate":0.0,"timestamp":1612679333,"path_taken":["M","M","M","M","?","E","R","$","T","E","M","M","M","?","R","BOSS","M","M","M","$","M","R","E","?","T","R","?","?","?"],"items_purchased_type":["Card"],"build_version":"2020-12-22","purchased_purges":2,"victory":false,"max_hp_per_floor":[80,80,80,80,80,80,80,80,80,80,80,80,80,80,80,80,80,80,80,80,80,80,80,80,80,80,80,80,80,80,80],"card_choices":[{"not_picked":["Sword Boomerang","Iron Wave","Anger"],"picked":"SKIP","floor":1},{"not_picked":["Pommel Strike","Evolve"],"picked":"Wild Strike","floor":2},{"not_picked":["Warcry","Disarm"],"picked":"Burning Pact","floor":3},{"not_picked":["Blood for Blood","Sword Boomerang"],"picked":"Perfected Strike","floor":4},{"not_picked":["True Grit","Intimidate"],"picked":"Evolve","floor":6},{"not_picked":["Clash","Armaments"],"picked":"Power Through","floor":10},{"not_picked":["True Grit","Shockwave"],"picked":"Shrug It Off","floor":11},{"not_picked":["Twin Strike","Clothesline"],"picked":"Wild Strike","floor":12},{"not_picked":["Second Wind","Infernal Blade"],"picked":"Exhume","floor":13},{"not_picked":["Bludgeon","Brutality"],"picked":"Reaper","floor":16},{"not_picked":["Pummel+1","Iron Wave","Thunderclap"],"picked":"SKIP","floor":18},{"not_picked":["Heavy Blade","Blood for Blood"],"picked":"Twin Strike+1","floor":19},{"not_picked":["Carnage+1","Iron Wave"],"picked":"Power Through","floor":20},{"not_picked":["Second Wind","Evolve"],"picked":"Perfected Strike","floor":22},{"not_picked":["Impervious","Inflame+1"],"picked":"Shrug It Off","floor":24}],"player_experience":331816,"relics_obtained":[{"floor":6,"key":"Regal Pillow"},{"floor":9,"key":"Mercury Hourglass"},{"floor":10,"key":"Torii"},{"floor":24,"key":"Blue Candle"},{"floor":26,"key":"Dream Catcher"}],"event_choices":[{"cards_removed":["Defend_R"],"damage_healed":0,"gold_gain":0,"player_choice":"Card Removal","damage_taken":7,"max_hp_gain":0,"max_hp_loss":0,"event_name":"Golden Wing","floor":5,"gold_loss":0},{"damage_healed":0,"gold_gain":0,"player_choice":"Left Gold","damage_taken":0,"max_hp_gain":0,"max_hp_loss":0,"event_name":"World of Goop","floor":14,"gold_loss":50},{"cards_removed":["Strike_R"],"damage_healed":0,"gold_gain":0,"player_choice":"Elegance","damage_taken":0,"max_hp_gain":0,"max_hp_loss":0,"event_name":"Back to Basics","floor":25,"gold_loss":0},{"damage_healed":0,"gold_gain":0,"player_choice":"Joined the Cult","damage_taken":6,"max_hp_gain":0,"max_hp_loss":0,"event_name":"Nest","floor":28,"gold_loss":0,"cards_obtained":["RitualDagger"]},{"damage_healed":0,"gold_gain":0,"player_choice":"Forge","damage_taken":0,"max_hp_gain":0,"max_hp_loss":0,"event_name":"Accursed Blacksmith","floor":29,"gold_loss":0,"cards_upgraded":["RitualDagger"]}],"is_beta":false,"boss_relics":[{"not_picked":["Fusion Hammer","Tiny House"],"picked":"Empty Cage"}],"items_purged_floors":[8,21],"is_endless":false,"potions_floor_spawned":[3,6,10,11,16,20,24],"killed_by":"Shelled Parasite and Fungi","ascension_level":8}}