{"host":"syozzdlzcqop4jia","time":1612659530,"event":{"mods":["BaseMod","Colored Map","Colored Powertips","Minty Spire (QoL Compilation)","Quick Restart"],"gold_per_floor":[117,131,143,156,156,166,176,201,201,201,215,244,124,124,124,229,229,245,245,265,279,298,298,298,312,312,324,324],"floor_reached":27,"language":"ENG","playtime":1842,"items_purged":["Strike_B"],"score":240,"play_id":"c18b2dfd-89b6-48f0-af42-0a3b923058c2","local_time":"20210207015850","is_ascension_mode":true,"campfire_choices":[{"floor":10,"key":"REST"},{"floor":15,"key":"REST"},{"floor":23,"key":"REST"}],"circlet_count":0,"master_deck":["Strike_B","Strike_B","Strike_B","Defend_B","Defend_B","Defend_B","Zap+1","Dualcast+1","Melter","Darkness","Conserve Battery","Ball Lightning","Rebound","Conserve Battery","Capacitor","Conserve Battery","Biased Cognition","Ball Lightning","Leap","BootSequence","Thunder Strike"],"relics":["Cracked Core","Bottled Lightning","Pantograph","Omamori","Mercury Hourglass","Cursed Key","Nilry\u0027s Codex","MawBank"],"acts_visited":["Exordium","TheCity"],"potions_floor_usage":[12],"damage_taken":[{"damage":1,"enemies":"Cultist","floor":1,"turns":3},{"damage":2,"enemies":"Small Slimes","floor":2,"turns":2},{"damage":0,"enemies":"2 Louse","floor":3,"turns":2},{"damage":28,"enemies":"Lots of Slimes","floor":4,"turns":5},{"damage":8,"enemies":"Exordium Wildlife","floor":6,"turns":4},{"damage":5,"enemies":"3 Louse","floor":7,"turns":2},{"damage":22,"enemies":"3 Sentries","floor":8,"turns":5},{"damage":0,"enemies":"2 Fungi Beasts","floor":11,"turns":2},{"damage":7,"enemies":"Lagavulin","floor":12,"turns":5},{"damage":32,"enemies":"The Guardian","floor":16,"turns":8},{"damage":25,"enemies":"3 Byrds","floor":18,"turns":4},{"damage":5,"enemies":"Chosen","floor":20,"turns":3},{"damage":16,"enemies":"Shelled Parasite and Fungi","floor":21,"turns":5},{"damage":1,"enemies":"Centurion and Healer","floor":22,"turns":5},{"damage":5,"enemies":"Chosen and Byrds","floor":25,"turns":4},{"damage":32,"enemies":"Shelled Parasite and Fungi","floor":27,"turns":4}],"seed_played":"-152667057380945509","potions_obtained":[{"floor":1,"key":"EssenceOfDarkness"},{"floor":6,"key":"Ancient Potion"},{"floor":7,"key":"Block Potion"},{"floor":12,"key":"DistilledChaos"},{"floor":18,"key":"ColorlessPotion"},{"floor":25,"key":"EssenceOfSteel"}],"is_trial":false,"path_per_floor":["M","M","M","M","?","M","M","E","T","R","M","E","$","T","R","B",null,"M","?","M","M","M","R","?","M","T","M"],"character_chosen":"DEFECT","items_purchased":["Conserve Battery"],"campfire_rested":3,"item_purchase_floors":[13],"current_hp_per_floor":[74,72,72,44,44,36,31,9,9,31,31,24,24,24,46,39,75,50,34,29,13,12,34,34,29,29,0,0],"gold":324,"neow_bonus":"UPGRADE_CARD","is_daily":false,"chose_seed":false,"campfire_upgraded":0,"win_rate":0.0,"timestamp":1612659530,"path_taken":["M","M","?","M","?","M","M","E","T","R","?","E","$","?","R","BOSS","M","?","M","M","M","R","?","M","T","M"],"items_purchased_type":["Card"],"build_version":"2020-12-22","purchased_purges":1,"victory":false,"max_hp_per_floor":[75,75,75,75,75,75,75,75,75,75,75,75,75,75,75,75,75,75,75,75,75,75,75,75,75,75,75,75],"card_choices":[{"not_picked":["Go for the Eyes","Coolheaded"],"picked":"Melter","floor":1},{"not_picked":["Undo","Coolheaded","Turbo"],"picked":"SKIP","floor":2},{"not_picked":["Force Field","Sweeping Beam"],"picked":"Darkness","floor":3},{"not_picked":["Reprogram","Cold Snap"],"picked":"Conserve Battery","floor":4},{"not_picked":["Melter","Skim"],"picked":"Ball Lightning","floor":6},{"not_picked":["Leap","Undo"],"picked":"Rebound","floor":7},{"not_picked":["FTL","Loop"],"picked":"Conserve Battery","floor":8},{"not_picked":["Amplify","White Noise","Chill"],"picked":"SKIP","floor":11},{"not_picked":["Rainbow","Barrage"],"picked":"Capacitor","floor":12},{"not_picked":["Multi-Cast","Reboot"],"picked":"Biased Cognition","floor":16},{"not_picked":["Stack","Gash"],"picked":"Ball Lightning","floor":18},{"not_picked":["Doom and Gloom","Blizzard"],"picked":"Leap","floor":20},{"not_picked":["Recycle+1","Sweeping Beam+1"],"picked":"BootSequence","floor":21},{"not_picked":["Sweeping Beam","FTL"],"picked":"Thunder Strike","floor":22},{"not_picked":["Scrape","Steam","Rip and Tear"],"picked":"SKIP","floor":25}],"player_experience":580665,"relics_obtained":[{"floor":8,"key":"Bottled Lightning"},{"floor":9,"key":"Pantograph"},{"floor":12,"key":"Omamori"},{"floor":14,"key":"Mercury Hourglass"},{"floor":19,"key":"Nilry\u0027s Codex"},{"floor":26,"key":"MawBank"}],"event_choices":[{"damage_healed":0,"gold_gain":0,"player_choice":"Forge","damage_taken":0,"max_hp_gain":0,"max_hp_loss":0,"event_name":"Accursed Blacksmith","floor":5,"gold_loss":0,"cards_upgraded":["Dualcast"]},{"damage_healed":0,"gold_gain":0,"player_choice":"Obtained Book","damage_taken":16,"max_hp_gain":0,"max_hp_loss":0,"event_name":"Cursed Tome","floor":19,"gold_loss":0},{"cards_removed":["Defend_B"],"damage_healed":0,"gold_gain":0,"player_choice":"Offered Basic","damage_taken":0,"max_hp_gain":0,"max_hp_loss":0,"event_name":"Bonfire Elementals","floor":24,"gold_loss":0}],"is_beta":false,"boss_relics":[{"not_picked":["FrozenCore","Tiny House"],"picked":"Cursed Key"}],"items_purged_floors":[13],"is_endless":false,"potions_floor_spawned":[1,6,7,8,12,18,22,25],"killed_by":"Shelled Parasite and Fungi","ascension_level":1}}