{"host":"8d3fefv2347kqkpz","time":1612732105,"event":{"mods":["AchievementEnabler","Act Like it!","Aspiration","BaseMod","Better Vampires","Colored Map","Colored Powertips","Conspire","Downfall","GifTheSpireLib","Highlight Path","Hubris","Mimic Mod","Minty Spire (QoL Compilation)","Quick Restart","Rare Cards Sparkle","Relic Stats","Replay The Spire","Spicy Shops","StSLib","The Jungle","Waifu the Spire"],"gold_per_floor":[114,114,125,142,161,161,189,189,216,216,259,259,277,291,291,415,415,431,48,71,84,97,97,97,97],"floor_reached":24,"language":"ZHS","playtime":694,"items_purged":["Strike_R","Strike_R"],"score":256,"play_id":"f80f2513-c417-4877-8940-a9d68483b6d2","local_time":"20210208050825","is_ascension_mode":true,"campfire_choices":[{"data":"Searing Blow","floor":6.0,"key":"SMITH"},{"floor":12.0,"key":"REST"},{"data":"Searing Blow+1","floor":15.0,"key":"SMITH"},{"data":"Searing Blow+2","floor":23,"key":"SMITH"}],"circlet_count":0,"master_deck":["Strike_R+1","Strike_R","Strike_R+1","Defend_R","Defend_R","Defend_R","Defend_R","Bash+1","Searing Blow+3","hubris:ReadiedAction","ReplayTheSpireMod:Stacked","Armaments"],"relics":["Burning Blood","hubris:Zylophone","Golden Idol","Lantern","Simple Rune","ReplayTheSpireMod:Spearhead","Sozu","Strawberry"],"acts_visited":["Exordium","TheCity"],"potions_floor_usage":[],"damage_taken":[{"damage":8.0,"enemies":"2 Louse","floor":1.0,"turns":4.0},{"damage":1.0,"enemies":"Cultist","floor":3.0,"turns":3.0},{"damage":0.0,"enemies":"Small Slimes","floor":4.0,"turns":3.0},{"damage":14.0,"enemies":"Blue Slaver","floor":5.0,"turns":4.0},{"damage":15.0,"enemies":"Gremlin Nob","floor":7.0,"turns":4.0},{"damage":26.0,"enemies":"Lagavulin","floor":11.0,"turns":6.0},{"damage":1.0,"enemies":"Looter","floor":13.0,"turns":3.0},{"damage":8.0,"enemies":"3 Louse","floor":14.0,"turns":3.0},{"damage":40.0,"enemies":"The Guardian","floor":16.0,"turns":9.0},{"damage":13.0,"enemies":"3 Byrds","floor":18.0,"turns":6.0},{"damage":8,"enemies":"Spheric Guardian","floor":20,"turns":4},{"damage":34,"enemies":"Centurion and Healer","floor":21,"turns":7},{"damage":5,"enemies":"Snecko","floor":22,"turns":6},{"damage":62,"enemies":"Gremlin Leader","floor":24,"turns":8}],"seed_played":"-6236262237428012862","potions_obtained":[{"floor":3.0,"key":"BloodPotion"},{"floor":5.0,"key":"PowerPotion"},{"floor":13.0,"key":"Strength Potion"}],"is_trial":false,"path_per_floor":["M","?","M","M","M","R","E","?","T","?","E","R","M","M","R","B",null,"M","$","M","M","M","R","E"],"character_chosen":"IRONCLAD","items_purchased":["Strawberry","Armaments"],"campfire_rested":1,"item_purchase_floors":[19,19],"current_hp_per_floor":[86,86,88,88,80,80,71,49,49,37,17,43,48,46,46,29,88,81,88,86,58,59,59,0,0],"gold":97,"neow_bonus":"TEN_PERCENT_HP_BONUS","is_daily":false,"chose_seed":false,"campfire_upgraded":3,"win_rate":0.0,"timestamp":1612732105,"path_taken":["M","?","?","M","M","R","E","?","T","?","E","R","M","M","R","BOSS","M","$","M","M","M","R","E"],"items_purchased_type":["Relic","Card"],"build_version":"2020-12-22","purchased_purges":2,"victory":false,"max_hp_per_floor":[88,88,88,88,88,88,88,88,88,88,88,88,88,88,88,88,88,88,95,95,95,95,95,95,95],"relic_stats":{"Sozu":1,"counters":[14,70],"Golden Idol":55,"obtain_stats":[{"hubris:Zylophone":7,"Sozu":17,"Lantern":9,"ReplayTheSpireMod:Spearhead":11,"Golden Idol":8,"Strawberry":19,"Simple Rune":10,"Burning Blood":0},{"hubris:Zylophone":5,"Sozu":9,"Lantern":5,"ReplayTheSpireMod:Spearhead":6,"Golden Idol":5,"Strawberry":10,"Simple Rune":5,"Burning Blood":0},{"hubris:Zylophone":18,"Sozu":39,"Lantern":18,"ReplayTheSpireMod:Spearhead":24,"Golden Idol":18,"Strawberry":45,"Simple Rune":18,"Burning Blood":0}],"Burning Blood":69},"card_choices":[{"not_picked":["True Grit","ReplayTheSpireMod:Corrosion Curse","Armaments"],"picked":"SKIP","floor":1.0},{"not_picked":["Body Slam","Sentinel"],"picked":"Searing Blow","floor":3.0},{"not_picked":["Pummel","Rupture","Life Link"],"picked":"SKIP","floor":4.0},{"not_picked":["Warcry","conspire:Charge"],"picked":"hubris:ReadiedAction","floor":5.0},{"not_picked":["Burning Pact","Anger","Fiend Fire"],"picked":"SKIP","floor":7.0},{"not_picked":["Intimidate","Massacre"],"picked":"ReplayTheSpireMod:Stacked","floor":11.0},{"not_picked":["Warcry","Twin Strike","Spot Weakness"],"picked":"SKIP","floor":13.0},{"not_picked":["Body Slam","Twin Strike","Warcry"],"picked":"SKIP","floor":14.0},{"not_picked":["Dual Wield+1","Entrench+1","Pummel"],"picked":"SKIP","floor":18.0},{"not_picked":["Warcry","Sword Boomerang","hubris:ReadiedAction+1"],"picked":"SKIP","floor":20},{"not_picked":["True Grit","Spot Weakness","Heavy Blade"],"picked":"SKIP","floor":21},{"not_picked":["Feel No Pain","Entrench+1","Life Link"],"picked":"SKIP","floor":22}],"player_experience":291629,"relics_obtained":[{"floor":7.0,"key":"hubris:Zylophone"},{"floor":9.0,"key":"Lantern"},{"floor":11.0,"key":"ReplayTheSpireMod:Spearhead"}],"event_choices":[{"damage_healed":0.0,"max_hp_gain":0.0,"max_hp_loss":0.0,"gold_gain":0.0,"event_name":"Accursed Blacksmith","player_choice":"Forge","floor":2.0,"gold_loss":0.0,"damage_taken":0.0,"cards_upgraded":["Bash"]},{"damage_healed":0.0,"max_hp_gain":0.0,"max_hp_loss":0.0,"gold_gain":0.0,"event_name":"Golden Idol","player_choice":"Take Damage","floor":8.0,"gold_loss":0.0,"damage_taken":22.0,"relics_obtained":["Golden Idol"]},{"damage_healed":0.0,"max_hp_gain":0.0,"max_hp_loss":0.0,"gold_gain":0.0,"event_name":"Scrap Ooze","player_choice":"Success","floor":10.0,"gold_loss":0.0,"damage_taken":12.0,"relics_obtained":["Simple Rune"]}],"is_beta":false,"boss_relics":[{"not_picked":["Runic Pyramid","Replay:Grab Bag"],"picked":"Sozu"}],"items_purged_floors":[19,19],"is_endless":false,"potions_floor_spawned":[3,5,13,20],"killed_by":"Gremlin Leader","ascension_level":2}}