{"host":"hzswyuuwdl03wwzr","time":1612711293,"event":{"mods":["100% Spire Juice","ATMod(∞¢Ë™Mod)","AchievementEnabler","Act Like it!","BaseMod","Bossed Relics","CapriCore","Gensokyo","Hallownest","Marisa£®ÏF”Í°°ƒß¿Ì…≥£©","Minty Spire (QoL Compilation)","Reliquary","Remilia_Scarlet Moed£®¿Ÿ√◊¿Ú—«°§Àπø®¿◊Ãÿ£©3.3.5","Replay The Spire","StSLib","The Alterego","The Cursed","The Immortal","Yakumo Yukari mod","Youmu£®ªÍ∆«—˝√Œ£©","Yuyuko","°æπ¶ƒ‹Mod°øªÏ„Á÷Æª∑–ﬁ∏¥≤π∂°","°æ“≈ŒÔø®≈∆°øREMEMod"],"gold_per_floor":[114,114,114,114,133,133,168,185,259,259,277,291,301,320,320,416,416,427,445,296,296,296,296,296],"floor_reached":23,"language":"ZHS","playtime":815,"items_purged":[],"score":218,"play_id":"9c1cfe18-06bf-4e8f-9707-40c484a21694","local_time":"20210207232133","is_ascension_mode":false,"campfire_choices":[{"data":"alterego_mod:BigMeatyClaws","floor":6,"key":"SMITH"},{"data":"alterego_mod:Impale","floor":10,"key":"SMITH"},{"data":"alterego_mod:DeftHands","floor":15,"key":"SMITH"}],"circlet_count":0,"master_deck":["alterego_mod:Strike","alterego_mod:Strike","alterego_mod:Strike","alterego_mod:Strike","alterego_mod:Defend","alterego_mod:Defend","alterego_mod:Defend","alterego_mod:Defend+1","alterego_mod:Impale+1","alterego_mod:BigMeatyClaws+1","alterego_mod:BrynhildrsRune","alterego_mod:Undulate+1","alterego_mod:Birthday+1","alterego_mod:Cooking","alterego_mod:DeftHands+1","alterego_mod:Bounce","alterego_mod:DeftHands","alterego_mod:MagicResistance+1","Hallownest:pwrSporeShroom"],"relics":["alterego_mod:MasochisticConstitution","AT_ATBox","REME_ComplimentaryCards","NeowsBlessing","Hallownest:DreamNailRelic","reliquary:ExpiredCoupon","REME_LimitBreaker","Guide Book"],"acts_visited":["Hallownest:Greenpath","Hallownest:CityofTears"],"potions_floor_usage":[16,16],"damage_taken":[{"damage":0,"enemies":"Hallownest:monsterHuskWarrior","floor":1,"turns":1},{"damage":0,"enemies":"Hallownest:monsterHuskGuard","floor":5,"turns":1},{"damage":0,"enemies":"Hallownest:eliteVengeflyKing","floor":7,"turns":1},{"damage":1,"enemies":"Hallownest:2_Baldur","floor":8,"turns":4},{"damage":10,"enemies":"Hallownest:2_Tiktiks_1_Baldur_1_Crawlid","floor":11,"turns":4},{"damage":5,"enemies":"Hallownest:MossCreep_and_Mosskin","floor":12,"turns":5},{"damage":0,"enemies":"Hallownest:monsterMossCharger","floor":13,"turns":2},{"damage":10,"enemies":"Hallownest:Wandering_and_Horned","floor":14,"turns":5},{"damage":40,"enemies":"Hallownest:BossFalseKnight","floor":16,"turns":8},{"damage":30,"enemies":"Hallownest:Flukemon_and_Top","floor":18,"turns":5},{"damage":37,"enemies":"Hallownest:2_Mistakes","floor":19,"turns":10}],"seed_played":"3848157809413276621","potions_obtained":[{"floor":5,"key":"Explosive Potion"},{"floor":7,"key":"Milkshake"},{"floor":8,"key":"LifebloodPotion"},{"floor":16,"key":"SpeedPotion"}],"is_trial":false,"path_per_floor":["M","?","?","?","M","R","E","M","T","R","M","M","M","M","R","B",null,"M","M","$","?","?","R"],"character_chosen":"The_Alterego","items_purchased":["Guide Book"],"campfire_rested":0,"item_purchase_floors":[20],"current_hp_per_floor":[70,70,70,70,70,70,70,71,71,71,67,68,70,64,64,30,75,51,27,27,23,23,23,23],"gold":296,"neow_bonus":"THREE_ENEMY_KILL","is_daily":false,"chose_seed":false,"campfire_upgraded":3,"win_rate":0.0,"timestamp":1612711293,"path_taken":["M","?","?","?","M","R","E","M","T","R","M","?","M","M","R","BOSS","M","M","$","?","?","R"],"items_purchased_type":["Relic"],"build_version":"2020-12-22","purchased_purges":0,"victory":false,"max_hp_per_floor":[70,70,70,70,70,70,70,71,71,71,72,73,73,74,74,75,75,76,77,77,77,77,77,77],"card_choices":[{"not_picked":["alterego_mod:ChallengeComplete","alterego_mod:PerceptionDisorder"],"picked":"alterego_mod:Undulate","floor":1},{"not_picked":["alterego_mod:Complex","alterego_mod:Maid"],"picked":"alterego_mod:Birthday","floor":5},{"not_picked":["alterego_mod:Exercise","alterego_mod:Collar"],"picked":"alterego_mod:Cooking","floor":7},{"not_picked":["alterego_mod:Jiggle","alterego_mod:Cooking"],"picked":"alterego_mod:DeftHands","floor":8},{"not_picked":["alterego_mod:Smother","alterego_mod:Rip","alterego_mod:MagicResistance"],"picked":"SKIP","floor":11},{"not_picked":["alterego_mod:Alter","alterego_mod:Undulate"],"picked":"alterego_mod:Bounce","floor":12},{"not_picked":["alterego_mod:Rip","alterego_mod:1TonWallop"],"picked":"alterego_mod:DeftHands","floor":13},{"not_picked":["alterego_mod:Schoolgirl","alterego_mod:HighServant","alterego_mod:Clap"],"picked":"SKIP","floor":14},{"not_picked":["alterego_mod:GoddessCore+1","alterego_mod:Clones"],"picked":"alterego_mod:MagicResistance+1","floor":18},{"not_picked":["alterego_mod:Bounce","alterego_mod:Bloomers","alterego_mod:Clap"],"picked":"SKIP","floor":19}],"player_experience":39214,"relics_obtained":[{"floor":7,"key":"reliquary:ExpiredCoupon"},{"floor":9,"key":"REME_LimitBreaker"}],"event_choices":[],"is_beta":false,"boss_relics":[{"not_picked":["Replay:Drink Me","Painkiller Herb","Runic Dome"]}],"items_purged_floors":[],"is_endless":false,"potions_floor_spawned":[5,7,8,16],"ascension_level":0}}