{"host":"8z0h4areh8sio1k0","time":1612666106,"event":{"mods":["Act Like it!","Aspiration","BaseMod","Colored Map","Conspire","Hubris","Minty Spire (QoL Compilation)","Replay The Spire","StSLib","TestMod","The Bug Knight","The Cursed"],"gold_per_floor":[119,119,139,149,99,99,131,142,142,157,157,157,174,201,201,306,306,318,337,195,207,246,246,246,246,246,258,258,258,274,305,305,305,410,410,428,428,428,444,444,235,266,314,329,329,204,204,223,223,232],"floor_reached":53,"language":"ZHS","playtime":2236,"items_purged":["TheCursedMod:Defend_TheCursed","TheCursedMod:Defend_TheCursed","TheCursedMod:Strike_TheCursed"],"score":953,"play_id":"fe01e879-d347-4a17-a461-554ff5f9e22d","local_time":"20210207104826","is_ascension_mode":true,"campfire_choices":[{"data":"TheCursedMod:HellsGateOpen","floor":6,"key":"SMITH"},{"data":"TheCursedMod:HellfireBreathing","floor":12,"key":"SMITH"},{"floor":15,"key":"RECALL"},{"data":"TheCursedMod:CircleOfAbyss","floor":26,"key":"SMITH"},{"data":"TheCursedMod:CircleOfFlame","floor":29,"key":"SMITH"},{"data":"TheCursedMod:CursedWand","floor":32,"key":"SMITH"},{"data":"TheCursedMod:CursedShiv","floor":34,"key":"SMITH"},{"data":"TheCursedMod:NeowsMight","floor":42,"key":"SMITH"},{"data":"TheCursedMod:ShockAndAwe","floor":47,"key":"SMITH"},{"floor":51,"key":"DIG"}],"circlet_count":0,"master_deck":["TheCursedMod:Strike_TheCursed","TheCursedMod:Defend_TheCursed","TheCursedMod:Defend_TheCursed","TheCursedMod:CursedWand+1","TheCursedMod:CleanUpWorkshop","TheCursedMod:Dregs","TheCursedMod:ReleasedKnowledge","TheCursedMod:SurpriseAttack","TheCursedMod:HellfireBreathing+1","TheCursedMod:HellsGateOpen+1","TheCursedMod:CursedAmulet","TheCursedMod:CircleOfFlame+1","TheCursedMod:CursedShiv+1","TheCursedMod:NeowsMight+1","TheCursedMod:CircleOfAbyss+1","TheCursedMod:TroublousMinions","TheCursedMod:VoidForm","TheCursedMod:SpitefulPlan+1","TheCursedMod:AbyssShockwave+1","TheCursedMod:BlessingInDisguise+1","TheCursedMod:ShockAndAwe+1","TheCursedMod:CircleOfCorruption","Pain","TheCursedMod:BloodBarrier","TheCursedMod:CursedBlade+1"],"relics":["TheCursedMod:BlackMagic101","testmod-TestBox","aspiration:Nostalgia","Burning Blood","testmod-ObsoleteBoomerang","aspiration:Lifesprig","PreservedInsect","hubris:OldNail","ReplayTheSpireMod:Shallot","TheCursedMod:OminousMark","TheCursedMod:BloodyHarpoon","hubris:Teleporter","Shuriken","Cursed Key","Peace Pipe","testmod-Acrobat","Gremlin Horn"],"acts_visited":["Exordium","TheCity","TheBeyond"],"potions_floor_usage":[35,37,41,52],"damage_taken":[{"damage":0,"enemies":"Small Slimes","floor":1,"turns":2},{"damage":0,"enemies":"Cultist","floor":3,"turns":2},{"damage":0,"enemies":"2 Louse","floor":4,"turns":2},{"damage":4,"enemies":"Gremlin Nob","floor":7,"turns":3},{"damage":0,"enemies":"Blue Slaver","floor":8,"turns":2},{"damage":4,"enemies":"Gremlin Gang","floor":10,"turns":3},{"damage":0,"enemies":"Large Slime","floor":13,"turns":3},{"damage":11,"enemies":"Lagavulin","floor":14,"turns":3},{"damage":0,"enemies":"Slime Boss","floor":16,"turns":5},{"damage":1,"enemies":"2 Thieves","floor":18,"turns":3},{"damage":0,"enemies":"Shell Parasite","floor":19,"turns":2},{"damage":0,"enemies":"Chosen and Byrds","floor":21,"turns":2},{"damage":23,"enemies":"conspire:MimicChest","floor":22,"turns":5},{"damage":0,"enemies":"Sentry and Sphere","floor":27,"turns":3},{"damage":0,"enemies":"Shelled Parasite and Fungi","floor":30,"turns":3},{"damage":0,"enemies":"Book of Stabbing","floor":31,"turns":4},{"damage":12,"enemies":"conspire:MysteriousRune","floor":35,"turns":4},{"damage":19,"enemies":"3 Shapes","floor":37,"turns":2},{"damage":8,"enemies":"3 Darklings","floor":41,"turns":3},{"damage":0,"enemies":"Reptomancer","floor":44,"turns":3},{"damage":7,"enemies":"Writhing Mass","floor":46,"turns":4},{"damage":2,"enemies":"Transient","floor":50,"turns":5},{"damage":60,"enemies":"Time Eater","floor":52,"turns":9}],"seed_played":"5513782002935275347","potions_obtained":[{"floor":1,"key":"Dexterity Potion"},{"floor":3,"key":"Swift Potion"},{"floor":8,"key":"SpeedPotion"},{"floor":13,"key":"SneckoOil"},{"floor":14,"key":"Explosive Potion"},{"floor":37,"key":"Swift Potion"},{"floor":44,"key":"Milkshake"}],"is_trial":false,"path_per_floor":["M","?","M","M","?","R","E","M","T","M","?","R","M","E","R","B",null,"M","M","$","M","?","?","PTL","PTL","R","M","T","R","M","E","R","R","B",null,"M","?","?","M","R","$","E","T","M","R","$","?","M","R_BF","B",null],"character_chosen":"THE_CURSED","items_purchased":["TheCursedMod:VoidForm","TheCursedMod:ShockAndAwe"],"campfire_rested":0,"item_purchase_floors":[20,43],"current_hp_per_floor":[75,75,75,75,75,75,75,75,75,75,75,75,75,70,70,75,75,75,75,75,75,58,58,58,58,58,64,64,64,70,75,75,75,69,75,62,62,62,60,60,60,66,66,65,65,65,65,69,69,15],"gold":232,"neow_bonus":"NOSTALGIA","is_daily":false,"chose_seed":false,"campfire_upgraded":8,"win_rate":0.0,"timestamp":1612666106,"path_taken":["M","?","M","?","?","R","E","M","T","M","?","R","?","E","R","BOSS","M","M","$","M","?","?","PTL","PTL","R","?","T","R","M","E","R","R","BOSS","M","?","?","M","R","?","E","T","?","R","$","?","M","R_BF","BOSS"],"items_purchased_type":["Card","Card"],"build_version":"2020-12-22","purchased_purges":3,"victory":true,"max_hp_per_floor":[75,75,75,75,75,75,75,75,75,75,75,75,75,75,75,75,75,75,75,75,75,75,75,75,75,75,75,75,75,75,75,75,75,75,75,75,75,75,75,75,75,75,75,75,75,75,75,75,75,75],"card_choices":[{"not_picked":["TheCursedMod:CursedArmor","TheCursedMod:Obscuration"],"picked":"TheCursedMod:ReleasedKnowledge","floor":1},{"not_picked":["TheCursedMod:Stretching","TheCursedMod:Grudge"],"picked":"TheCursedMod:HellsGateOpen","floor":3},{"not_picked":["TheCursedMod:CursedMace","TheCursedMod:SpitefulPray"],"picked":"TheCursedMod:CursedAmulet","floor":4},{"not_picked":["TheCursedMod:SmokeScreen","TheCursedMod:Obscuration"],"picked":"TheCursedMod:CircleOfFlame","floor":7},{"not_picked":["TheCursedMod:Stigma","TheCursedMod:Obscuration","TheCursedMod:CursedMace"],"picked":"SKIP","floor":8},{"not_picked":["TheCursedMod:SmokeScreen","TheCursedMod:TacticalStrike"],"picked":"TheCursedMod:CursedShiv","floor":10},{"not_picked":["TheCursedMod:CursedAmulet","TheCursedMod:ReleasedStrength","TheCursedMod:SpitefulStrike"],"picked":"SKIP","floor":13},{"not_picked":["TheCursedMod:VitalStrike","TheCursedMod:CircleOfBlood"],"picked":"TheCursedMod:NeowsMight","floor":14},{"not_picked":["TheCursedMod:ManaCirculation","TheCursedMod:AntiAging"],"picked":"TheCursedMod:CircleOfAbyss","floor":16},{"not_picked":["TheCursedMod:CursedSpellbook","TheCursedMod:AshesToAshes"],"picked":"TheCursedMod:TroublousMinions","floor":18},{"not_picked":["TheCursedMod:Wield","TheCursedMod:CursedShiv+1","TheCursedMod:CursedAmulet+1"],"picked":"SKIP","floor":19},{"not_picked":["TheCursedMod:CursedAmulet","TheCursedMod:TacticalStrike","TheCursedMod:Obscuration"],"picked":"SKIP","floor":21},{"not_picked":["TheCursedMod:Wield+1","TheCursedMod:ShockAndAwe"],"picked":"TheCursedMod:SpitefulPlan+1","floor":27},{"not_picked":["TheCursedMod:SmokeScreen+1","TheCursedMod:BloodBarrier+1"],"picked":"TheCursedMod:AbyssShockwave","floor":30},{"not_picked":["TheCursedMod:FleshFromBone","TheCursedMod:Stretching","TheCursedMod:CircleOfFlame"],"picked":"SKIP","floor":31},{"not_picked":["TheCursedMod:FleshFromBone","TheCursedMod:Wield+1"],"picked":"TheCursedMod:BlessingInDisguise+1","floor":37},{"not_picked":["TheCursedMod:CursedMace","TheCursedMod:Stigma+1","TheCursedMod:CursedStaff"],"picked":"SKIP","floor":41},{"not_picked":["TheCursedMod:CursedStaff","TheCursedMod:CursedMace+1"],"picked":"TheCursedMod:CircleOfCorruption","floor":44},{"not_picked":["TheCursedMod:SmokeScreen+1","TheCursedMod:CircleOfCorruption","TheCursedMod:Stretching+1"],"picked":"SKIP","floor":46},{"not_picked":["TheCursedMod:FuryStrike","TheCursedMod:Torture"],"picked":"TheCursedMod:CursedBlade+1","floor":50}],"player_experience":535355,"relics_obtained":[{"floor":7,"key":"aspiration:Lifesprig"},{"floor":9,"key":"PreservedInsect"},{"floor":14,"key":"ReplayTheSpireMod:Shallot"},{"floor":22,"key":"TheCursedMod:BloodyHarpoon"},{"floor":28,"key":"hubris:Teleporter"},{"floor":31,"key":"Shuriken"},{"floor":44,"key":"Peace Pipe"},{"floor":45,"key":"testmod-Acrobat"},{"floor":51,"key":"Gremlin Horn"}],"event_choices":[{"damage_healed":0,"gold_gain":0,"player_choice":"2 cards matched","damage_taken":0,"max_hp_gain":0,"max_hp_loss":0,"event_name":"Match and Keep!","floor":2,"gold_loss":0,"cards_obtained":["TheCursedMod:SurpriseAttack","TheCursedMod:HellfireBreathing"]},{"cards_removed":["TheCursedMod:Strike_TheCursed"],"damage_healed":0,"gold_gain":0,"player_choice":"Card Removal","damage_taken":0,"max_hp_gain":0,"max_hp_loss":0,"event_name":"The Cleric","floor":5,"gold_loss":50},{"damage_healed":0,"gold_gain":0,"player_choice":"Gave Potion","damage_taken":0,"relics_obtained":["hubris:OldNail"],"max_hp_gain":0,"max_hp_loss":0,"event_name":"WeMeetAgain","floor":11,"gold_loss":0},{"cards_removed":["TheCursedMod:Strike_TheCursed"],"damage_healed":0,"gold_gain":0,"player_choice":"Card Removal","damage_taken":0,"max_hp_gain":0,"max_hp_loss":0,"event_name":"Wheel of Change","floor":23,"gold_loss":0},{"damage_healed":0,"gold_gain":0,"player_choice":"Memory 1","damage_taken":0,"max_hp_gain":0,"max_hp_loss":0,"event_name":"SensoryStone","floor":38,"gold_loss":0},{"damage_healed":0,"gold_gain":0,"cards_transformed":["TheCursedMod:ShockAndAwe"],"player_choice":"Transformed","damage_taken":0,"max_hp_gain":0,"max_hp_loss":0,"event_name":"Transmorgrifier","floor":49,"gold_loss":0,"cards_obtained":["TheCursedMod:BloodBarrier"]}],"is_beta":false,"boss_relics":[{"not_picked":["SacredBark","hubris:Backtick"],"picked":"TheCursedMod:OminousMark"},{"not_picked":["Replay:Bronze Core","hubris:Stopwatch"],"picked":"Cursed Key"}],"items_purged_floors":[20,43,48],"is_endless":false,"potions_floor_spawned":[1,3,8,13,14,16,18,19,22,37,44],"ascension_level":1}}