{"host":"7tvb1em0d2fx72q7","time":1612657169,"event":{"mods":["BaseMod","Challenge The Spire","Minty Spire (QoL Compilation)","StSLib","everything is the same but u backflip on backflip"],"gold_per_floor":[114,114,124,139,149,149,165,200,276,291,302,313,332,90,90,90,90],"floor_reached":16,"language":"ENG","playtime":801,"items_purged":["Strike_R"],"score":216,"play_id":"0be546c9-2d2c-4958-8fca-58fa1bc936ed","local_time":"20210206191929","is_ascension_mode":true,"campfire_choices":[{"data":"Uppercut","floor":6,"key":"SMITH"},{"data":"Blood for Blood","floor":15,"key":"SMITH"}],"circlet_count":0,"master_deck":["AscendersBane","Strike_R","Strike_R","Strike_R","Strike_R","Defend_R","Defend_R","Defend_R","Defend_R","Bash","Perfected Strike","Hemokinesis","Uppercut+1","Cleave","Spot Weakness","Blood for Blood+1","Pommel Strike","Heavy Blade","Heavy Blade","Shockwave","Finesse"],"relics":["Burning Blood","Ancient Tea Set","Mummified Hand"],"acts_visited":["Exordium"],"potions_floor_usage":[3,5,7,16],"damage_taken":[{"damage":28,"enemies":"Jaw Worm","floor":1,"turns":7},{"damage":0,"enemies":"Cultist","floor":3,"turns":2},{"damage":6,"enemies":"2 Louse","floor":4,"turns":2},{"damage":11,"enemies":"Looter","floor":5,"turns":3},{"damage":11,"enemies":"Gremlin Gang","floor":7,"turns":2},{"damage":27,"enemies":"3 Sentries","floor":8,"turns":7},{"damage":14,"enemies":"Exordium Thugs","floor":10,"turns":5},{"damage":11,"enemies":"Looter","floor":11,"turns":3},{"damage":8,"enemies":"3 Louse","floor":12,"turns":3},{"damage":6,"enemies":"Red Slaver","floor":13,"turns":3},{"damage":31,"enemies":"Slime Boss","floor":16,"turns":6}],"seed_played":"3048231636711175607","potions_obtained":[{"floor":2,"key":"BloodPotion"},{"floor":2,"key":"CultistPotion"},{"floor":3,"key":"Weak Potion"},{"floor":5,"key":"AttackPotion"},{"floor":10,"key":"LiquidBronze"},{"floor":12,"key":"Strength Potion"}],"is_trial":false,"path_per_floor":["M","?","M","M","M","R","M","E","T","M","M","M","M","$","R","B"],"character_chosen":"IRONCLAD","items_purchased":["Shockwave","Finesse"],"campfire_rested":0,"item_purchase_floors":[14,14],"current_hp_per_floor":[53,53,75,75,70,70,65,44,44,36,31,29,29,29,29,0,0],"gold":90,"neow_bonus":"TEN_PERCENT_HP_BONUS","is_daily":false,"chose_seed":false,"campfire_upgraded":2,"win_rate":0.0,"timestamp":1612657169,"path_taken":["M","?","M","M","M","R","?","E","T","M","M","M","M","$","R","BOSS"],"items_purchased_type":["Card","Card"],"build_version":"2020-12-22","purchased_purges":1,"victory":false,"max_hp_per_floor":[82,82,82,82,82,82,82,82,82,82,82,82,82,82,82,82,82],"card_choices":[{"not_picked":["Burning Pact","Flex"],"picked":"Perfected Strike","floor":1},{"not_picked":["Sword Boomerang","Body Slam"],"picked":"Hemokinesis","floor":3},{"not_picked":["Feel No Pain","Sword Boomerang"],"picked":"Uppercut","floor":4},{"not_picked":["Clash","Wild Strike"],"picked":"Cleave","floor":5},{"not_picked":["Warcry","Wild Strike","Clash"],"picked":"SKIP","floor":7},{"not_picked":["Havoc","Demon Form"],"picked":"Spot Weakness","floor":8},{"not_picked":["Shrug It Off","Pommel Strike"],"picked":"Blood for Blood","floor":10},{"not_picked":["Thunderclap","Anger"],"picked":"Pommel Strike","floor":11},{"not_picked":["Twin Strike","Seeing Red"],"picked":"Heavy Blade","floor":12},{"not_picked":["Feel No Pain","Thunderclap"],"picked":"Heavy Blade","floor":13}],"player_experience":2025602,"relics_obtained":[{"floor":8,"key":"Ancient Tea Set"},{"floor":9,"key":"Mummified Hand"}],"event_choices":[{"damage_healed":0,"gold_gain":0,"player_choice":"Got Potions","damage_taken":0,"max_hp_gain":0,"max_hp_loss":0,"event_name":"Lab","floor":2,"gold_loss":0}],"is_beta":false,"boss_relics":[],"items_purged_floors":[14],"is_endless":false,"potions_floor_spawned":[3,5,10,12,13],"killed_by":"Slime Boss","ascension_level":20}}