{"host":"aapp7ew3jk5k1bvd","time":1612699850,"event":{"mods":["AchievementEnabler","BaseMod","Colored Map","Minty Spire (QoL Compilation)","Permanent Neow","StSLib","SuperFastMode"],"gold_per_floor":[214,214,233,247,172,172,184,201,201,201,101,113,127,127,127,224,224,244,119,130,148,148,148],"floor_reached":22,"language":"KOR","playtime":438,"items_purged":["Strike_R","Defend_R","Defend_R"],"score":180,"play_id":"559459c7-19d9-43a6-85f4-706aedd5591f","local_time":"20210207211050","is_ascension_mode":false,"campfire_choices":[{"data":"Bash","floor":6.0,"key":"SMITH"},{"floor":15.0,"key":"REST"}],"circlet_count":0,"master_deck":["Strike_R","Strike_R","Strike_R","Strike_R","Defend_R","Bash+1","Dual Wield","Offering"],"relics":["Black Blood","StrikeDummy","Orichalcum"],"acts_visited":["Exordium","TheCity"],"potions_floor_usage":[21],"damage_taken":[{"damage":6.0,"enemies":"Jaw Worm","floor":1.0,"turns":6.0},{"damage":6.0,"enemies":"Cultist","floor":3.0,"turns":3.0},{"damage":8.0,"enemies":"2 Louse","floor":4.0,"turns":4.0},{"damage":33.0,"enemies":"Gremlin Gang","floor":7.0,"turns":8.0},{"damage":26.0,"enemies":"Large Slime","floor":8.0,"turns":7.0},{"damage":8.0,"enemies":"Red Slaver","floor":12.0,"turns":3.0},{"damage":0.0,"enemies":"Exordium Wildlife","floor":13.0,"turns":2.0},{"damage":52.0,"enemies":"The Guardian","floor":16.0,"turns":9.0},{"damage":35.0,"enemies":"3 Byrds","floor":18.0,"turns":7.0},{"damage":24.0,"enemies":"Shell Parasite","floor":20.0,"turns":3.0},{"damage":29,"enemies":"Sentry and Sphere","floor":21,"turns":5},{"damage":0,"enemies":"3 Cultists","floor":22,"turns":1}],"seed_played":"4665733112862095045","potions_obtained":[{"floor":7.0,"key":"Swift Potion"},{"floor":8.0,"key":"Fire Potion"},{"floor":10.0,"key":"Explosive Potion"},{"floor":12.0,"key":"DistilledChaos"},{"floor":13.0,"key":"Explosive Potion"},{"floor":16.0,"key":"FearPotion"},{"floor":20.0,"key":"DistilledChaos"}],"is_trial":false,"path_per_floor":["M","?","M","M","$","R","M","M","T","?","$","M","M","?","R","B",null,"M","$","M","M","M"],"character_chosen":"IRONCLAD","items_purchased":[],"campfire_rested":1,"item_purchase_floors":[],"current_hp_per_floor":[80,80,80,78,78,78,51,31,31,31,31,29,35,35,59,13,80,57,57,45,28,28,28],"gold":148,"neow_bonus":"HUNDRED_GOLD","is_daily":false,"chose_seed":false,"campfire_upgraded":1,"win_rate":0.0,"timestamp":1612699850,"path_taken":["M","?","M","M","$","R","M","?","T","?","$","M","?","?","R","BOSS","M","$","M","M","M"],"items_purchased_type":[],"build_version":"2020-12-22","purchased_purges":3,"victory":false,"max_hp_per_floor":[80,80,80,80,80,80,80,80,80,80,80,80,80,80,80,80,80,80,80,80,80,80,80],"card_choices":[{"not_picked":["Thunderclap","Warcry","True Grit"],"picked":"SKIP","floor":1.0},{"not_picked":["Warcry","Flex","Armaments"],"picked":"SKIP","floor":3.0},{"not_picked":["Corruption","Havoc","Pummel"],"picked":"SKIP","floor":4.0},{"not_picked":["Cleave","Fire Breathing","True Grit"],"picked":"SKIP","floor":7.0},{"not_picked":["Sword Boomerang","Reckless Charge"],"picked":"Dual Wield","floor":8.0},{"not_picked":["Cleave","Whirlwind","Shockwave"],"picked":"SKIP","floor":12.0},{"not_picked":["Thunderclap","Wild Strike","Body Slam"],"picked":"SKIP","floor":13.0},{"not_picked":["Immolate","Demon Form"],"picked":"Offering","floor":16.0},{"not_picked":["Blood for Blood","Wild Strike+1","Cleave"],"picked":"SKIP","floor":18.0},{"not_picked":["Inflame","Intimidate+1","Shrug It Off"],"picked":"SKIP","floor":20.0},{"not_picked":["Iron Wave","Heavy Blade","Sword Boomerang"],"picked":"SKIP","floor":21}],"player_experience":1337512,"relics_obtained":[{"floor":9.0,"key":"StrikeDummy"}],"event_choices":[{"cards_removed":["Defend_R"],"damage_healed":0.0,"max_hp_gain":0.0,"max_hp_loss":0.0,"gold_gain":0.0,"event_name":"Purifier","player_choice":"Purged","floor":2.0,"gold_loss":0.0,"damage_taken":0.0},{"damage_healed":0.0,"max_hp_gain":0.0,"max_hp_loss":0.0,"gold_gain":0.0,"event_name":"Lab","player_choice":"Got Potions","floor":10.0,"gold_loss":0.0,"damage_taken":0.0},{"damage_healed":0.0,"max_hp_gain":0.0,"max_hp_loss":0.0,"gold_gain":0.0,"event_name":"WeMeetAgain","player_choice":"Gave Potion","floor":14.0,"gold_loss":0.0,"damage_taken":0.0,"relics_obtained":["Orichalcum"]}],"is_beta":false,"boss_relics":[{"not_picked":["SlaversCollar","Tiny House"],"picked":"Black Blood"}],"items_purged_floors":[5,11,19],"is_endless":false,"potions_floor_spawned":[7,8,12,13,16,20],"killed_by":"3 Cultists","ascension_level":0}}