{"host":"imy0w7zcgpxryx7c","time":1612682098,"event":{"mods":["AchievementEnabler","BaseMod","Colored Map","Colored Powertips","Minty Spire (QoL Compilation)","Relic Sorter","StSLib"],"gold_per_floor":[14,289,306,78,78,78,78,78,78,153,169,198,215,232,232,232,232],"floor_reached":16,"language":"ENG","playtime":1056,"items_purged":["Regret"],"score":125,"play_id":"38badaff-6ceb-4f9f-af17-5cb169db6d01","local_time":"20210207021458","is_ascension_mode":true,"campfire_choices":[{"data":"Eruption","floor":6,"key":"SMITH"},{"data":"Secret Technique","floor":8,"key":"SMITH"},{"floor":15,"key":"REST"}],"circlet_count":0,"master_deck":["Strike_P","Strike_P","Strike_P","Strike_P","Defend_P","Defend_P","Eruption+1","Vigilance","Secret Technique+1","DeceiveReality","InnerPeace","Protect","WindmillStrike","Sanctity"],"relics":["PureWater","Anchor","Singing Bowl","Damaru"],"acts_visited":["Exordium"],"potions_floor_usage":[12,13],"damage_taken":[{"damage":11,"enemies":"2 Louse","floor":1,"turns":4},{"damage":3,"enemies":"Cultist","floor":3,"turns":4},{"damage":0,"enemies":"Small Slimes","floor":11,"turns":2},{"damage":31,"enemies":"Lagavulin","floor":12,"turns":6},{"damage":0,"enemies":"Red Slaver","floor":13,"turns":5},{"damage":1,"enemies":"3 Louse","floor":14,"turns":4},{"damage":20,"enemies":"Slime Boss","floor":16,"turns":7}],"seed_played":"-4180372640642488880","potions_obtained":[{"floor":1,"key":"AttackPotion"},{"floor":3,"key":"BlessingOfTheForge"},{"floor":13,"key":"Explosive Potion"}],"is_trial":false,"path_per_floor":["M","?","M","$","?","R","?","R","T","?","M","E","M","M","R","B"],"character_chosen":"WATCHER","items_purchased":["Anchor"],"campfire_rested":1,"item_purchase_floors":[4],"current_hp_per_floor":[61,61,58,58,58,58,51,51,51,44,46,15,15,14,36,16,16],"gold":232,"neow_bonus":"RANDOM_COLORLESS_2","is_daily":false,"chose_seed":false,"campfire_upgraded":2,"win_rate":0.0,"timestamp":1612682098,"path_taken":["M","?","?","$","?","R","?","R","T","?","M","E","?","M","R","BOSS"],"items_purchased_type":["Relic"],"build_version":"2020-12-22","purchased_purges":1,"victory":false,"max_hp_per_floor":[72,72,72,72,72,72,72,72,72,72,74,74,74,74,74,74,74],"card_choices":[{"not_picked":["Metamorphosis","Chrysalis"],"picked":"Secret Technique","floor":0},{"not_picked":["JustLucky","TalkToTheHand"],"picked":"DeceiveReality","floor":1},{"not_picked":["TalkToTheHand","ClearTheMind"],"picked":"InnerPeace","floor":3},{"not_picked":["ThirdEye","FlyingSleeves","EmptyBody"],"picked":"Singing Bowl","floor":11},{"not_picked":["JustLucky","Tantrum"],"picked":"Protect","floor":12},{"not_picked":["CrushJoints","FlurryOfBlows"],"picked":"WindmillStrike","floor":13},{"not_picked":["EmptyBody","PathToVictory"],"picked":"Sanctity","floor":14}],"player_experience":382271,"relics_obtained":[{"floor":9,"key":"Singing Bowl"},{"floor":12,"key":"Damaru"}],"event_choices":[{"damage_healed":0,"gold_gain":275,"player_choice":"Desecrate","damage_taken":0,"max_hp_gain":0,"max_hp_loss":0,"event_name":"Golden Shrine","floor":2,"gold_loss":0,"cards_obtained":["Regret"]},{"cards_removed":["Defend_P"],"damage_healed":0,"gold_gain":0,"player_choice":"Forget","damage_taken":0,"max_hp_gain":0,"max_hp_loss":0,"event_name":"Living Wall","floor":5,"gold_loss":0},{"cards_removed":["Defend_P"],"damage_healed":0,"gold_gain":0,"player_choice":"Card Removal","damage_taken":7,"max_hp_gain":0,"max_hp_loss":0,"event_name":"Golden Wing","floor":7,"gold_loss":0},{"damage_healed":0,"gold_gain":75,"player_choice":"Touch","damage_taken":7,"max_hp_gain":0,"max_hp_loss":0,"event_name":"FaceTrader","floor":10,"gold_loss":0}],"is_beta":false,"boss_relics":[],"items_purged_floors":[4],"is_endless":false,"potions_floor_spawned":[1,3,13],"killed_by":"Slime Boss","ascension_level":5}}