{"host":"i70yit5z0kpl303k","time":1612731526,"event":{"mods":["2.2 Compatiblity","Act Like it!","BaseMod","BetterRewards","Evolution","Infinite Spire","Ironclad Rager","Koishi","Marked Mod","Minty Spire (QoL Compilation)","Relic Stats","Reliquary","Replay The Spire","StSLib","The Blue Laboratory","The Marked"],"gold_per_floor":[20,20,37,37,61,61,99,115,115,128,149,149,149,165,165,289,289,310,328,328,344,344,380,404,404,486,502,502,516,557,570,570,701,701,717,736,851,865,878,878,878,878,878,760,760,760,760],"floor_reached":46,"language":"ENG","playtime":1978,"items_purged":[],"score":566,"play_id":"8c9b8177-9abe-469c-a7fe-70a392270d7e","local_time":"20210207125846","is_ascension_mode":false,"campfire_choices":[{"data":"Bash","floor":6,"key":"SMITH"},{"floor":12,"key":"REST"},{"floor":15,"key":"RECALL"},{"data":"Double Tap","floor":25,"key":"SMITH"},{"data":"Spot Weakness","floor":28,"key":"SMITH"},{"floor":32,"key":"REST"},{"data":"Perfected Strike","floor":40,"key":"SMITH"},{"floor":42,"key":"REST"},{"floor":45,"key":"REST"}],"circlet_count":0,"master_deck":["Headbutt","Strike_R","Strike_R","Strike_R","Strike_R","Defend_R","Defend_R","Defend_R","Defend_R","Bash+1","Pummel","Twin Strike","Thunderclap","Massacre","Twin Strike","Inflame","Infernal Blade","Twin Strike","Double Tap+1","Cleave","Offering","Iron Wave","Spot Weakness+1","Evolve+1","Wild Strike","Metallicize","Disarm","ReplayReversal","ReplayTheSpireMod:Limb From Limb+1","Offering","Heavy Blade","Pummel","Uppercut","Pot Of Greed","Pot Of Greed","Pot Of Greed","Juggernaut","Blood for Blood","Pot Of Greed","Iron Wave","Feed","Replay:Undeath\u0027s Touch+1","Rage+1","Double Tap","Armaments+1","Sword Boomerang+1","Inflame","Sword Boomerang+1","Dual Wield+1","Replay:Undeath\u0027s Touch+1","Perfected Strike+1","Pot Of Greed","Cleave","Spot Weakness","Perfected Strike"],"relics":["Burning Blood","EVO:Axolotl","ReplayTheSpireMod:Ring of Collecting","Ring of Peace","Golden Idol","Prayer Wheel","Ring of Panic","reliquary:PorcupineQuills","Ring of Hypnosis","StrikeDummy","Mark of Pain","Chameleon Ring","ReplayTheSpireMod:Ring of Exchange","InkBottle","Grinning Jar","Replay:Bronze Core","Shuriken"],"acts_visited":["Exordium","TheCity","TheBeyond"],"potions_floor_usage":[7,21,33],"damage_taken":[{"damage":6,"enemies":"Cultist","floor":1,"turns":3},{"damage":0,"enemies":"2 Louse","floor":3,"turns":4},{"damage":0,"enemies":"Jaw Worm","floor":5,"turns":4},{"damage":51,"enemies":"3 Sentries","floor":7,"turns":10},{"damage":16,"enemies":"Lots of Slimes","floor":8,"turns":4},{"damage":13,"enemies":"Exordium Wildlife","floor":10,"turns":6},{"damage":0,"enemies":"Blue Slaver","floor":11,"turns":4},{"damage":0,"enemies":"Red Slaver","floor":14,"turns":2},{"damage":28,"enemies":"Hexaghost","floor":16,"turns":8},{"damage":0,"enemies":"Spheric Guardian","floor":18,"turns":3},{"damage":0,"enemies":"Shell Parasite","floor":19,"turns":2},{"damage":22,"enemies":"Cultist and Chosen","floor":21,"turns":6},{"damage":1,"enemies":"Book of Stabbing","floor":23,"turns":4},{"damage":0,"enemies":"Snecko","floor":24,"turns":3},{"damage":18,"enemies":"Chosen and Byrds","floor":27,"turns":5},{"damage":24,"enemies":"Snake Plant","floor":29,"turns":4},{"damage":33,"enemies":"Nightmare","floor":30,"turns":7},{"damage":2,"enemies":"Centurion and Healer","floor":31,"turns":5},{"damage":52,"enemies":"Champ","floor":33,"turns":7},{"damage":18,"enemies":"Orb Walker","floor":35,"turns":4},{"damage":30,"enemies":"3 Shapes","floor":36,"turns":5},{"damage":9,"enemies":"Maw","floor":38,"turns":5},{"damage":42,"enemies":"Sphere and 2 Shapes","floor":39,"turns":7},{"damage":95,"enemies":"Nemesis","floor":46,"turns":8}],"seed_played":"-8768709794274490335","potions_obtained":[{"floor":1,"key":"blueLaboratory:PhilterOfMotion"},{"floor":3,"key":"BlessingOfTheForge"},{"floor":8,"key":"blueLaboratory:AbyssPotion"},{"floor":14,"key":"Fire Potion"},{"floor":23,"key":"blueLaboratory:BottleOfVodka"},{"floor":24,"key":"blueLaboratory:SmithPotion"},{"floor":33,"key":"blueLaboratory:EnragingPotion"}],"is_trial":false,"path_per_floor":["M","?","M","?","M","R","E","M","T","M","M","R","T","M","R","B",null,"M","M","?","M","?","E","M","R","T","M","R","M","NM","M","R","B",null,"M","M","?","M","M","R","?","R","T","$","R","E"],"character_chosen":"IRONCLAD","items_purchased":["Spot Weakness","Perfected Strike"],"campfire_rested":4,"item_purchase_floors":[44,44],"current_hp_per_floor":[96,96,96,72,78,78,33,23,23,16,22,50,50,56,56,34,96,96,96,96,80,80,85,91,91,91,79,79,61,34,38,66,20,96,84,60,60,57,21,21,21,49,49,49,77,0,0],"gold":760,"neow_bonus":"TWENTY_PERCENT_HP_BONUS","is_daily":false,"chose_seed":false,"campfire_upgraded":4,"win_rate":0.0,"timestamp":1612731526,"path_taken":["M","?","M","?","?","R","E","M","T","?","M","R","?","M","R","BOSS","M","M","?","M","?","E","M","R","T","?","R","M","NM","M","R","BOSS","M","M","?","M","M","R","?","R","T","$","R","E"],"items_purchased_type":["Card","Card"],"build_version":"2020-12-22","purchased_purges":0,"victory":false,"max_hp_per_floor":[96,96,96,96,96,96,96,96,96,96,96,96,96,96,96,96,96,96,96,96,96,96,96,96,96,96,96,96,96,96,96,96,96,96,96,96,96,96,96,96,96,96,96,96,96,96,96],"relic_stats":{"counters":[24,120],"Golden Idol":153,"Shuriken":[5],"Prayer Wheel":14,"obtain_stats":[{"ReplayTheSpireMod:Ring of Exchange":26,"Ring of Hypnosis":13,"Golden Idol":4,"EVO:Axolotl":0,"Burning Blood":0,"reliquary:FerryPass":7,"reliquary:PorcupineQuills":9,"Chameleon Ring":23,"Shuriken":43,"ReplayTheSpireMod:Ring of Collecting":2,"Ring of Peace":2,"Replay:Bronze Core":34,"Prayer Wheel":8,"Mark of Pain":17,"Ring of Panic":9,"Grinning Jar":30,"StrikeDummy":13,"InkBottle":26},{"ReplayTheSpireMod:Ring of Exchange":14,"Ring of Hypnosis":7,"Golden Idol":2,"EVO:Axolotl":0,"Burning Blood":0,"reliquary:FerryPass":4,"reliquary:PorcupineQuills":5,"Chameleon Ring":13,"Shuriken":23,"ReplayTheSpireMod:Ring of Collecting":1,"Ring of Peace":1,"Replay:Bronze Core":19,"Prayer Wheel":5,"Mark of Pain":9,"Ring of Panic":5,"Grinning Jar":17,"StrikeDummy":7,"InkBottle":14},{"ReplayTheSpireMod:Ring of Exchange":63,"Ring of Hypnosis":35,"Golden Idol":7,"EVO:Axolotl":0,"Burning Blood":0,"reliquary:FerryPass":21,"reliquary:PorcupineQuills":25,"Chameleon Ring":60,"Shuriken":112,"ReplayTheSpireMod:Ring of Collecting":3,"Ring of Peace":3,"Replay:Bronze Core":91,"Prayer Wheel":25,"Mark of Pain":45,"Ring of Panic":25,"Grinning Jar":79,"StrikeDummy":35,"InkBottle":63}],"Burning Blood":120,"InkBottle":[26]},"card_choices":[{"not_picked":["Run Through","Clothesline"],"picked":"Pummel","floor":1},{"not_picked":["ReplayTheSpireMod:Strike From Hell","ReplayTheSpireMod:Limb From Limb"],"picked":"Twin Strike","floor":3},{"not_picked":["Burning Pact","Defy Death"],"picked":"Thunderclap","floor":5},{"not_picked":["Sentinel","Bloodletting"],"picked":"Massacre","floor":7},{"not_picked":["Replay:Undeath\u0027s Touch","Run Through"],"picked":"Twin Strike","floor":8},{"not_picked":["Defy Death","Sever Soul"],"picked":"Inflame","floor":10},{"not_picked":["Burning Pact","Armaments"],"picked":"Infernal Blade","floor":10},{"not_picked":["Combust","Defy Death"],"picked":"Twin Strike","floor":11},{"not_picked":["Run Through","Warcry"],"picked":"Double Tap","floor":11},{"not_picked":["Anger","Replay:Undeath\u0027s Touch"],"picked":"Cleave","floor":14},{"not_picked":["Burning Pact","Warcry"],"picked":"Sword Boomerang","floor":14},{"not_picked":["Replay:Many Hands","Bludgeon"],"picked":"Offering","floor":16},{"not_picked":["Headbutt","Combust"],"picked":"Iron Wave","floor":18},{"not_picked":["Second Wind","Headbutt+1"],"picked":"Spot Weakness","floor":18},{"not_picked":["Reckless Charge","Burning Pact"],"picked":"Evolve+1","floor":19},{"not_picked":["Cleave","Sword Boomerang+1"],"picked":"Wild Strike","floor":19},{"not_picked":["Sentinel+1","Pommel Strike"],"picked":"Metallicize","floor":21},{"not_picked":["Anger","Body Slam"],"picked":"Disarm","floor":21},{"not_picked":["Iron Wave","Hemokinesis"],"picked":"Rupture","floor":23},{"not_picked":["Sever Soul","Warcry"],"picked":"ReplayReversal","floor":24},{"not_picked":["Feel No Pain+1","Havoc+1"],"picked":"ReplayTheSpireMod:Limb From Limb+1","floor":24},{"not_picked":["Clash+1","Pommel Strike"],"picked":"Offering","floor":27},{"not_picked":["Warcry","Replay:Undeath\u0027s Touch"],"picked":"Heavy Blade","floor":27},{"not_picked":["Flex+1","Headbutt"],"picked":"Pummel","floor":29},{"not_picked":["Headbutt","Massacre+1"],"picked":"Uppercut","floor":29},{"not_picked":["Body Slam","Replay:Undeath\u0027s Touch"],"picked":"Juggernaut","floor":30},{"not_picked":["Havoc","True Grit"],"picked":"Blood for Blood","floor":31},{"not_picked":["Twin Strike","Havoc+1"],"picked":"Iron Wave","floor":31},{"not_picked":["Barricade","Impervious"],"picked":"Feed","floor":33},{"not_picked":["Armaments","Iron Wave"],"picked":"Replay:Undeath\u0027s Touch+1","floor":35},{"not_picked":["Flex+1","Anger+1"],"picked":"Rage+1","floor":35},{"not_picked":["Bloodletting","Armaments"],"picked":"Double Tap","floor":36},{"not_picked":["Headbutt+1","Clash+1"],"picked":"Armaments+1","floor":36},{"not_picked":["Clash","Flex"],"picked":"Sword Boomerang+1","floor":37},{"not_picked":["Sword Boomerang","Anger+1"],"picked":"Inflame","floor":37},{"not_picked":["Entrench","Wild Strike+1"],"picked":"Sword Boomerang+1","floor":37},{"not_picked":["Rage+1","True Grit"],"picked":"Dual Wield+1","floor":38},{"not_picked":["Wild Strike","True Grit"],"picked":"Replay:Undeath\u0027s Touch+1","floor":38},{"not_picked":["Demonic Infusion","Clash+1"],"picked":"Perfected Strike","floor":39},{"not_picked":["Clash","ReplayTheSpireMod:Stacked"],"picked":"Cleave","floor":39}],"player_experience":252627,"relics_obtained":[{"floor":2,"key":"ReplayTheSpireMod:Ring of Collecting"},{"floor":2,"key":"Ring of Peace"},{"floor":7,"key":"reliquary:FerryPass"},{"floor":8,"key":"Prayer Wheel"},{"floor":9,"key":"Ring of Panic"},{"floor":9,"key":"reliquary:PorcupineQuills"},{"floor":13,"key":"Ring of Hypnosis"},{"floor":13,"key":"StrikeDummy"},{"floor":23,"key":"Chameleon Ring"},{"floor":26,"key":"ReplayTheSpireMod:Ring of Exchange"},{"floor":26,"key":"InkBottle"},{"floor":30,"key":"Grinning Jar"},{"floor":43,"key":"Shuriken"}],"event_choices":[{"damage_healed":0,"gold_gain":0,"player_choice":"Take Damage","damage_taken":24,"relics_obtained":["Golden Idol"],"max_hp_gain":0,"max_hp_loss":0,"event_name":"Golden Idol","floor":4,"gold_loss":0},{"cards_removed":["Sword Boomerang"],"damage_healed":0,"gold_gain":0,"player_choice":"Purged","damage_taken":0,"max_hp_gain":0,"max_hp_loss":0,"event_name":"Purifier","floor":22,"gold_loss":0},{"cards_removed":["Rupture"],"damage_healed":0,"gold_gain":0,"player_choice":"Removed Power","damage_taken":0,"max_hp_gain":0,"max_hp_loss":0,"event_name":"Falling","floor":41,"gold_loss":0}],"is_beta":false,"boss_relics":[{"not_picked":["Philosopher\u0027s Stone","Tiny House"],"picked":"Mark of Pain"},{"not_picked":["infinitespire:Chaos","infinitespire:Cupcake"],"picked":"Replay:Bronze Core"}],"items_purged_floors":[],"is_endless":true,"potions_floor_spawned":[1,3,8,14,23,24,27,31,33,35,38],"killed_by":"Nemesis","ascension_level":0}}