{"host":"10hinapzqlh39548","time":1612714614,"event":{"mods":["BaseMod","Colored Powertips","Minty Spire (QoL Compilation)","MostiFishMod","Reliquary","Replay The Spire","Spire Arcade","StSLib"],"gold_per_floor":[110,128,145,41,60,60,93,93,145,158,36,36,36,53,53,131,131,147,147,147,163,177,212,225,225,279,134,134,164,164,181,181,256,256,274,274,294,317,83,108,108,135,135,135,168,168,183,209,209,209,209,209,29,60,60,60],"floor_reached":55,"language":"ENG","playtime":3313,"items_purged":["Strike_B","Strike_B","Dualcast"],"score":1559,"play_id":"351ad6d5-7843-406a-9b68-94c9bc85d1a5","local_time":"20210207171654","is_ascension_mode":true,"campfire_choices":[{"data":"Force Field","floor":6.0,"key":"SMITH"},{"data":"Double Energy","floor":8.0,"key":"SMITH"},{"floor":13.0,"key":"REST"},{"data":"Coolheaded","floor":15.0,"key":"SMITH"},{"floor":25,"key":"REST"},{"floor":28,"key":"REST"},{"floor":32,"key":"RECALL"},{"floor":41,"key":"REST"},{"floor":44,"key":"REST"},{"floor":46,"key":"REST"},{"floor":49,"key":"REST"},{"floor":52,"key":"REST"}],"circlet_count":0,"master_deck":["AscendersBane","Defend_B","Defend_B","Defend_B","Defend_B","Zap","MostiFishMod:FrostNova","MostiFishMod:WinterMarkForm","Steam","Beam Cell","Capacitor","Gash","Capacitor+1","Force Field+1","Double Energy+1","Coolheaded+1","Coolheaded","ReplayRNGCard","Scrape","Streamline","Chill","Loop+1","Gash","Gash","ReplayTheSpireMod:Calculation Training","Loop","Creative AI","White Noise","Force Field","Loop","ReplayGash","MostiFishMod:IceShield+1","Gash","Loop","Force Field+1"],"relics":["Cracked Core","DaveBox","FrostBlade","SynthV:TestCard","SynthV:C4","Boot","Fusion Hammer","Ring of Shattering","reliquary:BallBearing","Replay:Bottled Steam","Cursed Key","OriginationStaff","BargainBundle","Pen Nib","Art of War","The Courier","reliquary:BoilingFlask","DataDisk","Unceasing Top"],"acts_visited":["TheCity","TheBeyond","TheEnding"],"potions_floor_usage":[40,55,55],"damage_taken":[{"damage":6.0,"enemies":"Cultist","floor":1.0,"turns":3.0},{"damage":4.0,"enemies":"Jaw Worm","floor":2.0,"turns":3.0},{"damage":4.0,"enemies":"Small Slimes","floor":3.0,"turns":3.0},{"damage":16.0,"enemies":"Blue Slaver","floor":5.0,"turns":4.0},{"damage":10.0,"enemies":"3 Sentries","floor":7.0,"turns":5.0},{"damage":5.0,"enemies":"Exordium Wildlife","floor":10.0,"turns":4.0},{"damage":0.0,"enemies":"Large Slime","floor":14.0,"turns":3.0},{"damage":26.0,"enemies":"The Guardian","floor":16.0,"turns":8.0},{"damage":10.0,"enemies":"3 Byrds","floor":18.0,"turns":2.0},{"damage":8,"enemies":"Shell Parasite","floor":21,"turns":4},{"damage":0,"enemies":"Cultist and Chosen","floor":22,"turns":3},{"damage":1,"enemies":"Book of Stabbing","floor":23,"turns":4},{"damage":0,"enemies":"Snecko","floor":24,"turns":4},{"damage":0,"enemies":"Gremlin Leader","floor":29,"turns":4},{"damage":9,"enemies":"Centurion and Healer","floor":31,"turns":5},{"damage":0,"enemies":"Automaton","floor":33,"turns":7},{"damage":6,"enemies":"Orb Walker","floor":35,"turns":3},{"damage":0,"enemies":"3 Darklings","floor":37,"turns":3},{"damage":8,"enemies":"Giant Head","floor":40,"turns":6},{"damage":34,"enemies":"Nemesis","floor":42,"turns":5},{"damage":0,"enemies":"Giant Head","floor":45,"turns":8},{"damage":22,"enemies":"Writhing Mass","floor":47,"turns":6},{"damage":9,"enemies":"Reptomancer","floor":48,"turns":4},{"damage":18,"enemies":"Time Eater","floor":50,"turns":8},{"damage":41,"enemies":"Shield and Spear","floor":54,"turns":6},{"damage":35,"enemies":"The Heart","floor":55,"turns":4}],"seed_played":"8176070637368447656","potions_obtained":[{"floor":1.0,"key":"Block Potion"},{"floor":5.0,"key":"FearPotion"},{"floor":18.0,"key":"LiquidBronze"},{"floor":21,"key":"Regen Potion"},{"floor":29,"key":"Energy Potion"},{"floor":40,"key":"Cursed Concoction"},{"floor":45,"key":"ColorlessPotion"},{"floor":54,"key":"EssenceOfSteel"}],"is_trial":false,"path_per_floor":["M","M","M","$","M","R","E","R","T","M","$","?","R","M","R","B",null,"M","?","?","M","M","E","M","R","T","$","R","E","?","M","R","B",null,"M","?","M","?","$","E","R","E","T","R","E","R","M","E","R","B",null,"R","$","E","B"],"character_chosen":"DEFECT","items_purchased":["Gash","Capacitor+1","Coolheaded","Gash","BargainBundle","Loop","ReplayGash","DataDisk","Loop"],"campfire_rested":8,"item_purchase_floors":[4,4,11,27,39,39,39,53,53],"current_hp_per_floor":[58,54,50,50,34,34,24,24,24,19,19,19,40,40,40,14,57,47,47,34,26,26,25,25,47,47,47,69,69,69,60,60,60,72,66,66,66,47,47,54,76,42,42,64,64,76,54,45,67,49,69,76,76,35,0,0],"gold":60,"neow_bonus":"REMOVE_CARD","is_daily":false,"chose_seed":false,"campfire_upgraded":3,"win_rate":0.0,"timestamp":1612714614,"path_taken":["M","M","M","$","M","R","E","R","T","M","$","?","R","?","R","BOSS","M","?","?","M","M","E","M","R","T","$","R","E","?","?","R","BOSS","M","?","M","?","$","E","R","E","T","R","E","R","M","E","R","BOSS","R","$","E","BOSS"],"items_purchased_type":["Card","Card","Card","Card","Relic","Card","Card","Relic","Card"],"build_version":"2020-12-22","purchased_purges":3,"victory":false,"max_hp_per_floor":[71,71,71,71,71,71,71,71,71,71,71,71,71,71,71,71,71,71,71,76,76,76,76,76,76,76,76,76,76,76,76,76,76,76,76,76,76,76,76,76,76,76,76,76,76,76,76,76,76,76,76,76,76,76,76,76],"card_choices":[{"not_picked":["Recycle","Cold Snap"],"picked":"Steam","floor":1.0},{"not_picked":["Undo","Coolheaded","Rebound","Cold Snap"],"picked":"Beam Cell","floor":2.0},{"not_picked":["ReplayTheSpireMod:System Scan","Storm","Leap","Go for the Eyes"],"picked":"Capacitor","floor":3.0},{"not_picked":["Beam Cell","ReplayTheSpireMod:Repulse","Cold Snap","Go for the Eyes"],"picked":"Force Field","floor":5.0},{"not_picked":["Darkness","FIFO Queue","Panic Button","Rebound"],"picked":"Double Energy","floor":7.0},{"not_picked":["Beam Cell","Time Bomb","Aggregate","BasicCrystalCard"],"picked":"Coolheaded","floor":10.0},{"not_picked":["Hello World","Compile Driver","MostiFishMod:PushDownKick","ReplayTheSpireMod:GoodbyeWorld","Panic Button"],"picked":"SKIP","floor":14.0},{"not_picked":["Meteor Strike","Buffer","MostiFishMod:DeathFromBelow","MostiFishMod:Prepare"],"picked":"ReplayRNGCard","floor":16.0},{"not_picked":["Beam Cell","Redo","Conserve Battery","MostiFishMod:PushDownKick"],"picked":"Scrape","floor":18.0},{"not_picked":["Go for the Eyes","Panic Button","BasicCrystalCard","Rebound"],"picked":"Streamline","floor":21},{"not_picked":["Sunder","White Noise","Conserve Battery","Panic Button"],"picked":"Chill","floor":22},{"not_picked":["Steam","Hologram","MostiFishMod:Culaccino","Ball Lightning"],"picked":"Loop+1","floor":23},{"not_picked":["Beam Cell","Hello World","Leap","FIFO Queue"],"picked":"Gash","floor":24},{"not_picked":["Crystallizer+1","Static Discharge","Defragment","Rebound"],"picked":"ReplayTheSpireMod:Calculation Training","floor":29},{"not_picked":["Turbo","MostiFishMod:PushDownKick","Stack","Heatsinks"],"picked":"Loop","floor":31},{"not_picked":["MostiFishMod:Distribution","Meteor Strike","Fission","ReplayTheSpireMod:Fabricate Wheel"],"picked":"Creative AI","floor":33},{"not_picked":["Consume","Ball Lightning","Recycle","Doom and Gloom"],"picked":"White Noise","floor":35},{"not_picked":["Doom and Gloom","Stack","Leap","FIFO Queue+1","Compile Driver+1"],"picked":"SKIP","floor":37},{"not_picked":["Lockon","Conserve Battery","Leap","BasicCrystalCard"],"picked":"Force Field","floor":38},{"not_picked":["MostiFishMod:StrandedSiren","BasicCrystalCard","ReplayTheSpireMod:Omega Cannon","Barrage"],"picked":"MostiFishMod:IceShield+1","floor":40},{"not_picked":["ReplayTheSpireMod:Fabricate Wheel","Lockon+1","Panic Button","BasicCrystalCard","Conserve Battery+1"],"picked":"SKIP","floor":42},{"not_picked":["Ball Lightning","Compile Driver","ReplaySolidLightProjector+1","Sunder","Echo Form"],"picked":"SKIP","floor":45},{"not_picked":["Conserve Battery","Static Discharge","Streamline","Ball Lightning","MostiFishMod:FluxCapactior"],"picked":"SKIP","floor":47},{"not_picked":["ReplayTheSpireMod:System Scan","Compile Driver","Heatsinks","Machine Learning"],"picked":"Gash","floor":48},{"not_picked":["Scrape","BootSequence","Cold Snap+1","MostiFishMod:GatherIntelligence"],"picked":"Force Field+1","floor":54}],"player_experience":1171983,"relics_obtained":[{"floor":1.0,"key":"SynthV:TestCard"},{"floor":7.0,"key":"SynthV:C4"},{"floor":9.0,"key":"Boot"},{"floor":19,"key":"Ring of Shattering"},{"floor":23,"key":"reliquary:BallBearing"},{"floor":29,"key":"Replay:Bottled Steam"},{"floor":38,"key":"OriginationStaff"},{"floor":40,"key":"Pen Nib"},{"floor":42,"key":"Art of War"},{"floor":45,"key":"The Courier"},{"floor":48,"key":"reliquary:BoilingFlask"},{"floor":54,"key":"Unceasing Top"}],"event_choices":[{"cards_removed":["Strike_B"],"damage_healed":0.0,"max_hp_gain":0.0,"max_hp_loss":0.0,"gold_gain":0.0,"event_name":"Bonfire Elementals","player_choice":"Offered Basic","floor":12.0,"gold_loss":0.0,"damage_taken":0.0},{"damage_healed":0,"gold_gain":0,"player_choice":"Shed Blood","damage_taken":18,"max_hp_gain":5,"max_hp_loss":0,"event_name":"Forgotten Altar","floor":20,"gold_loss":0},{"damage_healed":0,"gold_gain":0,"player_choice":"Ignored","damage_taken":0,"max_hp_gain":0,"max_hp_loss":0,"event_name":"Ghosts","floor":30,"gold_loss":0},{"damage_healed":0,"gold_gain":0,"player_choice":"Memory 1","damage_taken":0,"max_hp_gain":0,"max_hp_loss":0,"event_name":"SensoryStone","floor":36,"gold_loss":0}],"is_beta":false,"boss_relics":[{"not_picked":["Replay:Bronze Core","Nuclear Battery"],"picked":"Fusion Hammer"},{"not_picked":["reliquary:Ember","Runic Dome"],"picked":"Cursed Key"}],"items_purged_floors":[11,27,39],"is_endless":false,"potions_floor_spawned":[1,5,14,18,21,24,29,37,40,42,45,47,54],"killed_by":"The Heart","ascension_level":14}}