{"host":"AZZAM","time":1612725618,"event":{"mods":["BaseMod","Colored Map","Highlight Path","Minty Spire (QoL Compilation)","Relic Stats","Unceasing Turn Reminder"],"gold_per_floor":[112,37,37,37,37,37,65,65,65,65,85,98,111,136,136,241,241,254,265,190,37,37,70,70,70,123,123,156,156,156],"floor_reached":29,"language":"ENG","playtime":803,"items_purged":[],"score":374,"play_id":"f4283e29-4f5c-4ee8-9cb8-ceebc5a4ac41","local_time":"20210207222018","is_ascension_mode":true,"campfire_choices":[{"data":"Predator","floor":6,"key":"SMITH"},{"data":"Flying Knee","floor":10,"key":"SMITH"},{"data":"Blade Dance","floor":15,"key":"SMITH"},{"data":"Venomology","floor":24,"key":"SMITH"},{"data":"Prepared","floor":27,"key":"SMITH"}],"circlet_count":0,"master_deck":["Survivor","Neutralize","Flying Knee+1","Predator+1","Blade Dance+1","PiercingWail","PiercingWail","Venomology+1","After Image","Predator","Doppelganger","Tactician","Infinite Blades","Cloak And Dagger","Endless Agony","Quick Slash","Prepared+1","Dash","Dagger Spray","Dagger Spray+1","Blur","Footwork","Bullet Time"],"relics":["Ring of the Snake","NeowsBlessing","Paper Crane","StoneCalendar","Pantograph","Turnip","Pandora\u0027s Box","Sling","Bottled Lightning","Torii"],"acts_visited":["Exordium","TheCity"],"potions_floor_usage":[16,19,23,23,25,25,28,28,29],"damage_taken":[{"damage":0,"enemies":"Jaw Worm","floor":1,"turns":1},{"damage":0,"enemies":"Lagavulin","floor":7,"turns":1},{"damage":0,"enemies":"2 Louse","floor":11,"turns":1},{"damage":0,"enemies":"Small Slimes","floor":12,"turns":2},{"damage":6,"enemies":"Looter","floor":13,"turns":3},{"damage":22,"enemies":"3 Sentries","floor":14,"turns":7},{"damage":39,"enemies":"Hexaghost","floor":16,"turns":9},{"damage":26,"enemies":"2 Thieves","floor":18,"turns":5},{"damage":4,"enemies":"Chosen","floor":19,"turns":4},{"damage":17,"enemies":"Slavers","floor":23,"turns":3},{"damage":0,"enemies":"Gremlin Leader","floor":25,"turns":4},{"damage":14,"enemies":"Slavers","floor":28,"turns":4},{"damage":22,"enemies":"Sentry and Sphere","floor":29,"turns":5}],"seed_played":"7202800396422728844","potions_obtained":[{"floor":16,"key":"Block Potion"},{"floor":18,"key":"LiquidBronze"},{"floor":23,"key":"Fire Potion"}],"is_trial":false,"path_per_floor":["M","$","?","?","?","R","E","T","T","R","M","M","M","E","R","B",null,"M","M","?","$","?","E","R","E","T","R","E","M"],"character_chosen":"THE_SILENT","items_purchased":["Predator","Sling"],"campfire_rested":0,"item_purchase_floors":[2,21],"current_hp_per_floor":[70,70,70,75,60,60,60,60,60,60,60,60,54,32,32,18,75,49,45,45,45,45,28,28,28,28,28,14,0,0],"gold":156,"neow_bonus":"THREE_ENEMY_KILL","is_daily":false,"chose_seed":false,"campfire_upgraded":5,"win_rate":0.0,"timestamp":1612725618,"path_taken":["M","$","?","?","?","R","E","?","T","R","?","M","M","E","R","BOSS","M","M","?","$","?","E","R","E","T","R","E","M"],"items_purchased_type":["Card","Relic"],"build_version":"2020-12-18","purchased_purges":0,"victory":false,"max_hp_per_floor":[70,70,70,75,75,75,75,75,75,75,75,75,75,75,75,75,75,75,75,75,75,75,75,75,75,75,75,75,75,75],"relic_stats":{"Torii":0,"counters":[13,49],"Pantograph":25,"StoneCalendar":[43],"Pandora\u0027s Box":["Predator","Doppelganger","Tactician","Infinite Blades","Cloak And Dagger","Endless Agony","Quick Slash","Prepared","Dash"],"Turnip":[5],"obtain_stats":[{"NeowsBlessing":0,"Torii":28,"Pantograph":9,"StoneCalendar":8,"Pandora\u0027s Box":17,"Turnip":14,"Bottled Lightning":23,"Paper Crane":7,"Sling":21,"Ring of the Snake":0},{"NeowsBlessing":0,"Torii":12,"Pantograph":2,"StoneCalendar":2,"Pandora\u0027s Box":7,"Turnip":6,"Bottled Lightning":10,"Paper Crane":2,"Sling":9,"Ring of the Snake":0},{"NeowsBlessing":0,"Torii":44,"Pantograph":2,"StoneCalendar":2,"Pandora\u0027s Box":24,"Turnip":15,"Bottled Lightning":36,"Paper Crane":2,"Sling":33,"Ring of the Snake":0}],"Ring of the Snake":[27]},"card_choices":[{"not_picked":["Prepared","Cloak And Dagger"],"picked":"Flying Knee","floor":1},{"not_picked":["Outmaneuver","Bane","Quick Slash"],"picked":"SKIP","floor":7},{"not_picked":["Poisoned Stab","Burst"],"picked":"Blade Dance","floor":11},{"not_picked":["Backflip","Poisoned Stab"],"picked":"PiercingWail","floor":12},{"not_picked":["Slice","Infinite Blades"],"picked":"PiercingWail","floor":13},{"not_picked":["Dodge and Roll","Backflip"],"picked":"Venomology","floor":14},{"not_picked":["Phantasmal Killer","Doppelganger"],"picked":"After Image","floor":16},{"not_picked":["All Out Attack","PiercingWail"],"picked":"Dagger Spray","floor":18},{"not_picked":["Quick Slash","Outmaneuver"],"picked":"Dagger Spray+1","floor":19},{"not_picked":["Quick Slash","Cloak And Dagger"],"picked":"Footwork","floor":23},{"not_picked":["Outmaneuver","Infinite Blades"],"picked":"Bullet Time","floor":28}],"player_experience":83120,"relics_obtained":[{"floor":7,"key":"Paper Crane"},{"floor":8,"key":"StoneCalendar"},{"floor":9,"key":"Pantograph"},{"floor":14,"key":"Turnip"},{"floor":23,"key":"Bottled Lightning"},{"floor":28,"key":"Torii"}],"event_choices":[{"damage_healed":0,"gold_gain":0,"cards_transformed":["Strike_G"],"player_choice":"Change","damage_taken":0,"max_hp_gain":0,"max_hp_loss":0,"event_name":"Living Wall","floor":3,"gold_loss":0,"cards_obtained":["Setup"]},{"damage_healed":0,"gold_gain":0,"player_choice":"Donut","damage_taken":0,"max_hp_gain":5,"max_hp_loss":0,"event_name":"Big Fish","floor":4,"gold_loss":0},{"damage_healed":0,"gold_gain":0,"player_choice":"Entered Light","damage_taken":15,"max_hp_gain":0,"max_hp_loss":0,"event_name":"Shining Light","floor":5,"gold_loss":0,"cards_upgraded":["Strike_G","Defend_G"]},{"cards_removed":["Setup"],"damage_healed":0,"gold_gain":0,"player_choice":"Gave Gold","damage_taken":0,"max_hp_gain":0,"max_hp_loss":0,"event_name":"Beggar","floor":20,"gold_loss":75},{"damage_healed":0,"gold_gain":0,"player_choice":"1 cards matched","damage_taken":0,"max_hp_gain":0,"max_hp_loss":0,"event_name":"Match and Keep!","floor":22,"gold_loss":0,"cards_obtained":["Blur"]}],"is_beta":true,"boss_relics":[{"not_picked":["Ring of the Serpent","SlaversCollar"],"picked":"Pandora\u0027s Box"}],"items_purged_floors":[],"is_endless":false,"potions_floor_spawned":[16,18,23],"killed_by":"Sentry and Sphere","ascension_level":4}}