{"host":"ds1yr10zonoc6w4a","time":1612728212,"event":{"mods":["AchievementEnabler","Act Like it!","Aspiration","BaseMod","Better Match","Better Third Choice","BetterRewards","Downfall","Energized Spire","Gensokyo","Infinite Spire","Minty Spire (QoL Compilation)","Pale of the Ancients","Relic Filter Mod","Reliquary","Replay The Spire","Spire Arcade","StSLib","The Animator","The Cursed"],"gold_per_floor":[114,140,140,0,10,41,56,72,145,159,204,260,260,290,290,369,369,386,386,399,399,401,401,460,460,487,525,525,525,85,115,115,192,192,211,244,244,2,28,63,65,106,106,117,56,56,56,72,72,72,80,80,80,592,642,642,642],"floor_reached":56,"language":"ENG","playtime":10289,"items_purged":["animator:Strike","animator:Strike","animator:Strike"],"score":2165,"play_id":"c8ec136e-75ac-4671-b386-3b47baa710c6","local_time":"20210207130332","is_ascension_mode":true,"campfire_choices":[{"floor":23,"key":"REST"},{"floor":23,"key":"RECALL"},{"data":"animator:OrihimeInoue","floor":29,"key":"SMITH"},{"data":"animator:Shichika","floor":32,"key":"SMITH"},{"floor":46,"key":"REST"},{"data":"animator:Shinku","floor":46,"key":"SMITH"},{"floor":49,"key":"REST"},{"data":"animator:Shinku+1","floor":49,"key":"SMITH"},{"floor":53,"key":"REST"},{"data":"animator:Melzalgald","floor":53,"key":"SMITH"}],"circlet_count":0,"master_deck":["AscendersBane","animator:Strike_Bleach","animator:Defend_Bleach","animator:RenjiArakai","animator:UryuuIshida","animator:Chaa","animator:Megunee","animator:YuiTsuruno","animator:IsshinKurosaki","animator:Emonzaemon","animator:OrigamiTobiichi","animator:TohkaYatogami","animator:DolaStephanie","animator:SougenEsaka","animator:RukiaKuchiki","animator:Spearman","animator:SuikaIbuki","animator:Fredrika","animator:Eve","animator:IchigoKurosaki","animator:Shichika","animator:Boros","animator:AcuraShin","animator:YamaiSisters","animator:Yuuichirou","animator:SilverFang","animator:OrihimeInoue","Bandage Up","animator:SajinKomamura","animator:MikuIzayoi","Gensokyo:RustyChest","Gensokyo:Shovel","Gensokyo:DepletedGenerator","animator:Melzalgald","animator:Shinku","animator:PandorasActor","Gensokyo:Shovel","Gensokyo:BlemishedSteel","Gensokyo:DepletedGenerator","Gensokyo:TarnishedGold","animator:YasutoraSado","Pot Of Greed","Pot Of Greed","Pot Of Greed","Pot Of Greed","animator:SanaeKochiya","animator:Souseiseki","animator:JunSakurada","animator:SuikaIbuki","animator:ReimuHakurei","animator:ReimuHakurei","Pot Of Greed","animator:LizardPriest","animator:MayuriKurotsuchi"],"relics":["animator:TheEgnaroPiece","animator:LivingPicture","animator:TheMissingPiece"],"acts_visited":["Exordium","Gensokyo:Gensokyo","Gensokyo:Gensokyoer","TheEnding","EYB:TheUnnamedReign"],"potions_floor_usage":[7,14,16,16,20,24,27,31,35,40,40,42,42,42,51,51,51,51,51,56],"damage_taken":[{"damage":0,"enemies":"Gensokyo:3_Fairies","floor":1,"turns":3},{"damage":0,"enemies":"Gensokyo:Gryphon","floor":2,"turns":4},{"damage":0,"enemies":"Gensokyo:2_Kodama","floor":5,"turns":3},{"damage":0,"enemies":"Gensokyo:Aya","floor":6,"turns":4},{"damage":2,"enemies":"Gensokyo:LivingMonolith","floor":7,"turns":4},{"damage":5,"enemies":"Gensokyo:3_Kodama","floor":8,"turns":3},{"damage":18,"enemies":"Gensokyo:2_Rabbits","floor":10,"turns":5},{"damage":5,"enemies":"Gensokyo:Cirno","floor":11,"turns":6},{"damage":5,"enemies":"Gensokyo:Python_and_Kodama","floor":14,"turns":3},{"damage":27,"enemies":"Gensokyo:Reimu","floor":16,"turns":6},{"damage":0,"enemies":"Gensokyo:Chomper","floor":18,"turns":3},{"damage":5,"enemies":"Gensokyo:CosmicMonolith","floor":20,"turns":4},{"damage":3,"enemies":"Gensokyo:Reisen","floor":24,"turns":3},{"damage":10,"enemies":"Gensokyo:Koishi","floor":27,"turns":4},{"damage":0,"enemies":"Gensokyo:Chomper_and_Gloop","floor":31,"turns":5},{"damage":28,"enemies":"Gensokyo:Eternal_Rivals","floor":33,"turns":7},{"damage":0,"enemies":"Gensokyo:3_Bats","floor":35,"turns":2},{"damage":1,"enemies":"Gensokyo:AncientGuardian","floor":36,"turns":5},{"damage":0,"enemies":"Gensokyo:Kasen","floor":40,"turns":3},{"damage":35,"enemies":"Gensokyo:Marisa","floor":42,"turns":3},{"damage":0,"enemies":"Gensokyo:3_Boulders","floor":44,"turns":2},{"damage":0,"enemies":"Gensokyo:AtlasGolem","floor":48,"turns":3},{"damage":0,"enemies":"Gensokyo:Shinki","floor":50,"turns":6},{"damage":78,"enemies":"Gensokyo:Scarlet_Devils","floor":51,"turns":8},{"damage":51,"enemies":"animator:UNNAMED_HAT","floor":55,"turns":11},{"damage":30,"enemies":"animator:TRIPLE_SHAPES_WEAK","floor":56,"turns":2}],"seed_played":"-5930418136453579629","potions_obtained":[{"floor":2,"key":"Strength Potion"},{"floor":8,"key":"sneckomod:MuddlingPotion"},{"floor":10,"key":"GamblersBrew"},{"floor":11,"key":"SpeedPotion"},{"floor":14,"key":"SteroidPotion"},{"floor":16,"key":"Fruit Juice"},{"floor":16,"key":"EssenceOfSteel"},{"floor":27,"key":"Toxic Potion"},{"floor":35,"key":"Reflective Coating"},{"floor":55,"key":"animator:FalseLifePotion"}],"is_trial":false,"path_per_floor":["M","M","?","?","M","E","M","M","T","M","E","?","T","M","R","B",null,"M","AVR","M","?","?","R","E","T","T","E","?","R","COS","M","R","B",null,"M","M","?","COS","T","E","?","E","T","M","$","R","$","M","R","B","B",null,"R","??","M","M"],"character_chosen":"THE_ANIMATOR","items_purchased":["animator:Eris+1","Bag of Preparation","Shuriken","Lee\u0027s Waffle","animator:Chaa","Tiny Chest","Runic Capacitor","animator:Megunee","animator:YuiTsuruno","Adrenaline Potion","FearPotion","animator:SuikaIbuki+1","animator:ReimuHakurei"],"campfire_rested":4,"item_purchase_floors":[0,0,0,0,0,0,0,0,0,0,0,45,45],"current_hp_per_floor":[67,67,67,67,67,67,66,61,61,49,50,23,23,24,44,34,63,63,68,74,74,53,77,74,74,74,80,80,80,80,80,80,52,73,77,80,80,80,80,82,41,10,10,14,14,38,38,55,79,82,22,67,82,80,29,0,0],"gold":642,"neow_bonus":"","is_daily":false,"chose_seed":true,"campfire_upgraded":5,"win_rate":0.0,"timestamp":1612728212,"path_taken":["M","M","?","?","M","E","M","M","T","M","E","?","?","?","R","BOSS","M","AVR","M","?","?","R","E","?","T","E","?","R","COS","?","R","BOSS","M","M","?","COS","?","E","?","E","T","M","$","R","?","M","R","BOSS","BOSS","R","??","M","M"],"items_purchased_type":["Card","Relic","Relic","Relic","Card","Relic","Relic","Card","Card","Potion","Potion","Card","Card"],"build_version":"2020-12-22","purchased_purges":3,"victory":false,"max_hp_per_floor":[67,67,67,67,67,67,68,68,68,68,68,68,68,68,68,73,73,73,78,80,80,80,80,80,80,80,80,80,80,80,80,80,80,80,80,80,80,80,80,82,82,82,82,82,82,82,82,82,82,82,82,82,82,80,80,80,80],"card_choices":[{"not_picked":["animator:Rayneshia","animator:Caster","animator:Gillette"],"picked":"SKIP","floor":1},{"not_picked":["animator:DwarfShaman","animator:Sonic","animator:Hinaichigo"],"picked":"SKIP","floor":1},{"not_picked":["animator:Lu","animator:YamaiSisters"],"picked":"animator:IsshinKurosaki","floor":2},{"not_picked":["animator:Add","animator:MikuIzayoi"],"picked":"animator:Emonzaemon","floor":2},{"not_picked":["animator:DolaCouronne","animator:Vanir"],"picked":"animator:TohkaYatogami","floor":5},{"not_picked":["animator:Shalltear","animator:Rayneshia"],"picked":"animator:DolaStephanie","floor":5},{"not_picked":["animator:LuciaKonohana","animator:SakuyaOhtori"],"picked":"animator:SougenEsaka","floor":6},{"not_picked":["animator:NoriSakurada","animator:Konayuki"],"picked":"animator:RukiaKuchiki","floor":7},{"not_picked":["animator:Gillette","animator:YunYun","animator:Shimako"],"picked":"SKIP","floor":7},{"not_picked":["animator:Geryuganshoop","animator:Sonic"],"picked":"animator:Spearman","floor":8},{"not_picked":["animator:EmiyaShirou","animator:AcuraTooru"],"picked":"animator:SuikaIbuki","floor":8},{"not_picked":["animator:ElricEdward","animator:RinTohsaka"],"picked":"animator:Fredrika","floor":10},{"not_picked":["animator:MasamiIwasawa","animator:Yuuichirou"],"picked":"animator:Eve","floor":10},{"not_picked":["animator:IkkakuMadarame","animator:MayuriKurotsuchi"],"picked":"animator:IchigoKurosaki","floor":11},{"not_picked":["animator:Verdia","animator:ChaikaTrabant"],"picked":"animator:Shichika","floor":12},{"not_picked":["animator:YuukaKazami","animator:Illya"],"picked":"animator:Boros","floor":14},{"not_picked":["animator:Sloth","animator:Verdia","animator:Elsword"],"picked":"SKIP","floor":14},{"not_picked":["animator:Boros","animator:Saber"],"picked":"animator:AcuraShin","floor":16},{"not_picked":["animator:Hitei","animator:Mitsurugi"],"picked":"animator:YamaiSisters+1","floor":18},{"not_picked":["animator:Cocytus","animator:Genos"],"picked":"animator:Yuuichirou","floor":18},{"not_picked":["animator:Azekura","animator:NiaHonjou"],"picked":"animator:SilverFang","floor":20},{"not_picked":["animator:MarisaKirisame","animator:SanaeKochiya"],"picked":"animator:OrihimeInoue","floor":20},{"not_picked":["infinitespire:NeuralNetwork","infinitespire:SevenWalls"],"picked":"infinitespire:Starlight","floor":22},{"not_picked":["animator:Shion","animator:Ara"],"picked":"animator:SajinKomamura","floor":24},{"not_picked":["animator:NiaHonjou","animator:TohkaYatogami"],"picked":"animator:MikuIzayoi","floor":27},{"not_picked":["animator:TomoeKashiwaba","animator:LuciaKonohana"],"picked":"animator:Melzalgald","floor":31},{"not_picked":["animator:Greed","animator:Saitama"],"picked":"animator:Shinku","floor":33},{"not_picked":["animator:Midou","animator:LeleiLaLalena","animator:ZankiKiguchi","animator:MaesHughes"],"picked":"SKIP","floor":35},{"not_picked":["animator:Elsword","Sword Boomerang","animator:Emonzaemon+1"],"picked":"animator:PandorasActor","floor":36},{"not_picked":["animator:IkkakuMadarame","animator:IchigoKurosaki","animator:RukiaKuchiki"],"picked":"animator:YasutoraSado","floor":40},{"not_picked":["animator:Mitsurugi","animator:LizardPriest+1","animator:OrikoMikuni"],"picked":"animator:SanaeKochiya","floor":42},{"not_picked":["animator:OrikoMikuni+1","animator:ElricAlphonse+1","animator:Yui+1"],"picked":"animator:Souseiseki+1","floor":42},{"not_picked":["animator:TukaLunaMarceau","animator:Elesis","animator:Chung"],"picked":"animator:JunSakurada","floor":44},{"not_picked":["animator:NoriSakurada","animator:Isuzu","Burning Pact"],"picked":"animator:LizardPriest","floor":48},{"not_picked":["animator:IsshinKurosaki","animator:RenjiArakai"],"picked":"animator:MayuriKurotsuchi","floor":55}],"player_experience":940253,"relics_obtained":[{"floor":6,"key":"reliquary:ExpiredCoupon"},{"floor":11,"key":"aspiration:ChemicalBlood"},{"floor":13,"key":"infinitespire:Midas Blood"},{"floor":24,"key":"Gensokyo:ConquerorOfFear"},{"floor":24,"key":"Turnip"},{"floor":25,"key":"aspiration:SeaSaltIceCream"},{"floor":26,"key":"Replay:Mystery Machine"},{"floor":27,"key":"Bottled Flame"},{"floor":39,"key":"Juzu Bracelet"},{"floor":40,"key":"Grinning Jar"},{"floor":42,"key":"Quantum Egg"},{"floor":43,"key":"Blue Doll"},{"floor":54,"key":"animator:TheEgnaroPiece"}],"event_choices":[],"is_beta":false,"boss_relics":[{"not_picked":["Replay:Wanted Poster","Replay:Ancient Bell"],"picked":"bronze:MakeshiftBattery"},{"not_picked":["reliquary:Ember","Pandora\u0027s Box"],"picked":"aspiration:IroncladSkillbook"}],"items_purged_floors":[0,0,19],"is_endless":false,"potions_floor_spawned":[2,8,10,11,14,16,18,27,33,35,36,55],"killed_by":"animator:TRIPLE_SHAPES_WEAK","ascension_level":20}}