{"host":"j37i0m9ltjmpbz2t","time":1612707433,"event":{"mods":["BaseMod","Minty Spire (QoL Compilation)","StSLib","UnlockEverythingMod","WarShipGirlsR/’ΩΩ¢…Ÿ≈ÆR mod"],"gold_per_floor":[113,15,15,26,38,68,21,38,62,62,62,96,108,139,151,263,275,306,328,165,185,198,198,214,240,240,240,251,269,269,269,269,367,367,381,381,381,451,471,501,501,518,518,547,165,165,15,35,35,35,35,35,35,65,65],"floor_reached":56,"language":"ZHS","playtime":7585,"items_purged":["rmod:strick","rmod:strick","rmod:expedition","rmod:defend"],"score":1239,"play_id":"2a4665f7-c30a-4dbb-b7b0-9c69c46ee18d","local_time":"20210207221713","is_ascension_mode":false,"campfire_choices":[{"data":"rmod:smokecover","floor":11.0,"key":"SMITH"},{"floor":15.0,"key":"REST"},{"data":"rmod:chargemoney","floor":23.0,"key":"SMITH"},{"data":"rmod:expeditionaryescort","floor":27.0,"key":"SMITH"},{"floor":30.0,"key":"RECALL"},{"floor":32.0,"key":"REST"},{"data":"rmod:ridicule","floor":41.0,"key":"SMITH"},{"data":"rmod:seals","floor":49.0,"key":"SMITH"},{"data":"rmod:diaomin","floor":52.0,"key":"SMITH"}],"circlet_count":0,"master_deck":["rmod:defend","rmod:basicallowance","rmod:maingunfire","rmod:ammunitionsupply","rmod:smokecover+1","rmod:mineteam","rmod:chargemoney+1","rmod:fuelsupply","Iron Wave","rmod:ridicule+1","rmod:expeditionaryescort+1","rmod:firesupport+1","rmod:aluminumsupply+1","rmod:circuitoustactics+1","rmod:victimresponsibility","rmod:diaomin+1","rmod:desperatesituation","Purity","rmod:steelsupply","rmod:fuelsupply+1","rmod:aggressivemary","rmod:desperatesituation","rmod:seals+1"],"relics":["rmod:firstchargereward","NeowsBlessing","Centennial Puzzle","MawBank","Astrolabe","Dead Branch","Ornamental Fan","Torii","Black Star","Ancient Tea Set","Pen Nib","Orichalcum","Blue Candle","Unceasing Top","Incense Burner","Lee\u0027s Waffle","Calipers","Strawberry"],"acts_visited":["Exordium","TheCity","TheBeyond","TheEnding"],"potions_floor_usage":[55],"damage_taken":[{"damage":0.0,"enemies":"2 Louse","floor":1.0,"turns":1.0},{"damage":0.0,"enemies":"Cultist","floor":4.0,"turns":1.0},{"damage":0.0,"enemies":"Small Slimes","floor":5.0,"turns":1.0},{"damage":11.0,"enemies":"3 Sentries","floor":6.0,"turns":12.0},{"damage":2.0,"enemies":"2 Fungi Beasts","floor":8.0,"turns":3.0},{"damage":14.0,"enemies":"Gremlin Nob","floor":12.0,"turns":6.0},{"damage":13.0,"enemies":"Gremlin Gang","floor":14.0,"turns":7.0},{"damage":12.0,"enemies":"Hexaghost","floor":16.0,"turns":11.0},{"damage":12.0,"enemies":"Shell Parasite","floor":18.0,"turns":6.0},{"damage":16.0,"enemies":"2 Thieves","floor":19.0,"turns":3.0},{"damage":0.0,"enemies":"3 Cultists","floor":21.0,"turns":7.0},{"damage":0.0,"enemies":"Snecko","floor":22.0,"turns":4.0},{"damage":0.0,"enemies":"Cultist and Chosen","floor":24.0,"turns":10.0},{"damage":2.0,"enemies":"Book of Stabbing","floor":25.0,"turns":5.0},{"damage":23.0,"enemies":"Centurion and Healer","floor":28.0,"turns":7.0},{"damage":0.0,"enemies":"Shelled Parasite and Fungi","floor":29.0,"turns":6.0},{"damage":7.0,"enemies":"Champ","floor":33.0,"turns":10.0},{"damage":17.0,"enemies":"3 Darklings","floor":35.0,"turns":9.0},{"damage":0.0,"enemies":"3 Shapes","floor":38.0,"turns":4.0},{"damage":19.0,"enemies":"Jaw Worm Horde","floor":39.0,"turns":9.0},{"damage":38.0,"enemies":"Reptomancer","floor":40.0,"turns":12.0},{"damage":0.0,"enemies":"3 Darklings","floor":42.0,"turns":4.0},{"damage":0.0,"enemies":"Nemesis","floor":44.0,"turns":8.0},{"damage":7.0,"enemies":"Sphere and 2 Shapes","floor":48.0,"turns":4.0},{"damage":1.0,"enemies":"Time Eater","floor":50.0,"turns":5.0},{"damage":1.0,"enemies":"Shield and Spear","floor":54.0,"turns":8.0},{"damage":80,"enemies":"The Heart","floor":55,"turns":11}],"seed_played":"2642648056998207015","potions_obtained":[{"floor":1.0,"key":"Ancient Potion"},{"floor":6.0,"key":"Ancient Potion"},{"floor":14.0,"key":"Explosive Potion"},{"floor":16.0,"key":"BlessingOfTheForge"},{"floor":22.0,"key":"SkillPotion"},{"floor":28.0,"key":"Block Potion"},{"floor":39.0,"key":"LiquidMemories"},{"floor":44.0,"key":"Ancient Potion"}],"is_trial":false,"path_per_floor":["M","$","?","M","M","E","$","M","T","?","R","E","?","M","R","B",null,"M","M","$","M","M","R","M","E","T","R","M","M","R","?","R","B",null,"M","?","T","M","M","E","R","M","T","E","$","?","$","M","R","B",null,"R","$","E","B",null],"character_chosen":"PRAEFECT","items_purchased":["rmod:ammunitionsupply","rmod:fuelsupply","rmod:expedition","Lee\u0027s Waffle","Energy Potion","SkillPotion"],"campfire_rested":2,"item_purchase_floors":[2,7,20,45,45,45],"current_hp_per_floor":[75,75,75,75,75,64,64,62,62,62,62,48,48,35,57,45,75,63,47,47,47,47,47,47,45,45,45,22,22,22,22,44,37,75,58,58,58,58,39,1,1,1,1,1,82,82,82,75,75,74,82,82,82,88,8],"gold":65,"neow_bonus":"THREE_ENEMY_KILL","is_daily":false,"chose_seed":false,"campfire_upgraded":6,"win_rate":0.0,"timestamp":1612707433,"path_taken":["M","$","?","?","M","E","?","M","T","?","R","E","?","M","R","BOSS","M","?","$","M","M","R","M","E","T","R","M","?","R","?","R","BOSS","M","?","?","?","M","E","R","M","T","E","$","?","?","M","R","BOSS","R","$","E","BOSS"],"items_purchased_type":["Card","Card","Card","Relic","Potion","Potion"],"build_version":"2020-12-22","purchased_purges":4,"victory":true,"max_hp_per_floor":[75,75,75,75,75,75,75,75,75,75,75,75,75,75,75,75,75,75,75,75,75,75,75,75,75,75,75,75,75,75,75,75,75,75,75,75,75,75,75,75,75,75,75,75,82,82,82,82,82,82,82,82,82,89,89],"card_choices":[{"not_picked":["rmod:rockthrower","rmod:steelsupply"],"picked":"rmod:sl","floor":1.0},{"not_picked":["rmod:aviationdawn","rmod:diaomin"],"picked":"rmod:smokecover","floor":4.0},{"not_picked":["rmod:ammunitionsupply","rmod:robin"],"picked":"rmod:mineteam","floor":5.0},{"not_picked":["rmod:supportescort","rmod:lonelyqueen"],"picked":"rmod:chargemoney","floor":6.0},{"not_picked":["rmod:goodsister","rmod:aviationdawn","rmod:wife"],"picked":"SKIP","floor":8.0},{"not_picked":["rmod:intelligenceanalysis","rmod:ammunitionsupply","rmod:aviationdawn"],"picked":"SKIP","floor":12.0},{"not_picked":["rmod:intelligenceanalysis","rmod:aluminumsupply"],"picked":"rmod:ridicule","floor":14.0},{"not_picked":["rmod:seals","rmod:desperatesituation"],"picked":"rmod:expeditionaryescort","floor":16.0},{"not_picked":["rmod:unsinkable","rmod:mineteam","rmod:fletcherpendant"],"picked":"SKIP","floor":18.0},{"not_picked":["rmod:unsinkable+1","rmod:firesupport"],"picked":"rmod:victimresponsibility","floor":19.0},{"not_picked":["rmod:chargemoney","rmod:sl","rmod:gendarmerie"],"picked":"SKIP","floor":21.0},{"not_picked":["rmod:chargemoney","rmod:sl","rmod:gendarmerie"],"picked":"SKIP","floor":21.0},{"not_picked":["rmod:unsinkable","rmod:victimresponsibility+1","rmod:supportescort"],"picked":"SKIP","floor":22.0},{"not_picked":["rmod:luckystar","rmod:gendarmerie","rmod:ammunitionsupply"],"picked":"SKIP","floor":24.0},{"not_picked":["rmod:luckystar","rmod:aluminumsupply+1","rmod:diamondstrike+1"],"picked":"SKIP","floor":25.0},{"not_picked":["rmod:tearstotiara","rmod:intelligenceanalysis","rmod:heivgo"],"picked":"SKIP","floor":28.0},{"not_picked":["rmod:steelsupply","rmod:tearstotiara"],"picked":"rmod:diaomin","floor":29.0},{"not_picked":["rmod:saltedfish","rmod:windflower"],"picked":"rmod:desperatesituation","floor":33.0},{"not_picked":["rmod:luckystar","rmod:circuitoustactics","rmod:unsinkable"],"picked":"SKIP","floor":35.0},{"not_picked":["Mayhem","Bandage Up"],"picked":"Purity","floor":36.0},{"not_picked":["rmod:fuelsupply","rmod:ammunitionsupply"],"picked":"rmod:steelsupply","floor":38.0},{"not_picked":["rmod:mineteam","rmod:openingtorpedo"],"picked":"rmod:fuelsupply+1","floor":39.0},{"not_picked":["rmod:salvage+1","rmod:chargemoney","rmod:expedition"],"picked":"SKIP","floor":40.0},{"not_picked":["rmod:launchingtorpedo","rmod:supportescort","rmod:fletcherpendant"],"picked":"SKIP","floor":42.0},{"not_picked":["rmod:mineteam+1","rmod:ring+1"],"picked":"rmod:aggressivemary","floor":44.0},{"not_picked":["rmod:unsinkable","rmod:tearstotiara+1"],"picked":"rmod:seals","floor":48.0},{"not_picked":["rmod:unsinkable","rmod:fletcherpendant","rmod:sl"],"picked":"SKIP","floor":54.0}],"player_experience":182762,"relics_obtained":[{"floor":6.0,"key":"Centennial Puzzle"},{"floor":12.0,"key":"MawBank"},{"floor":25.0,"key":"Dead Branch"},{"floor":26.0,"key":"Ornamental Fan"},{"floor":37.0,"key":"Ancient Tea Set"},{"floor":40.0,"key":"Pen Nib"},{"floor":40.0,"key":"Orichalcum"},{"floor":43.0,"key":"Blue Candle"},{"floor":44.0,"key":"Unceasing Top"},{"floor":44.0,"key":"Incense Burner"},{"floor":54.0,"key":"Calipers"},{"floor":54.0,"key":"Strawberry"}],"event_choices":[{"cards_removed":["rmod:strick"],"damage_healed":0.0,"max_hp_gain":0.0,"max_hp_loss":0.0,"gold_gain":0.0,"event_name":"Bonfire Elementals","player_choice":"Offered Basic","floor":3.0,"gold_loss":0.0,"damage_taken":0.0},{"damage_healed":0.0,"max_hp_gain":0.0,"max_hp_loss":0.0,"gold_gain":0.0,"event_name":"Liars Game","player_choice":"Ignored","floor":10.0,"gold_loss":0.0,"damage_taken":0.0},{"cards_removed":["rmod:strick"],"damage_healed":0.0,"max_hp_gain":0.0,"max_hp_loss":0.0,"gold_gain":0.0,"event_name":"NoteForYourself","player_choice":"Took Card","floor":13.0,"gold_loss":0.0,"damage_taken":0.0,"cards_obtained":["Iron Wave"]},{"damage_healed":0.0,"max_hp_gain":0.0,"max_hp_loss":0.0,"gold_gain":0.0,"event_name":"The Mausoleum","player_choice":"Opened","floor":31.0,"gold_loss":0.0,"damage_taken":0.0,"relics_obtained":["Torii"]},{"damage_healed":0.0,"max_hp_gain":0.0,"max_hp_loss":0.0,"gold_gain":0.0,"event_name":"SensoryStone","player_choice":"Memory 1","floor":36.0,"gold_loss":0.0,"damage_taken":0.0},{"damage_healed":0.0,"max_hp_gain":0.0,"max_hp_loss":0.0,"gold_gain":0.0,"event_name":"Duplicator","player_choice":"Copied","floor":46.0,"gold_loss":0.0,"damage_taken":0.0,"cards_obtained":["rmod:desperatesituation"]}],"is_beta":false,"boss_relics":[{"not_picked":["Coffee Dripper","SlaversCollar"],"picked":"Astrolabe"},{"not_picked":["SacredBark","Snecko Eye"],"picked":"Black Star"}],"items_purged_floors":[2,20,45,47],"is_endless":false,"potions_floor_spawned":[1,6,14,16,21,22,28,39,44,48],"ascension_level":0}}