{"host":"zyn2zcp8fez1ptuq","time":1612659699,"event":{"mods":["BaseMod","BetterRewards","Bossed Relics","Downfall","Hermit","Hubris","Infinite Spire","Minty Spire (QoL Compilation)","Replay The Spire","Robot Space Explorer","Shade Mod","Shop Mod","StSLib","The Animator","The Cursed","The Jungle","The Marked","The Necromancer"],"gold_per_floor":[0,19,19,94,117,137,161,161,178,191,191,204,235,252,271,369,369,369,379,392,410,428,278,278,278,288,288,298,309,68,68,82,82,82,82],"floor_reached":33,"language":"ENG","playtime":3218,"items_purged":[],"score":255,"play_id":"13ae09a9-a406-4694-bdc1-98d323049269","local_time":"20210206200139","is_ascension_mode":false,"campfire_choices":[{"data":"Slimebound:MinionMaster","floor":1,"key":"SMITH"},{"data":"Slimebound:Split","floor":8,"key":"SMITH"},{"data":"Slimebound:DisruptingSlam","floor":11,"key":"SMITH"},{"floor":27,"key":"REST"}],"circlet_count":0,"master_deck":["Slimebound:Strike_Slimebound","Slimebound:Strike_Slimebound","Slimebound:Strike_Slimebound","Slimebound:Tackle","Slimebound:Defend_Slimebound","Slimebound:Defend_Slimebound","Slimebound:Defend_Slimebound","Slimebound:Defend_Slimebound","Slimebound:Split+1","Slimebound:CorrosiveSpit","Slimebound:MinionMaster+1","Slimebound:LeechEnergy","Slimebound:Schlurp","Slimebound:SamplingLick","Slimebound:DisruptingSlam+1","Slimebound:SplitSpecialist","Slimebound:DisruptingSlam","Slimebound:SplitBruiser","Slimebound:SplitSpecialist+1","Slimebound:SelfFormingGoo","Slimebound:RollThrough","Slimebound:LeechingTouch+1","Slimebound:GoopTackle+1","Slimebound:RejuvenatingLick+1","Ghostly","Slimebound:SplitLeeching","Slimebound:LeechingTouch+1","Slimebound:DouseInSlime","Slimebound:SlimeTap","Slimebound:RainOfGoop","Slimebound:ComboTackle"],"relics":["Slimebound:AbsorbEndCombat","Art of War","ReplayTheSpireMod:TigerMarble","hubris:OldNail","bronze:MakeshiftBattery","InkBottle","Blue Candle","Slimebound:SelfDamagePreventRelic","Pondfish Scales"],"acts_visited":["Exordium","TheCity"],"potions_floor_usage":[12,16,21,22,29,33,33,33],"damage_taken":[{"damage":2,"enemies":"Small Slimes","floor":2,"turns":6},{"damage":13,"enemies":"Jaw Worm","floor":6,"turns":5},{"damage":1,"enemies":"Cultist","floor":9,"turns":4},{"damage":12,"enemies":"Gremlin Gang","floor":10,"turns":4},{"damage":4,"enemies":"Exordium Thugs","floor":12,"turns":4},{"damage":6,"enemies":"Lagavulin","floor":13,"turns":6},{"damage":3,"enemies":"Blue Slaver","floor":14,"turns":4},{"damage":18,"enemies":"Lots of Slimes","floor":15,"turns":3},{"damage":34,"enemies":"DF_ARCHETYPE_STREAMLINE","floor":16,"turns":6},{"damage":11,"enemies":"Chosen","floor":19,"turns":5},{"damage":19,"enemies":"Spheric Guardian","floor":20,"turns":4},{"damage":12,"enemies":"Shelled Parasite and Fungi","floor":21,"turns":4},{"damage":12,"enemies":"3 Cultists","floor":22,"turns":5},{"damage":5,"enemies":"Centurion and Healer","floor":26,"turns":5},{"damage":14,"enemies":"Cultist and Chosen","floor":28,"turns":4},{"damage":1,"enemies":"3 Cultists","floor":29,"turns":4},{"damage":5,"enemies":"downfall:FleeingMerchant","floor":30,"turns":4},{"damage":4,"enemies":"Snake Plant","floor":32,"turns":3},{"damage":45,"enemies":"SI_MIRROR_ARCHETYPE","floor":33,"turns":8}],"seed_played":"2275894963847929120","potions_obtained":[{"floor":2,"key":"sneckomod:MuddlingPotion"},{"floor":10,"key":"Block Potion"},{"floor":13,"key":"bronze:BurnAndBuffPotion"},{"floor":15,"key":"SkillPotion"},{"floor":16,"key":"Cursed Concoction"},{"floor":19,"key":"DistilledChaos"},{"floor":28,"key":"hexamod:SoulburnPotion"},{"floor":29,"key":"SpeedPotion"},{"floor":32,"key":"Fire Potion"}],"is_trial":false,"path_per_floor":["R","M","?","?","T","M","T","R","M","M","R","M","E","M","M","B",null,"R","M","M","M","M","?","T","?","M","R","M","M","$","T","M","B"],"character_chosen":"SLIMEBOUND","items_purchased":["Slimebound:RainOfGoop","Slimebound:SelfDamagePreventRelic"],"campfire_rested":1,"item_purchase_floors":[30,30],"current_hp_per_floor":[65,65,65,65,65,56,56,56,61,57,57,59,59,60,46,18,65,65,58,39,33,25,25,25,20,21,40,32,35,36,36,34,0,0,0],"gold":82,"neow_bonus":"THREE_RARE_CARDS","is_daily":false,"chose_seed":false,"campfire_upgraded":3,"win_rate":0.0,"timestamp":1612659699,"path_taken":["R","M","?","?","?","M","T","R","M","M","R","?","E","?","M","BOSS","R","M","M","M","M","?","T","?","?","R","M","M","?","?","M","BOSS"],"items_purchased_type":["Card","Relic"],"build_version":"2020-12-22","purchased_purges":0,"victory":false,"max_hp_per_floor":[65,65,65,65,65,65,65,65,65,65,65,65,65,65,65,65,65,65,65,65,65,65,65,65,65,65,65,65,65,65,65,65,65,65,65],"card_choices":[{"not_picked":["Slimebound:DouseInSlime","Slimebound:OozeBath"],"picked":"Slimebound:MinionMaster","floor":0},{"not_picked":["Slimebound:Equalize","Slimebound:SplitLeeching"],"picked":"Slimebound:LeechEnergy","floor":2},{"not_picked":["Slimebound:RollThrough","Slimebound:SlimeSpikes"],"picked":"Slimebound:Schlurp","floor":6},{"not_picked":["Slimebound:ServeAndProtect","Slimebound:SplitBruiser"],"picked":"Slimebound:SamplingLick","floor":9},{"not_picked":["Slimebound:ItLooksTasty","Slimebound:Grow"],"picked":"Slimebound:DisruptingSlam","floor":10},{"not_picked":["Slimebound:RallyTheTroops","Slimebound:SplitLeeching"],"picked":"Slimebound:SplitSpecialist","floor":12},{"not_picked":["Slimebound:Replication","Slimebound:Chomp"],"picked":"Slimebound:DisruptingSlam","floor":13},{"not_picked":["Slimebound:Grow","Slimebound:SplitLeeching"],"picked":"Slimebound:SplitBruiser","floor":14},{"not_picked":["Slimebound:SlimeBrawl","Slimebound:Repurpose"],"picked":"Slimebound:SplitSpecialist","floor":15},{"not_picked":["Slimebound:OneTwoCombo","Slimebound:DuplicatedForm"],"picked":"Slimebound:SelfFormingGoo","floor":16},{"not_picked":["Slimebound:SplitLeeching","Slimebound:ProtectTheBoss"],"picked":"Slimebound:RollThrough","floor":19},{"not_picked":["Slimebound:SplitBruiser","Slimebound:LivingWall+1"],"picked":"Slimebound:LeechingTouch+1","floor":20},{"not_picked":["Slimebound:WasteNot","Slimebound:Grow"],"picked":"Slimebound:GoopTackle+1","floor":21},{"not_picked":["Slimebound:Nibble","Slimebound:SamplingLick"],"picked":"Slimebound:RejuvenatingLick+1","floor":22},{"not_picked":["Slimebound:HauntingLick","Slimebound:GrowthPunch"],"picked":"Slimebound:SplitLeeching","floor":26},{"not_picked":["Slimebound:TongueLash","Slimebound:Replication"],"picked":"Slimebound:LeechingTouch+1","floor":28},{"not_picked":["Slimebound:SplitSpecialist","Slimebound:SpikyOuterGoop"],"picked":"Slimebound:DouseInSlime","floor":29},{"not_picked":["Slimebound:SlimeBrawl","Slimebound:LeechEnergy"],"picked":"Slimebound:SlimeTap","floor":30},{"not_picked":["Slimebound:SplitMire","Slimebound:SamplingLick"],"picked":"Slimebound:ComboTackle","floor":32}],"player_experience":490577,"relics_obtained":[{"floor":5,"key":"Art of War"},{"floor":7,"key":"ReplayTheSpireMod:TigerMarble"},{"floor":13,"key":"hubris:OldNail"},{"floor":24,"key":"InkBottle"},{"floor":31,"key":"Pondfish Scales"}],"event_choices":[],"is_beta":false,"boss_relics":[{"not_picked":["Runic Pyramid","hubris:BlackHole"],"picked":"bronze:MakeshiftBattery"}],"items_purged_floors":[],"is_endless":false,"potions_floor_spawned":[2,10,13,15,16,19,20,28,29,32],"killed_by":"SI_MIRROR_ARCHETYPE","ascension_level":0}}