{"host":"z9grmtg2w0nmz8n1","time":1612671079,"event":{"mods":["Aspiration","BaseMod","Better Altar","Better Match","Better Note","Better Sensory Stone","Better Skull","Better Third Choice","BetterRewards","CCEM2","Clawfect","Colored Map","Conspire","GifTheSpireLib","Halation","Highlight Path","Hubris","Hunter ??","Jedi Mod","Minty Spire (QoL Compilation)","Permanent Neow","Reliquary","Replay The Spire","Shop Mod","Spicy Shops","StSLib","Stuff the Spire","The Administrix","The Blackbeard","The Runesmith","The Servant 0.9.4"],"gold_per_floor":[116,127,194,19,45,45,45,45,74,92,92,92,92,118,137,149,149,253,253,273,96,110,110,129,157,157,189,189,223,245,275,290,290,290,395,395,395],"floor_reached":36,"language":"ENG","playtime":1529,"items_purged":["Strike_R","Strike_R","Strike_R"],"score":473,"play_id":"0ac711e3-5755-4c36-b2ca-e78ba5726c89","local_time":"20210207021119","is_ascension_mode":true,"campfire_choices":[{"floor":6,"key":"RECALL"},{"data":"Rampage","floor":13,"key":"SMITH"},{"floor":17,"key":"REST"},{"data":"Armaments","floor":26,"key":"SMITH"},{"floor":34,"key":"REST"}],"circlet_count":0,"master_deck":["Strike_R","Strike_R","Defend_R","Defend_R","Defend_R","Defend_R","Bash","Inflame","Rupture","conspire:Charge","Rampage+1","Brutality","Armaments+1","Armaments","Cleave","Heavy Blade+1","Combust"],"relics":["Burning Blood","aspiration:Nostalgia","blackbeard:LoadTheCannons","aspiration:HiddenCompartment","StuffTheSpire:Nightcore","hubris:ToyBattleship","ReplayTheSpireMod:Ninjato","reliquary:Stiletto","Velvet Choker","jedi:shrinkray","Kunai","jedi:bottledfury","Mummified Hand","CeramicFish","HornCleat","StuffTheSpire:RunicHypercube"],"acts_visited":["Exordium","TheCity","TheBeyond"],"potions_floor_usage":[18,31,35],"damage_taken":[{"damage":3,"enemies":"Small Slimes","floor":1,"turns":4},{"damage":1,"enemies":"Jaw Worm","floor":2,"turns":4},{"damage":15,"enemies":"Gremlin Nob","floor":9,"turns":4},{"damage":4,"enemies":"2 Louse","floor":10,"turns":3},{"damage":23,"enemies":"3 Sentries","floor":14,"turns":5},{"damage":0,"enemies":"Large Slime","floor":15,"turns":4},{"damage":21,"enemies":"Gremlin Gang","floor":16,"turns":3},{"damage":35,"enemies":"Slime Boss","floor":18,"turns":10},{"damage":22,"enemies":"Shell Parasite","floor":20,"turns":4},{"damage":2,"enemies":"Spheric Guardian","floor":22,"turns":3},{"damage":14,"enemies":"Snecko","floor":24,"turns":4},{"damage":23,"enemies":"conspire:SneckoGhost","floor":25,"turns":8},{"damage":5,"enemies":"Replay:Snechameleon","floor":27,"turns":5},{"damage":29,"enemies":"Slavers","floor":29,"turns":3},{"damage":6,"enemies":"Centurion and Healer","floor":30,"turns":3},{"damage":13,"enemies":"Book of Stabbing","floor":31,"turns":5},{"damage":8,"enemies":"Cultist and Chosen","floor":32,"turns":4},{"damage":34,"enemies":"Automaton","floor":35,"turns":8}],"seed_played":"-7955593080174536965","potions_obtained":[{"floor":3,"key":"CultistPotion"},{"floor":9,"key":"Dexterity Potion"},{"floor":14,"key":"EssenceOfSteel"},{"floor":20,"key":"SpeedPotion"},{"floor":29,"key":"DistilledChaos"},{"floor":31,"key":"ColorlessPotion"}],"is_trial":false,"path_per_floor":["M","M","?","$","T","R","PTL","PTL","E","M","T","T","R","E","M","M","R","B",null,"M","$","M","?","M","E","R","E","T","E","M","E","M","?","R","B",null],"character_chosen":"IRONCLAD","items_purchased":["Armaments"],"campfire_rested":2,"item_purchase_floors":[21],"current_hp_per_floor":[80,80,60,60,60,60,60,60,51,53,53,53,53,36,42,27,51,22,80,64,64,68,68,60,43,43,44,44,21,21,14,12,12,36,8,80,80],"gold":395,"neow_bonus":"NOSTALGIA","is_daily":false,"chose_seed":false,"campfire_upgraded":2,"win_rate":0.0,"timestamp":1612671079,"path_taken":["M","M","?","$","?","R","PTL","PTL","E","M","T","?","R","E","M","M","R","BOSS","M","$","M","?","?","E","R","E","T","E","M","E","M","?","R","BOSS"],"items_purchased_type":["Card"],"build_version":"2020-12-22","purchased_purges":3,"victory":false,"max_hp_per_floor":[80,80,80,80,80,80,80,80,80,80,80,80,80,80,80,80,80,80,80,80,80,80,80,80,80,80,80,80,80,80,80,80,80,80,80,80,80],"card_choices":[{"not_picked":["ReplayTheSpireMod:Strike From Hell","Replay:Undeath\u0027s Touch"],"picked":"Inflame","floor":1},{"not_picked":["Whirlwind","Twin Strike"],"picked":"Rupture","floor":2},{"not_picked":["Replay:Undeath\u0027s Touch","Perfected Strike"],"picked":"conspire:Charge","floor":3},{"not_picked":["hubris:SharpeningStone","jedi:suffering"],"picked":"Rampage","floor":9},{"not_picked":["StuffTheSpire:RockThrow","Sword Boomerang","Reckless Charge"],"picked":"SKIP","floor":10},{"not_picked":["ReplayTheSpireMod:Limb From Limb","Life Link","Warcry"],"picked":"SKIP","floor":14},{"not_picked":["ReplayTheSpireMod:Corrosion Curse","Headbutt","Blood for Blood"],"picked":"SKIP","floor":15},{"not_picked":["Havoc","Flex","Metallicize"],"picked":"SKIP","floor":16},{"not_picked":["jedi:unlimitedpower","Juggernaut"],"picked":"Brutality","floor":18},{"not_picked":["Dual Wield","Dark Embrace+1","StuffTheSpire:Slingshot"],"picked":"SKIP","floor":20},{"not_picked":["Dropkick","Sever Soul","Bloodletting"],"picked":"SKIP","floor":22},{"not_picked":["Body Slam","Headbutt"],"picked":"Armaments","floor":24},{"not_picked":["Wild Strike+1","Run Through+1","True Grit+1"],"picked":"SKIP","floor":25},{"not_picked":["jedi:fear","StuffTheSpire:Resist+1"],"picked":"Cleave","floor":27},{"not_picked":["Pommel Strike+1","jedi:fear+1"],"picked":"Heavy Blade+1","floor":29},{"not_picked":["True Grit","Run Through+1"],"picked":"Combust","floor":30},{"not_picked":["StuffTheSpire:Incineration","Dual Wield","Headbutt"],"picked":"SKIP","floor":31},{"not_picked":["Rampage","Headbutt","Iron Wave+1"],"picked":"SKIP","floor":32}],"player_experience":864537,"relics_obtained":[{"floor":3,"key":"aspiration:HiddenCompartment"},{"floor":9,"key":"StuffTheSpire:Nightcore"},{"floor":11,"key":"hubris:ToyBattleship"},{"floor":12,"key":"ReplayTheSpireMod:Ninjato"},{"floor":14,"key":"reliquary:Stiletto"},{"floor":25,"key":"Kunai"},{"floor":27,"key":"jedi:bottledfury"},{"floor":28,"key":"Mummified Hand"},{"floor":29,"key":"CeramicFish"},{"floor":31,"key":"HornCleat"}],"event_choices":[{"damage_healed":0,"gold_gain":0,"player_choice":"Gave Potion","damage_taken":0,"relics_obtained":["jedi:shrinkray"],"max_hp_gain":0,"max_hp_loss":0,"event_name":"WeMeetAgain","floor":23,"gold_loss":0},{"cards_removed":["Strike_R"],"damage_healed":0,"gold_gain":0,"player_choice":"Give","damage_taken":0,"max_hp_gain":0,"max_hp_loss":0,"event_name":"betterNote:BetterNote","floor":33,"gold_loss":0,"cards_obtained":["Runesmith:Defend_RS"]}],"is_beta":false,"boss_relics":[{"not_picked":["reliquary:Craggleroot","halation:SmartPhone"],"picked":"Velvet Choker"},{"not_picked":["conspire:RoyalGoblet","aspiration:RunicSpoon"],"picked":"StuffTheSpire:RunicHypercube"}],"items_purged_floors":[4,4,21],"is_endless":false,"potions_floor_spawned":[9,14,15,20,22,29,30,31],"ascension_level":1}}