{"host":"l5zfpd2l2htson6l","time":1612662133,"event":{"mods":["AchievementEnabler","BaseMod","Colored Map","Colored Powertips","Minty Spire (QoL Compilation)","Permanent Neow","Quick Restart","Rare Cards Sparkle","Relic Stats","SuperFastMode"],"gold_per_floor":[117,130,150,150,167,195,195,220,268,285,25,53,69,94,94,169,169,183,200,218,218,233,233,233,262,262,14,14,39,39,39,39,113,113,125,0,17,30,83,83,115,115,115,125,0,29,29,29,29,29,29,29,29,4,4,4],"floor_reached":55,"language":"ENG","playtime":3365,"items_purged":["Strike_R","Strike_R+1","Strike_R+1"],"score":1961,"play_id":"17940b0d-3583-4f7f-baac-9fb16bc5193c","local_time":"20210206174213","is_ascension_mode":true,"campfire_choices":[{"data":"Bludgeon","floor":7.0,"key":"SMITH"},{"data":"Bash","floor":15.0,"key":"SMITH"},{"floor":23.0,"key":"REST"},{"floor":28.0,"key":"RECALL"},{"floor":32.0,"key":"REST"},{"floor":40.0,"key":"REST"},{"floor":42.0,"key":"REST"},{"floor":47,"key":"REST"},{"floor":49,"key":"REST"},{"floor":53,"key":"REST"}],"circlet_count":0,"master_deck":["AscendersBane","Strike_R+1","Defend_R+1","Defend_R+1","Defend_R+1","Defend_R+1","Bash+1","Twin Strike","Iron Wave","Dropkick","Bludgeon+1","Whirlwind","Shrug It Off+1","Havoc+1","Infernal Blade+1","Intimidate+1","Shockwave+1","True Grit+1","Feed","Rage+1","Shrug It Off+1","Power Through+1","Dual Wield+1","Panacea+1","True Grit+1","Exhume+1","Exhume+1","Corruption","CurseOfTheBell","Sentinel+1","Disarm+1","Burning Pact+1","Fiend Fire","Dark Shackles+1","Chrysalis+1","Havoc+1"],"relics":["Burning Blood","Lantern","Potion Belt","Toxic Egg 2","Red Skull","Nunchaku","Fusion Hammer","Blue Candle","Art of War","Singing Bowl","Enchiridion","Calling Bell","Toy Ornithopter","Matryoshka","Charon\u0027s Ashes","Du-Vu Doll","Pear","Bronze Scales","Red Mask","Torii"],"acts_visited":["Exordium","TheCity","TheBeyond","TheEnding"],"potions_floor_usage":[46,50],"damage_taken":[{"damage":2.0,"enemies":"2 Louse","floor":1.0,"turns":3.0},{"damage":1.0,"enemies":"Cultist","floor":2.0,"turns":3.0},{"damage":2.0,"enemies":"Jaw Worm","floor":3.0,"turns":2.0},{"damage":7.0,"enemies":"Looter","floor":5.0,"turns":4.0},{"damage":3.0,"enemies":"Gremlin Nob","floor":6.0,"turns":3.0},{"damage":60.0,"enemies":"3 Sentries","floor":8.0,"turns":12.0},{"damage":0.0,"enemies":"Red Slaver","floor":10.0,"turns":2.0},{"damage":3.0,"enemies":"Gremlin Nob","floor":12.0,"turns":3.0},{"damage":0.0,"enemies":"Exordium Wildlife","floor":13.0,"turns":1.0},{"damage":10.0,"enemies":"3 Sentries","floor":14.0,"turns":3.0},{"damage":15.0,"enemies":"The Guardian","floor":16.0,"turns":7.0},{"damage":20.0,"enemies":"Spheric Guardian","floor":18.0,"turns":6.0},{"damage":0.0,"enemies":"2 Thieves","floor":19.0,"turns":3.0},{"damage":9.0,"enemies":"3 Cultists","floor":20.0,"turns":6.0},{"damage":13.0,"enemies":"Shelled Parasite and Fungi","floor":22.0,"turns":3.0},{"damage":1.0,"enemies":"Book of Stabbing","floor":25.0,"turns":3.0},{"damage":16.0,"enemies":"Gremlin Leader","floor":29.0,"turns":7.0},{"damage":88.0,"enemies":"Champ","floor":33.0,"turns":18.0},{"damage":3.0,"enemies":"3 Darklings","floor":35.0,"turns":4.0},{"damage":0.0,"enemies":"3 Shapes","floor":37.0,"turns":3.0},{"damage":4.0,"enemies":"Writhing Mass","floor":38.0,"turns":10.0},{"damage":36.0,"enemies":"2 Orb Walkers","floor":39.0,"turns":7.0},{"damage":61.0,"enemies":"Nemesis","floor":41.0,"turns":9.0},{"damage":10,"enemies":"Maw","floor":44,"turns":5},{"damage":50,"enemies":"Reptomancer","floor":46,"turns":4},{"damage":24,"enemies":"Donu and Deca","floor":50,"turns":7},{"damage":64,"enemies":"Awakened One","floor":51,"turns":12},{"damage":117,"enemies":"Shield and Spear","floor":55,"turns":8}],"seed_played":"3842046828380198348","potions_obtained":[{"floor":2.0,"key":"BlessingOfTheForge"},{"floor":3.0,"key":"Weak Potion"},{"floor":5.0,"key":"Fire Potion"},{"floor":12.0,"key":"Fire Potion"},{"floor":13.0,"key":"LiquidMemories"},{"floor":18.0,"key":"AttackPotion"},{"floor":22.0,"key":"SkillPotion"},{"floor":25.0,"key":"Weak Potion"},{"floor":37.0,"key":"Strength Potion"},{"floor":38.0,"key":"Energy Potion"}],"is_trial":false,"path_per_floor":["M","M","M","?","M","E","R","E","T","M","$","E","M","E","R","B",null,"M","M","M","?","M","R","?","E","T","$","R","E","?","?","R","B",null,"M","$","M","M","?","R","E","R","T","M","?","E","R","?","R","B","B",null,"R","$","E"],"character_chosen":"IRONCLAD","items_purchased":["BloodPotion","Havoc+1","Infernal Blade+1","Panacea+1","True Grit+1","Havoc+1"],"campfire_rested":7,"item_purchase_floors":[11,11,11,27,27,54],"current_hp_per_floor":[72,75,75,75,74,75,75,21,21,27,27,30,36,32,32,23,62,48,57,57,57,53,78,78,86,86,86,86,79,58,58,85,21,73,76,76,85,87,62,91,51,84,84,82,82,43,77,69,104,91,33,96,117,117,0,0],"gold":4,"neow_bonus":"RANDOM_COMMON_RELIC","is_daily":false,"chose_seed":false,"campfire_upgraded":2,"win_rate":0.0,"timestamp":1612662133,"path_taken":["M","M","M","?","M","E","R","E","T","?","$","E","M","E","R","BOSS","M","M","M","?","?","R","?","E","T","$","R","E","?","?","R","BOSS","M","?","M","M","?","R","E","R","T","M","?","E","R","?","R","BOSS","BOSS","R","$","E"],"items_purchased_type":["Potion","Card","Card","Card","Card","Card"],"build_version":"2020-12-22","purchased_purges":3,"victory":false,"max_hp_per_floor":[75,75,75,75,75,75,75,75,75,75,75,75,75,75,75,75,75,75,78,81,81,84,84,84,87,87,87,87,90,90,90,90,90,90,90,90,93,93,98,98,113,113,113,115,115,115,115,117,117,117,117,117,117,117,117,117],"relic_stats":{"Nunchaku":[19],"Singing Bowl":8,"Torii":18,"counters":[28,158],"Blue Candle":[0],"Bronze Scales":[140],"Charon\u0027s Ashes":[707],"Art of War":[19],"obtain_stats":[{"Potion Belt":6,"Lantern":0,"Pear":41,"Singing Bowl":29,"Torii":46,"Blue Candle":25,"Enchiridion":30,"Charon\u0027s Ashes":34,"Burning Blood":0,"Calling Bell":34,"Du-Vu Doll":39,"Nunchaku":12,"Matryoshka":34,"Bronze Scales":43,"Fusion Hammer":17,"Art of War":26,"Red Mask":45,"Toxic Egg 2":8,"Red Skull":9,"Toy Ornithopter":34},{"Potion Belt":5,"Lantern":0,"Pear":23,"Singing Bowl":17,"Torii":25,"Blue Candle":16,"Enchiridion":17,"Charon\u0027s Ashes":18,"Burning Blood":0,"Calling Bell":18,"Du-Vu Doll":22,"Nunchaku":8,"Matryoshka":18,"Bronze Scales":23,"Fusion Hammer":11,"Art of War":16,"Red Mask":24,"Toxic Egg 2":6,"Red Skull":6,"Toy Ornithopter":18},{"Potion Belt":15,"Lantern":0,"Pear":122,"Singing Bowl":71,"Torii":131,"Blue Candle":64,"Enchiridion":71,"Charon\u0027s Ashes":89,"Burning Blood":0,"Calling Bell":89,"Du-Vu Doll":113,"Nunchaku":32,"Matryoshka":89,"Bronze Scales":122,"Fusion Hammer":43,"Art of War":64,"Red Mask":127,"Toxic Egg 2":27,"Red Skull":27,"Toy Ornithopter":89}],"Burning Blood":154,"Toy Ornithopter":10},"card_choices":[{"not_picked":["Clash","Burning Pact"],"picked":"Twin Strike","floor":1.0},{"not_picked":["True Grit","Warcry"],"picked":"Iron Wave","floor":2.0},{"not_picked":["Clash","Iron Wave","Rupture"],"picked":"SKIP","floor":3.0},{"not_picked":["Twin Strike","Intimidate"],"picked":"Dropkick","floor":5.0},{"not_picked":["Shockwave","Pommel Strike"],"picked":"Bludgeon","floor":6.0},{"not_picked":["Flex+1","Iron Wave"],"picked":"Whirlwind","floor":8.0},{"not_picked":["Perfected Strike","Body Slam"],"picked":"Shrug It Off+1","floor":10.0},{"not_picked":["Headbutt","Second Wind+1"],"picked":"Intimidate+1","floor":12.0},{"not_picked":["Searing Blow","Headbutt"],"picked":"Shockwave+1","floor":13.0},{"not_picked":["Armaments+1","Cleave"],"picked":"True Grit+1","floor":14.0},{"not_picked":["Double Tap+1","Immolate"],"picked":"Feed","floor":16.0},{"not_picked":["Whirlwind","Clash","Sword Boomerang"],"picked":"SKIP","floor":18.0},{"not_picked":["Sword Boomerang+1","Searing Blow","Infernal Blade+1"],"picked":"SKIP","floor":19.0},{"not_picked":["Thunderclap","Carnage"],"picked":"Rage+1","floor":20.0},{"not_picked":["Wild Strike","Pummel"],"picked":"Power Through+1","floor":22.0},{"not_picked":["Whirlwind","Cleave"],"picked":"Dual Wield+1","floor":25.0},{"not_picked":["Searing Blow","Evolve"],"picked":"Exhume+1","floor":29.0},{"not_picked":["Brutality","Offering+1"],"picked":"Corruption","floor":33.0},{"not_picked":["Wild Strike+1","Rupture+1"],"picked":"Sentinel+1","floor":35.0},{"not_picked":["Armaments+1","Heavy Blade"],"picked":"Disarm+1","floor":37.0},{"not_picked":["Reckless Charge","Combust"],"picked":"Burning Pact+1","floor":38.0},{"not_picked":["Armaments+1","Seeing Red+1","Iron Wave+1"],"picked":"Singing Bowl","floor":39.0},{"not_picked":["Sword Boomerang","Thunderclap","Inflame"],"picked":"Singing Bowl","floor":41.0},{"not_picked":["Carnage","Twin Strike","Armaments+1"],"picked":"Singing Bowl","floor":44},{"not_picked":["Flame Barrier+1","Whirlwind"],"picked":"Fiend Fire","floor":46},{"not_picked":["Panacea+1","Forethought+1"],"picked":"Dark Shackles+1","floor":48},{"not_picked":["Mind Blast","Transmutation+1","Dramatic Entrance"],"picked":"Singing Bowl","floor":48},{"not_picked":["Swift Strike","Apotheosis+1"],"picked":"Chrysalis+1","floor":48}],"player_experience":929736,"relics_obtained":[{"floor":6.0,"key":"Potion Belt"},{"floor":8.0,"key":"Toxic Egg 2"},{"floor":9.0,"key":"Red Skull"},{"floor":12.0,"key":"Nunchaku"},{"floor":25.0,"key":"Blue Candle"},{"floor":26.0,"key":"Art of War"},{"floor":29.0,"key":"Singing Bowl"},{"floor":30.0,"key":"Enchiridion"},{"floor":34.0,"key":"Toy Ornithopter"},{"floor":34.0,"key":"Matryoshka"},{"floor":34.0,"key":"Charon\u0027s Ashes"},{"floor":39.0,"key":"Du-Vu Doll"},{"floor":41.0,"key":"Pear"},{"floor":43.0,"key":"Bronze Scales"},{"floor":46,"key":"Torii"}],"event_choices":[{"cards_removed":["Strike_R"],"damage_healed":0.0,"max_hp_gain":0.0,"max_hp_loss":0.0,"gold_gain":0.0,"event_name":"Purifier","player_choice":"Purged","floor":4.0,"gold_loss":0.0,"damage_taken":0.0},{"damage_healed":0.0,"max_hp_gain":0.0,"max_hp_loss":0.0,"gold_gain":0.0,"event_name":"Duplicator","player_choice":"Copied","floor":21.0,"gold_loss":0.0,"damage_taken":0.0,"cards_obtained":["Shrug It Off"]},{"damage_healed":0.0,"max_hp_gain":0.0,"max_hp_loss":0.0,"gold_gain":0.0,"event_name":"Back to Basics","player_choice":"Simplicity","floor":24.0,"gold_loss":0.0,"damage_taken":0.0,"cards_upgraded":["Strike_R","Strike_R","Strike_R","Defend_R","Defend_R","Defend_R","Defend_R"]},{"damage_healed":0.0,"max_hp_gain":0.0,"max_hp_loss":0.0,"gold_gain":0.0,"event_name":"Cursed Tome","player_choice":"Obtained Book","floor":30.0,"gold_loss":0.0,"damage_taken":21.0},{"damage_healed":0.0,"max_hp_gain":0.0,"max_hp_loss":0.0,"gold_gain":0.0,"event_name":"Match and Keep!","player_choice":"1 cards matched","floor":31.0,"gold_loss":0.0,"damage_taken":0.0,"cards_obtained":["Exhume"]},{"damage_healed":0.0,"max_hp_gain":0.0,"max_hp_loss":0.0,"gold_gain":0.0,"event_name":"Mysterious Sphere","player_choice":"Fight","floor":39.0,"gold_loss":0.0,"damage_taken":0.0},{"damage_healed":0,"gold_gain":0,"player_choice":"Paid","damage_taken":0,"relics_obtained":["Red Mask"],"max_hp_gain":0,"max_hp_loss":0,"event_name":"Tomb of Lord Red Mask","floor":45,"gold_loss":125},{"damage_healed":0,"gold_gain":0,"player_choice":"Memory 3","damage_taken":10,"max_hp_gain":0,"max_hp_loss":0,"event_name":"SensoryStone","floor":48,"gold_loss":0}],"is_beta":false,"boss_relics":[{"not_picked":["Coffee Dripper","Ectoplasm"],"picked":"Fusion Hammer"},{"not_picked":["Runic Cube","Sozu"],"picked":"Calling Bell"}],"items_purged_floors":[11,27,36],"is_endless":false,"potions_floor_spawned":[2,3,5,12,13,18,22,25,37,38],"killed_by":"Shield and Spear","ascension_level":20}}