{"host":"u0qetpmu4y58k1tf","time":1612691886,"event":{"mods":["AchievementEnabler","BaseMod","Colored Map","Colored Powertips","Hermit","Marisa£¨Ùöéë¡¡Øª×âÞÞ£©","Minty Spire (QoL Compilation)","Reliquary","Replay The Spire","StSLib","SuperFastMode","The Bug Knight","The Cursed","The Hierophant","The Runesmith"],"gold_per_floor":[112,129,129,129,129,158,158,158,158,158,158,158,192,207,207,207,207],"floor_reached":16,"language":"KOR","playtime":670,"items_purged":[],"score":122,"play_id":"82909ef5-279c-4e86-b9f9-998ef4d950de","local_time":"20210207185806","is_ascension_mode":true,"campfire_choices":[{"floor":7,"key":"REST"},{"data":"Outmaneuver","floor":11,"key":"SMITH"},{"floor":15,"key":"REST"}],"circlet_count":0,"master_deck":["Strike_G","Strike_G","Strike_G","Defend_G","Defend_G","Defend_G","Defend_G","Survivor","Neutralize","All Out Attack","Outmaneuver+1","Calculated Gamble+1","Regret","ReplayTheSpireMod:Scrap Shanks"],"relics":["Ring of the Snake","Pen Nib","reliquary:JackalopeAntler","reliquary:PrincelyHelmet","InkBottle","Regal Pillow"],"acts_visited":["Exordium"],"potions_floor_usage":[6],"damage_taken":[{"damage":0,"enemies":"2 Louse","floor":1,"turns":6},{"damage":0,"enemies":"Small Slimes","floor":2,"turns":4},{"damage":47,"enemies":"3 Sentries","floor":6,"turns":12},{"damage":29,"enemies":"Gremlin Nob","floor":13,"turns":5},{"damage":4,"enemies":"Cultist","floor":14,"turns":4},{"damage":41,"enemies":"Hexaghost","floor":16,"turns":11}],"seed_played":"3119682763477876250","potions_obtained":[{"floor":2,"key":"AttackPotion"}],"is_trial":false,"path_per_floor":["M","M","?","?","?","E","R","?","T","?","R","T","E","M","R","B"],"character_chosen":"THE_SILENT","items_purchased":[],"campfire_rested":2,"item_purchase_floors":[],"current_hp_per_floor":[70,70,70,63,63,16,37,37,37,37,37,37,8,4,40,0,0],"gold":207,"neow_bonus":"RANDOM_COMMON_RELIC","is_daily":false,"chose_seed":false,"campfire_upgraded":1,"win_rate":0.0,"timestamp":1612691886,"path_taken":["M","M","?","?","?","E","R","?","T","?","R","?","E","M","R","BOSS"],"items_purchased_type":[],"build_version":"2020-12-22","purchased_purges":0,"victory":false,"max_hp_per_floor":[70,70,70,70,70,70,70,70,70,70,70,70,70,70,70,70,70],"card_choices":[{"not_picked":["Deflect","Dodge and Roll"],"picked":"Tactician","floor":1},{"not_picked":["Deadly Poison","Bane"],"picked":"All Out Attack","floor":2},{"not_picked":["ReplayTheSpireMod:Shiv Toss","Deadly Poison"],"picked":"Outmaneuver","floor":6},{"not_picked":["Sucker Punch","Outmaneuver","Riddle With Holes"],"picked":"SKIP","floor":13},{"not_picked":["Grand Finale","Cloak And Dagger"],"picked":"ReplayTheSpireMod:Scrap Shanks","floor":14}],"player_experience":78387,"relics_obtained":[{"floor":6,"key":"reliquary:JackalopeAntler"},{"floor":9,"key":"reliquary:PrincelyHelmet"},{"floor":13,"key":"Regal Pillow"}],"event_choices":[{"cards_removed":["Strike_G"],"damage_healed":0,"gold_gain":0,"player_choice":"Forget","damage_taken":0,"max_hp_gain":0,"max_hp_loss":0,"event_name":"Living Wall","floor":3,"gold_loss":0},{"cards_removed":["Defend_G"],"damage_healed":0,"gold_gain":0,"player_choice":"Card Removal","damage_taken":7,"max_hp_gain":0,"max_hp_loss":0,"event_name":"Golden Wing","floor":4,"gold_loss":0},{"damage_healed":0,"gold_gain":0,"player_choice":"Box","damage_taken":0,"relics_obtained":["InkBottle"],"max_hp_gain":0,"max_hp_loss":0,"event_name":"Big Fish","floor":10,"gold_loss":0,"cards_obtained":["Regret"]}],"is_beta":false,"boss_relics":[],"items_purged_floors":[],"is_endless":false,"potions_floor_spawned":[2],"killed_by":"Hexaghost","ascension_level":3}}