{"host":"5kerkh94hj8hofz6","time":1612723955,"event":{"mods":["AchievementEnabler","BaseMod","Colored Map","Colored Powertips","Highlight Path","Minty Spire (QoL Compilation)","StSLib","The Cursed","The Hierophant"],"gold_per_floor":[109,59,74,92,21,46,73,106,106,106,106,106,118,144,144,239,239,250,263,280,296,396,396,425,425,425,425,445,456,227,247,247,346,346,365,72,92,109,109,109],"floor_reached":39,"language":"ENG","playtime":2039,"items_purged":["Strike_R","Strike_R"],"score":588,"play_id":"410e5665-e9ac-4445-9f75-67a61d3027e0","local_time":"20210208075235","is_ascension_mode":true,"campfire_choices":[{"floor":12.0,"key":"REST"},{"data":"Rupture","floor":15.0,"key":"SMITH"},{"floor":23.0,"key":"REST"},{"floor":25.0,"key":"REST"},{"data":"True Grit","floor":27.0,"key":"SMITH"},{"floor":32.0,"key":"REST"}],"circlet_count":0,"master_deck":["Strike_R","Defend_R","Defend_R+1","Defend_R","Defend_R+1","Bash","Combust","Evolve","Warcry","Rupture+1","Metallicize+1","Blood for Blood","Pommel Strike","Bloodletting","Rampage","Feed","Heavy Blade+1","Warcry+1","True Grit+1","Sword Boomerang+1","Hemokinesis","Double Tap","Shockwave","Offering","True Grit+1","Seeing Red+1"],"relics":["Burning Blood","Frozen Egg 2","Odd Mushroom","Gremlin Horn","InkBottle","War Paint","SlaversCollar","Red Skull","Sundial","ClockworkSouvenir","Philosopher\u0027s Stone","OrangePellets"],"acts_visited":["Exordium","TheCity","TheBeyond"],"potions_floor_usage":[38],"damage_taken":[{"damage":2.0,"enemies":"2 Louse","floor":1.0,"turns":3.0},{"damage":14.0,"enemies":"Small Slimes","floor":3.0,"turns":4.0},{"damage":3.0,"enemies":"Cultist","floor":4.0,"turns":4.0},{"damage":36.0,"enemies":"3 Sentries","floor":6.0,"turns":7.0},{"damage":25.0,"enemies":"The Mushroom Lair","floor":7.0,"turns":6.0},{"damage":23.0,"enemies":"Gremlin Nob","floor":8.0,"turns":4.0},{"damage":0.0,"enemies":"3 Sentries","floor":11.0,"turns":1.0},{"damage":17.0,"enemies":"Exordium Thugs","floor":13.0,"turns":5.0},{"damage":36.0,"enemies":"Slime Boss","floor":16.0,"turns":6.0},{"damage":25.0,"enemies":"Spheric Guardian","floor":18.0,"turns":4.0},{"damage":27.0,"enemies":"2 Thieves","floor":19.0,"turns":3.0},{"damage":26.0,"enemies":"Centurion and Healer","floor":20.0,"turns":6.0},{"damage":25.0,"enemies":"Sentry and Sphere","floor":21.0,"turns":5.0},{"damage":55.0,"enemies":"Slavers","floor":24.0,"turns":5.0},{"damage":41.0,"enemies":"3 Cultists","floor":28.0,"turns":5.0},{"damage":21.0,"enemies":"Snecko","floor":29.0,"turns":4.0},{"damage":8.0,"enemies":"Centurion and Healer","floor":31.0,"turns":5.0},{"damage":44.0,"enemies":"Collector","floor":33.0,"turns":6.0},{"damage":64.0,"enemies":"3 Darklings","floor":35.0,"turns":9.0},{"damage":12.0,"enemies":"3 Shapes","floor":37.0,"turns":2.0},{"damage":31,"enemies":"3 Darklings","floor":38,"turns":4},{"damage":49,"enemies":"Writhing Mass","floor":39,"turns":2}],"seed_played":"-6482419485553385229","potions_obtained":[{"floor":1.0,"key":"SmokeBomb"},{"floor":3.0,"key":"Strength Potion"},{"floor":4.0,"key":"SmokeBomb"},{"floor":8.0,"key":"FairyPotion"},{"floor":18.0,"key":"Energy Potion"},{"floor":24.0,"key":"Block Potion"},{"floor":29.0,"key":"FearPotion"},{"floor":35.0,"key":"ColorlessPotion"}],"is_trial":false,"path_per_floor":["M","?","M","M","$","E","?","E","T","?","E","R","M","T","R","B",null,"M","M","M","M","?","R","E","R","T","R","M","M","$","M","R","B",null,"M","$","M","M","M"],"character_chosen":"IRONCLAD","items_purchased":["Rupture","ClockworkSouvenir","OrangePellets","SpeedPotion"],"campfire_rested":4,"item_purchase_floors":[5,30,36,36],"current_hp_per_floor":[88,88,80,83,83,53,34,17,17,17,23,49,38,38,38,8,88,72,54,37,21,21,51,35,65,65,65,33,18,18,19,51,13,109,51,51,48,23,0,0],"gold":109,"neow_bonus":"TEN_PERCENT_HP_BONUS","is_daily":false,"chose_seed":false,"campfire_upgraded":2,"win_rate":0.0,"timestamp":1612723955,"path_taken":["M","?","M","M","$","E","?","E","T","?","E","R","?","?","R","BOSS","M","M","M","M","?","R","E","R","T","R","M","M","$","?","R","BOSS","M","$","M","M","M"],"items_purchased_type":["Card","Relic","Relic","Potion"],"build_version":"2020-12-22","purchased_purges":2,"victory":false,"max_hp_per_floor":[88,88,88,88,88,88,88,88,88,88,88,88,88,88,88,88,88,91,94,97,100,100,100,103,103,103,103,106,106,106,109,109,109,109,109,109,112,112,112,112],"card_choices":[{"not_picked":["Havoc","Pommel Strike"],"picked":"Combust","floor":1.0},{"not_picked":["Sentinel","Anger"],"picked":"Evolve","floor":3.0},{"not_picked":["Pommel Strike","Sword Boomerang"],"picked":"Warcry","floor":4.0},{"not_picked":["Feel No Pain+1","Power Through"],"picked":"Metallicize+1","floor":6.0},{"not_picked":["Perfected Strike","Inflame+1"],"picked":"Blood for Blood","floor":7.0},{"not_picked":["Sever Soul","Searing Blow"],"picked":"Pommel Strike","floor":8.0},{"not_picked":["Infernal Blade","Carnage"],"picked":"Rampage","floor":13.0},{"not_picked":["Berserk+1","Demon Form+1"],"picked":"Feed","floor":16.0},{"not_picked":["Inflame+1","Shrug It Off"],"picked":"Heavy Blade+1","floor":18.0},{"not_picked":["Fire Breathing+1","Flex"],"picked":"Warcry+1","floor":19.0},{"not_picked":["Rampage","Juggernaut+1"],"picked":"True Grit","floor":20.0},{"not_picked":["Perfected Strike","Dark Embrace+1"],"picked":"Sword Boomerang+1","floor":21.0},{"not_picked":["Pommel Strike","Clash+1"],"picked":"Hemokinesis","floor":24.0},{"not_picked":["Warcry","Searing Blow","Iron Wave"],"picked":"SKIP","floor":28.0},{"not_picked":["Clothesline","Cleave"],"picked":"Double Tap","floor":29.0},{"not_picked":["Armaments","Pommel Strike+1"],"picked":"Shockwave","floor":31.0},{"not_picked":["Corruption+1","Barricade+1"],"picked":"Offering","floor":33.0},{"not_picked":["Iron Wave","Flame Barrier+1"],"picked":"True Grit+1","floor":35.0},{"not_picked":["True Grit+1","Perfected Strike","Sword Boomerang"],"picked":"SKIP","floor":37.0},{"not_picked":["Flame Barrier","Wild Strike+1"],"picked":"Seeing Red+1","floor":38}],"player_experience":417467,"relics_obtained":[{"floor":6.0,"key":"Frozen Egg 2"},{"floor":7.0,"key":"Odd Mushroom"},{"floor":8.0,"key":"Gremlin Horn"},{"floor":9.0,"key":"InkBottle"},{"floor":14.0,"key":"War Paint"},{"floor":24.0,"key":"Red Skull"},{"floor":26.0,"key":"Sundial"}],"event_choices":[{"cards_removed":["Strike_R"],"damage_healed":0.0,"max_hp_gain":0.0,"max_hp_loss":0.0,"gold_gain":0.0,"event_name":"The Cleric","player_choice":"Card Removal","floor":2.0,"gold_loss":50.0,"damage_taken":0.0},{"damage_healed":0.0,"max_hp_gain":0.0,"max_hp_loss":0.0,"gold_gain":0.0,"event_name":"Mushrooms","player_choice":"Fought Mushrooms","floor":7.0,"gold_loss":0.0,"damage_taken":0.0},{"damage_healed":0.0,"max_hp_gain":0.0,"max_hp_loss":0.0,"gold_gain":0.0,"cards_transformed":["Strike_R"],"event_name":"Transmorgrifier","player_choice":"Transformed","floor":10.0,"gold_loss":0.0,"damage_taken":0.0,"cards_obtained":["Bloodletting"]},{"damage_healed":0.0,"max_hp_gain":0.0,"max_hp_loss":0.0,"gold_gain":100.0,"event_name":"Golden Shrine","player_choice":"Pray","floor":22.0,"gold_loss":0.0,"damage_taken":0.0}],"is_beta":false,"boss_relics":[{"not_picked":["Snecko Eye","Runic Cube"],"picked":"SlaversCollar"},{"not_picked":["Velvet Choker","Runic Pyramid"],"picked":"Philosopher\u0027s Stone"}],"items_purged_floors":[30,36],"is_endless":false,"potions_floor_spawned":[1,3,4,8,11,18,19,24,29,35],"killed_by":"Writhing Mass","ascension_level":4}}