{"host":"1ooxfz79hmpvpehx","time":1612663529,"event":{"mods":["BaseMod","Minty Spire (QoL Compilation)","Quick Restart","Replay The Spire","StSLib","SuperFastMode"],"gold_per_floor":[18,31,131,148,162,187,201,201,201,228,243,243,243],"floor_reached":12,"language":"ENG","playtime":280,"items_purged":[],"score":92,"play_id":"846b927a-9175-4cd3-8b95-18c486054aed","local_time":"20210206230529","is_ascension_mode":false,"campfire_choices":[{"data":"Loop","floor":8,"key":"SMITH"}],"circlet_count":0,"master_deck":["Strike_B","Strike_B","Strike_B","Defend_B","Defend_B","Defend_B","Zap","Dualcast","FIFO Queue","Core Surge","Loop+1"],"relics":["Cracked Core","Onion Ring","Dream Catcher","Juzu Bracelet"],"acts_visited":["Exordium"],"potions_floor_usage":[6,6,10,11],"damage_taken":[{"damage":1,"enemies":"Cultist","floor":1,"turns":3},{"damage":0,"enemies":"2 Louse","floor":2,"turns":3},{"damage":0,"enemies":"Small Slimes","floor":4,"turns":2},{"damage":10,"enemies":"Looter","floor":5,"turns":3},{"damage":9,"enemies":"Lagavulin","floor":6,"turns":6},{"damage":23,"enemies":"Exordium Wildlife","floor":7,"turns":4},{"damage":16,"enemies":"Gremlin Nob","floor":10,"turns":3},{"damage":12,"enemies":"Exordium Thugs","floor":11,"turns":5},{"damage":13,"enemies":"Lagavulin","floor":12,"turns":4}],"seed_played":"5334541146923748086","potions_obtained":[{"floor":1,"key":"LiquidMemories"},{"floor":2,"key":"PowerPotion"},{"floor":7,"key":"Adrenaline Potion"},{"floor":10,"key":"Adrenaline Potion"}],"is_trial":false,"path_per_floor":["M","M","?","M","M","E","M","R","T","E","M","E"],"character_chosen":"DEFECT","items_purchased":[],"campfire_rested":0,"item_purchase_floors":[],"current_hp_per_floor":[74,74,74,74,64,55,32,32,32,16,4,0,0],"gold":243,"neow_bonus":"REMOVE_TWO","is_daily":false,"chose_seed":false,"campfire_upgraded":1,"win_rate":0.0,"timestamp":1612663529,"path_taken":["M","?","?","M","?","E","M","R","T","E","M","E"],"items_purchased_type":[],"build_version":"2020-12-22","purchased_purges":0,"victory":false,"max_hp_per_floor":[75,75,75,75,75,75,75,75,75,75,75,75,75],"card_choices":[{"not_picked":["Blizzard","Tempest"],"picked":"FIFO Queue","floor":1},{"not_picked":["Turbo","Rebound","Barrage"],"picked":"SKIP","floor":2},{"not_picked":["Leap","Hologram"],"picked":"Core Surge","floor":4},{"not_picked":["Stack","Compile Driver","BasicCrystalCard"],"picked":"SKIP","floor":5},{"not_picked":["BasicCrystalCard","Glacier","Rainbow"],"picked":"SKIP","floor":6},{"not_picked":["BasicCrystalCard","Heatsinks"],"picked":"Loop","floor":7},{"not_picked":["Skim","Streamline","Machine Learning"],"picked":"SKIP","floor":10},{"not_picked":["Conserve Battery","Redo","Steam Power"],"picked":"SKIP","floor":11}],"player_experience":23673,"relics_obtained":[{"floor":6,"key":"Onion Ring"},{"floor":9,"key":"Dream Catcher"},{"floor":10,"key":"Juzu Bracelet"}],"event_choices":[{"damage_healed":0,"gold_gain":100,"player_choice":"Pray","damage_taken":0,"max_hp_gain":0,"max_hp_loss":0,"event_name":"Golden Shrine","floor":3,"gold_loss":0}],"is_beta":false,"boss_relics":[],"items_purged_floors":[],"is_endless":false,"potions_floor_spawned":[1,2,7,10],"killed_by":"Lagavulin","ascension_level":0}}