{"host":"9whf1n4a9wpiw119","time":1612708995,"event":{"mods":["Aspiration","BaseMod","Beaked The Cultist","Bestiary","Better Altar","Better Note","Better Skull","Better Third Choice","Challenge The Spire","Colored Map","Colored Powertips","Conspire","Emptier Cage","Energized Spire","GifTheSpireLib","Halation","Hermit","Highlight Path","Hubris","Infinite Spire","Minty Spire (QoL Compilation)","Quick Restart","Rare Cards Sparkle","Relic Stats","Reliquary","Replay The Spire","Shop Mod","Spikes Relics","StSLib","Stuff the Spire","SuperFastMode","Synergy Search","The Construct"],"gold_per_floor":[109,127,142,142,155,184,203,203,203],"floor_reached":8,"language":"ENG","playtime":428,"items_purged":[],"score":90,"play_id":"04756f98-6b0d-4739-b8fb-2e1174954c02","local_time":"20210207174315","is_ascension_mode":true,"campfire_choices":[],"circlet_count":0,"master_deck":["AscendersBane","Strike_G","Strike_G","Strike_G","Strike_G","Strike_G","Defend_G","Defend_G","Defend_G","Defend_G","Defend_G","Survivor","Neutralize","Burst","hubris:SlightOfHand","Poisoned Stab","Backflip","Dagger Throw","Dash"],"relics":["Ring of the Snake","halation:StarCompass","Paper Crane"],"acts_visited":["Exordium"],"potions_floor_usage":[6,6,8],"damage_taken":[{"damage":0,"enemies":"Small Slimes","floor":1,"turns":4},{"damage":12,"enemies":"Jaw Worm","floor":2,"turns":7},{"damage":8,"enemies":"2 Louse","floor":3,"turns":3},{"damage":3,"enemies":"2 Fungi Beasts","floor":5,"turns":4},{"damage":29,"enemies":"3 Sentries","floor":6,"turns":15},{"damage":6,"enemies":"3 Louse","floor":7,"turns":4},{"damage":12,"enemies":"Lagavulin","floor":8,"turns":4}],"seed_played":"1456047460059569932","potions_obtained":[{"floor":1,"key":"Elixir"},{"floor":5,"key":"Fruit Juice"},{"floor":7,"key":"DuplicationPotion"}],"is_trial":false,"path_per_floor":["M","M","M","?","M","E","M","E"],"character_chosen":"THE_SILENT","items_purchased":[],"campfire_rested":0,"item_purchase_floors":[],"current_hp_per_floor":[63,51,43,43,40,16,10,0,0],"gold":203,"neow_bonus":"ONE_RANDOM_RARE_CARD","is_daily":false,"chose_seed":false,"campfire_upgraded":0,"win_rate":0.0,"timestamp":1612708995,"path_taken":["M","M","M","?","M","E","M","E"],"items_purchased_type":[],"build_version":"2020-12-22","purchased_purges":0,"victory":false,"max_hp_per_floor":[70,70,70,70,70,75,75,75,75],"relic_stats":{"counters":[7,41],"obtain_stats":[{"Paper Crane":6,"halation:StarCompass":4,"Ring of the Snake":0},{"Paper Crane":5,"halation:StarCompass":3,"Ring of the Snake":0},{"Paper Crane":33,"halation:StarCompass":14,"Ring of the Snake":0}],"Ring of the Snake":[14]},"card_choices":[{"not_picked":["Fluid Movement","StuffTheSpire:Incursion"],"picked":"hubris:SlightOfHand","floor":1},{"not_picked":["Prepared","Finisher"],"picked":"Poisoned Stab","floor":2},{"not_picked":["StuffTheSpire:Fury","StuffTheSpire:Injection","Pace"],"picked":"SKIP","floor":3},{"not_picked":["Reflex","Prepared"],"picked":"Backflip","floor":5},{"not_picked":["StuffTheSpire:ClusterCrunch","Dodge and Roll"],"picked":"Dagger Throw","floor":6},{"not_picked":["StuffTheSpire:Python","Flying Knee"],"picked":"Dash","floor":7}],"player_experience":1097748,"relics_obtained":[{"floor":6,"key":"Paper Crane"}],"event_choices":[],"is_beta":false,"boss_relics":[],"items_purged_floors":[],"is_endless":false,"potions_floor_spawned":[1,5,7],"killed_by":"Lagavulin","ascension_level":10}}