{"host":"9slw7l0ws16384qq","time":1612686618,"event":{"mods":["A Penny For Your Troubles","BaseMod","Colored Map","Downfall","Evolution","Hubris","Minty Spire (QoL Compilation)","Replay The Spire","StS++","StSLib"],"gold_per_floor":[199,212,226,242,259,294,345,356,356,112,112,125,125,10,30,130,130,130,130,141,151,151,114,169,181,195,195,229,229,248,9,19,120,120,20,38,57,107,107,107,107,123,140,40,40,73,107,107,123,124],"floor_reached":51,"language":"FRA","playtime":2206,"items_purged":["hexamod:Strike","hexamod:Strike","downfall:Bewildered"],"score":983,"play_id":"d5c3063b-9ec0-4f9f-b4b7-a1bbf4d035a1","local_time":"20210207093018","is_ascension_mode":true,"campfire_choices":[{"data":"hexamod:GhostLash","floor":9.0,"key":"SMITH"},{"floor":13.0,"key":"REST"},{"floor":18.0,"key":"REST"},{"floor":27.0,"key":"REST"},{"floor":29.0,"key":"RECALL"},{"floor":35.0,"key":"REST"},{"floor":44,"key":"REST"}],"circlet_count":0,"master_deck":["hexamod:GhostLash+1","hexamod:GhostLash+1","hexamod:Defend+1","hexamod:Defend+1","hexamod:Defend+1","hexamod:Sear+1","hexamod:Float+1","hexamod:GhostLash+1","hexamod:GhostLash+1","hexamod:SixthSeal","hexamod:UnlimitedPower+1"],"relics":["hexamod:SpiritBrand","EVO:Axolotl","Pet Ghost","ClockworkSouvenir","Regal Pillow","Fusion Hammer","Nloth\u0027s Gift","sneckomod:BabySnecko","Onion Ring","Anchor","WingedGreaves","Garlic","Painkiller Herb","downfall:HeartBlessingRed","hubris:Zylophone","downfall:HeartBlessingBlue","Gambling Chip","Replay:Arrowhead"],"acts_visited":["Exordium","TheCity","TheBeyond"],"potions_floor_usage":[50,50,50],"damage_taken":[{"damage":2.0,"enemies":"Jaw Worm","floor":2.0,"turns":3.0},{"damage":0.0,"enemies":"Cultist","floor":3.0,"turns":3.0},{"damage":0.0,"enemies":"2 Louse","floor":4.0,"turns":3.0},{"damage":6.0,"enemies":"2 Fungi Beasts","floor":5.0,"turns":3.0},{"damage":10.0,"enemies":"Gremlin Nob","floor":6.0,"turns":3.0},{"damage":0.0,"enemies":"Lots of Slimes","floor":8.0,"turns":3.0},{"damage":0.0,"enemies":"downfall:FleeingMerchant","floor":10.0,"turns":4.0},{"damage":0.0,"enemies":"Large Slime","floor":12.0,"turns":3.0},{"damage":10.0,"enemies":"downfall:FleeingMerchant","floor":14.0,"turns":4.0},{"damage":5.0,"enemies":"Exordium Wildlife","floor":15.0,"turns":3.0},{"damage":30.0,"enemies":"IC_STATUS_ARCHETYPE","floor":16.0,"turns":6.0},{"damage":0.0,"enemies":"Spheric Guardian","floor":20.0,"turns":2.0},{"damage":0.0,"enemies":"Snecko","floor":21.0,"turns":3.0},{"damage":20.0,"enemies":"downfall:FleeingMerchant","floor":23.0,"turns":4.0},{"damage":1.0,"enemies":"Snake Plant","floor":25.0,"turns":2.0},{"damage":0.0,"enemies":"Cultist and Chosen","floor":26.0,"turns":3.0},{"damage":13.0,"enemies":"Slavers","floor":28.0,"turns":3.0},{"damage":0.0,"enemies":"Sentry and Sphere","floor":30.0,"turns":3.0},{"damage":0.0,"enemies":"Snake Plant","floor":32.0,"turns":2.0},{"damage":47.0,"enemies":"DF_ARCHETYPE_CLAW","floor":33.0,"turns":7.0},{"damage":0.0,"enemies":"Orb Walker","floor":36.0,"turns":2.0},{"damage":0.0,"enemies":"3 Shapes","floor":37.0,"turns":2.0},{"damage":0.0,"enemies":"3 Shapes","floor":38.0,"turns":3.0},{"damage":0,"enemies":"3 Darklings","floor":42,"turns":3},{"damage":0,"enemies":"Sphere and 2 Shapes","floor":43,"turns":4},{"damage":18,"enemies":"Nemesis","floor":46,"turns":5},{"damage":0,"enemies":"R_Hoarder","floor":47,"turns":4},{"damage":0,"enemies":"Spire Growth","floor":49,"turns":3},{"damage":40,"enemies":"SI_POISON_ARCHETYPE","floor":50,"turns":6}],"seed_played":"7659177878068316113","potions_obtained":[{"floor":2.0,"key":"Ancient Potion"},{"floor":3.0,"key":"AttackPotion"},{"floor":6.0,"key":"Dexterity Potion"},{"floor":26.0,"key":"Death Potion"}],"is_trial":false,"path_per_floor":["R_BF","M","M","M","M","E","T","M","R","$","?","M","R","$","M","B",null,"R","?","M","M","?","$","T","M","M","R","E","R","M","$","M","B",null,"T","?","?","?","T","?","T","?","?","T","T","E","E","T","?","B",null],"character_chosen":"THE_SPIRIT","items_purchased":["ClockworkSouvenir","Onion Ring","Garlic"],"campfire_rested":5,"item_purchase_floors":[10,23,31],"current_hp_per_floor":[70,68,68,68,62,52,52,52,52,52,45,45,70,60,55,25,59,70,70,70,70,70,50,50,49,49,70,57,57,57,57,57,10,55,70,70,70,70,70,70,70,70,70,80,80,62,62,62,62,22],"gold":124,"neow_bonus":"HUNDRED_GOLD","is_daily":false,"chose_seed":false,"campfire_upgraded":1,"win_rate":0.0,"timestamp":1612686618,"path_taken":["R_BF","M","M","M","M","E","T","M","R","$","?","M","R","$","M","BOSS","R","?","?","M","?","$","T","M","M","R","E","R","M","$","M","BOSS","T","?","?","?","T","?","T","?","?","T","T","E","E","T","?","BOSS"],"items_purchased_type":["Relic","Relic","Relic"],"build_version":"2020-12-22","purchased_purges":3,"victory":true,"max_hp_per_floor":[70,70,70,70,70,70,70,70,70,70,70,70,70,70,70,70,70,70,70,70,70,70,70,70,70,70,70,70,70,70,70,70,70,70,70,70,70,70,70,70,70,70,70,80,80,80,80,80,80,80],"card_choices":[{"not_picked":["hexamod:EtherealExpedition","hexamod:ShieldOfDarkness","hexamod:AdvancingGuard"],"picked":"SKIP","floor":2.0},{"not_picked":["hexamod:SwordOfDarkness","hexamod:PowerFromBeyond","hexamod:HeatMetal"],"picked":"SKIP","floor":3.0},{"not_picked":["hexamod:PowerFromBeyond","hexamod:NightmareGuise"],"picked":"hexamod:GhostLash","floor":4.0},{"not_picked":["hexamod:FlamesFromBeyond","hexamod:FastForward"],"picked":"hexamod:GhostLash","floor":5.0},{"not_picked":["hexamod:ThirdSeal","hexamod:BurningTouch","hexamod:AdvancingGuard"],"picked":"SKIP","floor":6.0},{"not_picked":["hexamod:BurningTouch","hexamod:GhostLash","hexamod:Hexaguard"],"picked":"SKIP","floor":8.0},{"not_picked":["hexamod:GhostShield","hexamod:ThermalTransfer"],"picked":"hexamod:SixthSeal","floor":10.0},{"not_picked":["hexamod:ChargedBarrage","hexamod:FourthSeal","hexamod:PhantomFireball"],"picked":"SKIP","floor":12.0},{"not_picked":["hexamod:BacktrackSmack","hexamod:NightmareGuise","hexamod:HeatMetal"],"picked":"SKIP","floor":14.0},{"not_picked":["hexamod:GhostLash","hexamod:Incineration","hexamod:NightmareStrike"],"picked":"SKIP","floor":15.0},{"not_picked":["hexamod:ParanormalForm","hexamod:HexaLevel"],"picked":"hexamod:UnlimitedPower","floor":16.0},{"not_picked":["hexamod:ThermalTransfer","hexamod:BurningTouch+1","hexamod:RetreatToShadows"],"picked":"SKIP","floor":20.0},{"not_picked":["hexamod:HeatMetal","hexamod:BurningTouch","hexamod:ThirdSeal"],"picked":"SKIP","floor":21.0},{"not_picked":["hexamod:InspiringFlames","hexamod:HauntingEcho","hexamod:EmpoweredFlame"],"picked":"SKIP","floor":23.0},{"not_picked":["hexamod:SoulSteal+1","hexamod:ThermalTransfer","hexamod:FourthSeal"],"picked":"SKIP","floor":25.0},{"not_picked":["hexamod:FastForward","hexamod:SecondSeal","hexamod:BacktrackSmack"],"picked":"SKIP","floor":26.0},{"not_picked":["hexamod:FastForward","hexamod:SecondSeal","hexamod:BacktrackSmack"],"picked":"SKIP","floor":26.0},{"not_picked":["hexamod:ForkedFlame","hexamod:HeatMetal","hexamod:HauntingEcho"],"picked":"SKIP","floor":28.0},{"not_picked":["hexamod:EtherealExpedition","hexamod:HeatShield+1","hexamod:BacktrackSmack"],"picked":"SKIP","floor":30.0},{"not_picked":["hexamod:HeatCrush+1","hexamod:HeatMetal","hexamod:PhantomCloak"],"picked":"SKIP","floor":32.0},{"not_picked":["hexamod:FlamesFromBeyond+1","hexamod:HeatMetal+1","hexamod:ShieldOfDarkness"],"picked":"SKIP","floor":36.0},{"not_picked":["hexamod:NecessarySacrifice+1","hexamod:RadiantFlame","hexamod:ForkedFlame"],"picked":"SKIP","floor":37.0},{"not_picked":["hexamod:BacktrackSmack","hexamod:SpectersWail+1","hexamod:GiftsFromTheDead"],"picked":"SKIP","floor":42},{"not_picked":["hexamod:HeatCrush","hexamod:GhostOfSpireFuture+1","hexamod:FlamesFromBeyond"],"picked":"SKIP","floor":43},{"not_picked":["hexamod:PhantomCloak+1","hexamod:ExtraCrispy","hexamod:Rewind+1"],"picked":"SKIP","floor":46},{"not_picked":["hexamod:ExtraCrispy","hexamod:Firestarter+1","hexamod:CatchUp+1"],"picked":"SKIP","floor":47},{"not_picked":["hexamod:GhostShield","hexamod:FourthSeal","hexamod:SpectersWail+1"],"picked":"SKIP","floor":49}],"player_experience":1654289,"relics_obtained":[{"floor":6.0,"key":"hubris:TinFlute"},{"floor":7.0,"key":"Pet Ghost"},{"floor":24.0,"key":"Anchor"},{"floor":28.0,"key":"WingedGreaves"},{"floor":38.0,"key":"hubris:Zylophone"},{"floor":46,"key":"Gambling Chip"},{"floor":47,"key":"Replay:Arrowhead"}],"event_choices":[{"cards_removed":["hexamod:Defend"],"damage_healed":0.0,"max_hp_gain":0.0,"max_hp_loss":0.0,"gold_gain":0.0,"event_name":"Living Wall","player_choice":"Forget","floor":1.0,"gold_loss":0.0,"damage_taken":0.0},{"damage_healed":0.0,"max_hp_gain":0.0,"max_hp_loss":0.0,"gold_gain":0.0,"event_name":"Scrap Ooze","player_choice":"Success","floor":11.0,"gold_loss":0.0,"damage_taken":7.0,"relics_obtained":["Regal Pillow"]}],"is_beta":false,"boss_relics":[{"not_picked":["Kintsugi","hubris:VirtuousBlindfold"],"picked":"Fusion Hammer"},{"not_picked":["Runic Pyramid","hexamod:UnbrokenSoul"],"picked":"Painkiller Herb"}],"items_purged_floors":[10,14,23],"is_endless":false,"potions_floor_spawned":[2,3,6,15,20,21,26,38,43,47],"ascension_level":5}}