{"host":"8d3fefv2347kqkpz","time":1612730171,"event":{"mods":["AchievementEnabler","Act Like it!","Aspiration","BaseMod","Better Vampires","Colored Map","Colored Powertips","Conspire","Downfall","GifTheSpireLib","Highlight Path","Hubris","Mimic Mod","Minty Spire (QoL Compilation)","Quick Restart","Rare Cards Sparkle","Relic Stats","Replay The Spire","Spicy Shops","StSLib","The Jungle","Waifu the Spire"],"gold_per_floor":[119,119,119,18,33,33,63,63,63,63,63,73,103,116,134,162,162,264,264,276,351,195,206,216,244,244,269,319,333,333,22,36,63,63,63,63],"floor_reached":35,"language":"ZHS","playtime":1465,"items_purged":["Strike_R"],"score":374,"play_id":"d472f77a-6e4e-4321-9236-cb210446c87b","local_time":"20210208043611","is_ascension_mode":true,"campfire_choices":[{"data":"Clothesline","floor":6,"key":"SMITH"},{"data":"Bash","floor":17,"key":"SMITH"},{"floor":26,"key":"REST"},{"data":"Demonic Infusion","floor":30,"key":"SMITH"},{"data":"Disarm","floor":34,"key":"SMITH"},{"data":"Run Through","floor":34,"key":"SMITH"}],"circlet_count":0,"master_deck":["Strike_R","Strike_R","Strike_R","Strike_R","Defend_R","Defend_R","Defend_R","Defend_R","Bash+1","Clothesline+1","Disarm+1","ReplayTheSpireMod:Stacked","Reaper","hubris:SharpeningStone","Limit Break","Run Through+1","Dropkick+1","Demonic Infusion+1","Disarm+1","Shrug It Off+1","ReplayTheSpireMod:Stacked","ReplayTheSpireMod:Stacked"],"relics":["Burning Blood","NeowsBlessing","Replay:Towering Pillar of Hats","hubris:BundleOfHerbs","Replay:Mystery Machine","Oddly Smooth Stone","Sozu","Orrery","Tiny Chest","aspiration:HummingbirdHeart","Akabeko","Replay:Arrowhead","Toy Ornithopter"],"acts_visited":["Exordium","TheCity"],"potions_floor_usage":[18,18,18],"damage_taken":[{"damage":0.0,"enemies":"2 Louse","floor":1.0,"turns":1.0},{"damage":0,"enemies":"Jaw Worm","floor":5,"turns":1},{"damage":0,"enemies":"3 Sentries","floor":7,"turns":1},{"damage":3,"enemies":"conspire:RoseBush","floor":12,"turns":2},{"damage":10,"enemies":"Gremlin Nob","floor":13,"turns":4},{"damage":18,"enemies":"Lots of Slimes","floor":14,"turns":6},{"damage":3,"enemies":"2 Fungi Beasts","floor":15,"turns":4},{"damage":65,"enemies":"3 Sentries","floor":16,"turns":14},{"damage":37,"enemies":"The Guardian","floor":18,"turns":13},{"damage":0,"enemies":"conspire:FuzzyDice","floor":20,"turns":9},{"damage":47,"enemies":"3 Byrds","floor":23,"turns":8},{"damage":26,"enemies":"Cultist and Chosen","floor":24,"turns":10},{"damage":18,"enemies":"conspire:SneckoGhost","floor":25,"turns":14},{"damage":4,"enemies":"Replay:Snechameleon","floor":27,"turns":8},{"damage":17,"enemies":"Centurion and Healer","floor":29,"turns":10},{"damage":0,"enemies":"Snake Plant","floor":32,"turns":3},{"damage":73,"enemies":"Automaton","floor":35,"turns":6}],"seed_played":"-3543705442262779992","potions_obtained":[{"floor":1.0,"key":"Strength Potion"},{"floor":5,"key":"ColorlessPotion"},{"floor":7,"key":"Regen Potion"},{"floor":14,"key":"bronze:BurnAndBuffPotion"}],"is_trial":false,"path_per_floor":["M","?","?","$","M","R","E","?","T","PTL","PTL","M","E","M","M","E","R","B",null,"M","?","$","M","M","E","R","E","T","M","R","$","M","T","R","B"],"character_chosen":"IRONCLAD","items_purchased":["Clothesline","Orrery","Replay:Arrowhead"],"campfire_rested":1,"item_purchase_floors":[4,22,31],"current_hp_per_floor":[80,80,80,80,80,80,80,80,80,80,80,80,76,68,80,30,30,43,80,80,72,72,35,19,15,39,47,47,44,44,44,57,57,57,0,0],"gold":63,"neow_bonus":"THREE_ENEMY_KILL","is_daily":false,"chose_seed":false,"campfire_upgraded":5,"win_rate":0.0,"timestamp":1612730171,"path_taken":["M","?","?","?","?","R","E","?","T","PTL","PTL","M","E","?","M","E","R","BOSS","M","?","$","M","M","E","R","E","T","M","R","?","M","?","R","BOSS"],"items_purchased_type":["Card","Relic","Relic"],"build_version":"2020-12-22","purchased_purges":1,"victory":false,"max_hp_per_floor":[80,80,80,80,80,80,80,80,80,80,80,80,80,80,80,80,80,80,80,80,80,80,80,80,80,80,80,80,80,80,80,80,80,80,80,80],"relic_stats":{"Sozu":2,"counters":[17,114],"Tiny Chest":0,"obtain_stats":[{"NeowsBlessing":0,"Replay:Towering Pillar of Hats":7,"Oddly Smooth Stone":16,"aspiration:HummingbirdHeart":27,"Replay:Mystery Machine":13,"Burning Blood":0,"Akabeko":28,"Replay:Arrowhead":31,"Sozu":19,"Orrery":22,"Tiny Chest":25,"hubris:BundleOfHerbs":9,"Toy Ornithopter":33},{"NeowsBlessing":0,"Replay:Towering Pillar of Hats":3,"Oddly Smooth Stone":8,"aspiration:HummingbirdHeart":14,"Replay:Mystery Machine":5,"Burning Blood":0,"Akabeko":14,"Replay:Arrowhead":15,"Sozu":9,"Orrery":10,"Tiny Chest":13,"hubris:BundleOfHerbs":3,"Toy Ornithopter":16},{"NeowsBlessing":0,"Replay:Towering Pillar of Hats":3,"Oddly Smooth Stone":33,"aspiration:HummingbirdHeart":95,"Replay:Mystery Machine":9,"Burning Blood":0,"Akabeko":95,"Replay:Arrowhead":105,"Sozu":46,"Orrery":55,"Tiny Chest":87,"hubris:BundleOfHerbs":3,"Toy Ornithopter":108}],"Burning Blood":68,"Toy Ornithopter":0},"card_choices":[{"not_picked":["Armaments","Body Slam","Clothesline"],"picked":"SKIP","floor":1.0},{"not_picked":["Flex","Infernal Blade"],"picked":"Disarm","floor":5},{"not_picked":["Perfected Strike","Clothesline"],"picked":"ReplayTheSpireMod:Stacked","floor":7},{"not_picked":["Shrug It Off","ReplayTheSpireMod:Strike From Hell","True Grit"],"picked":"SKIP","floor":12},{"not_picked":["Feel No Pain","Sever Soul"],"picked":"Reaper","floor":13},{"not_picked":["Perfected Strike","Run Through","Uppercut"],"picked":"SKIP","floor":14},{"not_picked":["Wild Strike","Headbutt"],"picked":"hubris:SharpeningStone","floor":15},{"not_picked":["Replay:Undeath\u0027s Touch","Twin Strike","Intimidate"],"picked":"SKIP","floor":16},{"not_picked":["Eclipse","Impervious"],"picked":"Limit Break","floor":18},{"not_picked":["hubris:ReadiedAction","Anger+1"],"picked":"Run Through","floor":20},{"not_picked":["Run Through","Pommel Strike"],"picked":"Dropkick+1","floor":22},{"not_picked":["Perfected Strike","Anger"],"picked":"Demonic Infusion","floor":22},{"not_picked":["Shockwave","Headbutt+1"],"picked":"Disarm","floor":23},{"not_picked":["Sword Boomerang","Headbutt"],"picked":"Shrug It Off+1","floor":24},{"not_picked":["Clash","Seeing Red+1"],"picked":"ReplayTheSpireMod:Stacked","floor":25},{"not_picked":["Iron Wave","Power Through","Twin Strike"],"picked":"SKIP","floor":27},{"not_picked":["Barricade","Twin Strike","Anger"],"picked":"SKIP","floor":29},{"not_picked":["Anger+1","Body Slam"],"picked":"ReplayTheSpireMod:Stacked","floor":32}],"player_experience":289207,"relics_obtained":[{"floor":7,"key":"Replay:Towering Pillar of Hats"},{"floor":9,"key":"hubris:BundleOfHerbs"},{"floor":13,"key":"Replay:Mystery Machine"},{"floor":16,"key":"Oddly Smooth Stone"},{"floor":25,"key":"Tiny Chest"},{"floor":27,"key":"aspiration:HummingbirdHeart"},{"floor":28,"key":"Akabeko"},{"floor":33,"key":"Toy Ornithopter"}],"event_choices":[{"damage_healed":0,"gold_gain":0,"player_choice":"Ignored","damage_taken":0,"max_hp_gain":0,"max_hp_loss":0,"event_name":"Shining Light","floor":2,"gold_loss":0},{"damage_healed":0,"gold_gain":0,"player_choice":"Upgraded","damage_taken":0,"max_hp_gain":0,"max_hp_loss":0,"event_name":"Upgrade Shrine","floor":8,"gold_loss":0,"cards_upgraded":["Disarm"]},{"damage_healed":0,"gold_gain":75,"player_choice":"Touch","damage_taken":8,"max_hp_gain":0,"max_hp_loss":0,"event_name":"FaceTrader","floor":21,"gold_loss":0}],"is_beta":false,"boss_relics":[{"not_picked":["conspire:RoyalGoblet","Replay:Fungal Core"],"picked":"Sozu"}],"items_purged_floors":[4],"is_endless":false,"potions_floor_spawned":[1,5,7,14,27,29],"killed_by":"Automaton","ascension_level":2}}