{"host":"uc8wz0q199a7d901","time":1612690845,"event":{"mods":["2.2 Compatiblity","BaseMod","Colored Map","DeckTracker","Highlight Path","Minty Spire (QoL Compilation)","Permanent Neow","Quick Restart","SuperFastMode"],"gold_per_floor":[114,114,133,152,152,190,190,209,284,303,303,322,341,416,416,541,541,560,579,121,121,140,140,159,159,159,159,178,216,216,235,235,360,360,379,398,417,121,140,140,178,178,178,178,453,72,91,110,110,110],"floor_reached":51,"language":"KOR","playtime":2007,"items_purged":["Strike_G","Strike_G"],"score":728,"play_id":"a3c53014-3a98-431d-9cfe-22666640dcb2","local_time":"20210207184045","daily_mods":["Heirloom","ControlledChaos","Lethality"],"is_ascension_mode":false,"campfire_choices":[{"data":"Backflip","floor":7.0,"key":"SMITH"},{"data":"Malaise","floor":11.0,"key":"SMITH"},{"data":"Footwork","floor":15.0,"key":"SMITH"},{"data":"Noxious Fumes","floor":23.0,"key":"SMITH"},{"data":"Prepared","floor":25.0,"key":"SMITH"},{"data":"Survivor","floor":27.0,"key":"SMITH"},{"floor":30.0,"key":"REST"},{"floor":32.0,"key":"REST"},{"data":"Trip","floor":40,"key":"SMITH"},{"floor":42,"key":"REST"},{"floor":44,"key":"REST"},{"floor":49,"key":"REST"}],"circlet_count":0,"master_deck":["Strike_G","Strike_G","Strike_G","Defend_G","Defend_G","Defend_G","Defend_G","Defend_G","Survivor+1","Neutralize+1","Prepared+1","Eviscerate+1","Backflip+1","Malaise+1","Footwork+1","Corpse Explosion","Cloak And Dagger+1","Malaise+1","Trip+1","Footwork+1","Noxious Fumes+1","PiercingWail+1","Doppelganger+1","Footwork+1","Acrobatics+1","Blade Dance+1","Regret","Enlightenment+1","Well Laid Plans","Tactician+1"],"relics":["Ring of the Snake","Frozen Eye","Thread and Needle","Golden Idol","Bird Faced Urn","Matryoshka","Black Star","Pen Nib","DollysMirror","Boot","Toxic Egg 2","Vajra","InkBottle","Busted Crown","Potion Belt","Dream Catcher","Nunchaku","Happy Flower","Lizard Tail","HandDrill"],"acts_visited":["Exordium","TheCity","TheBeyond"],"potions_floor_usage":[41,50,50,50,50,50,50,50,50],"damage_taken":[{"damage":0.0,"enemies":"2 Louse","floor":1.0,"turns":2.0},{"damage":0.0,"enemies":"Jaw Worm","floor":3.0,"turns":3.0},{"damage":0.0,"enemies":"Cultist","floor":4.0,"turns":2.0},{"damage":13.0,"enemies":"Lagavulin","floor":6.0,"turns":6.0},{"damage":1.0,"enemies":"Looter","floor":8.0,"turns":2.0},{"damage":4.0,"enemies":"Gremlin Gang","floor":10.0,"turns":5.0},{"damage":0.0,"enemies":"Red Slaver","floor":12.0,"turns":2.0},{"damage":0.0,"enemies":"Blue Slaver","floor":13.0,"turns":2.0},{"damage":8.0,"enemies":"The Guardian","floor":16.0,"turns":12.0},{"damage":5.0,"enemies":"Spheric Guardian","floor":18.0,"turns":5.0},{"damage":9.0,"enemies":"Chosen","floor":19.0,"turns":4.0},{"damage":12.0,"enemies":"Snake Plant","floor":22.0,"turns":5.0},{"damage":1.0,"enemies":"Cultist and Chosen","floor":24.0,"turns":3.0},{"damage":5.0,"enemies":"Snecko","floor":28.0,"turns":4.0},{"damage":21.0,"enemies":"Book of Stabbing","floor":29.0,"turns":5.0},{"damage":10.0,"enemies":"Sentry and Sphere","floor":31.0,"turns":4.0},{"damage":50.0,"enemies":"Champ","floor":33.0,"turns":11.0},{"damage":0.0,"enemies":"Orb Walker","floor":35.0,"turns":3.0},{"damage":6.0,"enemies":"3 Darklings","floor":36.0,"turns":4.0},{"damage":0.0,"enemies":"Sphere and 2 Shapes","floor":37.0,"turns":6.0},{"damage":0,"enemies":"Jaw Worm Horde","floor":39,"turns":5},{"damage":49,"enemies":"Giant Head","floor":41,"turns":9},{"damage":5,"enemies":"3 Darklings","floor":47,"turns":3},{"damage":8,"enemies":"Sphere and 2 Shapes","floor":48,"turns":4},{"damage":65,"enemies":"Time Eater","floor":50,"turns":10}],"seed_played":"8884597751285247366","potions_obtained":[{"floor":3.0,"key":"SneckoOil"},{"floor":6.0,"key":"AttackPotion"},{"floor":10.0,"key":"Strength Potion"},{"floor":16.0,"key":"EntropicBrew"},{"floor":22.0,"key":"Regen Potion"},{"floor":24.0,"key":"DuplicationPotion"},{"floor":33.0,"key":"Energy Potion"},{"floor":37.0,"key":"SmokeBomb"},{"floor":48,"key":"FearPotion"}],"is_trial":false,"path_per_floor":["M","?","M","M","?","E","R","M","T","M","R","M","M","?","R","B",null,"M","M","$","?","M","R","M","R","T","R","M","E","R","M","R","B",null,"M","M","M","$","M","R","E","R","T","R","?","$","M","M","R","B",null],"character_chosen":"THE_SILENT","items_purchased":["Pen Nib","DollysMirror","Trip","Potion Belt","Acrobatics+1","HandDrill","Enlightenment+1","EntropicBrew","SteroidPotion"],"campfire_rested":5,"item_purchase_floors":[20,20,20,38,38,46,46,46,46],"current_hp_per_floor":[70,65,65,65,52,39,39,38,38,38,38,38,38,27,27,35,65,60,53,53,53,45,45,44,44,44,44,41,22,41,33,52,16,65,65,59,65,65,65,65,34,53,53,65,65,65,60,57,65,14],"gold":110,"neow_bonus":"","is_daily":true,"chose_seed":false,"campfire_upgraded":7,"win_rate":0.0,"timestamp":1612690845,"path_taken":["M","?","M","M","?","E","R","M","T","M","R","M","?","?","R","BOSS","M","M","$","?","?","R","M","R","T","R","M","E","R","M","R","BOSS","M","M","M","$","M","R","E","R","T","R","?","$","M","?","R","BOSS"],"items_purchased_type":["Relic","Relic","Card","Relic","Card","Relic","Card","Potion","Potion"],"build_version":"2020-12-22","purchased_purges":2,"victory":true,"max_hp_per_floor":[70,65,65,65,65,65,65,65,65,65,65,65,65,65,65,65,65,65,65,65,65,65,65,65,65,65,65,65,65,65,65,65,65,65,65,65,65,65,65,65,65,65,65,65,65,65,65,65,65,65],"card_choices":[{"not_picked":["Dodge and Roll","Deflect"],"picked":"Prepared","floor":1.0},{"not_picked":["Prepared","Deflect"],"picked":"Eviscerate","floor":3.0},{"not_picked":["PiercingWail","Dodge and Roll","Outmaneuver"],"picked":"SKIP","floor":4.0},{"not_picked":["Heel Hook","Outmaneuver"],"picked":"Backflip","floor":6.0},{"not_picked":["Tactician","Quick Slash"],"picked":"Malaise","floor":8.0},{"not_picked":["Bane","Prepared","Flying Knee"],"picked":"SKIP","floor":10.0},{"not_picked":["Concentrate","Flying Knee"],"picked":"Footwork","floor":12.0},{"not_picked":["Bane","Quick Slash","Concentrate"],"picked":"SKIP","floor":13.0},{"not_picked":["Venomology","Wraith Form v2"],"picked":"Corpse Explosion","floor":16.0},{"not_picked":["All Out Attack","Outmaneuver","Backflip"],"picked":"SKIP","floor":18.0},{"not_picked":["PiercingWail","Acrobatics"],"picked":"Cloak And Dagger+1","floor":19.0},{"not_picked":["Heel Hook","PiercingWail"],"picked":"Noxious Fumes","floor":22.0},{"not_picked":["Expertise","Acrobatics"],"picked":"PiercingWail+1","floor":24.0},{"not_picked":["Outmaneuver+1","Quick Slash+1","Cloak And Dagger+1"],"picked":"SKIP","floor":28.0},{"not_picked":["Concentrate+1","Prepared+1","Corpse Explosion+1"],"picked":"SKIP","floor":29.0},{"not_picked":["PiercingWail+1","Sucker Punch+1","Outmaneuver+1"],"picked":"SKIP","floor":31.0},{"not_picked":["A Thousand Cuts","Phantasmal Killer+1"],"picked":"Doppelganger+1","floor":33.0},{"not_picked":["PiercingWail+1"],"picked":"SKIP","floor":35.0},{"not_picked":[],"picked":"Footwork+1","floor":36.0},{"not_picked":["Infinite Blades"],"picked":"SKIP","floor":37.0},{"not_picked":["Bane+1"],"picked":"SKIP","floor":39},{"not_picked":["Footwork"],"picked":"SKIP","floor":41},{"not_picked":[],"picked":"Blade Dance+1","floor":44},{"not_picked":[],"picked":"Well Laid Plans","floor":47},{"not_picked":[],"picked":"Tactician+1","floor":48}],"player_experience":730278,"relics_obtained":[{"floor":6.0,"key":"Bird Faced Urn"},{"floor":9.0,"key":"Matryoshka"},{"floor":26.0,"key":"Boot"},{"floor":26.0,"key":"Toxic Egg 2"},{"floor":29.0,"key":"Vajra"},{"floor":29.0,"key":"InkBottle"},{"floor":41,"key":"Dream Catcher"},{"floor":41,"key":"Nunchaku"},{"floor":43,"key":"Happy Flower"},{"floor":43,"key":"Lizard Tail"}],"event_choices":[{"damage_healed":0.0,"max_hp_gain":0.0,"max_hp_loss":5.0,"gold_gain":0.0,"event_name":"Golden Idol","player_choice":"Lose Max HP","floor":2.0,"gold_loss":0.0,"damage_taken":0.0,"relics_obtained":["Golden Idol"]},{"damage_healed":0.0,"max_hp_gain":0.0,"max_hp_loss":0.0,"gold_gain":0.0,"event_name":"Shining Light","player_choice":"Entered Light","floor":5.0,"gold_loss":0.0,"damage_taken":13.0,"cards_upgraded":["Eviscerate","Neutralize"]},{"damage_healed":0.0,"max_hp_gain":0.0,"max_hp_loss":0.0,"gold_gain":75.0,"event_name":"World of Goop","player_choice":"Gather Gold","floor":14.0,"gold_loss":0.0,"damage_taken":11.0},{"damage_healed":0.0,"max_hp_gain":0.0,"max_hp_loss":0.0,"gold_gain":0.0,"event_name":"Duplicator","player_choice":"Copied","floor":21.0,"gold_loss":0.0,"damage_taken":0.0,"cards_obtained":["Footwork"]},{"damage_healed":0,"gold_gain":275,"player_choice":"Desecrate","damage_taken":0,"max_hp_gain":0,"max_hp_loss":0,"event_name":"Golden Shrine","floor":45,"gold_loss":0,"cards_obtained":["Regret"]}],"is_beta":false,"boss_relics":[{"not_picked":["Ring of the Serpent","Philosopher\u0027s Stone"],"picked":"Black Star"},{"not_picked":["Astrolabe","Calling Bell"],"picked":"Busted Crown"}],"items_purged_floors":[20,38],"is_endless":false,"potions_floor_spawned":[3,6,10,16,22,24,33,37,48],"ascension_level":0}}