{"host":"v3qphhcqhwfpabne","time":1612706350,"event":{"mods":["100% Spire Juice","2.2 Compatiblity","BaseMod","CapriCore","KinomotoSakuraMod(ÙÊñýÜâ?)","Koishi","Marisa£¨Ùöéë¡¡Øª×âÞÞ£©","Minty Spire (QoL Compilation)","Permanent Neow","Prisma Mod","StSLib","Td1madao Mod","The Bug Knight","The Cursed","The Immortal","The Runesmith","WarShipGirlsR/??á´Ò³R mod"],"gold_per_floor":[116,130,144,164,164,164,182,237,237,237,247,277,39,69,69,164,164,136,61,73,73,73],"floor_reached":21,"language":"KOR","playtime":1157,"items_purged":[],"score":181,"play_id":"54c50bf0-7765-43ae-9a8c-959878dff792","local_time":"20210207225910","is_ascension_mode":false,"campfire_choices":[{"data":"Runesmith:CraftIncendium","floor":6,"key":"SMITH"},{"data":"Runesmith:CraftFirestone","floor":10,"key":"SMITH"},{"floor":15,"key":"REST"}],"circlet_count":0,"master_deck":["Runesmith:Strike_RS","Runesmith:Strike_RS","Runesmith:Strike_RS","Runesmith:Strike_RS","Runesmith:Defend_RS","Runesmith:Defend_RS","Runesmith:Defend_RS","Runesmith:Defend_RS","Runesmith:CraftFirestone+1","Runesmith:Fortify","Runesmith:CraftIncendium+1","Runesmith:HeatedChisel","Runesmith:Repurpose","Runesmith:CraftIndustria","Runesmith:UnlimitedPower","Runesmith:Attraction","Runesmith:RunicBlueprint"],"relics":["Runesmith:BrokenRuby","InkBottle","MealTicket","Peace Pipe","Odd Mushroom","Boot","Cursed Key"],"acts_visited":["Exordium","TheCity"],"potions_floor_usage":[16,16,16,21],"damage_taken":[{"damage":6,"enemies":"Small Slimes","floor":1,"turns":4},{"damage":4,"enemies":"Jaw Worm","floor":2,"turns":6},{"damage":0,"enemies":"2 Louse","floor":3,"turns":3},{"damage":1,"enemies":"2 Fungi Beasts","floor":4,"turns":4},{"damage":5,"enemies":"Looter","floor":7,"turns":4},{"damage":9,"enemies":"Exordium Wildlife","floor":11,"turns":4},{"damage":10,"enemies":"The Mushroom Lair","floor":12,"turns":6},{"damage":21,"enemies":"3 Sentries","floor":14,"turns":6},{"damage":30,"enemies":"The Guardian","floor":16,"turns":9},{"damage":35,"enemies":"2 Thieves","floor":18,"turns":5},{"damage":25,"enemies":"Snecko","floor":20,"turns":6},{"damage":30,"enemies":"3 Cultists","floor":21,"turns":3}],"seed_played":"-4264059527188282352","potions_obtained":[{"floor":1,"key":"Weak Potion"},{"floor":7,"key":"Strength Potion"},{"floor":14,"key":"EssenceOfSteel"},{"floor":16,"key":"Explosive Potion"}],"is_trial":false,"path_per_floor":["M","M","M","M","?","R","M","T","T","R","M","?","$","E","R","B",null,"M","?","M","M"],"character_chosen":"RUNESMITH_CLASS","items_purchased":["Runesmith:CraftIndustria","Runesmith:Firestorm"],"campfire_rested":1,"item_purchase_floors":[13,13],"current_hp_per_floor":[57,53,53,52,40,40,35,35,35,35,26,16,31,10,35,5,84,49,49,24,0,0],"gold":73,"neow_bonus":"TWENTY_PERCENT_HP_BONUS","is_daily":false,"chose_seed":false,"campfire_upgraded":2,"win_rate":0.0,"timestamp":1612706350,"path_taken":["M","M","M","M","?","R","M","?","T","R","M","?","$","E","R","BOSS","M","?","M","M"],"items_purchased_type":["Card","Card"],"build_version":"2020-12-22","purchased_purges":0,"victory":false,"max_hp_per_floor":[84,84,84,84,84,84,84,84,84,84,84,84,84,84,84,84,84,84,84,84,84,84],"card_choices":[{"not_picked":["Runesmith:Prism","Runesmith:CraftVitae","Runesmith:CraftProtectio"],"picked":"SKIP","floor":1},{"not_picked":["Runesmith:ChiselStab","Runesmith:MakeshiftArmor"],"picked":"Runesmith:CraftIncendium","floor":2},{"not_picked":["Runesmith:BackupBattery","Runesmith:Empowerment","Runesmith:HeatExchange"],"picked":"SKIP","floor":3},{"not_picked":["Runesmith:Grindstone","Runesmith:RuneHurl"],"picked":"Runesmith:HeatedChisel","floor":4},{"not_picked":["Runesmith:HammerThrow","Runesmith:BackupBattery","Runesmith:StaticCage"],"picked":"SKIP","floor":7},{"not_picked":["Runesmith:OneForEveryone","Runesmith:CraftProtectio","Runesmith:MakeshiftArmor"],"picked":"SKIP","floor":11},{"not_picked":["Runesmith:EnergizedChisel","Runesmith:Prism"],"picked":"Runesmith:Repurpose","floor":12},{"not_picked":["Runesmith:DoubleUp","Runesmith:CraftMedicinae","Runesmith:MakeshiftArmor"],"picked":"SKIP","floor":14},{"not_picked":["Runesmith:CraftMedicinae","Runesmith:DuctTape"],"picked":"Runesmith:UnlimitedPower","floor":16},{"not_picked":["Runesmith:HammerThrow","Runesmith:ElementalConversion"],"picked":"Runesmith:Attraction","floor":18},{"not_picked":["Runesmith:HeatedChisel+1","Runesmith:ChiselStab"],"picked":"Runesmith:RunicBlueprint","floor":20}],"player_experience":95048,"relics_obtained":[{"floor":8,"key":"MealTicket"},{"floor":9,"key":"Peace Pipe"},{"floor":12,"key":"Odd Mushroom"},{"floor":14,"key":"Boot"}],"event_choices":[{"damage_healed":0,"gold_gain":0,"player_choice":"Success","damage_taken":12,"relics_obtained":["InkBottle"],"max_hp_gain":0,"max_hp_loss":0,"event_name":"Scrap Ooze","floor":5,"gold_loss":0},{"damage_healed":0,"gold_gain":0,"player_choice":"Fought Mushrooms","damage_taken":0,"max_hp_gain":0,"max_hp_loss":0,"event_name":"Mushrooms","floor":12,"gold_loss":0},{"cards_removed":["Runesmith:Firestorm"],"damage_healed":0,"gold_gain":0,"player_choice":"Gave Gold","damage_taken":0,"max_hp_gain":0,"max_hp_loss":0,"event_name":"Beggar","floor":19,"gold_loss":75}],"is_beta":false,"boss_relics":[{"not_picked":["Runesmith:CoreCrystal","Busted Crown"],"picked":"Cursed Key"}],"items_purged_floors":[],"is_endless":false,"potions_floor_spawned":[1,7,14,16],"killed_by":"3 Cultists","ascension_level":0}}