{"host":"6a9c3xws62y7efyw","time":1612663175,"event":{"mods":["BaseMod","Colored Map","Minty Spire (QoL Compilation)","Relic Stats","StSLib"],"gold_per_floor":[110,120,138,63,74,74,74],"floor_reached":6,"language":"ENG","playtime":252,"items_purged":[],"score":76,"play_id":"67feea03-0522-4c56-90d7-1ae1f6955dcb","local_time":"20210206175935","is_ascension_mode":true,"campfire_choices":[],"circlet_count":0,"master_deck":["AscendersBane","Strike_G","Strike_G","Strike_G","Strike_G","Defend_G","Defend_G","Defend_G","Defend_G","Defend_G","Survivor","Neutralize","Dash","All Out Attack","Dagger Spray","All Out Attack"],"relics":["Black Star"],"acts_visited":["Exordium"],"potions_floor_usage":[6],"damage_taken":[{"damage":0,"enemies":"2 Louse","floor":1,"turns":4},{"damage":4,"enemies":"Small Slimes","floor":2,"turns":4},{"damage":6,"enemies":"Cultist","floor":3,"turns":4},{"damage":24,"enemies":"Exordium Wildlife","floor":5,"turns":5},{"damage":36,"enemies":"Gremlin Nob","floor":6,"turns":4}],"seed_played":"8743096587179837221","potions_obtained":[{"floor":1,"key":"BlessingOfTheForge"}],"is_trial":false,"path_per_floor":["M","M","M","?","M","E"],"character_chosen":"THE_SILENT","items_purchased":[],"campfire_rested":0,"item_purchase_floors":[],"current_hp_per_floor":[59,55,49,49,25,0,0],"gold":74,"neow_bonus":"BOSS_RELIC","is_daily":false,"chose_seed":false,"campfire_upgraded":0,"win_rate":0.0,"timestamp":1612663175,"path_taken":["M","M","M","?","M","E"],"items_purchased_type":[],"build_version":"2020-12-22","purchased_purges":0,"victory":false,"max_hp_per_floor":[66,66,66,66,66,66,66],"relic_stats":{"counters":[5,21],"Black Star":0,"obtain_stats":[{"Black Star":0,"Ring of the Snake":0},{"Black Star":0,"Ring of the Snake":0},{"Black Star":0,"Ring of the Snake":0}]},"card_choices":[{"not_picked":["Leg Sweep","Underhanded Strike"],"picked":"Dash","floor":1},{"not_picked":["Flying Knee","Blur"],"picked":"All Out Attack","floor":2},{"not_picked":["Backflip","Setup"],"picked":"Dagger Spray","floor":3},{"not_picked":["Deadly Poison","Dagger Throw"],"picked":"All Out Attack","floor":5}],"player_experience":1495176,"relics_obtained":[],"event_choices":[{"cards_removed":["Strike_G"],"damage_healed":0,"gold_gain":0,"player_choice":"Card Removal","damage_taken":0,"max_hp_gain":0,"max_hp_loss":0,"event_name":"The Cleric","floor":4,"gold_loss":75}],"is_beta":false,"boss_relics":[],"items_purged_floors":[],"is_endless":false,"potions_floor_spawned":[1],"killed_by":"Gremlin Nob","ascension_level":20}}