{"host":"wshey5htrz8rni6u","time":1612688713,"event":{"mods":["2.2 Compatiblity","BaseMod","Best Route Mod","Block Reminder","Colored Map","Colored Powertips","Current Relic Mod","Curses Come First","Dark Map","Key Reminder","Minty Spire (QoL Compilation)","Potion Indicator Mod","Quick Restart","Random Character Button","Relic Sorter","Relic Stats","StSLib","SuperFastMode","Unceasing Turn Reminder"],"gold_per_floor":[115,115,115,126,126,137,171,171,199,199,199,217,232,252,32,32,128,128,142,142,62,78,103,103,113,113,113,113,148,148,148,182,182,182,182],"floor_reached":34,"language":"ENG","playtime":2088,"items_purged":["Regret"],"score":373,"play_id":"ba0b111f-0c60-4136-be52-403de0847196","local_time":"20210207010513","is_ascension_mode":false,"campfire_choices":[{"data":"Armaments","floor":8,"key":"SMITH"},{"floor":11,"key":"REST"},{"data":"Disarm","floor":16,"key":"SMITH"},{"floor":24,"key":"REST"},{"floor":28,"key":"REST"},{"floor":30,"key":"REST"},{"floor":33,"key":"REST"}],"circlet_count":0,"master_deck":["Defend_R","Defend_R+1","Defend_R+1","Defend_R","Bash","Shockwave","Iron Wave","Disarm+1","Armaments+1","Bludgeon","Rage+1","Twin Strike","Armaments+1","Battle Trance+1","Infernal Blade+1","Ghostly Armor+1","Intimidate+1","Corruption","Feel No Pain","Feel No Pain","Ghostly Armor+1","Body Slam+1","Ghostly+1","Ghostly+1","Ghostly+1","Ghostly+1","Ghostly+1","Iron Wave","Bite","Bite","Bite","Bite","Bite","Pommel Strike"],"relics":["Burning Blood","Letter Opener","Pen Nib","Centennial Puzzle","Toxic Egg 2","Orrery","Fusion Hammer","Toy Ornithopter","Eternal Feather","Boot","MealTicket"],"acts_visited":["Exordium","TheCity"],"potions_floor_usage":[7,9,22,29,34,34],"damage_taken":[{"damage":1,"enemies":"Jaw Worm","floor":1,"turns":5},{"damage":2,"enemies":"2 Louse","floor":4,"turns":3},{"damage":3,"enemies":"Cultist","floor":6,"turns":4},{"damage":40,"enemies":"3 Sentries","floor":7,"turns":12},{"damage":24,"enemies":"Gremlin Nob","floor":9,"turns":5},{"damage":7,"enemies":"Looter","floor":12,"turns":3},{"damage":15,"enemies":"Exordium Thugs","floor":13,"turns":5},{"damage":0,"enemies":"Large Slime","floor":14,"turns":2},{"damage":8,"enemies":"The Guardian","floor":17,"turns":8},{"damage":11,"enemies":"Spheric Guardian","floor":19,"turns":4},{"damage":0,"enemies":"3 Byrds","floor":22,"turns":4},{"damage":2,"enemies":"Cultist and Chosen","floor":25,"turns":8},{"damage":2,"enemies":"Slavers","floor":29,"turns":8},{"damage":3,"enemies":"Book of Stabbing","floor":32,"turns":4},{"damage":46,"enemies":"Champ","floor":34,"turns":14}],"seed_played":"8633239464842323084","potions_obtained":[{"floor":1,"key":"EssenceOfSteel"},{"floor":5,"key":"DistilledChaos"},{"floor":5,"key":"FearPotion"},{"floor":6,"key":"ColorlessPotion"},{"floor":12,"key":"BloodPotion"},{"floor":14,"key":"Ancient Potion"},{"floor":19,"key":"Fruit Juice"},{"floor":22,"key":"PowerPotion"}],"is_trial":false,"path_per_floor":["M","?","?","M","?","M","E","R","E","T","R","M","M","M","$","R","B",null,"M","?","$","M","T","R","M","?","T","R","E","R","?","E","R","B"],"character_chosen":"IRONCLAD","items_purchased":["Orrery","Feel No Pain"],"campfire_rested":5,"item_purchase_floors":[15,21],"current_hp_per_floor":[80,64,64,68,68,71,37,37,19,19,43,42,33,39,39,39,37,80,75,75,75,85,85,85,85,42,42,42,42,42,29,29,29,0,0],"gold":182,"neow_bonus":"","is_daily":false,"chose_seed":false,"campfire_upgraded":2,"win_rate":0.0,"timestamp":1612688713,"path_taken":["M","?","?","M","?","M","E","R","E","T","R","?","M","M","$","R","BOSS","M","?","$","M","?","R","M","?","T","R","E","R","?","E","R","BOSS"],"items_purchased_type":["Relic","Card"],"build_version":"2020-12-13","purchased_purges":1,"victory":false,"max_hp_per_floor":[80,80,80,80,80,80,80,80,80,80,80,80,80,80,80,80,80,80,80,80,80,85,85,85,85,42,42,42,42,42,29,29,29,29,29],"relic_stats":{"Centennial Puzzle":[24],"counters":[15,89],"Eternal Feather":0,"MealTicket":0,"Pen Nib":[9],"Letter Opener":[139],"Boot":[6],"obtain_stats":[{"Centennial Puzzle":9,"Orrery":15,"Eternal Feather":27,"MealTicket":32,"Pen Nib":7,"Fusion Hammer":18,"Letter Opener":3,"Toxic Egg 2":10,"Boot":29,"Burning Blood":0,"Toy Ornithopter":23},{"Centennial Puzzle":5,"Orrery":8,"Eternal Feather":12,"MealTicket":14,"Pen Nib":4,"Fusion Hammer":9,"Letter Opener":1,"Toxic Egg 2":5,"Boot":13,"Burning Blood":0,"Toy Ornithopter":11},{"Centennial Puzzle":29,"Orrery":39,"Eternal Feather":63,"MealTicket":75,"Pen Nib":24,"Fusion Hammer":47,"Letter Opener":5,"Toxic Egg 2":29,"Boot":71,"Burning Blood":0,"Toy Ornithopter":55}],"Burning Blood":67,"Toy Ornithopter":5},"card_choices":[{"not_picked":["Ghostly Armor","Iron Wave"],"picked":"Shockwave","floor":1},{"not_picked":["Anger","Infernal Blade"],"picked":"Iron Wave","floor":4},{"not_picked":["Anger","Clothesline"],"picked":"Disarm","floor":6},{"not_picked":["Sword Boomerang","Thunderclap"],"picked":"Armaments","floor":7},{"not_picked":["Twin Strike","Shockwave"],"picked":"Bludgeon","floor":9},{"not_picked":["Flex+1","Anger"],"picked":"Rage+1","floor":12},{"not_picked":["Flex+1","Dark Embrace"],"picked":"Twin Strike","floor":13},{"not_picked":["Perfected Strike","Clothesline","Anger"],"picked":"SKIP","floor":14},{"not_picked":["Pommel Strike","Entrench+1"],"picked":"Armaments+1","floor":15},{"not_picked":["Infernal Blade+1","Headbutt"],"picked":"Battle Trance+1","floor":15},{"not_picked":["Metallicize","Perfected Strike"],"picked":"Infernal Blade+1","floor":15},{"not_picked":["True Grit+1","Warcry+1"],"picked":"Ghostly Armor+1","floor":15},{"not_picked":["Shrug It Off+1","Clash"],"picked":"Intimidate+1","floor":15},{"not_picked":["Impervious+1","Fiend Fire"],"picked":"Corruption","floor":17},{"not_picked":["Anger","Sword Boomerang+1"],"picked":"Feel No Pain","floor":19},{"not_picked":["Searing Blow","Warcry+1"],"picked":"Ghostly Armor+1","floor":22},{"not_picked":["Headbutt","Clash+1"],"picked":"Body Slam+1","floor":25},{"not_picked":["Cleave","Warcry+1"],"picked":"Iron Wave","floor":29},{"not_picked":["Pommel Strike","Cleave+1","Sword Boomerang"],"picked":"SKIP","floor":32},{"not_picked":["Cleave+1","Sword Boomerang"],"picked":"Pommel Strike","floor":32}],"player_experience":0,"relics_obtained":[{"floor":7,"key":"Pen Nib"},{"floor":9,"key":"Centennial Puzzle"},{"floor":10,"key":"Toxic Egg 2"},{"floor":23,"key":"Toy Ornithopter"},{"floor":27,"key":"Eternal Feather"},{"floor":29,"key":"Boot"},{"floor":32,"key":"MealTicket"}],"event_choices":[{"damage_healed":0,"gold_gain":0,"player_choice":"Entered Light","damage_taken":16,"max_hp_gain":0,"max_hp_loss":0,"event_name":"Shining Light","floor":2,"gold_loss":0,"cards_upgraded":["Defend_R","Defend_R"]},{"damage_healed":0,"gold_gain":0,"player_choice":"Box","damage_taken":0,"relics_obtained":["Letter Opener"],"max_hp_gain":0,"max_hp_loss":0,"event_name":"Big Fish","floor":3,"gold_loss":0,"cards_obtained":["Regret"]},{"damage_healed":0,"gold_gain":0,"player_choice":"Got Potions","damage_taken":0,"max_hp_gain":0,"max_hp_loss":0,"event_name":"Lab","floor":5,"gold_loss":0},{"cards_removed":["Strike_R"],"damage_healed":0,"gold_gain":0,"player_choice":"Elegance","damage_taken":0,"max_hp_gain":0,"max_hp_loss":0,"event_name":"Back to Basics","floor":20,"gold_loss":0},{"damage_healed":0,"gold_gain":0,"player_choice":"Became a Ghost","damage_taken":0,"max_hp_gain":0,"max_hp_loss":43,"event_name":"Ghosts","floor":26,"gold_loss":0,"cards_obtained":["Ghostly","Ghostly","Ghostly","Ghostly","Ghostly"]},{"damage_healed":0,"gold_gain":0,"player_choice":"Became a vampire","damage_taken":0,"max_hp_gain":0,"max_hp_loss":13,"event_name":"Vampires","floor":31,"gold_loss":0,"cards_obtained":["Bite","Bite","Bite","Bite","Bite"]}],"is_beta":false,"boss_relics":[{"not_picked":["Runic Cube","Busted Crown"],"picked":"Fusion Hammer"}],"items_purged_floors":[15],"is_endless":false,"potions_floor_spawned":[1,6,12,14,19,22],"killed_by":"Champ","ascension_level":0}}