{"host":"gj3450u0c4def4mj","time":1612731654,"event":{"mods":["Act Like it!","BaseMod","Gensokyo","Koishi","Minty Spire (QoL Compilation)","StSLib"],"gold_per_floor":[112,112,112,26,55,87,87,87,87,101,101,101,101,119,119,214,214,226,27,27,38,51,51,78,88,114,114,114,147,147,162,162,258,258,275,185,52,52,10,10,39,39,39,39,68,68,68,83,83,83],"floor_reached":51,"language":"ENG","playtime":3203,"items_purged":["Koishi:BasicStrike","Koishi:BasicStrike"],"score":1265,"play_id":"f6a28f8e-368a-4394-aad3-28338dfa8160","local_time":"20210207160054","is_ascension_mode":true,"campfire_choices":[{"data":"Koishi:ConfinedInnocent","floor":7,"key":"SMITH"},{"floor":11,"key":"REST"},{"data":"Koishi:VengefulSpirit","floor":13,"key":"SMITH"},{"data":"Koishi:RacingHeart","floor":15,"key":"SMITH"},{"data":"Koishi:ConfinedInnocent","floor":23,"key":"SMITH"},{"floor":27,"key":"REST"},{"data":"Koishi:FleetingPhantom","floor":30,"key":"SMITH"},{"data":"Koishi:FadingMemory","floor":32,"key":"SMITH"},{"data":"Koishi:Untouchable","floor":40,"key":"SMITH"},{"data":"Koishi:StingingMind","floor":47,"key":"SMITH"},{"data":"Koishi:StingingMind","floor":49,"key":"SMITH"}],"circlet_count":0,"master_deck":["AscendersBane","Koishi:BasicStrike","Koishi:BasicStrike","Koishi:BasicDefend","Koishi:BasicDefend","Koishi:BasicDefend","Koishi:BasicDefend","Koishi:Provoke","Koishi:HauntingSlash","Koishi:StingingMind+1","Koishi:VengefulSpirit+1","Koishi:ConfinedInnocent+1","Koishi:HeartfeltFancy","Koishi:ApparitionsStalkTheNight+1","Koishi:RacingHeart+1","Koishi:ConfinedInnocent+1","Koishi:UnseenTerror","Koishi:PredatoryInstincts","Koishi:HeartfeltFancy","Koishi:FleetingPhantom+1","Koishi:UnseenTerror","Koishi:FadingMemory+1","Koishi:RuptureMind","Gensokyo:CustomPotion","Koishi:Untouchable+1","Koishi:StingingMind+1"],"relics":["Koishi:ImaginaryFriend","NeowsBlessing","Juzu Bracelet","Nunchaku","PreservedInsect","Gensokyo:CelestialsFlawlessClothing","Gambling Chip","Toy Ornithopter","Velvet Choker","Ornamental Fan","Pen Nib","Sundial","Bird Faced Urn","Busted Crown","Boot","White Beast Statue","Lantern","Oddly Smooth Stone","Bag of Preparation"],"acts_visited":["Gensokyo:Gensokyo","Gensokyo:Gensokyoer","Gensokyo:Gensokyoest"],"potions_floor_usage":[16,25,33,33],"damage_taken":[{"damage":0,"enemies":"Gensokyo:2_Kodama","floor":1,"turns":1},{"damage":0,"enemies":"Gensokyo:Aya","floor":5,"turns":2},{"damage":0,"enemies":"Gensokyo:Cirno","floor":6,"turns":2},{"damage":10,"enemies":"Gensokyo:3_Fairies","floor":10,"turns":6},{"damage":12,"enemies":"Gensokyo:Gryphon","floor":14,"turns":4},{"damage":35,"enemies":"Gensokyo:Kokoro","floor":16,"turns":16},{"damage":22,"enemies":"Gensokyo:Chomper","floor":18,"turns":5},{"damage":10,"enemies":"Gensokyo:AngelMirror","floor":21,"turns":4},{"damage":29,"enemies":"Gensokyo:Monolith_and_Dog","floor":22,"turns":8},{"damage":34,"enemies":"Gensokyo:Koishi","floor":24,"turns":8},{"damage":45,"enemies":"Gensokyo:3_Gloops","floor":25,"turns":8},{"damage":16,"enemies":"Gensokyo:Tenshi","floor":29,"turns":6},{"damage":29,"enemies":"Gensokyo:Chomper_and_Gloop","floor":31,"turns":7},{"damage":42,"enemies":"Gensokyo:Kaguya","floor":33,"turns":10},{"damage":35,"enemies":"Gensokyo:3_Boulders","floor":35,"turns":8},{"damage":23,"enemies":"Gensokyo:Kasen","floor":41,"turns":9},{"damage":0,"enemies":"Gensokyo:Marisa","floor":45,"turns":6},{"damage":0,"enemies":"Gensokyo:3_Bats","floor":48,"turns":4},{"damage":0,"enemies":"Gensokyo:Shinki","floor":50,"turns":10}],"seed_played":"6489673325656416099","potions_obtained":[{"floor":6,"key":"SkillPotion"},{"floor":16,"key":"Fire Potion"},{"floor":18,"key":"DuplicationPotion"},{"floor":25,"key":"SneckoOil"},{"floor":35,"key":"BlessingOfTheForge"},{"floor":45,"key":"SkillPotion"}],"is_trial":false,"path_per_floor":["M","$","?","COS","?","E","R","?","T","M","R","?","R","M","R","B",null,"M","$","?","M","M","R","E","M","T","R","?","E","R","M","R","B",null,"M","?","$","?","COS","R","E","?","T","$","E","?","R","M","R","B",null],"character_chosen":"KOISHI","items_purchased":["Koishi:PredatoryInstincts","Koishi:HeartfeltFancy","Koishi:Untouchable"],"campfire_rested":2,"item_purchase_floors":[19,19,37],"current_hp_per_floor":[54,54,48,48,48,48,48,33,33,25,43,43,43,40,40,47,57,47,47,52,55,51,51,38,33,33,52,52,58,58,57,57,42,56,54,54,54,54,54,54,60,60,60,60,60,60,60,60,60,60],"gold":83,"neow_bonus":"THREE_ENEMY_KILL","is_daily":false,"chose_seed":false,"campfire_upgraded":9,"win_rate":0.0,"timestamp":1612731654,"path_taken":["M","?","?","COS","?","E","R","?","T","M","R","?","R","M","R","BOSS","M","$","?","M","M","R","E","M","T","R","?","E","R","M","R","BOSS","M","?","$","?","COS","R","E","?","T","?","E","?","R","M","R","BOSS"],"items_purchased_type":["Card","Card","Card"],"build_version":"2020-12-22","purchased_purges":2,"victory":true,"max_hp_per_floor":[60,60,60,60,60,60,60,60,60,60,60,60,60,60,60,60,60,60,60,65,65,65,65,65,65,65,65,60,60,60,60,60,60,60,60,60,60,60,60,60,60,60,60,60,60,60,60,60,60,60],"card_choices":[{"not_picked":["Koishi:UnansweredLove","Koishi:SpiritedAway"],"picked":"Koishi:StingingMind","floor":1},{"not_picked":["Koishi:BramblyRoseGarden","Koishi:FleetingPhantom"],"picked":"Koishi:VengefulSpirit","floor":5},{"not_picked":["Koishi:BloodcurdlingScream","Koishi:UnconsciousUprising"],"picked":"Koishi:ConfinedInnocent","floor":6},{"not_picked":["Koishi:ReleaseOfTheId","Koishi:MindNumbingTerror"],"picked":"Koishi:HeartfeltFancy","floor":10},{"not_picked":["Koishi:StingingMind","Koishi:ReflexRadar"],"picked":"Koishi:RacingHeart","floor":14},{"not_picked":["Koishi:FadingMemory","Koishi:SuperEgo"],"picked":"Koishi:ConfinedInnocent","floor":16},{"not_picked":["Koishi:JumpScare","Koishi:YoukaiPolygraph+1"],"picked":"Koishi:UnseenTerror","floor":18},{"not_picked":["Koishi:ReleaseOfTheId","Koishi:PhantomStrike","Koishi:SubconsciousSweep"],"picked":"SKIP","floor":21},{"not_picked":["Koishi:BloodcurdlingScream","Koishi:ApparitionsStalkTheNight","Koishi:VengefulSpirit"],"picked":"SKIP","floor":22},{"not_picked":["Koishi:BloodcurdlingScream","Koishi:ApparitionsStalkTheNight","Koishi:VengefulSpirit"],"picked":"SKIP","floor":22},{"not_picked":["Koishi:GhostParty","Koishi:UnansweredLove","Koishi:YoukaiPolygraph+1"],"picked":"SKIP","floor":24},{"not_picked":["Koishi:BramblyRoseGarden","Koishi:StingingMind"],"picked":"Koishi:FleetingPhantom","floor":25},{"not_picked":["Koishi:BloodcurdlingScream","Koishi:PredatoryInstincts"],"picked":"Koishi:UnseenTerror","floor":29},{"not_picked":["Koishi:EmbryosDream","Koishi:UnconsciousUprising"],"picked":"Koishi:FadingMemory","floor":31},{"not_picked":["Koishi:FormlessExistence","Koishi:RollingInRichesHeart"],"picked":"Koishi:RuptureMind","floor":33},{"not_picked":["Koishi:CatchAndRose+1"],"picked":"SKIP","floor":35},{"not_picked":["Koishi:SubconsciousSweep"],"picked":"SKIP","floor":41},{"not_picked":["Koishi:DreadfulBlow"],"picked":"SKIP","floor":45},{"not_picked":[],"picked":"Koishi:StingingMind","floor":48}],"player_experience":105512,"relics_obtained":[{"floor":5,"key":"Juzu Bracelet"},{"floor":6,"key":"PreservedInsect"},{"floor":9,"key":"Gambling Chip"},{"floor":24,"key":"Ornamental Fan"},{"floor":26,"key":"Pen Nib"},{"floor":29,"key":"Bird Faced Urn"},{"floor":41,"key":"Boot"},{"floor":43,"key":"White Beast Statue"},{"floor":45,"key":"Oddly Smooth Stone"}],"event_choices":[],"is_beta":false,"boss_relics":[{"not_picked":["Calling Bell","Coffee Dripper"],"picked":"Velvet Choker"},{"not_picked":["Runic Pyramid","Snecko Eye"],"picked":"Busted Crown"}],"items_purged_floors":[19,37],"is_endless":false,"potions_floor_spawned":[6,16,18,22,24,25,35,45,48],"ascension_level":12}}