{"host":"dth8fvkfiulu86fi","time":1612701708,"event":{"mods":["2.2 Compatiblity","AchievementEnabler","BaseMod","Better Third Choice","Colored Map","Colored Powertips","Minty Spire (QoL Compilation)","Rare Cards Sparkle","StSLib","SuperFastMode","Synergy Search"],"gold_per_floor":[114,42,42,61,61,80,99,118,193,193,193],"floor_reached":10,"language":"ENG","playtime":309,"items_purged":[],"score":60,"play_id":"3cba6ff2-770d-48aa-84c8-50e46344ab42","local_time":"20210207134148","daily_mods":["Heirloom","ControlledChaos","Lethality"],"is_ascension_mode":false,"campfire_choices":[],"circlet_count":0,"master_deck":["Strike_G","Strike_G","Strike_G","Strike_G","Strike_G","Defend_G","Defend_G","Defend_G","Defend_G","Defend_G","Survivor","Neutralize","Deflect","Catalyst","Deflect","Deadly Poison"],"relics":["Ring of the Snake","Frozen Eye","Thread and Needle","Golden Idol","Matryoshka"],"acts_visited":["Exordium"],"potions_floor_usage":[],"damage_taken":[{"damage":0.0,"enemies":"2 Louse","floor":1.0,"turns":3.0},{"damage":0.0,"enemies":"Jaw Worm","floor":4.0,"turns":3.0},{"damage":0.0,"enemies":"Cultist","floor":6.0,"turns":3.0},{"damage":1.0,"enemies":"Looter","floor":7.0,"turns":3.0},{"damage":31,"enemies":"Gremlin Gang","floor":8,"turns":4},{"damage":21,"enemies":"Lagavulin","floor":10,"turns":6}],"seed_played":"8884597751285247366","potions_obtained":[{"floor":6.0,"key":"LiquidBronze"}],"is_trial":false,"path_per_floor":["M","$","?","M","$","M","M","M","T","E"],"character_chosen":"THE_SILENT","items_purchased":["Catalyst"],"campfire_rested":0,"item_purchase_floors":[2],"current_hp_per_floor":[70,70,53,53,53,53,52,21,21,0,0],"gold":193,"neow_bonus":"","is_daily":true,"chose_seed":false,"campfire_upgraded":0,"win_rate":0.0,"timestamp":1612701708,"path_taken":["M","$","?","M","$","M","M","M","T","E"],"items_purchased_type":["Card"],"build_version":"2020-12-22","purchased_purges":0,"victory":false,"max_hp_per_floor":[70,70,70,70,70,70,70,70,70,70,70],"card_choices":[{"not_picked":["Prepared","Dodge and Roll"],"picked":"Deflect","floor":1.0},{"not_picked":["Dodge and Roll","PiercingWail","Flying Knee"],"picked":"SKIP","floor":4.0},{"not_picked":["Quick Slash","Acrobatics","Prepared"],"picked":"SKIP","floor":6.0},{"not_picked":["Quick Slash","Blur"],"picked":"Deflect","floor":7},{"not_picked":["Reflex","Underhanded Strike"],"picked":"Deadly Poison","floor":8}],"player_experience":1171773,"relics_obtained":[{"floor":9,"key":"Matryoshka"}],"event_choices":[{"damage_healed":0.0,"max_hp_gain":0.0,"max_hp_loss":0.0,"gold_gain":0.0,"event_name":"Golden Idol","player_choice":"Take Damage","floor":3.0,"gold_loss":0.0,"damage_taken":17.0,"relics_obtained":["Golden Idol"]}],"is_beta":false,"boss_relics":[],"items_purged_floors":[],"is_endless":false,"potions_floor_spawned":[6],"killed_by":"Lagavulin","ascension_level":0}}