{"host":"sxnl403xm2xmiyj1","time":1612695505,"event":{"mods":["AchievementEnabler","BaseMod","Colored Map","Keyboard Shortcuts","Minty Spire (QoL Compilation)","Quick Restart","StSLib","SuperFastMode"],"gold_per_floor":[114,114,125,137,155,155,168,168,168,168,203,47,47,57,57,159,159,159,114,114,114,114,114,114,29,29,29,29,29,29,29,29,29,29,29,29,29,29,29,29,29,29,29,29,29,29,29,29,29],"floor_reached":48,"language":"KOR","playtime":1093,"items_purged":["Strike_R"],"score":808,"play_id":"42f19bee-7dfa-46e0-8dc9-c307cb8c35fb","local_time":"20210207195825","is_ascension_mode":true,"campfire_choices":[{"data":"Rampage","floor":6.0,"key":"SMITH"},{"data":"Bash","floor":8.0,"key":"SMITH"},{"data":"Uppercut","floor":13.0,"key":"SMITH"},{"data":"Shockwave","floor":15.0,"key":"SMITH"},{"data":"Battle Trance","floor":23.0,"key":"SMITH"},{"floor":27.0,"key":"REST"},{"floor":32.0,"key":"REST"},{"data":"Offering","floor":40.0,"key":"SMITH"},{"floor":42.0,"key":"DIG"}],"circlet_count":0,"master_deck":["Strike_R","Defend_R","Defend_R","Defend_R","Defend_R","Bash+1","Dropkick+1","Offering+1","Thunderclap","Rampage+1","Shockwave+1","Uppercut+1","Pommel Strike","Headbutt","Fiend Fire","Battle Trance+1","Armaments+1","Warcry+1","Shrug It Off","Inflame+1","Sentinel","Ghostly Armor","Berserk","Double Tap+1","Feel No Pain+1","Wild Strike+1","Burning Pact","Battle Trance+1","Inflame+1","Wild Strike+1","Seeing Red","Wild Strike","Metallicize","True Grit+1"],"relics":["Burning Blood","Kunai","Pear","Ectoplasm","Red Mask","Bag of Preparation","Sundial","Calipers","Paper Frog","Shovel","Thread and Needle","Astrolabe","White Beast Statue","Potion Belt","Charon\u0027s Ashes","Smiling Mask"],"acts_visited":["Exordium","TheCity","TheBeyond"],"potions_floor_usage":[46,46,48],"damage_taken":[{"damage":7.0,"enemies":"Jaw Worm","floor":1.0,"turns":3.0},{"damage":6.0,"enemies":"Cultist","floor":3.0,"turns":3.0},{"damage":6.0,"enemies":"Small Slimes","floor":4.0,"turns":3.0},{"damage":19.0,"enemies":"Red Slaver","floor":5.0,"turns":5.0},{"damage":29.0,"enemies":"Exordium Thugs","floor":7.0,"turns":3.0},{"damage":20.0,"enemies":"3 Sentries","floor":11.0,"turns":5.0},{"damage":6.0,"enemies":"Exordium Wildlife","floor":14.0,"turns":2.0},{"damage":19.0,"enemies":"Slime Boss","floor":16.0,"turns":7.0},{"damage":26.0,"enemies":"3 Byrds","floor":18.0,"turns":4.0},{"damage":19.0,"enemies":"2 Thieves","floor":19.0,"turns":3.0},{"damage":6.0,"enemies":"Masked Bandits","floor":20.0,"turns":3.0},{"damage":9.0,"enemies":"Centurion and Healer","floor":21.0,"turns":3.0},{"damage":21.0,"enemies":"Gremlin Leader","floor":24.0,"turns":5.0},{"damage":26.0,"enemies":"Slavers","floor":28.0,"turns":4.0},{"damage":6.0,"enemies":"Gremlin Leader","floor":30.0,"turns":3.0},{"damage":6.0,"enemies":"Snake Plant","floor":31.0,"turns":2.0},{"damage":35.0,"enemies":"Automaton","floor":33.0,"turns":7.0},{"damage":14.0,"enemies":"Orb Walker","floor":35.0,"turns":2.0},{"damage":14.0,"enemies":"3 Darklings","floor":36.0,"turns":4.0},{"damage":8.0,"enemies":"Spire Growth","floor":37.0,"turns":3.0},{"damage":6.0,"enemies":"4 Shapes","floor":38.0,"turns":3.0},{"damage":6.0,"enemies":"Jaw Worm Horde","floor":39.0,"turns":4.0},{"damage":26.0,"enemies":"Reptomancer","floor":41.0,"turns":5.0},{"damage":6.0,"enemies":"Mind Bloom Boss Battle","floor":44.0,"turns":4.0},{"damage":6.0,"enemies":"Sphere and 2 Shapes","floor":45.0,"turns":2.0},{"damage":28,"enemies":"Nemesis","floor":46,"turns":5},{"damage":18,"enemies":"2 Orb Walkers","floor":48,"turns":3}],"seed_played":"3194035076167070271","potions_obtained":[{"floor":7.0,"key":"LiquidBronze"},{"floor":14.0,"key":"SneckoOil"},{"floor":16.0,"key":"Energy Potion"},{"floor":18.0,"key":"PowerPotion"},{"floor":20.0,"key":"Explosive Potion"},{"floor":28.0,"key":"Weak Potion"},{"floor":30.0,"key":"Weak Potion"},{"floor":31.0,"key":"EntropicBrew"},{"floor":33.0,"key":"HeartOfIron"},{"floor":35.0,"key":"Fire Potion"},{"floor":36.0,"key":"DistilledChaos"},{"floor":44.0,"key":"Swift Potion"},{"floor":45.0,"key":"Ancient Potion"},{"floor":46,"key":"AttackPotion"}],"is_trial":false,"path_per_floor":["M","?","M","M","M","R","M","R","T","?","E","$","R","M","R","B",null,"M","M","?","M","T","R","E","?","T","R","E","$","E","M","R","B",null,"M","M","M","M","M","R","E","R","T","?","M","E","$","?"],"character_chosen":"IRONCLAD","items_purchased":["Uppercut","Pommel Strike"],"campfire_rested":2,"item_purchase_floors":[12,12],"current_hp_per_floor":[71,71,71,71,58,58,35,35,35,35,31,31,31,31,31,18,72,52,39,39,36,36,36,21,21,21,48,28,28,28,28,55,26,74,66,58,56,56,56,56,36,36,36,36,36,14,14,0,0],"gold":29,"neow_bonus":"THREE_CARDS","is_daily":false,"chose_seed":false,"campfire_upgraded":6,"win_rate":0.0,"timestamp":1612695505,"path_taken":["M","?","M","?","M","R","M","R","T","?","E","$","R","?","R","BOSS","M","M","?","M","?","R","E","?","T","R","E","?","E","M","R","BOSS","M","M","?","M","M","R","E","R","T","?","M","E","$","?"],"items_purchased_type":["Card","Card"],"build_version":"2020-12-22","purchased_purges":1,"victory":false,"max_hp_per_floor":[80,80,80,80,80,80,80,80,80,80,90,90,90,90,90,90,90,90,90,90,90,90,90,90,90,90,90,90,90,90,90,90,90,90,90,90,90,90,90,90,90,90,90,90,90,90,90,90,90],"card_choices":[{"not_picked":["Armaments","Cleave"],"picked":"Dropkick","floor":0.0},{"not_picked":["Perfected Strike","Body Slam","Heavy Blade"],"picked":"SKIP","floor":1.0},{"not_picked":["Rage","Body Slam"],"picked":"Thunderclap","floor":3.0},{"not_picked":["Cleave","Feel No Pain","Flex"],"picked":"SKIP","floor":4.0},{"not_picked":["Feel No Pain","Havoc"],"picked":"Rampage","floor":5.0},{"not_picked":["Hemokinesis","Armaments","Whirlwind"],"picked":"SKIP","floor":7.0},{"not_picked":["Burning Pact","Anger"],"picked":"Shockwave","floor":11.0},{"not_picked":["Whirlwind","Perfected Strike"],"picked":"Headbutt","floor":14.0},{"not_picked":["Feed","Exhume"],"picked":"Fiend Fire","floor":16.0},{"not_picked":["Rupture+1","Heavy Blade"],"picked":"Battle Trance","floor":18.0},{"not_picked":["Thunderclap","Iron Wave"],"picked":"Armaments+1","floor":19.0},{"not_picked":["Sword Boomerang+1","Rampage"],"picked":"Warcry+1","floor":20.0},{"not_picked":["Searing Blow+1","Iron Wave+1"],"picked":"Shrug It Off","floor":21.0},{"not_picked":["Heavy Blade","Cleave","Havoc"],"picked":"SKIP","floor":24.0},{"not_picked":["Wild Strike","Bludgeon"],"picked":"Inflame+1","floor":28.0},{"not_picked":["Body Slam","Flex"],"picked":"Sentinel","floor":30.0},{"not_picked":["Rampage","Pommel Strike"],"picked":"Ghostly Armor","floor":31.0},{"not_picked":["Impervious","Brutality"],"picked":"Berserk","floor":33.0},{"not_picked":["Twin Strike","Reckless Charge"],"picked":"Burning Pact","floor":35.0},{"not_picked":["Dual Wield","Twin Strike+1"],"picked":"Battle Trance+1","floor":36.0},{"not_picked":["Clothesline","Warcry"],"picked":"Inflame+1","floor":37.0},{"not_picked":["Rupture+1","Havoc"],"picked":"Wild Strike+1","floor":38.0},{"not_picked":["Heavy Blade+1","Anger+1"],"picked":"Seeing Red","floor":39.0},{"not_picked":["Rage+1","Body Slam"],"picked":"Wild Strike","floor":41.0},{"not_picked":["Berserk","Clash"],"picked":"Metallicize","floor":45.0},{"not_picked":["Clash+1","Combust"],"picked":"True Grit+1","floor":46}],"player_experience":193158,"relics_obtained":[{"floor":9.0,"key":"Kunai"},{"floor":11.0,"key":"Pear"},{"floor":20.0,"key":"Red Mask"},{"floor":22.0,"key":"Bag of Preparation"},{"floor":24.0,"key":"Sundial"},{"floor":26.0,"key":"Paper Frog"},{"floor":28.0,"key":"Shovel"},{"floor":30.0,"key":"Thread and Needle"},{"floor":41.0,"key":"White Beast Statue"},{"floor":42.0,"key":"Potion Belt"},{"floor":44.0,"key":"Charon\u0027s Ashes"},{"floor":46,"key":"Smiling Mask"}],"event_choices":[{"damage_healed":0.0,"max_hp_gain":0.0,"max_hp_loss":0.0,"gold_gain":0.0,"event_name":"Match and Keep!","player_choice":"1 cards matched","floor":2.0,"gold_loss":0.0,"damage_taken":0.0,"cards_obtained":["Offering"]},{"damage_healed":0.0,"max_hp_gain":0.0,"max_hp_loss":0.0,"gold_gain":0.0,"event_name":"Upgrade Shrine","player_choice":"Upgraded","floor":10.0,"gold_loss":0.0,"damage_taken":0.0,"cards_upgraded":["Dropkick"]},{"damage_healed":0.0,"max_hp_gain":0.0,"max_hp_loss":0.0,"gold_gain":0.0,"event_name":"Masked Bandits","player_choice":"Fought Bandits","floor":20.0,"gold_loss":0.0,"damage_taken":0.0},{"damage_healed":0.0,"max_hp_gain":0.0,"max_hp_loss":0.0,"gold_gain":0.0,"event_name":"Addict","player_choice":"Obtained Relic","floor":25.0,"gold_loss":85.0,"damage_taken":0.0,"relics_obtained":["Calipers"]},{"damage_healed":0.0,"max_hp_gain":0.0,"max_hp_loss":0.0,"gold_gain":0.0,"event_name":"MindBloom","player_choice":"Fight","floor":44.0,"gold_loss":0.0,"damage_taken":0.0},{"damage_healed":0,"gold_gain":0,"player_choice":"Fight","damage_taken":0,"max_hp_gain":0,"max_hp_loss":0,"event_name":"Mysterious Sphere","floor":48,"gold_loss":0}],"is_beta":false,"boss_relics":[{"not_picked":["Runic Cube","Runic Pyramid"],"picked":"Ectoplasm"},{"not_picked":["Cursed Key","Snecko Eye"],"picked":"Astrolabe"}],"items_purged_floors":[12],"is_endless":false,"potions_floor_spawned":[7,14,16,18,20,28,30,31,33,35,36,44,45,46],"killed_by":"2 Orb Walkers","ascension_level":8}}