{"host":"Jedit","time":1612705833,"event":{"mods":["BaseMod","Minty Spire (QoL Compilation)","Relic Stats","StSLib"],"gold_per_floor":[116,116,132,151,22,22,36,63,141,141,141,141,141,152,152,229,229,240,56,73,90,101,126,126,140,140,55,55,55],"floor_reached":28,"language":"ENG","playtime":1095,"items_purged":["Strike_B","Strike_B"],"score":480,"play_id":"50e68a57-2ca1-439f-94e5-808af4fec6c6","local_time":"20210207135033","is_ascension_mode":true,"campfire_choices":[{"data":"Barrage","floor":6.0,"key":"SMITH"},{"data":"Compile Driver","floor":10.0,"key":"SMITH"},{"data":"Barrage","floor":13.0,"key":"SMITH"},{"data":"Recycle","floor":15.0,"key":"SMITH"},{"floor":24.0,"key":"REST"}],"circlet_count":0,"master_deck":["AscendersBane","Defend_B","Defend_B","Defend_B","Defend_B","Zap","Dualcast","Cold Snap","Barrage+1","Doom and Gloom","Biased Cognition","Compile Driver+1","Barrage+1","Lockon","Recycle+1","Leap","Electrodynamics","Glacier","Compile Driver","Melter","Defragment","Heatsinks","Aggregate","Sunder+1","Chill+1","Cold Snap+1","Conserve Battery","Compile Driver+1"],"relics":["Cracked Core","Bag of Preparation","Prayer Wheel","HornCleat","Oddly Smooth Stone","Nuclear Battery","Vajra","Matryoshka","Meat on the Bone"],"acts_visited":["Exordium","TheCity"],"potions_floor_usage":[28],"damage_taken":[{"damage":2.0,"enemies":"Jaw Worm","floor":1.0,"turns":4.0},{"damage":0.0,"enemies":"2 Louse","floor":3.0,"turns":2.0},{"damage":1.0,"enemies":"Cultist","floor":4.0,"turns":3.0},{"damage":5.0,"enemies":"2 Fungi Beasts","floor":7.0,"turns":2.0},{"damage":20.0,"enemies":"3 Sentries","floor":8.0,"turns":7.0},{"damage":3.0,"enemies":"Looter","floor":14.0,"turns":2.0},{"damage":12.0,"enemies":"Hexaghost","floor":16.0,"turns":10.0},{"damage":0.0,"enemies":"Chosen","floor":18.0,"turns":3.0},{"damage":19.0,"enemies":"Shell Parasite","floor":20.0,"turns":3.0},{"damage":16.0,"enemies":"Snake Plant","floor":21.0,"turns":5.0},{"damage":0.0,"enemies":"3 Cultists","floor":22.0,"turns":3.0},{"damage":14.0,"enemies":"Gremlin Leader","floor":23.0,"turns":5.0},{"damage":0.0,"enemies":"Snecko","floor":25.0,"turns":3.0},{"damage":18,"enemies":"Slavers","floor":28,"turns":5}],"seed_played":"7942079889648487279","potions_obtained":[{"floor":1.0,"key":"Swift Potion"},{"floor":3.0,"key":"Weak Potion"},{"floor":21.0,"key":"SneckoOil"},{"floor":25.0,"key":"FearPotion"}],"is_trial":false,"path_per_floor":["M","?","M","M","$","R","M","E","T","R","?","?","R","M","R","B",null,"M","$","M","M","M","E","R","M","T","?","E"],"character_chosen":"DEFECT","items_purchased":["Compile Driver","Melter"],"campfire_rested":1,"item_purchase_floors":[5,19],"current_hp_per_floor":[62,62,62,61,61,61,56,36,36,36,25,25,25,22,22,10,56,56,56,37,21,21,7,28,28,28,28,10,10],"gold":55,"neow_bonus":"RANDOM_COMMON_RELIC","is_daily":false,"chose_seed":false,"campfire_upgraded":4,"win_rate":0.0,"timestamp":1612705833,"path_taken":["M","?","M","M","$","R","M","E","T","R","?","?","R","M","R","BOSS","M","$","M","M","?","E","R","M","T","?","E"],"items_purchased_type":["Card","Card"],"build_version":"2020-12-18","purchased_purges":2,"victory":false,"max_hp_per_floor":[71,71,71,71,71,71,71,71,71,71,71,71,71,71,71,71,71,71,71,71,71,71,71,71,71,71,71,71,71],"relic_stats":{"counters":[14,57],"Prayer Wheel":6,"Bag of Preparation":[28],"obtain_stats":[{"HornCleat":9,"Matryoshka":26,"Oddly Smooth Stone":11,"Vajra":23,"Prayer Wheel":8,"Bag of Preparation":0,"Cracked Core":0,"Nuclear Battery":17,"Meat on the Bone":27},{"HornCleat":5,"Matryoshka":13,"Oddly Smooth Stone":5,"Vajra":12,"Prayer Wheel":5,"Bag of Preparation":0,"Cracked Core":0,"Nuclear Battery":7,"Meat on the Bone":13},{"HornCleat":18,"Matryoshka":52,"Oddly Smooth Stone":18,"Vajra":49,"Prayer Wheel":18,"Bag of Preparation":0,"Cracked Core":0,"Nuclear Battery":30,"Meat on the Bone":52}],"Meat on the Bone":0},"card_choices":[{"not_picked":["Undo","Hologram"],"picked":"Cold Snap","floor":1.0},{"not_picked":["Sweeping Beam","Consume"],"picked":"Doom and Gloom","floor":3.0},{"not_picked":["Rebound","Cold Snap"],"picked":"Biased Cognition","floor":4.0},{"not_picked":["Streamline","Hologram"],"picked":"Barrage","floor":7.0},{"not_picked":["Rip and Tear","Reprogram","Streamline"],"picked":"SKIP","floor":8.0},{"not_picked":["Hello World","Redo"],"picked":"Recycle","floor":14.0},{"not_picked":["Stack","Self Repair"],"picked":"Leap","floor":14.0},{"not_picked":["Machine Learning","Meteor Strike"],"picked":"Electrodynamics","floor":16.0},{"not_picked":["Go for the Eyes+1","Redo"],"picked":"Glacier","floor":18.0},{"not_picked":["Beam Cell","Chaos"],"picked":"Compile Driver","floor":18.0},{"not_picked":["Reinforced Body","Beam Cell"],"picked":"Defragment","floor":20.0},{"not_picked":["Sunder","Redo"],"picked":"Heatsinks","floor":20.0},{"not_picked":["Sweeping Beam+1","Chaos"],"picked":"Aggregate","floor":21.0},{"not_picked":["Rip and Tear","Steam"],"picked":"Sunder+1","floor":21.0},{"not_picked":["Hologram","Turbo"],"picked":"Chill+1","floor":22.0},{"not_picked":["Redo","Beam Cell","Steam"],"picked":"SKIP","floor":22.0},{"not_picked":["Redo","Amplify"],"picked":"Cold Snap+1","floor":23.0},{"not_picked":["Gash","Melter"],"picked":"Conserve Battery","floor":25.0},{"not_picked":["Gash+1","Redo"],"picked":"Compile Driver+1","floor":25.0}],"player_experience":3476895,"relics_obtained":[{"floor":8.0,"key":"Prayer Wheel"},{"floor":9.0,"key":"HornCleat"},{"floor":23.0,"key":"Vajra"},{"floor":26.0,"key":"Matryoshka"}],"event_choices":[{"damage_healed":0.0,"max_hp_gain":0.0,"max_hp_loss":0.0,"gold_gain":0.0,"cards_transformed":["Strike_B"],"event_name":"Living Wall","player_choice":"Change","floor":2.0,"gold_loss":0.0,"damage_taken":0.0,"cards_obtained":["Barrage"]},{"damage_healed":0.0,"max_hp_gain":0.0,"max_hp_loss":0.0,"gold_gain":0.0,"event_name":"Scrap Ooze","player_choice":"Success","floor":11.0,"gold_loss":0.0,"damage_taken":11.0,"relics_obtained":["Oddly Smooth Stone"]},{"damage_healed":0.0,"max_hp_gain":0.0,"max_hp_loss":0.0,"gold_gain":0.0,"cards_transformed":["Strike_B"],"event_name":"Transmorgrifier","player_choice":"Transformed","floor":12.0,"gold_loss":0.0,"damage_taken":0.0,"cards_obtained":["Lockon"]},{"damage_healed":0.0,"max_hp_gain":0.0,"max_hp_loss":0.0,"gold_gain":0.0,"event_name":"Addict","player_choice":"Obtained Relic","floor":27.0,"gold_loss":85.0,"damage_taken":0.0,"relics_obtained":["Meat on the Bone"]}],"is_beta":true,"boss_relics":[{"not_picked":["SacredBark","Velvet Choker"],"picked":"Nuclear Battery"}],"items_purged_floors":[5,19],"is_endless":false,"potions_floor_spawned":[1,3,4,21,25],"killed_by":"Slavers","ascension_level":20}}