{"host":"t9zjxed0utvsfjwc","time":1612735231,"event":{"mods":["2.2 Compatiblity","Aspiration","BaseMod","Better Altar","Better Match","Better Note","Better Sensory Stone","Better Skull","Better Third Choice","Block Reminder","Colored Map","Colored Powertips","Custom Start","Downfall","Hermit","Highlight Path","Hubris","Infinite Spire","Marisa????????","Minty Spire (QoL Compilation)","Quick Restart","Rare Cards Sparkle","Reliquary","Replay The Spire","StSLib","The Cursed","The Marked","The Runesmith","Unceasing Turn Reminder","everything is the same but u backflip on backflip"],"gold_per_floor":[99,109,34,52,52,2,2,20,20,45,45,61,11,0,15,110,110,60,74,8,25,36,287,287,137,222,222,255,255,255,255],"floor_reached":29,"language":"ENG","playtime":1273,"items_purged":["Slimebound:Chomp"],"score":253,"play_id":"87285ba2-b3f5-4f19-83fa-e69471197e6f","local_time":"20210207220031","is_ascension_mode":true,"campfire_choices":[{"floor":1,"key":"DIG"},{"data":"Slimebound:SplitBruiser","floor":6,"key":"SMITH"},{"floor":11,"key":"RECALL"},{"floor":13,"key":"REST"},{"data":"Slimebound:Darklings","floor":18,"key":"SMITH"},{"floor":25,"key":"REST"}],"circlet_count":0,"master_deck":["Slimebound:Split","Slimebound:CorrosiveSpit","Slimebound:Schlurp","Slimebound:DivideAndConquer","Slimebound:SplitBruiser+1","Slimebound:SlimeSpikes","Slimebound:MassRepurpose","Slimebound:Darklings+1","Slimebound:Overexert","Slimebound:LivingWall","Slimebound:SpikyOuterGoop","Slimebound:ItLooksTasty","Slimebound:RainOfGoop","Slimebound:OneTwoCombo","Slimebound:SplitBruiser","Slimebound:SlimeBarrage+1","Slimebound:PressTheAttack","Slimebound:ForwardTackle","Slimebound:MassFeed","Voices"],"relics":["Slimebound:AbsorbEndCombat","Gremlin Horn","Slimebound:GreedOozeRelic","reliquary:BoilingFlask","hubris:Icosahedron","War Paint","Pandora\u0027s Box","Centennial Puzzle","downfall:HeartBlessingRed","reliquary:Aerogel"],"acts_visited":["Exordium","TheCity"],"potions_floor_usage":[16,22,23,23],"damage_taken":[{"damage":4,"enemies":"Small Slimes","floor":2,"turns":3},{"damage":3,"enemies":"Cultist","floor":4,"turns":3},{"damage":1,"enemies":"Jaw Worm","floor":8,"turns":3},{"damage":35,"enemies":"Gremlin Nob","floor":10,"turns":4},{"damage":5,"enemies":"Blue Slaver","floor":12,"turns":3},{"damage":4,"enemies":"downfall:FleeingMerchant","floor":14,"turns":4},{"damage":4,"enemies":"3 Louse","floor":15,"turns":3},{"damage":23,"enemies":"IC_STATUS_ARCHETYPE","floor":16,"turns":7},{"damage":10,"enemies":"Chosen","floor":19,"turns":3},{"damage":15,"enemies":"downfall:FleeingMerchant","floor":20,"turns":4},{"damage":0,"enemies":"Spheric Guardian","floor":21,"turns":1},{"damage":7,"enemies":"Cultist and Chosen","floor":22,"turns":4},{"damage":16,"enemies":"downfall:FleeingMerchant","floor":23,"turns":4},{"damage":27,"enemies":"Nightmare","floor":28,"turns":5},{"damage":20,"enemies":"Centurion and Healer","floor":29,"turns":1}],"seed_played":"-2138974918396968492","potions_obtained":[{"floor":8,"key":"SpeedPotion"},{"floor":10,"key":"sneckomod:MuddlingPotion"},{"floor":19,"key":"ColorlessPotion"},{"floor":22,"key":"Flashbang"}],"is_trial":false,"path_per_floor":["R_BF","M","?","M","?","R","T","M","?","E","R","M","R","$","M","B",null,"R","M","$","M","M","$","T","R","?","?","NM","M"],"character_chosen":"SLIMEBOUND","items_purchased":["Slimebound:PressTheAttack"],"campfire_rested":2,"item_purchase_floors":[20],"current_hp_per_floor":[65,63,63,62,62,62,62,63,63,30,30,25,44,48,46,31,65,65,57,50,50,51,37,37,56,44,44,19,0,0,0],"gold":255,"neow_bonus":"THREE_CARDS","is_daily":false,"chose_seed":false,"campfire_upgraded":2,"win_rate":0.0,"timestamp":1612735231,"path_taken":["R_BF","M","?","M","?","R","T","?","?","E","R","M","R","$","M","BOSS","R","M","$","M","M","$","T","R","?","?","NM","M"],"items_purchased_type":["Card"],"build_version":"2020-12-22","purchased_purges":1,"victory":false,"max_hp_per_floor":[65,65,65,65,65,65,65,65,65,65,65,65,65,65,65,65,65,65,65,65,65,65,65,65,65,65,65,65,65,65,65],"card_choices":[{"not_picked":["Slimebound:Prepare","Slimebound:GoopSpray"],"picked":"Slimebound:Schlurp","floor":0},{"not_picked":["Slimebound:Chomp","Slimebound:Nibble"],"picked":"Slimebound:DivideAndConquer","floor":2},{"not_picked":["Slimebound:GoopTackle","Slimebound:GoopSpray"],"picked":"Slimebound:SplitBruiser","floor":4},{"not_picked":["Slimebound:LivingWall","Slimebound:Dissolve","Slimebound:Grow"],"picked":"SKIP","floor":8},{"not_picked":["Slimebound:DisruptingSlam","Slimebound:LeadByExample"],"picked":"Slimebound:SlimeSpikes","floor":10},{"not_picked":["Slimebound:GoopTackle","Slimebound:LeechEnergy","Slimebound:ComboTackle"],"picked":"SKIP","floor":12},{"not_picked":["Slimebound:SplitAcid","Slimebound:MegaLick","Slimebound:AcidTongue"],"picked":"SKIP","floor":14},{"not_picked":["Slimebound:Gluttony","Slimebound:FlameTackle"],"picked":"Slimebound:MassRepurpose","floor":15},{"not_picked":["Slimebound:RallyTheTroops","Slimebound:FirmFortitude"],"picked":"Slimebound:Darklings","floor":16},{"not_picked":["Slimebound:SplitLeeching","Slimebound:SlimeSpikes"],"picked":"Slimebound:SplitBruiser","floor":19},{"not_picked":["Slimebound:SplitMire","Slimebound:RollThrough+1"],"picked":"Slimebound:SlimeBarrage+1","floor":20},{"not_picked":["Slimebound:LeechingTouch+1","Slimebound:Dissolve"],"picked":"Slimebound:ForwardTackle","floor":21},{"not_picked":["Slimebound:GoopSpray+1","Slimebound:ServeAndProtect+1","Slimebound:LeechingTouch+1"],"picked":"SKIP","floor":22},{"not_picked":["Slimebound:GoopSpray","Slimebound:FormOfPuddle"],"picked":"Slimebound:MassFeed","floor":23},{"not_picked":["Slimebound:Replication","Slimebound:Dissolve","Slimebound:SlimeSpikes"],"picked":"SKIP","floor":28}],"player_experience":506205,"relics_obtained":[{"floor":1,"key":"Gremlin Horn"},{"floor":7,"key":"reliquary:BoilingFlask"},{"floor":10,"key":"War Paint"},{"floor":24,"key":"Centennial Puzzle"},{"floor":28,"key":"reliquary:Aerogel"}],"event_choices":[{"cards_removed":["Slimebound:Tackle"],"damage_healed":0,"gold_gain":0,"player_choice":"Offered Basic","damage_taken":0,"max_hp_gain":0,"max_hp_loss":0,"event_name":"Bonfire Elementals","floor":5,"gold_loss":0}],"is_beta":false,"boss_relics":[{"not_picked":["hubris:VirtuousBlindfold","Slimebound:TarBlob"],"picked":"Pandora\u0027s Box"}],"items_purged_floors":[23],"is_endless":true,"potions_floor_spawned":[8,10,19,22],"killed_by":"Centurion and Healer","ascension_level":1}}