{"host":"7tvb1em0d2fx72q7","time":1612673528,"event":{"mods":["BaseMod","Challenge The Spire","Minty Spire (QoL Compilation)","StSLib","everything is the same but u backflip on backflip"],"gold_per_floor":[114,128,138,149,149,149,166,193,193,222,222,239,265,340,340,340,340],"floor_reached":16,"language":"ENG","playtime":757,"items_purged":[],"score":224,"play_id":"07cbd304-fe7d-4531-813d-7b0df621390d","local_time":"20210206235208","is_ascension_mode":true,"campfire_choices":[{"data":"Clothesline","floor":6,"key":"SMITH"},{"data":"Heavy Blade","floor":11,"key":"SMITH"},{"data":"Fiend Fire","floor":15,"key":"SMITH"}],"circlet_count":0,"master_deck":["AscendersBane","Strike_R","Strike_R","Strike_R","Strike_R","Strike_R","Defend_R+1","Defend_R","Defend_R+1","Defend_R","Bash","Pain","Clothesline+1","Sword Boomerang","Perfected Strike","Inflame","Regret","Pommel Strike","Fiend Fire+1","Heavy Blade+1","Hemokinesis","Intimidate"],"relics":["Burning Blood","TungstenRod","Singing Bowl","War Paint","Mummified Hand","Odd Mushroom"],"acts_visited":["Exordium"],"potions_floor_usage":[4,8,13,16],"damage_taken":[{"damage":9.0,"enemies":"Jaw Worm","floor":1.0,"turns":5.0},{"damage":0.0,"enemies":"2 Louse","floor":2.0,"turns":3.0},{"damage":2,"enemies":"Cultist","floor":3,"turns":4},{"damage":2,"enemies":"Blue Slaver","floor":4,"turns":2},{"damage":6,"enemies":"Looter","floor":7,"turns":4},{"damage":24,"enemies":"Gremlin Nob","floor":8,"turns":4},{"damage":17,"enemies":"The Mushroom Lair","floor":10,"turns":4},{"damage":1,"enemies":"Large Slime","floor":12,"turns":2},{"damage":26,"enemies":"3 Sentries","floor":13,"turns":5},{"damage":56,"enemies":"Hexaghost","floor":16,"turns":10}],"seed_played":"-4533580965480405547","potions_obtained":[{"floor":1.0,"key":"ElixirPotion"},{"floor":2.0,"key":"Fire Potion"},{"floor":7,"key":"SteroidPotion"},{"floor":10,"key":"BloodPotion"},{"floor":13,"key":"BloodPotion"}],"is_trial":false,"path_per_floor":["M","M","M","M","?","R","M","E","T","?","R","M","E","?","R","B"],"character_chosen":"IRONCLAD","items_purchased":[],"campfire_rested":0,"item_purchase_floors":[],"current_hp_per_floor":[65,71,75,75,75,75,75,57,57,46,46,51,46,36,36,0,0],"gold":340,"neow_bonus":"ONE_RARE_RELIC","is_daily":false,"chose_seed":false,"campfire_upgraded":3,"win_rate":0.0,"timestamp":1612673528,"path_taken":["M","M","M","M","?","R","M","E","T","?","R","M","E","?","R","BOSS"],"items_purchased_type":[],"build_version":"2020-12-22","purchased_purges":0,"victory":false,"max_hp_per_floor":[75,75,75,75,75,75,75,75,75,75,75,75,75,75,75,75,75],"card_choices":[{"not_picked":["Pommel Strike","Iron Wave"],"picked":"Clothesline","floor":1.0},{"not_picked":["True Grit","Feel No Pain"],"picked":"Sword Boomerang","floor":2.0},{"not_picked":["Blood for Blood","Battle Trance"],"picked":"Perfected Strike","floor":3},{"not_picked":["Thunderclap","Twin Strike"],"picked":"Inflame","floor":4},{"not_picked":["Clothesline","Disarm"],"picked":"Pommel Strike","floor":7},{"not_picked":["Iron Wave","Dropkick"],"picked":"Fiend Fire","floor":8},{"not_picked":["Clash","Disarm"],"picked":"Heavy Blade","floor":10},{"not_picked":["Havoc","Clothesline"],"picked":"Hemokinesis","floor":12},{"not_picked":["Cleave","Juggernaut"],"picked":"Intimidate","floor":13}],"player_experience":2034668,"relics_obtained":[{"floor":8,"key":"War Paint"},{"floor":9,"key":"Mummified Hand"},{"floor":10,"key":"Odd Mushroom"}],"event_choices":[{"damage_healed":0,"gold_gain":0,"player_choice":"Box","damage_taken":0,"relics_obtained":["Singing Bowl"],"max_hp_gain":0,"max_hp_loss":0,"event_name":"Big Fish","floor":5,"gold_loss":0,"cards_obtained":["Regret"]},{"damage_healed":0,"gold_gain":0,"player_choice":"Fought Mushrooms","damage_taken":0,"max_hp_gain":0,"max_hp_loss":0,"event_name":"Mushrooms","floor":10,"gold_loss":0},{"damage_healed":0,"gold_gain":75,"player_choice":"Gather Gold","damage_taken":11,"max_hp_gain":0,"max_hp_loss":0,"event_name":"World of Goop","floor":14,"gold_loss":0}],"is_beta":false,"boss_relics":[],"items_purged_floors":[],"is_endless":false,"potions_floor_spawned":[1,2,7,10,13],"killed_by":"Hexaghost","ascension_level":20}}