{"host":"fzjk61lpi4bwj033","time":1612722256,"event":{"mods":["BaseMod","Hermit","Jorbs\u0027s Wanderer Trilogy","Minty Spire (QoL Compilation)","Rare Cards Sparkle","Relic Stats","StSLib"],"gold_per_floor":[113,113,126,137,33,33,183,183,183,23,23,23],"floor_reached":11,"language":"ENG","playtime":220,"items_purged":[],"score":122,"play_id":"91419a2c-5460-41a8-96f6-e41d03d48df3","local_time":"20210207122416","is_ascension_mode":true,"campfire_choices":[{"data":"Go for the Eyes","floor":6,"key":"SMITH"},{"data":"White Noise","floor":8,"key":"SMITH"}],"circlet_count":0,"master_deck":["AscendersBane","Strike_B","Strike_B","Strike_B","Strike_B","Defend_B","Defend_B","Defend_B","Defend_B","Zap","Dualcast","Steam Power","Compile Driver","White Noise+1","Go for the Eyes+1","Doubt"],"relics":["Busted Crown","Ginger","OrangePellets"],"acts_visited":["Exordium"],"potions_floor_usage":[2,4],"damage_taken":[{"damage":2,"enemies":"Jaw Worm","floor":1,"turns":3},{"damage":1,"enemies":"Cultist","floor":3,"turns":4},{"damage":5,"enemies":"2 Louse","floor":4,"turns":3},{"damage":10,"enemies":"3 Sentries","floor":11,"turns":3}],"seed_played":"1278366914593840401","potions_obtained":[{"floor":1,"key":"EssenceOfSteel"},{"floor":2,"key":"Fruit Juice"},{"floor":2,"key":"DuplicationPotion"}],"is_trial":false,"path_per_floor":["M","?","M","M","$","R","?","R","T","$","E"],"character_chosen":"DEFECT","items_purchased":["Go for the Eyes","Fire Potion","OrangePellets"],"campfire_rested":0,"item_purchase_floors":[5,5,10],"current_hp_per_floor":[62,67,66,61,61,61,61,61,61,61,51,51],"gold":23,"neow_bonus":"BOSS_RELIC","is_daily":false,"chose_seed":false,"campfire_upgraded":2,"win_rate":0.0,"timestamp":1612722256,"path_taken":["M","?","?","M","$","R","?","R","T","?","E"],"items_purchased_type":["Card","Potion","Relic"],"build_version":"2020-12-22","purchased_purges":0,"victory":false,"max_hp_per_floor":[71,76,76,76,76,76,76,76,76,76,76,76],"relic_stats":{"OrangePellets":[0],"Busted Crown":6,"counters":[4,13],"Ginger":[1],"obtain_stats":[{"OrangePellets":10,"Busted Crown":0,"Ginger":9,"Cracked Core":0},{"OrangePellets":3,"Busted Crown":0,"Ginger":3,"Cracked Core":0},{"OrangePellets":10,"Busted Crown":0,"Ginger":10,"Cracked Core":0}]},"card_choices":[{"not_picked":[],"picked":"Steam Power","floor":1},{"not_picked":[],"picked":"Compile Driver","floor":3},{"not_picked":[],"picked":"White Noise","floor":4}],"player_experience":795158,"relics_obtained":[{"floor":9,"key":"Ginger"}],"event_choices":[{"damage_healed":0,"gold_gain":0,"player_choice":"Got Potions","damage_taken":0,"max_hp_gain":0,"max_hp_loss":0,"event_name":"Lab","floor":2,"gold_loss":0},{"damage_healed":0,"gold_gain":150,"player_choice":"AGREE","damage_taken":0,"max_hp_gain":0,"max_hp_loss":0,"event_name":"Liars Game","floor":7,"gold_loss":0,"cards_obtained":["Doubt"]}],"is_beta":false,"boss_relics":[],"items_purged_floors":[],"is_endless":false,"potions_floor_spawned":[1],"killed_by":"3 Sentries","ascension_level":20}}