{"host":"bakf0s4odzu8z5xt","time":1612656776,"event":{"mods":["2.2 Compatiblity","BaseMod","Downfall","Friendly Minions","Minty Spire (QoL Compilation)","StSLib"],"gold_per_floor":[99,109,123,139,50,50,50,92,92,120,163,223,247,35,49,160,160,60,79,79,147,171,206,206,231,231,231],"floor_reached":25,"language":"ENG","playtime":1995,"items_purged":["sneckomod:Strike"],"score":227,"play_id":"5378c8ed-6e7a-42c9-9335-0c7e60db545d","local_time":"20210206181256","is_ascension_mode":false,"campfire_choices":[{"data":"sneckomod:TailWhip","floor":1,"key":"SMITH"}],"circlet_count":0,"master_deck":["sneckomod:Strike","sneckomod:Defend","sneckomod:Defend","sneckomod:Defend+1","sneckomod:TailWhip+1","sneckomod:SnekBite","sneckomod:Unknown","sneckomod:WideSting","sneckomod:QuickMove","sneckomod:UnknownCommonAttack","sneckomod:UnknownUncommonAttack","sneckomod:GlitteringGambit+1","Crippling Poison","Guardian:WalkerClaw","sneckomod:UnknownWeak","sneckomod:MasterEye","sneckomod:MasterEye","sneckomod:RainOfDice","sneckomod:Unknown3Cost","Night Terror","sneckomod:UnknownBlock+1"],"relics":["sneckomod:SneckoSoul","Matryoshka","Letter Opener","champ:Barbells","Philosopher\u0027s Stone","downfall:HeartBlessingGreen","sneckomod:CleanMud","Omamori"],"acts_visited":["Exordium","TheCity"],"potions_floor_usage":[16,23,23],"damage_taken":[{"damage":0,"enemies":"Cultist","floor":2,"turns":2},{"damage":5,"enemies":"Jaw Worm","floor":3,"turns":3},{"damage":2,"enemies":"2 Louse","floor":4,"turns":2},{"damage":0,"enemies":"downfall:FleeingMerchant","floor":5,"turns":4},{"damage":2,"enemies":"Blue Slaver","floor":8,"turns":3},{"damage":4,"enemies":"Exordium Thugs","floor":10,"turns":5},{"damage":6,"enemies":"2 Fungi Beasts","floor":11,"turns":4},{"damage":7,"enemies":"Lagavulin","floor":12,"turns":3},{"damage":15,"enemies":"Blue Slaver","floor":13,"turns":5},{"damage":0,"enemies":"downfall:FleeingMerchant","floor":14,"turns":4},{"damage":6,"enemies":"Large Slime","floor":15,"turns":3},{"damage":39,"enemies":"DF_ARCHETYPE_STREAMLINE","floor":16,"turns":10},{"damage":12,"enemies":"Chosen","floor":19,"turns":4},{"damage":9,"enemies":"Shell Parasite","floor":21,"turns":5},{"damage":10,"enemies":"Snecko","floor":22,"turns":5},{"damage":54,"enemies":"Slavers","floor":23,"turns":6},{"damage":16,"enemies":"Centurion and Healer","floor":25,"turns":2}],"seed_played":"-8192636332065962298","potions_obtained":[{"floor":4,"key":"Explosive Potion"},{"floor":10,"key":"hexamod:SoulburnPotion"},{"floor":11,"key":"Dexterity Potion"},{"floor":12,"key":"Weak Potion"},{"floor":15,"key":"Regen Potion"},{"floor":23,"key":"Dexterity Potion"}],"is_trial":false,"path_per_floor":["R","M","M","M","$","?","T","M","R","M","M","E","M","$","M","B",null,"R","M","?","M","M","E","T","M"],"character_chosen":"THE_SNECKO","items_purchased":["sneckomod:GlitteringGambit","champ:Barbells"],"campfire_rested":0,"item_purchase_floors":[5,14],"current_hp_per_floor":[99,99,94,92,92,92,92,90,90,86,80,73,58,58,52,28,99,99,87,87,78,68,14,14,0,0,0],"gold":231,"neow_bonus":"TEN_PERCENT_HP_BONUS","is_daily":false,"chose_seed":false,"campfire_upgraded":1,"win_rate":0.0,"timestamp":1612656776,"path_taken":["R","M","M","M","$","?","T","M","R","?","M","E","M","$","M","BOSS","R","M","?","M","M","E","T","M"],"items_purchased_type":["Card","Relic"],"build_version":"2020-12-22","purchased_purges":1,"victory":false,"max_hp_per_floor":[99,99,99,99,99,99,99,99,99,99,99,99,99,99,99,99,99,99,99,99,99,99,99,99,99,99,99],"card_choices":[{"not_picked":["sneckomod:QuickMove","sneckomod:IronFang"],"picked":"sneckomod:WideSting","floor":2},{"not_picked":["sneckomod:UnknownCommonAttack","sneckomod:IronFang"],"picked":"sneckomod:QuickMove","floor":3},{"not_picked":["sneckomod:RainOfDice","sneckomod:QuickBite"],"picked":"sneckomod:UnknownCommonAttack","floor":4},{"not_picked":["sneckomod:DiceBlock","sneckomod:SoulRoll"],"picked":"sneckomod:UnknownUncommonAttack","floor":5},{"not_picked":["sneckomod:SoulRoll","sneckomod:IronFang"],"picked":"sneckomod:Memorize","floor":8},{"not_picked":["sneckomod:TrashToTreasure","sneckomod:UnknownCommonSkill"],"picked":"sneckomod:UnknownStrength","floor":10},{"not_picked":["sneckomod:Nope","sneckomod:UnknownUncommonSkill"],"picked":"sneckomod:UnknownWeak","floor":11},{"not_picked":["sneckomod:IronFang","sneckomod:UnknownExhaust"],"picked":"sneckomod:UnknownRareSkill","floor":12},{"not_picked":["sneckomod:WideSting","sneckomod:SoulDraw"],"picked":"sneckomod:MasterEye","floor":13},{"not_picked":["sneckomod:IronFang","sneckomod:MixItUp"],"picked":"sneckomod:MasterEye","floor":14},{"not_picked":["sneckomod:Nope","sneckomod:UnknownCommonSkill"],"picked":"sneckomod:RainOfDice","floor":15},{"not_picked":["sneckomod:UnknownBoss","sneckomod:SoulExchange"],"picked":"sneckomod:Unknown3Cost","floor":16},{"not_picked":["sneckomod:UnknownBlock","sneckomod:DiceCrush+1","sneckomod:UnknownCommonAttack"],"picked":"SKIP","floor":19},{"not_picked":["sneckomod:SerpentIdol","sneckomod:UnknownClassTHE_BRONZE_AUTOMATON"],"picked":"sneckomod:UnknownBlock+1","floor":21},{"not_picked":["sneckomod:UnendingSupply","sneckomod:UnknownClassGUARDIAN+1","sneckomod:UnknownStrike"],"picked":"SKIP","floor":22},{"not_picked":["sneckomod:Cheat","sneckomod:UnknownClassTHE_BRONZE_AUTOMATON","sneckomod:DiceCrush"],"picked":"SKIP","floor":23}],"player_experience":2099623,"relics_obtained":[{"floor":7,"key":"Matryoshka"},{"floor":12,"key":"Letter Opener"},{"floor":23,"key":"sneckomod:CleanMud"},{"floor":24,"key":"Omamori"}],"event_choices":[],"is_beta":false,"boss_relics":[{"not_picked":["Pandora\u0027s Box","Cursed Key"],"picked":"Philosopher\u0027s Stone"}],"items_purged_floors":[14],"is_endless":false,"potions_floor_spawned":[4,10,11,12,15,23],"killed_by":"Centurion and Healer","ascension_level":0}}