{"host":"fm07bgoywky6j0vh","time":1612705851,"event":{"mods":["Alarm Clock","BaseMod","Minty Spire (QoL Compilation)","Replay The Spire","StSLib"],"gold_per_floor":[110,110,34,34,57,57,90,104,104,138,157,190,190,204,204,204,204],"floor_reached":16,"language":"KOR","playtime":570,"items_purged":[],"score":152,"play_id":"1630ae82-725a-4050-8bdf-0c379acf617a","local_time":"20210207225051","is_ascension_mode":true,"campfire_choices":[{"data":"Replay:Poison Smokescreen","floor":6,"key":"SMITH"},{"data":"After Image","floor":13,"key":"SMITH"},{"floor":15,"key":"REST"}],"circlet_count":0,"master_deck":["Strike_G","Strike_G+1","Strike_G","Strike_G","Strike_G","Defend_G","Defend_G","Defend_G","Defend_G","Defend_G","Survivor","Neutralize+1","Slice","Replay:Poison Smokescreen+1","Catalyst","Cloak And Dagger","After Image+1","Poisoned Stab","Slice"],"relics":["Ring of the Snake","NeowsBlessing","Golden Idol","ReplayTheSpireMod:Lightbulb","Onion Ring","White Beast Statue","Ancient Tea Set"],"acts_visited":["Exordium"],"potions_floor_usage":[16,16],"damage_taken":[{"damage":0,"enemies":"Small Slimes","floor":1,"turns":1},{"damage":0,"enemies":"2 Louse","floor":5,"turns":1},{"damage":0,"enemies":"Lagavulin","floor":7,"turns":1},{"damage":0,"enemies":"Cultist","floor":8,"turns":3},{"damage":14,"enemies":"3 Sentries","floor":10,"turns":10},{"damage":0,"enemies":"Exordium Wildlife","floor":11,"turns":4},{"damage":12,"enemies":"Lagavulin","floor":12,"turns":5},{"damage":0,"enemies":"Large Slime","floor":14,"turns":4},{"damage":44,"enemies":"Fading Forest","floor":16,"turns":10}],"seed_played":"7470148132206651331","potions_obtained":[{"floor":8,"key":"Death Potion"},{"floor":11,"key":"SteroidPotion"},{"floor":12,"key":"Reflective Coating"},{"floor":14,"key":"LifebloodPotion"}],"is_trial":false,"path_per_floor":["M","?","$","?","M","R","E","M","T","E","M","E","R","M","R","B"],"character_chosen":"THE_SILENT","items_purchased":["Replay:Poison Smokescreen"],"campfire_rested":1,"item_purchase_floors":[3],"current_hp_per_floor":[70,56,56,39,39,39,39,39,39,25,25,13,13,13,34,0,0],"gold":204,"neow_bonus":"THREE_ENEMY_KILL","is_daily":false,"chose_seed":false,"campfire_upgraded":2,"win_rate":0.0,"timestamp":1612705851,"path_taken":["M","?","$","?","M","R","E","M","T","E","M","E","R","M","R","BOSS"],"items_purchased_type":["Card"],"build_version":"2020-12-22","purchased_purges":0,"victory":false,"max_hp_per_floor":[70,70,70,70,70,70,70,70,70,70,70,70,70,70,70,70,70],"card_choices":[{"not_picked":["Deflect","Backflip"],"picked":"Slice","floor":1},{"not_picked":["Backflip","Caltrops"],"picked":"Catalyst","floor":5},{"not_picked":["Outmaneuver","Setup"],"picked":"Cloak And Dagger","floor":7},{"not_picked":["Bane","Reflex","Accuracy"],"picked":"SKIP","floor":8},{"not_picked":["Prepared","Heel Hook"],"picked":"After Image","floor":10},{"not_picked":["Bane","All Out Attack"],"picked":"Poisoned Stab","floor":11},{"not_picked":["Blur","Setup"],"picked":"Slice","floor":12},{"not_picked":["Quick Slash","Dodge and Roll","Bane"],"picked":"SKIP","floor":14}],"player_experience":232047,"relics_obtained":[{"floor":7,"key":"ReplayTheSpireMod:Lightbulb"},{"floor":9,"key":"Onion Ring"},{"floor":10,"key":"White Beast Statue"},{"floor":12,"key":"Ancient Tea Set"}],"event_choices":[{"damage_healed":0,"gold_gain":0,"player_choice":"Entered Light","damage_taken":14,"max_hp_gain":0,"max_hp_loss":0,"event_name":"Shining Light","floor":2,"gold_loss":0,"cards_upgraded":["Neutralize","Strike_G"]},{"damage_healed":0,"gold_gain":0,"player_choice":"Take Damage","damage_taken":17,"relics_obtained":["Golden Idol"],"max_hp_gain":0,"max_hp_loss":0,"event_name":"Golden Idol","floor":4,"gold_loss":0}],"is_beta":false,"boss_relics":[],"items_purged_floors":[],"is_endless":false,"potions_floor_spawned":[8,11,12,14],"killed_by":"Fading Forest","ascension_level":1}}