{"host":"8o45mh5p3pp1o2mi","time":1612659291,"event":{"mods":["BaseMod","Bestiary","Better Match","Better Third Choice","BetterRewards","Dark Map","Downfall","Fox Events","Minty Spire (QoL Compilation)","Rare Cards Sparkle","Relic Stats","Replay The Spire","Shop Mod","Spire Exporter","StSLib","everything is the same but u backflip on backflip"],"gold_per_floor":[112,62,62,76,102,132,61,61,61,93,103,123,158,158,158,288,288,304,320,37,37,37,77,101,145,145,145,145,145,185,185,185],"floor_reached":31,"language":"ENG","playtime":1611,"items_purged":["Strike_P","Defend_P"],"score":491,"play_id":"98efb87c-a1cb-43d2-be78-fb92cad4dc07","local_time":"20210207005451","is_ascension_mode":true,"campfire_choices":[{"data":"ConjureBlade","floor":8,"key":"SMITH"},{"floor":15,"key":"REST"},{"data":"Omniscience","floor":27,"key":"SMITH"},{"data":"TalkToTheHand","floor":27,"key":"SMITH"}],"circlet_count":0,"master_deck":["Strike_P","Strike_P+1","Defend_P","Defend_P","Eruption","Vigilance","Meditate","BowlingBash","Crescendo","FlurryOfBlows+1","ConjureBlade+1","TalkToTheHand+1","Replay:AtTheReady","Halt","CarveReality","Omniscience+1","DevaForm","FearNoEvil+1","Tantrum+1","MentalFortress+1","downfall:Bewildered","Weave+1","ThirdEye","Replay:Anticipation","CutThroughFate"],"relics":["PureWater","Counterbalance","Question Card","betterThird:SlimedRelic","PreservedInsect","Whetstone","Replay:Kaleidoscope","Incense Burner","Replay:Arrowhead","Golden Idol","Replay:Drink Me","Lee\u0027s Waffle","sneckomod:BabySnecko","Divine Protection","Replay:Bottled Eggs","Replay:Bottled Snecko","Blood Vial"],"acts_visited":["Exordium","TheCity"],"potions_floor_usage":[12,16,18,18],"damage_taken":[{"damage":6,"enemies":"2 Louse","floor":1,"turns":2},{"damage":0,"enemies":"Jaw Worm","floor":4,"turns":4},{"damage":14,"enemies":"3 Sentries","floor":6,"turns":6},{"damage":18,"enemies":"Gremlin Nob","floor":10,"turns":3},{"damage":0,"enemies":"Cultist","floor":11,"turns":2},{"damage":5,"enemies":"Large Slime","floor":12,"turns":4},{"damage":0,"enemies":"3 Sentries","floor":13,"turns":4},{"damage":8,"enemies":"The Guardian","floor":16,"turns":10},{"damage":4,"enemies":"2 Thieves","floor":18,"turns":3},{"damage":0,"enemies":"Chosen","floor":19,"turns":4},{"damage":0,"enemies":"Gremlin Leader","floor":23,"turns":3},{"damage":8,"enemies":"Centurion and Healer","floor":24,"turns":4},{"damage":0,"enemies":"Slavers","floor":25,"turns":3},{"damage":0,"enemies":"Book of Stabbing","floor":30,"turns":3},{"damage":87,"enemies":"3 Cultists","floor":31,"turns":6}],"seed_played":"6461351026437566809","potions_obtained":[{"floor":6,"key":"BlessingOfTheForge"},{"floor":10,"key":"Block Potion"},{"floor":11,"key":"DistilledChaos"},{"floor":12,"key":"LiquidBronze"},{"floor":13,"key":"Explosive Potion"},{"floor":18,"key":"SpeedPotion"}],"is_trial":false,"path_per_floor":["M","?","$","M","T","E","$","R","T","E","M","M","E","?","R","B",null,"M","M","$","?","?","E","M","E","T","R","?","?","E","M"],"character_chosen":"WATCHER","items_purchased":["Meditate","Question Card","BowlingBash","TalkToTheHand","MentalFortress","Lee\u0027s Waffle"],"campfire_rested":1,"item_purchase_floors":[0,0,0,7,20,20],"current_hp_per_floor":[66,55,55,55,55,41,41,41,41,23,23,18,18,18,39,31,54,50,50,61,61,61,61,53,53,53,53,53,53,53,0,0],"gold":185,"neow_bonus":"","is_daily":false,"chose_seed":false,"campfire_upgraded":3,"win_rate":0.0,"timestamp":1612659291,"path_taken":["M","?","$","M","?","E","?","R","T","E","?","M","E","?","R","BOSS","M","M","$","?","?","E","M","E","T","R","?","?","E","?"],"items_purchased_type":["Card","Relic","Card","Card","Card","Relic"],"build_version":"2020-12-22","purchased_purges":2,"victory":false,"max_hp_per_floor":[72,72,72,72,72,72,72,72,72,72,72,72,72,72,72,72,54,54,54,61,61,61,61,61,61,61,61,61,61,61,61,61],"relic_stats":{"Blood Vial":2,"Lee\u0027s Waffle":11,"counters":[55,214],"Golden Idol":62,"PreservedInsect":220,"Whetstone":["Strike_P","FlurryOfBlows"],"Question Card":14,"obtain_stats":[{"Divine Protection":23,"Lantern":4,"downfall:HeartBlessingGreen":18,"Incense Burner":10,"Whetstone":6,"Bottled Tornado":43,"Boot":46,"Blood Vial":30,"Replay:Ringing Soul":43,"Chameleon Ring":3,"HornCleat":24,"Strawberry":25,"Philosopher\u0027s Stone":17,"Iron Hammer":8,"Chemical X":0,"Replay:Bottled Snecko":26,"Replay:Bottled Eggs":25,"Replay:Drink Me":17,"InkBottle":40,"Potion Belt":3,"Gremlin Food":41,"Lee\u0027s Waffle":12,"downfall:HeartBlessingRed":9,"Golden Idol":14,"ReplayTheSpireMod:Ring of Addiction":3,"Replay:Grab Bag":17,"Counterbalance":0,"Guardian:ModeShifter":0,"downfall:HeartsMalice":0,"Eternal Feather":13,"Pen Nib":13,"PreservedInsect":5,"Replay:Kaleidoscope":9,"Orichalcum":10,"Question Card":0,"Replay:Arrowhead":13,"SlaversCollar":17,"sneckomod:BabySnecko":21,"CaptainsWheel":7,"Pondfish Scales":44,"Busted Crown":34,"MutagenicStrength":22,"betterThird:SlimedRelic":2,"ReplayTheSpireMod:TigerMarble":28,"Kintsugi":17,"ReplayTheSpireMod:DimensionalGlitch":17},{"Divine Protection":51,"Lantern":2,"downfall:HeartBlessingGreen":9,"Incense Burner":44,"Whetstone":43,"Bottled Tornado":25,"Boot":27,"Blood Vial":54,"Replay:Ringing Soul":25,"Chameleon Ring":1,"HornCleat":13,"Strawberry":14,"Philosopher\u0027s Stone":38,"Iron Hammer":35,"Chemical X":30,"Replay:Bottled Snecko":53,"Replay:Bottled Eggs":53,"Replay:Drink Me":48,"InkBottle":23,"Potion Belt":1,"Gremlin Food":23,"Lee\u0027s Waffle":36,"downfall:HeartBlessingRed":4,"Golden Idol":47,"ReplayTheSpireMod:Ring of Addiction":1,"Replay:Grab Bag":38,"Counterbalance":40,"Guardian:ModeShifter":0,"downfall:HeartsMalice":0,"Eternal Feather":7,"Pen Nib":36,"PreservedInsect":42,"Replay:Kaleidoscope":43,"Orichalcum":36,"Question Card":40,"Replay:Arrowhead":47,"SlaversCollar":9,"sneckomod:BabySnecko":11,"CaptainsWheel":3,"Pondfish Scales":26,"Busted Crown":20,"MutagenicStrength":12,"betterThird:SlimedRelic":41,"ReplayTheSpireMod:TigerMarble":17,"Kintsugi":38,"ReplayTheSpireMod:DimensionalGlitch":38},{"Divine Protection":198,"Lantern":0,"downfall:HeartBlessingGreen":22,"Incense Burner":168,"Whetstone":165,"Bottled Tornado":87,"Boot":96,"Blood Vial":208,"Replay:Ringing Soul":87,"Chameleon Ring":0,"HornCleat":45,"Strawberry":49,"Philosopher\u0027s Stone":145,"Iron Hammer":130,"Chemical X":112,"Replay:Bottled Snecko":205,"Replay:Bottled Eggs":205,"Replay:Drink Me":188,"InkBottle":83,"Potion Belt":0,"Gremlin Food":83,"Lee\u0027s Waffle":134,"downfall:HeartBlessingRed":4,"Golden Idol":178,"ReplayTheSpireMod:Ring of Addiction":0,"Replay:Grab Bag":145,"Counterbalance":153,"Guardian:ModeShifter":0,"downfall:HeartsMalice":0,"Eternal Feather":14,"Pen Nib":134,"PreservedInsect":159,"Replay:Kaleidoscope":165,"Orichalcum":134,"Question Card":153,"Replay:Arrowhead":178,"SlaversCollar":22,"sneckomod:BabySnecko":34,"CaptainsWheel":0,"Pondfish Scales":92,"Busted Crown":73,"MutagenicStrength":41,"betterThird:SlimedRelic":155,"ReplayTheSpireMod:TigerMarble":59,"Kintsugi":145,"ReplayTheSpireMod:DimensionalGlitch":145}]},"card_choices":[{"not_picked":["SashWhip","ReachHeaven","CutThroughFate"],"picked":"Crescendo","floor":1},{"not_picked":["ThirdEye","Brilliance","Collect"],"picked":"FlurryOfBlows","floor":4},{"not_picked":["DeceiveReality","EmptyBody","SashWhip"],"picked":"ConjureBlade","floor":6},{"not_picked":["ClearTheMind","Consecrate","WheelKick"],"picked":"Replay:AtTheReady","floor":10},{"not_picked":["Replay:AtTheReady","Vengeance","Replay:ManipulateFuture"],"picked":"Halt","floor":11},{"not_picked":["BowlingBash","Prostrate","Blasphemy"],"picked":"CarveReality","floor":12},{"not_picked":["Pray","Protect","Sanctity"],"picked":"Omniscience","floor":13},{"not_picked":["Blasphemy","Establishment","Alpha"],"picked":"DevaForm","floor":16},{"not_picked":["WheelKick+1","Prostrate+1","Replay:Vibes+1"],"picked":"FearNoEvil+1","floor":18},{"not_picked":["JustLucky","Fasting2+1","Weave"],"picked":"Tantrum","floor":19},{"not_picked":["Replay:AllIn","EmptyFist+1","FollowUp"],"picked":"Weave+1","floor":23},{"not_picked":["Worship","ClearTheMind","BattleHymn"],"picked":"ThirdEye","floor":24},{"not_picked":["Halt","SashWhip","Evaluate"],"picked":"Replay:Anticipation","floor":25},{"not_picked":["ConjureBlade","JustLucky","Weave"],"picked":"CutThroughFate","floor":30}],"player_experience":172429,"relics_obtained":[{"floor":5,"key":"PreservedInsect"},{"floor":6,"key":"Whetstone"},{"floor":9,"key":"Replay:Kaleidoscope"},{"floor":10,"key":"Incense Burner"},{"floor":13,"key":"Replay:Arrowhead"},{"floor":23,"key":"Divine Protection"},{"floor":25,"key":"Replay:Bottled Eggs"},{"floor":26,"key":"Replay:Bottled Snecko"},{"floor":30,"key":"Blood Vial"}],"event_choices":[{"damage_healed":0,"gold_gain":0,"player_choice":"Slimed","damage_taken":11,"max_hp_gain":0,"max_hp_loss":0,"event_name":"betterThird:BetterGoop","floor":2,"gold_loss":50},{"damage_healed":0,"gold_gain":0,"player_choice":"Take Wound","damage_taken":0,"relics_obtained":["Golden Idol"],"max_hp_gain":0,"max_hp_loss":0,"event_name":"Golden Idol","floor":14,"gold_loss":0,"cards_obtained":["Injury"]},{"damage_healed":0,"gold_gain":0,"player_choice":"Ignored","damage_taken":0,"max_hp_gain":0,"max_hp_loss":0,"event_name":"Ghosts","floor":28,"gold_loss":0},{"damage_healed":0,"gold_gain":0,"player_choice":"Upgraded","damage_taken":0,"max_hp_gain":0,"max_hp_loss":0,"event_name":"Upgrade Shrine","floor":29,"gold_loss":0,"cards_upgraded":["MentalFortress"]}],"is_beta":false,"boss_relics":[{"not_picked":["Painkiller Herb","Astrolabe"],"picked":"Replay:Drink Me"}],"items_purged_floors":[0,20],"is_endless":false,"potions_floor_spawned":[6,10,11,12,13,18],"killed_by":"3 Cultists","ascension_level":4}}