{"host":"x5w9zppki4gdwvc7","time":1612705254,"event":{"mods":["AchievementEnabler","BaseMod","Colored Powertips","DeckTracker","Minty Spire (QoL Compilation)","SuperFastMode"],"gold_per_floor":[368,443,443,21,40,40,215,235,235,235,250,250,263,283,283,381,381,400,400,93,104,115,115,145,145,191,191,191,221,221,256,256,352,352,363,381,394,394,394,421,421,449,475,475,507,507,523,536,536,536],"floor_reached":51,"language":"ENG","playtime":2758,"items_purged":["Strike_R"],"score":932,"play_id":"d3340305-1061-4072-a397-31b24ed4cd1d","local_time":"20210207144054","is_ascension_mode":false,"campfire_choices":[{"data":"Feed","floor":6,"key":"SMITH"},{"data":"Clash","floor":12,"key":"SMITH"},{"data":"Iron Wave","floor":15,"key":"SMITH"},{"data":"Sever Soul","floor":23,"key":"SMITH"},{"floor":25,"key":"REST"},{"floor":28,"key":"REST"},{"data":"Demon Form","floor":30,"key":"SMITH"},{"data":"Bash","floor":32,"key":"SMITH"},{"floor":41,"key":"REST"},{"floor":44,"key":"DIG"},{"floor":49,"key":"REST"}],"circlet_count":0,"master_deck":["Strike_R","Strike_R","Strike_R","Defend_R","Defend_R","Defend_R","Bash+1","Feed+1","Clash+1","Iron Wave+1","Sever Soul+1","Demon Form+1","CurseOfTheBell","Metallicize+1","Shrug It Off+1","Fire Breathing+1","Double Tap","Shockwave+1","Carnage+1","Ghostly Armor+1","Dual Wield+1"],"relics":["Burning Blood","Blue Candle","Torii","Spirit Poop","Calling Bell","MealTicket","Ornamental Fan","Pocketwatch","Orichalcum","Membership Card","Frozen Egg 2","Bag of Marbles","Anchor","Happy Flower","Bottled Tornado","FossilizedHelix","SlaversCollar","Smiling Mask","Shovel","Pear","Omamori"],"acts_visited":["Exordium","TheCity","TheBeyond"],"potions_floor_usage":[16,16,24,31,33,36,42,45,50,50],"damage_taken":[{"damage":17,"enemies":"Small Slimes","floor":1,"turns":4},{"damage":8,"enemies":"Cultist","floor":5,"turns":5},{"damage":5,"enemies":"Jaw Worm","floor":8,"turns":4},{"damage":21,"enemies":"2 Fungi Beasts","floor":11,"turns":3},{"damage":1,"enemies":"Lots of Slimes","floor":13,"turns":4},{"damage":7,"enemies":"3 Louse","floor":14,"turns":2},{"damage":35,"enemies":"The Guardian","floor":16,"turns":11},{"damage":21,"enemies":"2 Thieves","floor":18,"turns":4},{"damage":1,"enemies":"Chosen","floor":21,"turns":5},{"damage":27,"enemies":"Centurion and Healer","floor":22,"turns":7},{"damage":46,"enemies":"Book of Stabbing","floor":24,"turns":6},{"damage":17,"enemies":"Gremlin Leader","floor":29,"turns":5},{"damage":27,"enemies":"Slavers","floor":31,"turns":8},{"damage":3,"enemies":"Champ","floor":33,"turns":8},{"damage":0,"enemies":"3 Shapes","floor":35,"turns":5},{"damage":14,"enemies":"Orb Walker","floor":36,"turns":5},{"damage":0,"enemies":"4 Shapes","floor":37,"turns":4},{"damage":59,"enemies":"Nemesis","floor":40,"turns":9},{"damage":8,"enemies":"Giant Head","floor":42,"turns":7},{"damage":63,"enemies":"Reptomancer","floor":45,"turns":7},{"damage":0,"enemies":"Maw","floor":47,"turns":6},{"damage":48,"enemies":"Jaw Worm Horde","floor":48,"turns":7},{"damage":32,"enemies":"Time Eater","floor":50,"turns":9}],"seed_played":"-1588046579901142454","potions_obtained":[{"floor":1,"key":"DistilledChaos"},{"floor":11,"key":"DistilledChaos"},{"floor":16,"key":"Fire Potion"},{"floor":18,"key":"BlessingOfTheForge"},{"floor":24,"key":"Explosive Potion"},{"floor":29,"key":"Block Potion"},{"floor":33,"key":"FearPotion"},{"floor":35,"key":"Strength Potion"},{"floor":36,"key":"BlessingOfTheForge"},{"floor":40,"key":"AttackPotion"},{"floor":48,"key":"Dexterity Potion"}],"is_trial":false,"path_per_floor":["M","?","?","$","M","R","?","M","T","?","M","R","M","M","R","B",null,"M","?","$","M","M","R","E","R","T","?","R","E","R","E","R","B",null,"M","M","M","?","?","E","R","E","T","R","E","?","M","M","R","B",null],"character_chosen":"IRONCLAD","items_purchased":["Blue Candle","Feed","Clash","SteroidPotion","Membership Card","Frozen Egg 2"],"campfire_rested":4,"item_purchase_floors":[4,4,4,4,20,20],"current_hp_per_floor":[61,50,50,50,48,48,48,53,53,53,42,42,51,54,54,29,92,81,81,96,100,83,83,43,74,74,74,104,97,97,80,80,87,116,120,112,122,122,122,69,106,104,104,114,57,57,63,33,76,54],"gold":536,"neow_bonus":"TWO_FIFTY_GOLD","is_daily":false,"chose_seed":false,"campfire_upgraded":6,"win_rate":0.0,"timestamp":1612705254,"path_taken":["M","?","?","$","?","R","?","M","T","?","?","R","M","M","R","BOSS","M","?","$","?","M","R","E","R","T","?","R","E","R","E","R","BOSS","M","M","M","?","?","E","R","E","T","R","E","?","M","M","R","BOSS"],"items_purchased_type":["Relic","Card","Card","Potion","Relic","Relic"],"build_version":"2020-12-22","purchased_purges":1,"victory":true,"max_hp_per_floor":[72,72,72,72,72,72,72,76,76,76,80,80,84,88,88,92,92,96,96,96,100,104,104,104,104,104,104,104,108,108,112,112,116,116,120,120,124,124,124,124,124,124,124,134,134,134,134,146,146,150],"card_choices":[{"not_picked":["Reckless Charge","Wild Strike","Headbutt"],"picked":"SKIP","floor":1},{"not_picked":["Dark Embrace","Pommel Strike"],"picked":"Iron Wave","floor":5},{"not_picked":["Anger","Dark Embrace"],"picked":"Sever Soul","floor":8},{"not_picked":["Pummel","Body Slam","Evolve"],"picked":"SKIP","floor":11},{"not_picked":["Rampage","Flex","Thunderclap"],"picked":"SKIP","floor":13},{"not_picked":["Body Slam","Pommel Strike","Power Through"],"picked":"SKIP","floor":14},{"not_picked":["Immolate","Exhume"],"picked":"Demon Form","floor":16},{"not_picked":["Flex","Infernal Blade","Second Wind"],"picked":"SKIP","floor":18},{"not_picked":["Second Wind+1","Flex","Cleave"],"picked":"SKIP","floor":21},{"not_picked":["Whirlwind","Carnage","Flex"],"picked":"SKIP","floor":22},{"not_picked":["Thunderclap","Flame Barrier"],"picked":"Metallicize+1","floor":24},{"not_picked":["Impervious","Reaper"],"picked":"Shrug It Off+1","floor":29},{"not_picked":["Anger","Wild Strike"],"picked":"Fire Breathing+1","floor":31},{"not_picked":["Brutality+1","Bludgeon"],"picked":"Double Tap","floor":33},{"not_picked":["Body Slam+1","Havoc+1","Pommel Strike"],"picked":"SKIP","floor":35},{"not_picked":["Thunderclap+1","Anger"],"picked":"Shockwave+1","floor":36},{"not_picked":["Thunderclap+1","Iron Wave"],"picked":"Carnage+1","floor":37},{"not_picked":["Havoc","Whirlwind+1","Intimidate+1"],"picked":"SKIP","floor":40},{"not_picked":["Wild Strike+1","Juggernaut+1","Dropkick"],"picked":"SKIP","floor":42},{"not_picked":["Second Wind+1","Heavy Blade"],"picked":"Ghostly Armor+1","floor":45},{"not_picked":["Inflame+1","Body Slam"],"picked":"Dual Wield+1","floor":47},{"not_picked":["Carnage","Dual Wield+1","Iron Wave"],"picked":"SKIP","floor":48}],"player_experience":556029,"relics_obtained":[{"floor":9,"key":"Torii"},{"floor":17,"key":"MealTicket"},{"floor":17,"key":"Ornamental Fan"},{"floor":17,"key":"Pocketwatch"},{"floor":19,"key":"Orichalcum"},{"floor":24,"key":"Bag of Marbles"},{"floor":26,"key":"Anchor"},{"floor":29,"key":"Bottled Tornado"},{"floor":31,"key":"FossilizedHelix"},{"floor":40,"key":"Smiling Mask"},{"floor":42,"key":"Shovel"},{"floor":44,"key":"Pear"},{"floor":45,"key":"Omamori"}],"event_choices":[{"damage_healed":0,"gold_gain":75,"player_choice":"Gather Gold","damage_taken":11,"max_hp_gain":0,"max_hp_loss":0,"event_name":"World of Goop","floor":2,"gold_loss":0},{"cards_removed":["Strike_R"],"damage_healed":0,"gold_gain":0,"player_choice":"Purged","damage_taken":0,"max_hp_gain":0,"max_hp_loss":0,"event_name":"Purifier","floor":3,"gold_loss":0},{"damage_healed":0,"gold_gain":175,"player_choice":"AGREE","damage_taken":0,"max_hp_gain":0,"max_hp_loss":0,"event_name":"Liars Game","floor":7,"gold_loss":0,"cards_obtained":["Doubt"]},{"cards_removed":["Doubt"],"damage_healed":0,"gold_gain":0,"player_choice":"Offered Curse","damage_taken":0,"relics_obtained":["Spirit Poop"],"max_hp_gain":0,"max_hp_loss":0,"event_name":"Bonfire Elementals","floor":10,"gold_loss":0},{"damage_healed":0,"gold_gain":0,"player_choice":"Relic","damage_taken":0,"max_hp_gain":0,"max_hp_loss":0,"event_name":"Wheel of Change","floor":19,"gold_loss":0},{"damage_healed":0,"gold_gain":0,"player_choice":"Gave Potion","damage_taken":0,"relics_obtained":["Happy Flower"],"max_hp_gain":0,"max_hp_loss":0,"event_name":"WeMeetAgain","floor":27,"gold_loss":0},{"damage_healed":0,"gold_gain":0,"player_choice":"Ignored","damage_taken":0,"max_hp_gain":0,"max_hp_loss":0,"event_name":"Tomb of Lord Red Mask","floor":38,"gold_loss":0},{"damage_healed":0,"gold_gain":0,"player_choice":"Memory 1","damage_taken":0,"max_hp_gain":0,"max_hp_loss":0,"event_name":"SensoryStone","floor":39,"gold_loss":0},{"cards_removed":["Defend_R"],"damage_healed":0,"gold_gain":0,"player_choice":"Removed Skill","damage_taken":0,"max_hp_gain":0,"max_hp_loss":0,"event_name":"Falling","floor":46,"gold_loss":0}],"is_beta":false,"boss_relics":[{"not_picked":["Runic Cube","Coffee Dripper"],"picked":"Calling Bell"},{"not_picked":["Philosopher\u0027s Stone","Busted Crown"],"picked":"SlaversCollar"}],"items_purged_floors":[20],"is_endless":false,"potions_floor_spawned":[1,11,14,16,18,24,29,33,35,36,40,48],"ascension_level":0}}