{"host":"2lo6hma6kymb0g9i","time":1612715898,"event":{"mods":["BaseMod","Colored Map","DeckTracker","Minty Spire (QoL Compilation)"],"gold_per_floor":[114,164,176,176,187,187,212,212,235,235,73,83,83,83,83,179,179,199,199,199,215,215,215,255,275,348,398,398,398],"floor_reached":28,"language":"JPN","playtime":1620,"items_purged":["Pain"],"score":468,"play_id":"9f0f99e4-4b65-4b58-a017-677cefa999f1","local_time":"20210208013818","is_ascension_mode":true,"campfire_choices":[{"data":"Noxious Fumes","floor":6,"key":"SMITH"},{"floor":8,"key":"REST"},{"data":"Neutralize","floor":10,"key":"SMITH"},{"data":"Footwork","floor":15,"key":"SMITH"},{"floor":23,"key":"REST"}],"circlet_count":0,"master_deck":["AscendersBane","Survivor","Neutralize+1","Cloak And Dagger","Noxious Fumes+1","PiercingWail","Footwork+1","Corpse Explosion","Outmaneuver","Deadly Poison","Dagger Throw","Grand Finale","Venomology","Flechettes","Well Laid Plans","Eviscerate","Footwork","Blur","Prepared","Bullet Time"],"relics":["Ring of the Snake","NeowsBlessing","WarpedTongs","Boot","Tiny Chest","Golden Idol","Pandora\u0027s Box","Molten Egg 2","Bottled Flame","Blue Candle"],"acts_visited":["Exordium","TheCity"],"potions_floor_usage":[5,12,21,24,25,25,28],"damage_taken":[{"damage":0,"enemies":"Cultist","floor":1,"turns":1},{"damage":0,"enemies":"Jaw Worm","floor":3,"turns":1},{"damage":0,"enemies":"Small Slimes","floor":5,"turns":1},{"damage":40,"enemies":"Lagavulin","floor":7,"turns":11},{"damage":0,"enemies":"Exordium Wildlife","floor":12,"turns":5},{"damage":16,"enemies":"Hexaghost","floor":16,"turns":13},{"damage":30,"enemies":"2 Thieves","floor":18,"turns":3},{"damage":14,"enemies":"3 Byrds","floor":21,"turns":4},{"damage":15,"enemies":"Book of Stabbing","floor":24,"turns":7},{"damage":10,"enemies":"Snake Plant","floor":25,"turns":5},{"damage":14,"enemies":"Sentry and Sphere","floor":28,"turns":3}],"seed_played":"-1909168665470225333","potions_obtained":[{"floor":5,"key":"Fruit Juice"},{"floor":7,"key":"Explosive Potion"},{"floor":12,"key":"Fruit Juice"},{"floor":19,"key":"Weak Potion"},{"floor":24,"key":"EssenceOfSteel"},{"floor":25,"key":"BlessingOfTheForge"}],"is_trial":false,"path_per_floor":["M","?","M","?","M","R","E","R","T","R","$","M","$","?","R","B",null,"M","?","T","M","?","R","E","M","T","?","M"],"character_chosen":"THE_SILENT","items_purchased":["Footwork"],"campfire_rested":2,"item_purchase_floors":[11],"current_hp_per_floor":[59,53,53,53,58,58,18,39,39,39,39,44,44,44,44,28,59,29,29,29,15,15,35,20,10,10,10,0,0],"gold":398,"neow_bonus":"THREE_ENEMY_KILL","is_daily":false,"chose_seed":false,"campfire_upgraded":3,"win_rate":0.0,"timestamp":1612715898,"path_taken":["M","?","?","?","M","R","E","R","T","R","$","M","?","?","R","BOSS","M","?","?","M","?","R","E","M","T","?","?"],"items_purchased_type":["Card"],"build_version":"2020-12-22","purchased_purges":1,"victory":false,"max_hp_per_floor":[66,66,66,66,71,71,71,71,71,71,71,76,76,69,69,69,69,69,69,69,69,69,69,69,69,69,69,69,69],"card_choices":[{"not_picked":["Skewer","Bane"],"picked":"Cloak And Dagger","floor":1},{"not_picked":["Outmaneuver","Leg Sweep"],"picked":"Noxious Fumes","floor":3},{"not_picked":["Deadly Poison","Slice","Dagger Spray"],"picked":"SKIP","floor":5},{"not_picked":["Leg Sweep","Masterful Stab"],"picked":"PiercingWail","floor":7},{"not_picked":["Outmaneuver","Dash","Deadly Poison"],"picked":"SKIP","floor":12},{"not_picked":["Adrenaline","Grand Finale"],"picked":"Corpse Explosion","floor":16},{"not_picked":["Sucker Punch+1","Bane"],"picked":"Blur","floor":18},{"not_picked":["Prepared","Sucker Punch+1","Flying Knee+1"],"picked":"SKIP","floor":21},{"not_picked":["Sucker Punch+1","Flying Knee+1"],"picked":"Prepared","floor":21},{"not_picked":["Dodge and Roll","Underhanded Strike+1","Caltrops"],"picked":"SKIP","floor":24},{"not_picked":["Poisoned Stab+1","Predator+1"],"picked":"Bullet Time","floor":25}],"player_experience":1143112,"relics_obtained":[{"floor":7,"key":"Boot"},{"floor":9,"key":"Tiny Chest"},{"floor":20,"key":"Molten Egg 2"},{"floor":24,"key":"Bottled Flame"},{"floor":26,"key":"Blue Candle"}],"event_choices":[{"damage_healed":0,"gold_gain":50,"player_choice":"Touch","damage_taken":6,"max_hp_gain":0,"max_hp_loss":0,"event_name":"FaceTrader","floor":2,"gold_loss":0},{"damage_healed":0,"gold_gain":0,"player_choice":"Rummage","damage_taken":0,"relics_obtained":["WarpedTongs"],"max_hp_gain":0,"max_hp_loss":0,"event_name":"Accursed Blacksmith","floor":4,"gold_loss":0,"cards_obtained":["Pain"]},{"damage_healed":0,"gold_gain":0,"player_choice":"Lose Max HP","damage_taken":0,"relics_obtained":["Golden Idol"],"max_hp_gain":0,"max_hp_loss":7,"event_name":"Golden Idol","floor":14,"gold_loss":0},{"damage_healed":0,"gold_gain":0,"player_choice":"Got Potions","damage_taken":0,"max_hp_gain":0,"max_hp_loss":0,"event_name":"Lab","floor":19,"gold_loss":0},{"cards_removed":["Concentrate"],"damage_healed":0,"gold_gain":0,"player_choice":"Elegance","damage_taken":0,"max_hp_gain":0,"max_hp_loss":0,"event_name":"Back to Basics","floor":22,"gold_loss":0},{"damage_healed":0,"gold_gain":50,"player_choice":"Stole From Cult","damage_taken":0,"max_hp_gain":0,"max_hp_loss":0,"event_name":"Nest","floor":27,"gold_loss":0}],"is_beta":false,"boss_relics":[{"not_picked":["SacredBark","Sozu"],"picked":"Pandora\u0027s Box"}],"items_purged_floors":[11],"is_endless":false,"potions_floor_spawned":[5,7,12,24,25],"killed_by":"Sentry and Sphere","ascension_level":20}}