{"host":"8jfwj5moovfm32bt","time":1612695972,"event":{"mods":["Act Like it!","AlwaysNeverKeys","Aspiration","BaseMod","BetterRewards","CapriCore","Colored Map","Conspire","Defuse TimeMaze Blight","Downfall","Googly Eyes","Hallownest","Hermit","Hubris","Infinite Spire","Marisa????????","Minty Spire (QoL Compilation)","Quick Restart","Replay The Spire","StSLib","The Bug Knight","The Cursed","The Death Knight","The Hierophant","The Immortal","The Kombatant","Waifu the Spire","Wandering Minibosses"],"gold_per_floor":[99,115,130,162,62,73,120,154,154,172,203,285,285,310,326,421,421,421,421,433,453,471,487,487,487,487,60,60,93,110,120,130,229,229,229,241,8,20,12,32,129,129,149,149,149,149,206,206,216,241,251,251],"floor_reached":53,"language":"ENG","playtime":3246,"items_purged":["hubris:Despair","Normality"],"score":828,"play_id":"3b94ea05-000a-4f55-95a6-dab49d083c91","local_time":"20210207030612","is_ascension_mode":false,"campfire_choices":[{"data":"hexamod:Float","floor":1,"key":"SMITH"},{"floor":9,"key":"REST"},{"floor":13,"key":"REST"},{"data":"hexamod:GhostOfSpirePresent","floor":18,"key":"SMITH"},{"data":"expansioncontent:StudyTheSpire","floor":35,"key":"SMITH"},{"floor":48,"key":"REST"}],"circlet_count":0,"master_deck":["hexamod:Strike","hexamod:Strike","hexamod:Strike","hexamod:Strike","hexamod:Defend","hexamod:Defend","hexamod:Defend","hexamod:Defend","hexamod:Sear","hexamod:Float+1","hexamod:NightmareStrike","hexamod:ThermalTransfer","hexamod:FourthSeal","Ghostly","hexamod:AdvancingGuard","hexamod:ExtraCrispy","hexamod:BurningTouch","hexamod:HexaLevel","hexamod:RainOfEmbers","hexamod:BurningTouch","hexamod:GhostOfSpirePresent+1","hexamod:ThirdSeal","hexamod:GhostLash","hexamod:FirstSeal","hexamod:InspiringFlames","hexamod:SpectersWail","hexamod:PhantomCloak+1","Necronomicurse","hexamod:VolcanoVisage","expansioncontent:StudyTheSpire+1","hexamod:NightmareStrike","hexamod:RainOfEmbers","hexamod:SpectersWail","hexamod:FlamesFromBeyond","hexamod:Again+1","hexamod:WildfireWeapon+1","AbeCurse","hexamod:EmpoweredFlame+1","hexamod:GhostflameBarrier","hexamod:Hexaguard","expansioncontent:DashGenerateEvil","hexamod:GhostOfSpirePresent+1","hexamod:SecondSeal","hexamod:NightmareGuise+1","infinitespire:Starlight","infinitespire:SevenWalls","expansioncontent:InvincibleStrength+1","expansioncontent:LastStand+1","ReplayTheSpireMod:Splinters","Writhe","hexamod:Incineration+1","hexamod:SoulSteal","hexamod:VolcanoVisage+1","hexamod:SpectralAdrenaline+1","hexamod:SpectralAdrenaline+1"],"relics":["hexamod:SpiritBrand","MealTicket","infinitespire:CursedDice","Replay:Wax Seal","Potion Belt","hubris:DeckOfHolding","hubris:PeanutButter","Orichalcum","aspiration:SecretTechniqueScroll","conspire:Boomerang","Necronomicon","ReplayTheSpireMod:Ring of Collecting","Ring of Fangs","ReplayTheSpireMod:CursedCoin","Mango","Frozen Egg 2","Abe\u0027s Treasure","Ring of Greed","Simple Rune","hubris:MobiusCoin","Smiling Mask","hexamod:UnbrokenSoul","aspiration:ChemicalBlood"],"acts_visited":["Exordium","TheCity","TheBeyond"],"potions_floor_usage":[11,11,14,14,14,14,16,16,21,21,22,22,29,29,31,33,33,37,37,37,37,38,50,50,50,51,52,52,52,52],"damage_taken":[{"damage":7,"enemies":"Small Slimes","floor":2,"turns":4},{"damage":3,"enemies":"2 Louse","floor":3,"turns":2},{"damage":17,"enemies":"conspire:MimicChest","floor":4,"turns":6},{"damage":0,"enemies":"Cultist","floor":6,"turns":4},{"damage":4,"enemies":"HollowMod:MossKnight","floor":8,"turns":11},{"damage":1,"enemies":"Blue Slaver","floor":10,"turns":4},{"damage":0,"enemies":"Replay:BlueRogue","floor":11,"turns":5},{"damage":2,"enemies":"Gremlin Nob","floor":14,"turns":5},{"damage":0,"enemies":"2 Fungi Beasts","floor":15,"turns":3},{"damage":54,"enemies":"DF_ARCHETYPE_STREAMLINE","floor":16,"turns":10},{"damage":9,"enemies":"conspire:FuzzyDice","floor":20,"turns":8},{"damage":4,"enemies":"Shell Parasite","floor":21,"turns":4},{"damage":0,"enemies":"Snake Plant","floor":22,"turns":3},{"damage":0,"enemies":"conspire:HollyBat","floor":23,"turns":5},{"damage":0,"enemies":"downfall:FleeingMerchant","floor":27,"turns":4},{"damage":14,"enemies":"conspire:Head Lice","floor":29,"turns":6},{"damage":0,"enemies":"Snecko","floor":30,"turns":4},{"damage":0,"enemies":"Cultist and Chosen","floor":31,"turns":3},{"damage":18,"enemies":"Snake Plant","floor":32,"turns":3},{"damage":20,"enemies":"SI_MIRROR_ARCHETYPE","floor":33,"turns":6},{"damage":55,"enemies":"3 Shapes","floor":36,"turns":8},{"damage":0,"enemies":"downfall:FleeingMerchant","floor":37,"turns":4},{"damage":10,"enemies":"3 Darklings","floor":38,"turns":4},{"damage":10,"enemies":"Jaw Worm Horde","floor":40,"turns":3},{"damage":37,"enemies":"Spire Growth","floor":43,"turns":5},{"damage":22,"enemies":"3 Darklings","floor":49,"turns":5},{"damage":10,"enemies":"Writhing Mass","floor":50,"turns":6},{"damage":0,"enemies":"Spire Growth","floor":51,"turns":4},{"damage":54,"enemies":"IC_BLOCK_ARCHETYPE","floor":52,"turns":6}],"seed_played":"-5820043890510649950","potions_obtained":[{"floor":2,"key":"Dexterity Potion"},{"floor":4,"key":"PowerPotion"},{"floor":6,"key":"Languid Potion"},{"floor":6,"key":"Reflective Coating"},{"floor":10,"key":"GamblersBrew"},{"floor":10,"key":"infinitespire:BlackPotion"},{"floor":11,"key":"Block Potion"},{"floor":14,"key":"Energy Potion"},{"floor":15,"key":"Block Potion"},{"floor":16,"key":"Reflective Coating"},{"floor":16,"key":"GamblersBrew"},{"floor":19,"key":"DistilledChaos"},{"floor":19,"key":"SkillPotion"},{"floor":19,"key":"Adrenaline Potion"},{"floor":20,"key":"Slimebound:ThreeZeroPotion"},{"floor":21,"key":"Fruit Juice"},{"floor":22,"key":"Strength Potion"},{"floor":23,"key":"Ancient Potion"},{"floor":23,"key":"Strength Potion"},{"floor":29,"key":"BlessingOfTheForge"},{"floor":29,"key":"BlessingOfTheForge"},{"floor":33,"key":"hexamod:SoulburnPotion"},{"floor":33,"key":"AttackPotion"},{"floor":36,"key":"hexamod:InfernoChargePotion"},{"floor":40,"key":"SkillPotion"},{"floor":43,"key":"Death Potion"},{"floor":47,"key":"Flashbang"},{"floor":47,"key":"Ancient Potion"},{"floor":49,"key":"hexamod:DoubleChargePotion"},{"floor":50,"key":"Elixir"}],"is_trial":false,"path_per_floor":["R","M","M","?","?","M","T","E","R","M","E","T","R","E","M","B",null,"R","?","M","M","M","M","T","?","?","$","?","E","M","M","M","B",null,"R","M","$","M","?","M","T","AVR","M","PTL","PTL","?","?","R","M","M","M","B",null],"character_chosen":"THE_SPIRIT","items_purchased":["expansioncontent:StudyTheSpire","ReplayTheSpireMod:CursedCoin","Mango","expansioncontent:DashGenerateEvil","PowerPotion"],"campfire_rested":3,"item_purchase_floors":[27,27,27,37,37],"current_hp_per_floor":[70,63,60,43,43,43,43,39,60,59,59,59,70,68,68,14,70,70,70,61,62,62,69,69,53,53,82,82,68,68,68,57,37,89,89,41,56,46,46,36,36,36,16,16,16,11,11,37,32,32,39,32],"gold":251,"neow_bonus":"RANDOM_COMMON_RELIC","is_daily":false,"chose_seed":false,"campfire_upgraded":3,"win_rate":0.0,"timestamp":1612695972,"path_taken":["R","M","M","?","?","M","T","E","R","M","E","?","R","E","M","BOSS","R","?","M","?","M","M","T","?","?","$","?","E","M","M","M","BOSS","R","M","$","M","?","M","T","AVR","M","PTL","PTL","?","?","R","?","M","M","BOSS"],"items_purchased_type":["Card","Relic","Relic","Card","Potion"],"build_version":"2020-12-22","purchased_purges":2,"victory":true,"max_hp_per_floor":[70,70,70,70,70,70,70,70,70,70,70,70,70,70,70,70,70,70,70,70,75,75,75,75,75,75,89,89,89,89,89,89,89,89,89,89,89,89,89,89,89,89,89,89,89,89,89,89,89,89,89,89],"card_choices":[{"not_picked":["hexamod:Firestarter","hexamod:FastForward"],"picked":"hexamod:NightmareStrike","floor":2},{"not_picked":["hexamod:GhostShield","hexamod:SwordOfDarkness"],"picked":"hexamod:ThermalTransfer","floor":3},{"not_picked":["hexamod:ThermalTransfer","hexamod:StepThrough"],"picked":"hexamod:FourthSeal","floor":4},{"not_picked":["hexamod:SwordOfDarkness","hexamod:BacktrackSmack"],"picked":"hexamod:AdvancingGuard","floor":6},{"not_picked":["hexamod:HauntingEcho","hexamod:Rewind"],"picked":"hexamod:ExtraCrispy","floor":8},{"not_picked":["hexamod:GhostLash","hexamod:SpectersWail"],"picked":"hexamod:BurningTouch","floor":10},{"not_picked":["hexamod:InspiringFlames","hexamod:GhostShield"],"picked":"hexamod:HexaLevel","floor":11},{"not_picked":["hexamod:SpectersWail","hexamod:GhostLash"],"picked":"hexamod:RainOfEmbers","floor":14},{"not_picked":["hexamod:CatchUp","hexamod:SkipABeat"],"picked":"hexamod:BurningTouch","floor":15},{"not_picked":["hexamod:GiftsFromTheDead","hexamod:TurnItUp"],"picked":"hexamod:GhostOfSpirePresent","floor":16},{"not_picked":["hexamod:GhostShield","hexamod:PowerFromBeyond"],"picked":"hexamod:ThirdSeal","floor":20},{"not_picked":["hexamod:Haunt","hexamod:RetreatToShadows"],"picked":"hexamod:GhostLash","floor":21},{"not_picked":["hexamod:AdvancingGuard","hexamod:HeatMetal"],"picked":"hexamod:FirstSeal","floor":22},{"not_picked":["hexamod:HauntingEcho","hexamod:SwordOfDarkness+1"],"picked":"hexamod:InspiringFlames","floor":22},{"not_picked":["hexamod:HauntingEcho","hexamod:BacktrackSmack+1"],"picked":"hexamod:SpectersWail","floor":23},{"not_picked":["hexamod:SpectersWail","hexamod:HauntingEcho+1"],"picked":"hexamod:PhantomCloak+1","floor":23},{"not_picked":["hexamod:InspiringFlames","hexamod:CatchUp"],"picked":"hexamod:VolcanoVisage","floor":27},{"not_picked":["hexamod:SpectralAdrenaline","hexamod:SwordOfDarkness"],"picked":"hexamod:NightmareStrike","floor":29},{"not_picked":["hexamod:NightmareGuise","hexamod:GhostShield"],"picked":"hexamod:RainOfEmbers","floor":29},{"not_picked":["hexamod:BurningTouch+1","hexamod:Firestarter"],"picked":"hexamod:SpectersWail","floor":30},{"not_picked":["hexamod:HeatCrush","hexamod:InspiringFlames+1"],"picked":"hexamod:FlamesFromBeyond","floor":31},{"not_picked":["hexamod:ShieldOfDarkness","hexamod:ThermalTransfer+1","hexamod:StepThrough+1"],"picked":"SKIP","floor":31},{"not_picked":["hexamod:FastForward","hexamod:Hexaguard"],"picked":"hexamod:Again+1","floor":32},{"not_picked":["hexamod:UnleashSpirits","hexamod:GiftsFromTheDead+1"],"picked":"hexamod:WildfireWeapon+1","floor":33},{"not_picked":["hexamod:ChargedBarrage","hexamod:NightmareStrike+1"],"picked":"hexamod:EmpoweredFlame+1","floor":36},{"not_picked":["hexamod:GhostLash","hexamod:Firestarter"],"picked":"hexamod:GhostflameBarrier","floor":36},{"not_picked":["hexamod:GhostShield","hexamod:HauntingEcho"],"picked":"hexamod:Hexaguard","floor":37},{"not_picked":["hexamod:HeatShield+1","hexamod:BacktrackSmack"],"picked":"hexamod:GhostOfSpirePresent+1","floor":38},{"not_picked":["hexamod:HeatMetal","hexamod:Again+1"],"picked":"hexamod:NightmareGuise+1","floor":40},{"not_picked":["hexamod:ShieldOfDarkness+1","hexamod:StepThrough","hexamod:ThirdSeal"],"picked":"SKIP","floor":43},{"not_picked":["hexamod:BacktrackSmack","hexamod:AdvancingGuard+1","hexamod:Hexaguard"],"picked":"SKIP","floor":43},{"not_picked":["Replay:SS_forest_2","Replay:SS_hec_1"],"picked":"expansioncontent:InvincibleStrength","floor":46},{"not_picked":["expansioncontent:YouAreMine","expansioncontent:PolyBeam"],"picked":"expansioncontent:LastStand","floor":46},{"not_picked":["hexamod:FastForward","hexamod:InspiringFlames+1"],"picked":"hexamod:Incineration+1","floor":47},{"not_picked":["hexamod:GhostOfSpirePast+1","hexamod:NecessarySacrifice+1"],"picked":"hexamod:SoulSteal","floor":49},{"not_picked":["hexamod:FourthSeal","hexamod:ExtraCrispy+1"],"picked":"hexamod:VolcanoVisage+1","floor":50},{"not_picked":["hexamod:NightmareStrike+1","hexamod:BurningTouch"],"picked":"hexamod:SpectralAdrenaline+1","floor":51},{"not_picked":["hexamod:SwordOfDarkness","hexamod:FirstSeal"],"picked":"hexamod:SpectralAdrenaline+1","floor":51}],"player_experience":428611,"relics_obtained":[{"floor":4,"key":"infinitespire:CursedDice"},{"floor":7,"key":"Replay:Wax Seal"},{"floor":8,"key":"Potion Belt"},{"floor":11,"key":"hubris:DeckOfHolding"},{"floor":12,"key":"hubris:PeanutButter"},{"floor":14,"key":"Orichalcum"},{"floor":24,"key":"conspire:Boomerang"},{"floor":25,"key":"Necronomicon"},{"floor":26,"key":"ReplayTheSpireMod:Ring of Collecting"},{"floor":26,"key":"Ring of Fangs"},{"floor":29,"key":"Frozen Egg 2"},{"floor":41,"key":"Ring of Greed"},{"floor":41,"key":"Simple Rune"},{"floor":41,"key":"hubris:MobiusCoin"},{"floor":41,"key":"Smiling Mask"},{"floor":47,"key":"aspiration:ChemicalBlood"}],"event_choices":[{"damage_healed":0,"gold_gain":0,"player_choice":"Argue","damage_taken":0,"max_hp_gain":0,"max_hp_loss":0,"event_name":"conspire:LoneGhost","floor":5,"gold_loss":0},{"damage_healed":0,"gold_gain":0,"player_choice":"Got Potions","damage_taken":0,"max_hp_gain":0,"max_hp_loss":0,"event_name":"Lab","floor":19,"gold_loss":0},{"damage_healed":0,"gold_gain":0,"player_choice":"Leave","damage_taken":0,"max_hp_gain":0,"max_hp_loss":0,"event_name":"conspire:Investor","floor":28,"gold_loss":0}],"is_beta":false,"boss_relics":[{"not_picked":["hubris:RunicObelisk","conspire:SlowCooker"],"picked":"aspiration:SecretTechniqueScroll"},{"not_picked":["hubris:Stopwatch","Sozu"],"picked":"Abe\u0027s Treasure"}],"items_purged_floors":[27,42],"is_endless":false,"potions_floor_spawned":[2,4,6,10,15,16,23,29,33,40,49,50],"ascension_level":0}}