{"host":"m3qxensetu6036ua","time":1612702220,"event":{"mods":["2.2 Compatiblity","AchievementEnabler","BaseMod","Better Altar","Better Match","Better Sensory Stone","Better Skull","Better Third Choice","Better Vampires","Block Reminder","Colored Powertips","Displayed Cursed Tome","Evolution","Good Game Mod","GungeonMod","Hubris","Jedi Mod","Minty Spire (QoL Compilation)","Rare Cards Sparkle","Remove Card Discount Mod","Replay The Spire","Spicy Shops","StSLib","The Cursed"],"gold_per_floor":[114,126,36,36,21,21,21,21,21,21,21,21,21,21,21,21,21,21],"floor_reached":17,"language":"ENG","playtime":861,"items_purged":[],"score":243,"play_id":"2ba509e2-3070-4a5b-804f-cefac8fe8126","local_time":"20210207135020","is_ascension_mode":true,"campfire_choices":[{"data":"Hyperbeam","floor":6,"key":"SMITH"},{"data":"TheCursedMod:SpitefulPray","floor":15,"key":"SMITH"}],"circlet_count":0,"master_deck":["TheCursedMod:Strike_TheCursed","TheCursedMod:Strike_TheCursed","TheCursedMod:Strike_TheCursed","TheCursedMod:Defend_TheCursed","TheCursedMod:Defend_TheCursed","TheCursedMod:Defend_TheCursed","TheCursedMod:CursedWand","TheCursedMod:CleanUpWorkshop","TheCursedMod:Dregs","Hyperbeam+1","ReplayTheSpireMod:Doomed","TheCursedMod:SpitefulPray+1","TheCursedMod:Evocation","TheCursedMod:SurpriseAttack","TheCursedMod:SpitefulStrike","TheCursedMod:CircleOfCorruption","TheCursedMod:VoidForm","TheCursedMod:CircleOfCorruption","TheCursedMod:WearCloak","TheCursedMod:AbyssShockwave","hubris:Compulsion","TheCursedMod:AntiAging+1","Go for the Eyes"],"relics":["TheCursedMod:BlackMagic101","EVO:Axolotl","REME:ComplimentaryCards","jedi:ominousloannote","Question Card","Shuriken","jedi:heavyjacket","hubris:Metronome","PrismaticShard","Tiny House"],"acts_visited":["Exordium","TheCity"],"potions_floor_usage":[7,16],"damage_taken":[{"damage":0,"enemies":"Cultist","floor":1,"turns":3},{"damage":0,"enemies":"Small Slimes","floor":2,"turns":1},{"damage":0,"enemies":"Jaw Worm","floor":4,"turns":2},{"damage":0,"enemies":"Looter","floor":5,"turns":2},{"damage":0,"enemies":"Lagavulin","floor":7,"turns":2},{"damage":6,"enemies":"3 Louse","floor":8,"turns":2},{"damage":8,"enemies":"Replay:BlueRogue","floor":10,"turns":4},{"damage":0,"enemies":"Lots of Slimes","floor":11,"turns":1},{"damage":0,"enemies":"Large Slime","floor":12,"turns":3},{"damage":0,"enemies":"Gremlin Gang","floor":13,"turns":2},{"damage":25,"enemies":"Slime Boss","floor":16,"turns":5}],"seed_played":"6230678465145699610","potions_obtained":[{"floor":2,"key":"jedi:StrikingPotion"},{"floor":4,"key":"Swift Potion"},{"floor":7,"key":"Venom Potion"},{"floor":8,"key":"Doom Potion"},{"floor":17,"key":"SpeedPotion"}],"is_trial":false,"path_per_floor":["M","M","$","M","M","R","E","M","T","E","M","M","M","?","R","B",null],"character_chosen":"THE_CURSED","items_purchased":["jedi:ominousloannote","Question Card","Shuriken"],"campfire_rested":0,"item_purchase_floors":[3,3,3],"current_hp_per_floor":[75,75,75,75,75,75,75,69,69,61,61,61,61,61,61,36,80,80],"gold":21,"neow_bonus":"TRANSFORM_TWO_CARDS","is_daily":false,"chose_seed":false,"campfire_upgraded":2,"win_rate":0.0,"timestamp":1612702220,"path_taken":["M","M","?","M","M","R","E","?","T","E","M","M","M","?","R","BOSS"],"items_purchased_type":["Relic","Relic","Relic"],"build_version":"2020-12-22","purchased_purges":0,"victory":false,"max_hp_per_floor":[75,75,75,75,75,75,75,75,75,75,75,75,75,75,75,75,80,80],"card_choices":[{"not_picked":["TheCursedMod:CircleOfWindfury","TheCursedMod:Stigma"],"picked":"TheCursedMod:SurpriseAttack","floor":1},{"not_picked":["TheCursedMod:SaltUponWound","TheCursedMod:Stretching","TheCursedMod:SurpriseAttack"],"picked":"SKIP","floor":2},{"not_picked":["TheCursedMod:CursedAmulet","TheCursedMod:Torture","TheCursedMod:TacticalStrike"],"picked":"TheCursedMod:SpitefulStrike","floor":4},{"not_picked":["TheCursedMod:RapidMovement","TheCursedMod:AbyssShockwave","TheCursedMod:RavingStaff"],"picked":"TheCursedMod:CircleOfCorruption","floor":5},{"not_picked":["TheCursedMod:FuryStrike","TheCursedMod:Wield","TheCursedMod:BloodBarrier"],"picked":"TheCursedMod:VoidForm","floor":7},{"not_picked":["TheCursedMod:Stretching","TheCursedMod:CircleOfAmplification","TheCursedMod:Obscuration"],"picked":"TheCursedMod:CircleOfCorruption","floor":8},{"not_picked":["TheCursedMod:Obscuration","TheCursedMod:RapidMovement","TheCursedMod:CursedAmulet"],"picked":"TheCursedMod:WearCloak","floor":10},{"not_picked":["TheCursedMod:AshesToAshes","TheCursedMod:CircleOfBlood","TheCursedMod:CircleOfWindfury","TheCursedMod:VitalStrike"],"picked":"SKIP","floor":11},{"not_picked":["TheCursedMod:CursedAmulet","TheCursedMod:StingEye","TheCursedMod:WearCloak","TheCursedMod:ParallelWorld"],"picked":"SKIP","floor":12},{"not_picked":["TheCursedMod:Stretching","TheCursedMod:HellsGateOpen","TheCursedMod:CursedStaff"],"picked":"TheCursedMod:AbyssShockwave","floor":13},{"not_picked":["Metamorphosis","The Bomb","Vault"],"picked":"TheCursedMod:AntiAging","floor":16},{"not_picked":["Run Through","Slice","Havoc"],"picked":"Go for the Eyes","floor":17}],"player_experience":236664,"relics_obtained":[{"floor":7,"key":"jedi:heavyjacket"},{"floor":10,"key":"hubris:Metronome"}],"event_choices":[],"is_beta":false,"boss_relics":[{"not_picked":["Replay:Bronze Core","hubris:CrackedHourglass"],"picked":"Tiny House"}],"items_purged_floors":[],"is_endless":false,"potions_floor_spawned":[2,4,7,8,12,13],"ascension_level":2}}