{"host":"04x9isxu4s2lvye3","time":1612730977,"event":{"mods":["BaseMod","Colored Powertips","Highlight Path","Minty Spire (QoL Compilation)"],"gold_per_floor":[12,12,28,40,40,40,51,51,51,1,1,44,58,71,71,195,195,210,229,18,18,37,37,37,37,37,37,62,77,77,77,77,203,203,222,222,236,68,68,102,102,102,102],"floor_reached":42,"language":"ENG","playtime":2161,"items_purged":["Strike_G","Defend_G"],"score":533,"play_id":"fa4b1e2e-2c21-446a-a50b-3a79d5a79658","local_time":"20210207154937","is_ascension_mode":true,"campfire_choices":[{"data":"1","floor":6,"key":"LIFT"},{"data":"2","floor":8,"key":"LIFT"},{"floor":15,"key":"REST"},{"data":"3","floor":23,"key":"LIFT"},{"floor":27,"key":"REST"},{"data":"Tactician","floor":30,"key":"SMITH"},{"floor":32,"key":"REST"},{"floor":41,"key":"REST"}],"circlet_count":0,"master_deck":["Strike_G+1","Strike_G+1","Defend_G","Defend_G","Defend_G","Survivor","Neutralize","Backflip","Choke","Blade Dance","Calculated Gamble","Prepared","Dagger Throw","Flying Knee","Acrobatics","Venomology","CurseOfTheBell","Noxious Fumes+1","Footwork+1","Tactician+1","Concentrate","RitualDagger","Envenom","Madness","Madness","Blade Dance+1","Accuracy","Concentrate+1"],"relics":["Ring of the Snake","Girya","Whetstone","Golden Idol","Singing Bowl","Calling Bell","Nunchaku","InkBottle","Bird Faced Urn","CaptainsWheel","Philosopher\u0027s Stone","Eternal Feather"],"acts_visited":["Exordium","TheCity","TheBeyond"],"potions_floor_usage":[16,16,18,19,19,22,28,29,33,33,37,40,40,42],"damage_taken":[{"damage":19,"enemies":"Jaw Worm","floor":1,"turns":7},{"damage":0,"enemies":"Cultist","floor":3,"turns":5},{"damage":0,"enemies":"2 Louse","floor":4,"turns":3},{"damage":1,"enemies":"Looter","floor":7,"turns":3},{"damage":16,"enemies":"Lagavulin","floor":12,"turns":7},{"damage":3,"enemies":"Large Slime","floor":13,"turns":5},{"damage":0,"enemies":"Exordium Thugs","floor":14,"turns":2},{"damage":45,"enemies":"Hexaghost","floor":16,"turns":11},{"damage":29,"enemies":"Shell Parasite","floor":18,"turns":5},{"damage":0,"enemies":"Spheric Guardian","floor":19,"turns":2},{"damage":29,"enemies":"Snake Plant","floor":22,"turns":5},{"damage":0,"enemies":"Snecko","floor":28,"turns":3},{"damage":3,"enemies":"Sentry and Sphere","floor":29,"turns":5},{"damage":44,"enemies":"Collector","floor":33,"turns":9},{"damage":9,"enemies":"3 Shapes","floor":35,"turns":5},{"damage":26,"enemies":"Orb Walker","floor":37,"turns":4},{"damage":104,"enemies":"Nemesis","floor":40,"turns":7},{"damage":72,"enemies":"Reptomancer","floor":42,"turns":5}],"seed_played":"-4492421041226354624","potions_obtained":[{"floor":12,"key":"AttackPotion"},{"floor":13,"key":"CultistPotion"},{"floor":14,"key":"Weak Potion"},{"floor":16,"key":"DuplicationPotion"},{"floor":18,"key":"CunningPotion"},{"floor":28,"key":"DistilledChaos"},{"floor":37,"key":"FairyPotion"}],"is_trial":false,"path_per_floor":["M","?","M","M","?","R","M","R","T","?","?","E","M","M","R","B",null,"M","M","$","?","M","R","$","?","T","R","M","M","R","?","R","B",null,"M","?","M","$","?","E","R","E"],"character_chosen":"THE_SILENT","items_purchased":["Footwork","FairyPotion","Accuracy"],"campfire_rested":4,"item_purchase_floors":[20,20,38],"current_hp_per_floor":[51,51,51,51,70,70,69,69,69,69,65,49,46,46,65,20,54,27,27,27,27,2,2,2,2,2,22,28,29,29,23,43,3,53,50,41,19,19,21,21,57,0,0],"gold":102,"neow_bonus":"ONE_RARE_RELIC","is_daily":false,"chose_seed":false,"campfire_upgraded":1,"win_rate":0.0,"timestamp":1612730977,"path_taken":["M","?","?","M","?","R","M","R","T","?","?","E","M","M","R","BOSS","M","M","$","?","M","R","?","?","T","R","M","?","R","?","R","BOSS","M","?","M","$","?","E","R","E"],"items_purchased_type":["Card","Potion","Card"],"build_version":"2020-12-22","purchased_purges":2,"victory":false,"max_hp_per_floor":[70,70,70,70,70,70,70,70,70,70,65,65,65,65,65,65,65,67,67,67,67,67,67,67,67,67,67,69,69,69,69,69,69,69,71,71,71,71,73,73,73,73,73],"card_choices":[{"not_picked":["Quick Slash","Dagger Spray"],"picked":"Backflip","floor":1},{"not_picked":["Cloak And Dagger","Underhanded Strike"],"picked":"Blade Dance","floor":3},{"not_picked":["Sucker Punch","Flechettes"],"picked":"Calculated Gamble","floor":4},{"not_picked":["Bouncing Flask","Dodge and Roll"],"picked":"Prepared","floor":7},{"not_picked":["Poisoned Stab","Tools of the Trade"],"picked":"Dagger Throw","floor":12},{"not_picked":["Acrobatics","Catalyst"],"picked":"Flying Knee","floor":13},{"not_picked":["Dagger Spray","Prepared"],"picked":"Acrobatics","floor":14},{"not_picked":["Envenom","Burst"],"picked":"Venomology","floor":16},{"not_picked":["Setup","Prepared","Sucker Punch"],"picked":"Singing Bowl","floor":18},{"not_picked":["Terror","Deadly Poison"],"picked":"Noxious Fumes+1","floor":19},{"not_picked":["Acrobatics","PiercingWail"],"picked":"Tactician","floor":22},{"not_picked":["Dagger Spray","Deadly Poison","Burst"],"picked":"Singing Bowl","floor":28},{"not_picked":["Deadly Poison+1","Footwork"],"picked":"Concentrate","floor":29},{"not_picked":["Corpse Explosion","Grand Finale"],"picked":"Envenom","floor":33},{"not_picked":["Slice+1","Endless Agony","PiercingWail"],"picked":"Singing Bowl","floor":35},{"not_picked":["Choke+1","Acrobatics"],"picked":"Blade Dance+1","floor":37},{"not_picked":["Forethought","Dramatic Entrance","Violence"],"picked":"Singing Bowl","floor":39},{"not_picked":["Backflip+1","Expertise"],"picked":"Concentrate+1","floor":40}],"player_experience":245045,"relics_obtained":[{"floor":9,"key":"Whetstone"},{"floor":12,"key":"Singing Bowl"},{"floor":17,"key":"Nunchaku"},{"floor":17,"key":"InkBottle"},{"floor":17,"key":"Bird Faced Urn"},{"floor":26,"key":"CaptainsWheel"},{"floor":40,"key":"Eternal Feather"}],"event_choices":[{"damage_healed":0,"gold_gain":0,"cards_transformed":["Strike_G"],"player_choice":"Transformed","damage_taken":0,"max_hp_gain":0,"max_hp_loss":0,"event_name":"Transmorgrifier","floor":2,"gold_loss":0,"cards_obtained":["Choke"]},{"damage_healed":23,"gold_gain":0,"player_choice":"Banana","damage_taken":0,"max_hp_gain":0,"max_hp_loss":0,"event_name":"Big Fish","floor":5,"gold_loss":0},{"cards_removed":["Strike_G"],"damage_healed":0,"gold_gain":0,"player_choice":"Card Removal","damage_taken":0,"max_hp_gain":0,"max_hp_loss":0,"event_name":"The Cleric","floor":10,"gold_loss":50},{"damage_healed":0,"gold_gain":0,"player_choice":"Lose Max HP","damage_taken":0,"relics_obtained":["Golden Idol"],"max_hp_gain":0,"max_hp_loss":5,"event_name":"Golden Idol","floor":11,"gold_loss":0},{"damage_healed":0,"gold_gain":0,"player_choice":"Forge","damage_taken":0,"max_hp_gain":0,"max_hp_loss":0,"event_name":"Accursed Blacksmith","floor":21,"gold_loss":0,"cards_upgraded":["Footwork"]},{"cards_removed":["Defend_G"],"damage_healed":0,"gold_gain":0,"player_choice":"Purged","damage_taken":0,"max_hp_gain":0,"max_hp_loss":0,"event_name":"Purifier","floor":25,"gold_loss":0},{"damage_healed":0,"gold_gain":0,"player_choice":"Joined the Cult","damage_taken":6,"max_hp_gain":0,"max_hp_loss":0,"event_name":"Nest","floor":31,"gold_loss":0,"cards_obtained":["RitualDagger"]},{"damage_healed":0,"gold_gain":0,"player_choice":"Embrace Madness","damage_taken":9,"max_hp_gain":0,"max_hp_loss":0,"event_name":"Winding Halls","floor":36,"gold_loss":0,"cards_obtained":["Madness","Madness"]},{"damage_healed":0,"gold_gain":0,"player_choice":"Memory 1","damage_taken":0,"max_hp_gain":0,"max_hp_loss":0,"event_name":"SensoryStone","floor":39,"gold_loss":0}],"is_beta":false,"boss_relics":[{"not_picked":["Astrolabe","Runic Dome"],"picked":"Calling Bell"},{"not_picked":["SlaversCollar","Cursed Key"],"picked":"Philosopher\u0027s Stone"}],"items_purged_floors":[20,38],"is_endless":false,"potions_floor_spawned":[12,13,14,16,18,28,29,37],"killed_by":"Reptomancer","ascension_level":5}}