{"host":"gobyjzz6xbwq9f9i","time":1612673848,"event":{"mods":["AchievementEnabler","BaseMod","Bestiary","Colored Map","Minty Spire (QoL Compilation)","Relic Stats"],"gold_per_floor":[109,128,144,157,157,157,167,10,90,121,121,134,152,181,181,282,282,294,48,65,81,98,98,98,131,131,131,160,160,185,185,185,280,280,294,0,16,36,258,286,286,314,385,405,418,448,473,503,515,527,539,551,15,44,44,44],"floor_reached":55,"language":"ENG","playtime":3050,"items_purged":["Strike_G"],"score":1304,"play_id":"08d29704-6f3d-4f8e-ac57-e48cd2f6fe43","local_time":"20210206205728","is_ascension_mode":true,"campfire_choices":[{"floor":6,"key":"DIG"},{"data":"Footwork","floor":15,"key":"SMITH"},{"floor":23,"key":"DIG"},{"floor":27,"key":"DIG"},{"floor":29,"key":"REST"},{"data":"Catalyst","floor":32,"key":"SMITH"},{"data":"Well Laid Plans","floor":41,"key":"SMITH"},{"floor":49,"key":"RECALL"},{"data":"Wraith Form v2","floor":52,"key":"SMITH"}],"circlet_count":0,"master_deck":["AscendersBane","Strike_G","Strike_G","Strike_G","Defend_G","Defend_G","Defend_G","Defend_G","Defend_G","Survivor","Neutralize","Riddle With Holes","Underhanded Strike","PiercingWail","Poisoned Stab","Acrobatics","Footwork+1","Well Laid Plans+1","All Out Attack","Catalyst+1","Die Die Die","Deadly Poison+1","Backflip","Flying Knee+1","Noxious Fumes+1","Adrenaline","Cloak And Dagger+1","Blade Dance","Night Terror+1","PiercingWail+1","Acrobatics","Acrobatics","Acrobatics","Reflex+1","Tactician+1","Noxious Fumes","Concentrate","Wraith Form v2+1","Blur+1"],"relics":["Ring of the Snake","Shovel","Bird Faced Urn","Anchor","Shuriken","Potion Belt","Bottled Lightning","Philosopher\u0027s Stone","HornCleat","Juzu Bracelet","MutagenicStrength","Ninja Scroll","White Beast Statue","Snake Skull","Red Mask","Strawberry","HoveringKite","Letter Opener","Smiling Mask","Blue Candle","MawBank","War Paint","TwistedFunnel","Vajra","Eternal Feather"],"acts_visited":["Exordium","TheCity","TheBeyond","TheEnding"],"potions_floor_usage":[14,14,16,16,16,25,25,28,33,37,40,50,50,55,55,55,55,55],"damage_taken":[{"damage":9,"enemies":"Jaw Worm","floor":1,"turns":6},{"damage":4,"enemies":"Small Slimes","floor":2,"turns":3},{"damage":0,"enemies":"Cultist","floor":3,"turns":4},{"damage":12,"enemies":"Gremlin Gang","floor":4,"turns":7},{"damage":1,"enemies":"3 Louse","floor":7,"turns":3},{"damage":21,"enemies":"Gremlin Nob","floor":10,"turns":4},{"damage":1,"enemies":"2 Fungi Beasts","floor":12,"turns":4},{"damage":8,"enemies":"Blue Slaver","floor":13,"turns":4},{"damage":17,"enemies":"3 Sentries","floor":14,"turns":6},{"damage":16,"enemies":"The Guardian","floor":16,"turns":13},{"damage":11,"enemies":"Shell Parasite","floor":18,"turns":7},{"damage":0,"enemies":"3 Byrds","floor":20,"turns":4},{"damage":0,"enemies":"Centurion and Healer","floor":21,"turns":6},{"damage":21,"enemies":"Cultist and Chosen","floor":22,"turns":6},{"damage":28,"enemies":"Book of Stabbing","floor":25,"turns":5},{"damage":0,"enemies":"Masked Bandits","floor":28,"turns":3},{"damage":1,"enemies":"Gremlin Leader","floor":30,"turns":4},{"damage":49,"enemies":"Champ","floor":33,"turns":8},{"damage":0,"enemies":"3 Darklings","floor":35,"turns":3},{"damage":0,"enemies":"Orb Walker","floor":37,"turns":2},{"damage":0,"enemies":"Jaw Worm Horde","floor":38,"turns":4},{"damage":11,"enemies":"Reptomancer","floor":40,"turns":4},{"damage":26,"enemies":"Nemesis","floor":42,"turns":5},{"damage":0,"enemies":"Transient","floor":44,"turns":4},{"damage":7,"enemies":"Spire Growth","floor":45,"turns":3},{"damage":9,"enemies":"Giant Head","floor":46,"turns":4},{"damage":19,"enemies":"Maw","floor":47,"turns":7},{"damage":1,"enemies":"Jaw Worm Horde","floor":48,"turns":3},{"damage":15,"enemies":"Donu and Deca","floor":50,"turns":6},{"damage":17,"enemies":"Shield and Spear","floor":54,"turns":3},{"damage":64,"enemies":"The Heart","floor":55,"turns":3}],"seed_played":"-3129585433932114668","potions_obtained":[{"floor":2,"key":"Weak Potion"},{"floor":3,"key":"Regen Potion"},{"floor":12,"key":"EntropicBrew"},{"floor":13,"key":"LiquidMemories"},{"floor":25,"key":"FearPotion"},{"floor":28,"key":"Weak Potion"},{"floor":30,"key":"Explosive Potion"},{"floor":33,"key":"DistilledChaos"},{"floor":35,"key":"GhostInAJar"},{"floor":37,"key":"Fruit Juice"},{"floor":38,"key":"Swift Potion"},{"floor":40,"key":"CultistPotion"},{"floor":44,"key":"GamblersBrew"},{"floor":45,"key":"Dexterity Potion"},{"floor":47,"key":"FearPotion"},{"floor":48,"key":"CultistPotion"},{"floor":54,"key":"Poison Potion"}],"is_trial":false,"path_per_floor":["M","M","M","M","?","R","M","$","T","E","?","M","M","E","R","B",null,"M","$","M","M","M","R","?","E","T","R","?","R","E","?","R","B",null,"M","$","M","M","?","E","R","E","T","M","M","E","M","M","R","B",null,"R","$","E","B"],"character_chosen":"THE_SILENT","items_purchased":["Anchor","HornCleat","Letter Opener","Acrobatics","War Paint","TwistedFunnel","Block Potion","Vajra"],"campfire_rested":1,"item_purchase_floors":[8,19,36,36,53,53,53,53],"current_hp_per_floor":[36,32,32,20,43,43,42,42,42,21,21,20,16,18,18,6,54,47,47,47,51,32,32,32,8,8,8,12,33,41,66,66,23,64,70,70,79,82,82,71,71,51,51,55,54,51,46,51,51,46,73,73,73,60,0,0],"gold":44,"neow_bonus":"ONE_RARE_RELIC","is_daily":false,"chose_seed":false,"campfire_upgraded":4,"win_rate":0.0,"timestamp":1612673848,"path_taken":["M","M","M","M","?","R","M","$","T","E","?","M","M","E","R","BOSS","M","$","M","M","?","R","?","E","T","R","?","R","E","?","R","BOSS","M","$","M","M","?","E","R","E","T","M","M","E","M","M","R","BOSS","R","$","E","BOSS"],"items_purchased_type":["Relic","Relic","Relic","Card","Relic","Relic","Potion","Relic"],"build_version":"2020-12-22","purchased_purges":1,"victory":false,"max_hp_per_floor":[70,70,70,70,70,70,70,70,70,70,70,70,70,70,70,70,70,70,70,70,70,70,70,70,70,70,70,70,70,77,77,77,77,77,77,77,82,82,82,82,82,82,82,82,82,82,82,82,82,82,82,82,82,82,82,82],"relic_stats":{"counters":[31,148],"Blue Candle":[0],"HoveringKite":[37],"Eternal Feather":0,"Snake Skull":[96],"Juzu Bracelet":1,"Letter Opener":[209],"War Paint":["Reflex","Night Terror"],"Smiling Mask":25,"MawBank":84,"Shovel":3,"Shuriken":[65],"Bird Faced Urn":[111],"obtain_stats":[{"TwistedFunnel":53,"HoveringKite":34,"Vajra":53,"Snake Skull":27,"Juzu Bracelet":23,"Smiling Mask":40,"Shovel":0,"HornCleat":19,"Ninja Scroll":25,"Strawberry":30,"Philosopher\u0027s Stone":17,"Red Mask":28,"Ring of the Snake":0,"Potion Belt":10,"Blue Candle":42,"Eternal Feather":54,"Letter Opener":36,"War Paint":53,"MawBank":46,"White Beast Statue":26,"Anchor":8,"Shuriken":9,"Bird Faced Urn":6,"MutagenicStrength":24,"Bottled Lightning":14},{"TwistedFunnel":29,"HoveringKite":18,"Vajra":29,"Snake Skull":15,"Juzu Bracelet":14,"Smiling Mask":22,"Shovel":0,"HornCleat":11,"Ninja Scroll":15,"Strawberry":17,"Philosopher\u0027s Stone":10,"Red Mask":16,"Ring of the Snake":0,"Potion Belt":6,"Blue Candle":23,"Eternal Feather":30,"Letter Opener":19,"War Paint":29,"MawBank":26,"White Beast Statue":15,"Anchor":5,"Shuriken":5,"Bird Faced Urn":4,"MutagenicStrength":14,"Bottled Lightning":9},{"TwistedFunnel":142,"HoveringKite":97,"Vajra":142,"Snake Skull":82,"Juzu Bracelet":77,"Smiling Mask":110,"Shovel":0,"HornCleat":61,"Ninja Scroll":82,"Strawberry":89,"Philosopher\u0027s Stone":54,"Red Mask":85,"Ring of the Snake":0,"Potion Belt":27,"Blue Candle":115,"Eternal Feather":145,"Letter Opener":100,"War Paint":142,"MawBank":126,"White Beast Statue":82,"Anchor":23,"Shuriken":23,"Bird Faced Urn":20,"MutagenicStrength":77,"Bottled Lightning":41}],"Ring of the Snake":[62]},"card_choices":[{"not_picked":["Sucker Punch","Cloak And Dagger"],"picked":"Riddle With Holes","floor":1},{"not_picked":["Outmaneuver","Deflect"],"picked":"Underhanded Strike","floor":2},{"not_picked":["Flechettes","Underhanded Strike"],"picked":"PiercingWail","floor":3},{"not_picked":["Finisher","Blade Dance"],"picked":"Poisoned Stab","floor":4},{"not_picked":["Outmaneuver","Cloak And Dagger"],"picked":"Acrobatics","floor":7},{"not_picked":["Phantasmal Killer","Quick Slash"],"picked":"Footwork","floor":10},{"not_picked":["Caltrops","Dodge and Roll"],"picked":"Well Laid Plans","floor":12},{"not_picked":["Outmaneuver","Terror"],"picked":"All Out Attack","floor":13},{"not_picked":["Outmaneuver","Dagger Throw"],"picked":"Catalyst","floor":14},{"not_picked":["A Thousand Cuts","Grand Finale"],"picked":"Die Die Die","floor":16},{"not_picked":["Tactician","Acrobatics"],"picked":"Deadly Poison+1","floor":18},{"not_picked":["Terror","Slice"],"picked":"Backflip","floor":20},{"not_picked":["Quick Slash+1","Poisoned Stab"],"picked":"Flying Knee+1","floor":21},{"not_picked":["Heel Hook","Concentrate+1"],"picked":"Noxious Fumes+1","floor":22},{"not_picked":["Dagger Throw","Prepared"],"picked":"Adrenaline","floor":25},{"not_picked":["Heel Hook","Underhanded Strike"],"picked":"Cloak And Dagger+1","floor":28},{"not_picked":["Quick Slash","Finisher"],"picked":"Blade Dance","floor":30},{"not_picked":["Doppelganger","Glass Knife"],"picked":"Night Terror","floor":33},{"not_picked":["Dagger Spray+1","Cloak And Dagger+1"],"picked":"PiercingWail+1","floor":35},{"not_picked":["Dagger Throw+1","Predator+1","Bane"],"picked":"SKIP","floor":37},{"not_picked":["Underhanded Strike","Deadly Poison+1"],"picked":"Acrobatics","floor":38},{"not_picked":["Heel Hook","Prepared"],"picked":"Acrobatics","floor":40},{"not_picked":["Slice","Expertise"],"picked":"Reflex","floor":42},{"not_picked":["Predator","Poisoned Stab+1","Bane+1"],"picked":"SKIP","floor":44},{"not_picked":["Slice","Masterful Stab+1"],"picked":"Tactician+1","floor":45},{"not_picked":["Cloak And Dagger+1","Crippling Poison"],"picked":"Noxious Fumes","floor":46},{"not_picked":["Endless Agony+1","Well Laid Plans"],"picked":"Concentrate","floor":47},{"not_picked":["Skewer","PiercingWail+1"],"picked":"Wraith Form v2","floor":48},{"not_picked":["Underhanded Strike+1","Dodge and Roll"],"picked":"Blur+1","floor":54}],"player_experience":1292486,"relics_obtained":[{"floor":6,"key":"Bird Faced Urn"},{"floor":9,"key":"Shuriken"},{"floor":10,"key":"Potion Belt"},{"floor":14,"key":"Bottled Lightning"},{"floor":23,"key":"Juzu Bracelet"},{"floor":25,"key":"Ninja Scroll"},{"floor":26,"key":"White Beast Statue"},{"floor":27,"key":"Snake Skull"},{"floor":28,"key":"Red Mask"},{"floor":30,"key":"Strawberry"},{"floor":40,"key":"Smiling Mask"},{"floor":42,"key":"Blue Candle"},{"floor":46,"key":"MawBank"},{"floor":54,"key":"Eternal Feather"}],"event_choices":[{"damage_healed":23,"gold_gain":0,"player_choice":"Banana","damage_taken":0,"max_hp_gain":0,"max_hp_loss":0,"event_name":"Big Fish","floor":5,"gold_loss":0},{"cards_removed":["Strike_G"],"damage_healed":0,"gold_gain":0,"player_choice":"Offered Basic","damage_taken":0,"max_hp_gain":0,"max_hp_loss":0,"event_name":"Bonfire Elementals","floor":11,"gold_loss":0},{"damage_healed":0,"gold_gain":0,"player_choice":"Inject Mutagens","damage_taken":0,"relics_obtained":["MutagenicStrength"],"max_hp_gain":0,"max_hp_loss":0,"event_name":"Drug Dealer","floor":24,"gold_loss":0},{"damage_healed":0,"gold_gain":0,"player_choice":"Fought Bandits","damage_taken":0,"max_hp_gain":0,"max_hp_loss":0,"event_name":"Masked Bandits","floor":28,"gold_loss":0},{"damage_healed":25,"gold_gain":0,"player_choice":"Heal","damage_taken":0,"max_hp_gain":0,"max_hp_loss":0,"event_name":"The Library","floor":31,"gold_loss":0},{"damage_healed":0,"gold_gain":222,"player_choice":"Wore Mask","damage_taken":0,"max_hp_gain":0,"max_hp_loss":0,"event_name":"Tomb of Lord Red Mask","floor":39,"gold_loss":0}],"is_beta":false,"boss_relics":[{"not_picked":["Calling Bell","Sozu"],"picked":"Philosopher\u0027s Stone"},{"not_picked":["Black Star","Runic Dome"],"picked":"HoveringKite"}],"items_purged_floors":[53],"is_endless":false,"potions_floor_spawned":[2,3,12,13,25,28,30,33,35,37,38,40,42,44,45,46,47,48,54],"killed_by":"The Heart","ascension_level":10}}