{"host":"tzwikg9s6mkzv6w0","time":1612701155,"event":{"mods":["BaseMod","Good Game Mod","Minty Spire (QoL Compilation)","Spicy Shops","StSLib"],"gold_per_floor":[110,110,110,127,77,77,112,112,112,112,112,112,176,207,207,306,306,321,112,112,112,211,211,222,222,248,248,266,296,71,103,103,205,205,225,225,225,235,251,281,281,308,334,334,352,352,402,415,415,415,415,415,13,40,40],"floor_reached":56,"language":"ZHS","playtime":2463,"items_purged":["Clumsy","Defend_G","Defend_G","Defend_G+1"],"score":1896,"play_id":"d5e63ac9-44f1-435f-9ee8-3cbae5d9ecc5","local_time":"20210207203234","is_ascension_mode":true,"campfire_choices":[{"data":"Blasphemy","floor":6.0,"key":"SMITH"},{"data":"Footwork","floor":8.0,"key":"SMITH"},{"data":"Neutralize","floor":11.0,"key":"SMITH"},{"floor":15.0,"key":"RECALL"},{"data":"Noxious Fumes","floor":23.0,"key":"SMITH"},{"data":"Dagger Throw","floor":25.0,"key":"SMITH"},{"floor":27.0,"key":"REST"},{"data":"Survivor","floor":32.0,"key":"SMITH"},{"data":"Wraith Form v2","floor":41.0,"key":"SMITH"},{"floor":44.0,"key":"REST"},{"floor":49.0,"key":"REST"},{"floor":52.0,"key":"REST"}],"circlet_count":0,"master_deck":["Defend_G+1","Survivor+1","Neutralize+1","Blasphemy+1","Footwork+1","Dagger Throw+1","Calculated Gamble+1","Doppelganger+1","Calculated Gamble+1","Escape Plan+1","PiercingWail+1","Acrobatics+1","Noxious Fumes+1","Acrobatics+1","Grand Finale+1","Wraith Form v2+1","Deep Breath+1","Tactician+1"],"relics":["REME:ComplimentaryCards","Runic Dome","War Paint","Nunchaku","Paper Crane","Oddly Smooth Stone","Toxic Egg 2","Whetstone","Astrolabe","Sling","OrangePellets","Molten Egg 2","Ancient Tea Set","SacredBark","Happy Flower","InkBottle","Pen Nib","Torii","TheAbacus","Akabeko"],"acts_visited":["Exordium","TheCity","TheBeyond","TheEnding"],"potions_floor_usage":[55,55,55],"damage_taken":[{"damage":0.0,"enemies":"Small Slimes","floor":1.0,"turns":5.0},{"damage":1.0,"enemies":"2 Louse","floor":4.0,"turns":3.0},{"damage":0.0,"enemies":"Lagavulin","floor":7.0,"turns":4.0},{"damage":0.0,"enemies":"Gremlin Nob","floor":13.0,"turns":2.0},{"damage":0.0,"enemies":"Gremlin Nob","floor":14.0,"turns":2.0},{"damage":26.0,"enemies":"Hexaghost","floor":16.0,"turns":18.0},{"damage":0.0,"enemies":"Shell Parasite","floor":18.0,"turns":5.0},{"damage":1.0,"enemies":"Chosen","floor":24.0,"turns":8.0},{"damage":1.0,"enemies":"Sentry and Sphere","floor":28.0,"turns":6.0},{"damage":0.0,"enemies":"Book of Stabbing","floor":29.0,"turns":7.0},{"damage":3.0,"enemies":"Gremlin Leader","floor":31.0,"turns":5.0},{"damage":14.0,"enemies":"Champ","floor":33.0,"turns":4.0},{"damage":0.0,"enemies":"Orb Walker","floor":35.0,"turns":4.0},{"damage":0.0,"enemies":"3 Shapes","floor":38.0,"turns":5.0},{"damage":2.0,"enemies":"Sphere and 2 Shapes","floor":39.0,"turns":3.0},{"damage":18.0,"enemies":"Reptomancer","floor":40.0,"turns":4.0},{"damage":0.0,"enemies":"Giant Head","floor":42.0,"turns":4.0},{"damage":1.0,"enemies":"Transient","floor":45.0,"turns":5.0},{"damage":0.0,"enemies":"Mind Bloom Boss Battle","floor":47.0,"turns":1.0},{"damage":0.0,"enemies":"Maw","floor":48.0,"turns":2.0},{"damage":1.0,"enemies":"Awakened One","floor":50.0,"turns":3.0},{"damage":0,"enemies":"Shield and Spear","floor":54,"turns":1},{"damage":15,"enemies":"The Heart","floor":55,"turns":4}],"seed_played":"-3437118408168264768","potions_obtained":[{"floor":1.0,"key":"Fire Potion"},{"floor":3.0,"key":"Explosive Potion"},{"floor":3.0,"key":"CultistPotion"},{"floor":3.0,"key":"CunningPotion"},{"floor":4.0,"key":"AttackPotion"},{"floor":7.0,"key":"Poison Potion"},{"floor":14.0,"key":"Strength Potion"},{"floor":16.0,"key":"Poison Potion"},{"floor":29.0,"key":"AttackPotion"},{"floor":33.0,"key":"LiquidBronze"},{"floor":35.0,"key":"Fruit Juice"},{"floor":40.0,"key":"GamblersBrew"},{"floor":45.0,"key":"SteroidPotion"},{"floor":47.0,"key":"DistilledChaos"}],"is_trial":false,"path_per_floor":["M","?","?","M","?","R","E","R","T","?","R","T","?","E","R","B",null,"M","$","?","?","?","R","M","R","T","R","M","E","$","E","R","B",null,"M","?","?","M","M","E","R","E","T","R","M","?","?","M","R","B",null,"R","$","E","B",null],"character_chosen":"THE_SILENT","items_purchased":["Sling","OrangePellets","TheAbacus","DuplicationPotion"],"campfire_rested":4,"item_purchase_floors":[19,19,53,53],"current_hp_per_floor":[63,68,68,67,67,67,67,67,67,42,42,42,42,42,42,16,60,60,60,60,46,46,46,45,45,45,69,68,68,68,65,65,51,73,83,73,73,73,71,53,53,53,53,80,79,79,79,79,90,89,90,90,90,90,75],"gold":40,"neow_bonus":"BOSS_RELIC","is_daily":false,"chose_seed":false,"campfire_upgraded":7,"win_rate":0.0,"timestamp":1612701154,"path_taken":["M","?","?","?","?","R","E","R","T","?","R","?","?","E","R","BOSS","M","$","?","?","?","R","?","R","T","R","M","E","$","E","R","BOSS","M","?","?","M","M","E","R","E","T","R","?","?","?","M","R","BOSS","R","$","E","BOSS"],"items_purchased_type":["Relic","Relic","Relic","Potion"],"build_version":"2020-12-22","purchased_purges":4,"victory":true,"max_hp_per_floor":[70,75,75,75,75,75,75,75,75,75,75,75,75,75,75,75,75,75,75,75,80,80,80,80,80,80,80,80,80,80,80,80,80,80,90,90,90,90,90,90,90,90,90,90,90,90,90,90,90,90,90,90,90,90,90],"card_choices":[{"not_picked":["Escape Plan","Outmaneuver"],"picked":"Footwork","floor":1.0},{"not_picked":["Catalyst","Flechettes","Dagger Throw"],"picked":"SKIP","floor":4.0},{"not_picked":["Catalyst","Flechettes"],"picked":"Dagger Throw","floor":4.0},{"not_picked":["Underhanded Strike","Quick Slash","Finisher"],"picked":"SKIP","floor":7.0},{"not_picked":["Crippling Poison+1","Cloak And Dagger+1"],"picked":"Calculated Gamble+1","floor":14.0},{"not_picked":["Glass Knife","Burst+1"],"picked":"Doppelganger+1","floor":16.0},{"not_picked":["Distraction+1","Caltrops"],"picked":"Acrobatics+1","floor":18.0},{"not_picked":["Choke","PiercingWail+1","Poisoned Stab+1"],"picked":"SKIP","floor":24.0},{"not_picked":["Infinite Blades","Backflip+1","Outmaneuver+1"],"picked":"SKIP","floor":28.0},{"not_picked":["Escape Plan+1","Poisoned Stab+1"],"picked":"Acrobatics+1","floor":29.0},{"not_picked":["Tactician+1","Cloak And Dagger+1"],"picked":"Grand Finale+1","floor":31.0},{"not_picked":["Doppelganger+1","A Thousand Cuts"],"picked":"Wraith Form v2","floor":33.0},{"not_picked":["Distraction+1","Blur+1","Skewer+1"],"picked":"SKIP","floor":35.0},{"not_picked":["Madness+1","Transmutation+1"],"picked":"Deep Breath+1","floor":36.0},{"not_picked":["Dash+1","Bane+1","Cloak And Dagger+1"],"picked":"SKIP","floor":38.0},{"not_picked":["Sucker Punch+1","Escape Plan+1","Deflect+1"],"picked":"SKIP","floor":39.0},{"not_picked":["Catalyst+1","Endless Agony+1","Acrobatics+1"],"picked":"SKIP","floor":40.0},{"not_picked":["Distraction+1","Underhanded Strike+1","Backstab+1"],"picked":"SKIP","floor":42.0},{"not_picked":["Cloak And Dagger+1","Slice+1"],"picked":"Tactician+1","floor":45.0},{"not_picked":["Blade Dance+1","Acrobatics+1","Riddle With Holes+1"],"picked":"SKIP","floor":48.0},{"not_picked":["Dagger Throw+1","Catalyst+1","Acrobatics+1"],"picked":"SKIP","floor":54}],"player_experience":85473,"relics_obtained":[{"floor":7.0,"key":"War Paint"},{"floor":9.0,"key":"Nunchaku"},{"floor":12.0,"key":"Oddly Smooth Stone"},{"floor":14.0,"key":"Whetstone"},{"floor":29.0,"key":"Molten Egg 2"},{"floor":31.0,"key":"Ancient Tea Set"},{"floor":40.0,"key":"Happy Flower"},{"floor":42.0,"key":"InkBottle"},{"floor":43.0,"key":"Pen Nib"},{"floor":47.0,"key":"Torii"},{"floor":54,"key":"Akabeko"}],"event_choices":[{"damage_healed":0.0,"max_hp_gain":5.0,"max_hp_loss":0.0,"gold_gain":0.0,"event_name":"Big Fish","player_choice":"Donut","floor":2.0,"gold_loss":0.0,"damage_taken":0.0},{"damage_healed":0.0,"max_hp_gain":0.0,"max_hp_loss":0.0,"gold_gain":0.0,"event_name":"Lab","player_choice":"Got Potions","floor":3.0,"gold_loss":0.0,"damage_taken":0.0},{"cards_removed":["Strike_G"],"damage_healed":0.0,"max_hp_gain":0.0,"max_hp_loss":0.0,"gold_gain":0.0,"event_name":"The Cleric","player_choice":"Card Removal","floor":5.0,"gold_loss":50.0,"damage_taken":0.0},{"damage_healed":0.0,"max_hp_gain":0.0,"max_hp_loss":0.0,"gold_gain":0.0,"event_name":"Scrap Ooze","player_choice":"Success","floor":10.0,"gold_loss":0.0,"damage_taken":25.0,"relics_obtained":["Paper Crane"]},{"damage_healed":0.0,"max_hp_gain":0.0,"max_hp_loss":0.0,"gold_gain":0.0,"event_name":"Dead Adventurer","player_choice":"Searched \u00272\u0027 times","floor":13.0,"gold_loss":0.0,"damage_taken":0.0,"relics_obtained":["Toxic Egg 2"]},{"damage_healed":0.0,"max_hp_gain":0.0,"max_hp_loss":0.0,"gold_gain":0.0,"cards_transformed":["Strike_G","Defend_G"],"event_name":"Drug Dealer","player_choice":"Became Test Subject","floor":20.0,"gold_loss":0.0,"damage_taken":0.0,"cards_obtained":["Noxious Fumes","Backflip"]},{"damage_healed":0.0,"max_hp_gain":5.0,"max_hp_loss":0.0,"gold_gain":0.0,"event_name":"Forgotten Altar","player_choice":"Shed Blood","floor":21.0,"gold_loss":0.0,"damage_taken":19.0},{"damage_healed":0.0,"max_hp_gain":0.0,"max_hp_loss":0.0,"gold_gain":99.0,"event_name":"Nest","player_choice":"Stole From Cult","floor":22.0,"gold_loss":0.0,"damage_taken":0.0},{"damage_healed":0.0,"max_hp_gain":0.0,"max_hp_loss":0.0,"gold_gain":0.0,"event_name":"SensoryStone","player_choice":"Memory 3","floor":36.0,"gold_loss":0.0,"damage_taken":10.0},{"damage_healed":0.0,"max_hp_gain":0.0,"max_hp_loss":0.0,"gold_gain":0.0,"event_name":"Tomb of Lord Red Mask","player_choice":"Ignored","floor":37.0,"gold_loss":0.0,"damage_taken":0.0},{"cards_removed":["Backflip"],"damage_healed":0.0,"max_hp_gain":0.0,"max_hp_loss":0.0,"gold_gain":0.0,"event_name":"Falling","player_choice":"Removed Skill","floor":46.0,"gold_loss":0.0,"damage_taken":0.0},{"damage_healed":0.0,"max_hp_gain":0.0,"max_hp_loss":0.0,"gold_gain":0.0,"event_name":"MindBloom","player_choice":"Fight","floor":47.0,"gold_loss":0.0,"damage_taken":0.0}],"is_beta":false,"boss_relics":[{"not_picked":["Ectoplasm","Philosopher\u0027s Stone"],"picked":"Astrolabe"},{"not_picked":["Fusion Hammer","Tiny House"],"picked":"SacredBark"}],"items_purged_floors":[19,30,30,53],"is_endless":false,"potions_floor_spawned":[1,4,7,14,16,29,33,35,40,42,45,47],"ascension_level":7}}