{"host":"f5akwxsmb9r0twid","time":1612736563,"event":{"mods":["BaseMod","Colored Map","Minty Spire (QoL Compilation)"],"gold_per_floor":[11,22,22,22,32,32,58,74,74,88,88,88,88,122,122,219,219,236,253,178,30,48,81,96,131,156,156,181,181,181,193,193,292,292,306,266,280,293,309,340,340,351,404,404,421,439,439,490,490,490],"floor_reached":51,"language":"ENG","playtime":3164,"items_purged":[],"score":749,"play_id":"53f9d23f-5cb7-4f4f-9552-65eb13efc109","local_time":"20210208012243","is_ascension_mode":false,"campfire_choices":[{"data":"Dual Wield","floor":6,"key":"SMITH"},{"data":"Double Tap","floor":13,"key":"SMITH"},{"floor":15,"key":"REST"},{"floor":27,"key":"REST"},{"data":"Reaper","floor":29,"key":"SMITH"},{"data":"Inflame","floor":32,"key":"SMITH"},{"data":"Pummel","floor":41,"key":"SMITH"},{"data":"Sword Boomerang","floor":44,"key":"SMITH"},{"data":"Sword Boomerang","floor":47,"key":"SMITH"},{"data":"Berserk","floor":49,"key":"SMITH"}],"circlet_count":0,"master_deck":["Defend_R","Defend_R","Bash","Pommel Strike+1","Shrug It Off","Dual Wield+1","Twin Strike","Cleave","Double Tap+1","Iron Wave","Sword Boomerang+1","Reaper+1","Cleave+1","Shrug It Off+1","Flex+1","Warcry+1","Writhe","Bite","Bite","Bite","Bite","Bite","Inflame+1","Berserk+1","Sword Boomerang+1","Pummel+1","Sword Boomerang+1","Parasite","Inflame+1","Bloodletting+1","Thunderclap+1"],"relics":["Burning Blood","Unceasing Top","Potion Belt","Lantern","Darkstone Periapt","Cursed Key","Orichalcum","Red Skull","Happy Flower","Eternal Feather","Coffee Dripper","InkBottle","Pen Nib","Du-Vu Doll"],"acts_visited":["Exordium","TheCity","TheBeyond"],"potions_floor_usage":[16,16,28,33,38,38,40,40,40,40,40,40,40,50,50,50],"damage_taken":[{"damage":7,"enemies":"Cultist","floor":1,"turns":5},{"damage":0,"enemies":"2 Louse","floor":2,"turns":3},{"damage":10,"enemies":"Small Slimes","floor":5,"turns":4},{"damage":15,"enemies":"Gremlin Nob","floor":7,"turns":4},{"damage":20,"enemies":"Looter","floor":8,"turns":3},{"damage":9,"enemies":"Blue Slaver","floor":10,"turns":4},{"damage":39,"enemies":"Lagavulin","floor":14,"turns":9},{"damage":23,"enemies":"Slime Boss","floor":16,"turns":8},{"damage":18,"enemies":"Shell Parasite","floor":18,"turns":5},{"damage":13,"enemies":"3 Byrds","floor":19,"turns":4},{"damage":6,"enemies":"3 Cultists","floor":22,"turns":3},{"damage":17,"enemies":"Slavers","floor":23,"turns":3},{"damage":32,"enemies":"Snake Plant","floor":24,"turns":5},{"damage":52,"enemies":"Gremlin Leader","floor":25,"turns":4},{"damage":31,"enemies":"Slavers","floor":28,"turns":5},{"damage":28,"enemies":"Centurion and Healer","floor":31,"turns":4},{"damage":89,"enemies":"Automaton","floor":33,"turns":9},{"damage":4,"enemies":"Orb Walker","floor":35,"turns":2},{"damage":17,"enemies":"3 Darklings","floor":37,"turns":3},{"damage":24,"enemies":"Transient","floor":38,"turns":5},{"damage":25,"enemies":"Maw","floor":39,"turns":5},{"damage":77,"enemies":"Nemesis","floor":40,"turns":5},{"damage":16,"enemies":"Sphere and 2 Shapes","floor":42,"turns":4},{"damage":40,"enemies":"3 Darklings","floor":45,"turns":3},{"damage":31,"enemies":"Maw","floor":46,"turns":4},{"damage":63,"enemies":"2 Orb Walkers","floor":48,"turns":4},{"damage":99,"enemies":"Time Eater","floor":50,"turns":7}],"seed_played":"7722067388634564061","potions_obtained":[{"floor":5,"key":"SteroidPotion"},{"floor":10,"key":"SpeedPotion"},{"floor":14,"key":"Explosive Potion"},{"floor":18,"key":"SpeedPotion"},{"floor":24,"key":"Energy Potion"},{"floor":31,"key":"Swift Potion"},{"floor":33,"key":"EssenceOfSteel"},{"floor":37,"key":"DistilledChaos"},{"floor":39,"key":"EntropicBrew"},{"floor":40,"key":"Regen Potion"},{"floor":46,"key":"Energy Potion"}],"is_trial":false,"path_per_floor":["M","M","?","$","M","R","E","M","T","M","?","?","R","E","R","B",null,"M","M","?","$","M","E","M","E","T","R","E","R","?","M","R","B",null,"M","?","M","M","M","E","R","M","T","R","M","M","R","?","R","B",null],"character_chosen":"IRONCLAD","items_purchased":["Orichalcum"],"campfire_rested":2,"item_purchase_floors":[21],"current_hp_per_floor":[79,80,80,80,76,76,67,53,53,50,76,69,69,36,60,43,80,69,72,72,72,80,69,47,28,34,59,48,60,60,72,84,28,86,86,86,77,72,71,57,72,72,78,92,60,48,66,39,57,27],"gold":490,"neow_bonus":"ONE_RARE_RELIC","is_daily":false,"chose_seed":false,"campfire_upgraded":8,"win_rate":0.0,"timestamp":1612736563,"path_taken":["M","M","?","$","M","R","E","M","T","M","?","?","R","E","R","BOSS","M","M","?","$","M","E","M","E","T","R","E","R","?","M","R","BOSS","M","?","?","M","?","E","R","M","T","R","M","?","R","?","R","BOSS"],"items_purchased_type":["Relic"],"build_version":"2020-12-22","purchased_purges":0,"victory":true,"max_hp_per_floor":[80,80,80,80,80,80,80,80,80,80,80,80,80,80,80,80,80,80,80,80,80,80,80,80,80,86,86,86,86,86,86,86,86,86,86,86,86,86,86,86,86,86,92,92,92,92,92,92,92,92],"card_choices":[{"not_picked":["Sword Boomerang","True Grit"],"picked":"Pommel Strike","floor":1},{"not_picked":["Wild Strike","Bloodletting"],"picked":"Shrug It Off","floor":2},{"not_picked":["Wild Strike","Clothesline"],"picked":"Twin Strike","floor":5},{"not_picked":["Metallicize","Second Wind"],"picked":"Cleave","floor":7},{"not_picked":["Cleave","True Grit"],"picked":"Double Tap","floor":8},{"not_picked":["Anger","Pommel Strike"],"picked":"Iron Wave","floor":10},{"not_picked":["Armaments","Uppercut"],"picked":"Sword Boomerang","floor":14},{"not_picked":["Offering","Double Tap"],"picked":"Reaper","floor":16},{"not_picked":["Thunderclap","Power Through"],"picked":"Cleave+1","floor":18},{"not_picked":["Clash","Clothesline"],"picked":"Shrug It Off+1","floor":19},{"not_picked":["Evolve+1","Anger+1","True Grit"],"picked":"SKIP","floor":22},{"not_picked":["Fire Breathing","Evolve","Searing Blow+1"],"picked":"SKIP","floor":23},{"not_picked":["Wild Strike","Juggernaut"],"picked":"Flex","floor":24},{"not_picked":["Pummel","Rupture"],"picked":"Warcry+1","floor":25},{"not_picked":["Uppercut","Headbutt","Shockwave"],"picked":"SKIP","floor":28},{"not_picked":["Combust","Clothesline"],"picked":"Inflame","floor":31},{"not_picked":["Feed","Double Tap"],"picked":"Berserk","floor":33},{"not_picked":["Wild Strike+1","Metallicize+1"],"picked":"Sword Boomerang+1","floor":35},{"not_picked":["Body Slam","Clash+1"],"picked":"Pummel","floor":37},{"not_picked":["Ghostly Armor","Burning Pact","Hemokinesis"],"picked":"SKIP","floor":38},{"not_picked":["Sentinel","Body Slam"],"picked":"Sword Boomerang","floor":39},{"not_picked":["Sentinel","Clash","Cleave"],"picked":"SKIP","floor":40},{"not_picked":["Flame Barrier","Berserk","Rampage"],"picked":"SKIP","floor":42},{"not_picked":["Headbutt+1","Clothesline+1"],"picked":"Inflame+1","floor":45},{"not_picked":["Clothesline","Ghostly Armor"],"picked":"Bloodletting+1","floor":46},{"not_picked":["Ghostly Armor","Cleave+1"],"picked":"Thunderclap+1","floor":48}],"player_experience":288997,"relics_obtained":[{"floor":7,"key":"Potion Belt"},{"floor":9,"key":"Lantern"},{"floor":14,"key":"Darkstone Periapt"},{"floor":23,"key":"Red Skull"},{"floor":25,"key":"Happy Flower"},{"floor":26,"key":"Blood Vial"},{"floor":28,"key":"Eternal Feather"},{"floor":40,"key":"InkBottle"},{"floor":43,"key":"Pen Nib"},{"floor":48,"key":"Du-Vu Doll"}],"event_choices":[{"damage_healed":0,"gold_gain":0,"cards_transformed":["Defend_R"],"player_choice":"Change","damage_taken":0,"max_hp_gain":0,"max_hp_loss":0,"event_name":"Living Wall","floor":3,"gold_loss":0,"cards_obtained":["Dual Wield"]},{"damage_healed":26,"gold_gain":0,"player_choice":"Banana","damage_taken":0,"max_hp_gain":0,"max_hp_loss":0,"event_name":"Big Fish","floor":11,"gold_loss":0},{"cards_removed":["Strike_R"],"damage_healed":0,"gold_gain":0,"player_choice":"Card Removal","damage_taken":7,"max_hp_gain":0,"max_hp_loss":0,"event_name":"Golden Wing","floor":12,"gold_loss":0},{"cards_removed":["Defend_R"],"damage_healed":0,"gold_gain":0,"player_choice":"Gave Gold","damage_taken":0,"max_hp_gain":0,"max_hp_loss":0,"event_name":"Beggar","floor":20,"gold_loss":75},{"damage_healed":0,"gold_gain":0,"player_choice":"Became a vampire (Vial)","damage_taken":0,"max_hp_gain":0,"max_hp_loss":0,"event_name":"Vampires","floor":30,"relics_lost":["Blood Vial"],"gold_loss":0,"cards_obtained":["Bite","Bite","Bite","Bite","Bite"]},{"damage_healed":0,"gold_gain":0,"player_choice":"Upgraded Two","damage_taken":0,"max_hp_gain":0,"max_hp_loss":0,"event_name":"Designer","floor":36,"gold_loss":40,"cards_upgraded":["Flex","Pommel Strike"]},{"damage_healed":0,"gold_gain":0,"player_choice":"Fight","damage_taken":0,"max_hp_gain":0,"max_hp_loss":0,"event_name":"Mysterious Sphere","floor":48,"gold_loss":0}],"is_beta":false,"boss_relics":[{"not_picked":["Ectoplasm","Runic Cube"],"picked":"Cursed Key"},{"not_picked":["Mark of Pain","SacredBark"],"picked":"Coffee Dripper"}],"items_purged_floors":[],"is_endless":false,"potions_floor_spawned":[5,10,14,18,24,31,33,37,39,40,46],"ascension_level":0}}