{"host":"5ob2rl967gmq8n3v","time":1612707287,"event":{"mods":["BaseMod","Downfall","Minty Spire (QoL Compilation)","StSLib"],"gold_per_floor":[0,18,38,48,48,82,82,82,82,115,15,0,16,16,35,134,134,34,51,66,66,51,51,74,174,201,221,256,279,314,314,332,429,429,329,341,341,355,117,117,117,136,482,482,515,10,10,40,52,52,52,87,12,12,12,12,12,12],"floor_reached":56,"language":"ENG","playtime":5157,"items_purged":["hexamod:Strike","hexamod:Strike"],"score":1046,"play_id":"289ad4f1-196c-4839-9720-57f8bac6a521","local_time":"20210208001447","is_ascension_mode":false,"campfire_choices":[{"floor":1,"key":"RECALL"},{"floor":9,"key":"REST"},{"data":"hexamod:ApocalypticArmor","floor":11,"key":"SMITH"},{"data":"hexamod:WildfireWeapon","floor":18,"key":"SMITH"},{"data":"hexamod:RainOfEmbers","floor":23,"key":"SMITH"},{"data":"hexamod:GhostflameInferno","floor":35,"key":"SMITH"},{"data":"expansioncontent:DashGenerateEvil","floor":40,"key":"SMITH"},{"data":"hexamod:TimeOfNeed","floor":44,"key":"SMITH"},{"data":"hexamod:HexaLevel","floor":47,"key":"SMITH"},{"data":"expansioncontent:PrepareCrush","floor":54,"key":"SMITH"}],"circlet_count":0,"master_deck":["hexamod:Strike","hexamod:Strike","hexamod:Defend","hexamod:Defend","hexamod:Defend","hexamod:Defend","hexamod:Sear","hexamod:Float","hexamod:ThirdSeal","hexamod:SwordOfDarkness","hexamod:FirstSeal","hexamod:StepThrough","hexamod:Incineration","hexamod:RadiantFlame","hexamod:ApocalypticArmor+1","hexamod:SoulSteal","hexamod:Firestarter","hexamod:Hexaguard","hexamod:Toasty","hexamod:PowerFromBeyond","hexamod:FastForward","hexamod:GhostLash","hexamod:HexaLevel+1","hexamod:WildfireWeapon+1","hexamod:ThermalTransfer+1","hexamod:RainOfEmbers+1","downfall:Bewildered","hexamod:SearingWound","hexamod:EtherealExpedition+1","hexamod:ShieldOfDarkness+1","hexamod:HeatMetal","hexamod:FastForward+1","hexamod:ChargedBarrage+1","hexamod:GhostflameInferno+1","hexamod:TimeOfNeed+1","hexamod:HauntingEcho","expansioncontent:YouAreMine","expansioncontent:PrepareCrush+1","expansioncontent:PrepareCrush","expansioncontent:DashGenerateEvil+1","hexamod:PhantomFireball","Injury","hexamod:Hexaguard","hexamod:SkipABeat+1","hexamod:ExtraCrispy","hexamod:SearingWound"],"relics":["hexamod:SpiritBrand","Du-Vu Doll","Bottled Tornado","Art of War","FossilizedHelix","hexamod:MatchstickCase","downfall:HeartBlessingRed","Runic Pyramid","downfall:HeartBlessingGreen","sneckomod:BabySnecko","Bottled Lightning","Meat on the Bone","Potion Belt","Incense Burner","Guardian:PocketSentry","Cursed Key","downfall:HeartBlessingBlue","White Beast Statue","Ornamental Fan","Old Coin","MealTicket","hexamod:InflammatoryLetter","ClockworkSouvenir","Gremlin Horn","Pen Nib"],"acts_visited":["Exordium","TheCity","TheBeyond","TheEnding"],"potions_floor_usage":[6,26,48,50,50,55,55,56,56],"damage_taken":[{"damage":0,"enemies":"Small Slimes","floor":2,"turns":3},{"damage":3,"enemies":"2 Louse","floor":3,"turns":4},{"damage":6,"enemies":"Jaw Worm","floor":4,"turns":4},{"damage":11,"enemies":"3 Sentries","floor":6,"turns":7},{"damage":13,"enemies":"Lagavulin","floor":10,"turns":6},{"damage":0,"enemies":"downfall:FleeingMerchant","floor":12,"turns":5},{"damage":2,"enemies":"Exordium Thugs","floor":13,"turns":4},{"damage":0,"enemies":"3 Louse","floor":15,"turns":2},{"damage":24,"enemies":"DF_ARCHETYPE_STREAMLINE","floor":16,"turns":7},{"damage":13,"enemies":"Shell Parasite","floor":19,"turns":5},{"damage":8,"enemies":"Cultist and Chosen","floor":20,"turns":5},{"damage":0,"enemies":"downfall:FleeingMerchant","floor":22,"turns":5},{"damage":12,"enemies":"Gremlin Leader","floor":26,"turns":4},{"damage":0,"enemies":"Snake Plant","floor":27,"turns":3},{"damage":0,"enemies":"Book of Stabbing","floor":28,"turns":4},{"damage":31,"enemies":"Slavers","floor":30,"turns":4},{"damage":0,"enemies":"Shelled Parasite and Fungi","floor":32,"turns":3},{"damage":21,"enemies":"IC_MUSHROOM_ARCHETYPE","floor":33,"turns":7},{"damage":0,"enemies":"3 Shapes","floor":36,"turns":4},{"damage":0,"enemies":"Orb Walker","floor":38,"turns":3},{"damage":0,"enemies":"downfall:FleeingMerchant","floor":39,"turns":3},{"damage":14,"enemies":"Jaw Worm Horde","floor":42,"turns":4},{"damage":15,"enemies":"2 Orb Walkers","floor":43,"turns":5},{"damage":0,"enemies":"Nemesis","floor":45,"turns":5},{"damage":0,"enemies":"Reptomancer","floor":48,"turns":5},{"damage":0,"enemies":"Maw","floor":49,"turns":5},{"damage":72,"enemies":"SI_POISON_ARCHETYPE","floor":50,"turns":7},{"damage":0,"enemies":"downfall:CharBossMerchant","floor":52,"turns":7},{"damage":39,"enemies":"downfall:NeowBoss","floor":55,"turns":12},{"damage":68,"enemies":"downfall:NeowBossFinal","floor":56,"turns":11}],"seed_played":"5520291132187972664","potions_obtained":[{"floor":2,"key":"DuplicationPotion"},{"floor":6,"key":"Weak Potion"},{"floor":10,"key":"SpeedPotion"},{"floor":14,"key":"Guardian:BlockOnCardUsePotion"},{"floor":14,"key":"BlessingOfTheForge"},{"floor":26,"key":"DuplicationPotion"},{"floor":27,"key":"champ:CounterPotion"},{"floor":30,"key":"Strength Potion"},{"floor":33,"key":"Energy Potion"},{"floor":42,"key":"hexamod:SoulburnPotion"},{"floor":45,"key":"Regen Potion"},{"floor":48,"key":"Fire Potion"},{"floor":52,"key":"Regen Potion"}],"is_trial":false,"path_per_floor":["R","M","M","M","?","E","T","?","R","E","R","$","M","?","M","B",null,"R","M","M","?","$","R","T","?","E","M","E","T","E","?","M","B",null,"R","M","?","M","$","R","T","M","?","R","E","$","R","E","M","B",null,"E","$","R","B","B"],"character_chosen":"THE_SPIRIT","items_purchased":["expansioncontent:DashGenerateEvil","hexamod:PhantomFireball","White Beast Statue","hexamod:InflammatoryLetter","ClockworkSouvenir","DuplicationPotion"],"campfire_rested":1,"item_purchase_floors":[39,39,39,46,46,53],"current_hp_per_floor":[70,70,67,68,73,69,69,27,49,43,43,50,55,55,55,31,75,75,69,68,68,68,68,68,68,56,56,63,63,44,44,44,35,75,85,85,75,75,75,75,75,61,46,46,46,61,61,75,75,27,85,85,85,85,68,0,0,0],"gold":12,"neow_bonus":"ONE_RARE_RELIC","is_daily":false,"chose_seed":false,"campfire_upgraded":8,"win_rate":0.0,"timestamp":1612707287,"path_taken":["R","M","M","M","?","E","T","?","R","E","R","?","M","?","M","BOSS","R","M","M","?","$","R","T","?","E","?","E","?","E","?","M","BOSS","R","M","?","M","$","R","T","M","?","R","E","?","R","E","M","BOSS","E","$","R","BOSS","BOSS"],"items_purchased_type":["Card","Card","Relic","Relic","Relic","Potion"],"build_version":"2020-12-22","purchased_purges":2,"victory":false,"max_hp_per_floor":[70,70,70,70,75,75,75,75,75,75,75,75,75,75,75,75,75,75,75,75,75,75,75,75,75,75,75,75,75,75,75,75,75,75,85,85,85,85,85,85,85,85,85,85,85,85,85,85,85,85,85,85,85,85,85,85,85,85],"card_choices":[{"not_picked":["hexamod:FirstSeal","hexamod:Rewind"],"picked":"hexamod:ThirdSeal","floor":2},{"not_picked":["hexamod:GhostShield","hexamod:NightmareStrike"],"picked":"hexamod:SwordOfDarkness","floor":3},{"not_picked":["hexamod:HeatMetal","hexamod:Incineration"],"picked":"hexamod:FirstSeal","floor":3},{"not_picked":["hexamod:SpectersWail","hexamod:Hexaguard"],"picked":"hexamod:StepThrough","floor":4},{"not_picked":["hexamod:GhostflameBarrier","hexamod:PhantomCloak"],"picked":"hexamod:Incineration","floor":4},{"not_picked":["hexamod:SpectralAdrenaline","hexamod:BacktrackSmack"],"picked":"hexamod:RadiantFlame","floor":6},{"not_picked":["hexamod:HeatCrush","hexamod:BacktrackSmack"],"picked":"hexamod:ApocalypticArmor","floor":6},{"not_picked":["hexamod:BacktrackSmack","hexamod:HeatCrush"],"picked":"hexamod:SoulSteal","floor":10},{"not_picked":["hexamod:NightmareGuise","hexamod:NecessarySacrifice"],"picked":"hexamod:Firestarter","floor":10},{"not_picked":["hexamod:GhostflameBarrier","hexamod:AdvancingGuard"],"picked":"hexamod:Hexaguard","floor":12},{"not_picked":["hexamod:SoulSteal","hexamod:EtherealExpedition"],"picked":"hexamod:Toasty","floor":12},{"not_picked":["hexamod:BacktrackSmack","hexamod:BurningTouch"],"picked":"hexamod:PowerFromBeyond","floor":13},{"not_picked":["hexamod:GhostOfSpirePast","hexamod:NightmareStrike"],"picked":"hexamod:FastForward","floor":13},{"not_picked":["hexamod:Hexaguard","hexamod:InspiringFlames"],"picked":"hexamod:GhostLash","floor":15},{"not_picked":["hexamod:ParanormalForm","hexamod:GhostOfSpirePresent"],"picked":"hexamod:HexaLevel","floor":16},{"not_picked":["hexamod:TimeOfNeed","hexamod:TurnItUp"],"picked":"hexamod:WildfireWeapon","floor":16},{"not_picked":["hexamod:FastForward","hexamod:ExtraCrispy"],"picked":"hexamod:ThermalTransfer+1","floor":19},{"not_picked":["hexamod:FourthSeal","hexamod:PhantomCloak"],"picked":"hexamod:RainOfEmbers","floor":19},{"not_picked":["hexamod:AdvancingGuard","hexamod:TurnItUp","hexamod:Firestarter"],"picked":"SKIP","floor":20},{"not_picked":["hexamod:RadiantFlame","hexamod:BurningTouch"],"picked":"hexamod:SearingWound","floor":22},{"not_picked":["hexamod:PowerFromBeyond","hexamod:GhostShield"],"picked":"hexamod:EtherealExpedition+1","floor":22},{"not_picked":["hexamod:SwordOfDarkness","hexamod:FastForward"],"picked":"hexamod:ShieldOfDarkness+1","floor":26},{"not_picked":["hexamod:Again","hexamod:SkipABeat","hexamod:NightmareStrike"],"picked":"SKIP","floor":27},{"not_picked":["hexamod:BacktrackSmack","hexamod:GhostShield"],"picked":"hexamod:HeatMetal","floor":28},{"not_picked":["hexamod:StepThrough","hexamod:InspiringFlames"],"picked":"hexamod:FastForward+1","floor":30},{"not_picked":["hexamod:SuperheatedStrike","hexamod:Incineration","hexamod:HexaLevel"],"picked":"SKIP","floor":30},{"not_picked":["hexamod:GhostOfSpireFuture","hexamod:HeatShield"],"picked":"hexamod:ChargedBarrage+1","floor":32},{"not_picked":["hexamod:TimeWarp","hexamod:FifthSeal"],"picked":"hexamod:GhostflameInferno","floor":33},{"not_picked":["hexamod:HexaLevel","hexamod:WildfireWeapon"],"picked":"hexamod:TimeOfNeed","floor":33},{"not_picked":["hexamod:ShieldOfDarkness+1","hexamod:Incineration+1"],"picked":"hexamod:HauntingEcho","floor":36},{"not_picked":["expansioncontent:PolyBeam","expansioncontent:GuardianWhirl"],"picked":"expansioncontent:YouAreMine","floor":37},{"not_picked":["expansioncontent:LastStand","expansioncontent:Chronoboost"],"picked":"expansioncontent:PrepareCrush","floor":37},{"not_picked":["expansioncontent:HyperBeam","expansioncontent:Chronoboost"],"picked":"expansioncontent:PrepareCrush","floor":37},{"not_picked":["hexamod:SwordOfDarkness+1","hexamod:BacktrackSmack","hexamod:GhostLash"],"picked":"SKIP","floor":38},{"not_picked":["hexamod:SecondSeal","hexamod:GhostShield","hexamod:ShieldOfDarkness"],"picked":"SKIP","floor":39},{"not_picked":["hexamod:Again","hexamod:HeatMetal+1"],"picked":"hexamod:Hexaguard","floor":42},{"not_picked":["hexamod:SpectralAdrenaline","hexamod:SpectersWail+1"],"picked":"hexamod:SkipABeat+1","floor":43},{"not_picked":["hexamod:Rewind","hexamod:RainOfEmbers+1"],"picked":"hexamod:ExtraCrispy","floor":45},{"not_picked":["hexamod:RecurringNightmare","hexamod:SpectersWail+1"],"picked":"hexamod:SearingWound","floor":45},{"not_picked":["hexamod:Hexaguard","hexamod:ExtraCrispy+1","hexamod:AdvancingGuard"],"picked":"SKIP","floor":48},{"not_picked":["hexamod:DynamicBlow+1","hexamod:SwordOfDarkness+1","hexamod:Firestarter+1"],"picked":"SKIP","floor":49},{"not_picked":["hexamod:AdvancingGuard+1","hexamod:FastForward","hexamod:GhostOfSpirePresent"],"picked":"SKIP","floor":52}],"player_experience":1534769,"relics_obtained":[{"floor":6,"key":"Bottled Tornado"},{"floor":7,"key":"Art of War"},{"floor":10,"key":"hexamod:MatchstickCase"},{"floor":26,"key":"Bottled Lightning"},{"floor":28,"key":"Meat on the Bone"},{"floor":29,"key":"Potion Belt"},{"floor":30,"key":"Incense Burner"},{"floor":41,"key":"Ornamental Fan"},{"floor":43,"key":"Old Coin"},{"floor":45,"key":"MealTicket"},{"floor":48,"key":"Gremlin Horn"},{"floor":52,"key":"Pen Nib"}],"event_choices":[{"damage_healed":0,"gold_gain":0,"player_choice":"Donut","damage_taken":0,"max_hp_gain":5,"max_hp_loss":0,"event_name":"Big Fish","floor":5,"gold_loss":0},{"damage_healed":0,"gold_gain":0,"player_choice":"Success","damage_taken":42,"relics_obtained":["FossilizedHelix"],"max_hp_gain":0,"max_hp_loss":0,"event_name":"Scrap Ooze","floor":8,"gold_loss":0},{"damage_healed":0,"gold_gain":0,"player_choice":"Got Potions","damage_taken":0,"max_hp_gain":0,"max_hp_loss":0,"event_name":"Lab","floor":14,"gold_loss":0},{"damage_healed":0,"gold_gain":0,"player_choice":"Fight","damage_taken":0,"max_hp_gain":0,"max_hp_loss":0,"event_name":"Mysterious Sphere","floor":43,"gold_loss":0}],"is_beta":false,"boss_relics":[{"not_picked":["hexamod:UnbrokenSoul","Fusion Hammer"],"picked":"Runic Pyramid"},{"not_picked":["Tiny House","Snecko Eye"],"picked":"Cursed Key"}],"items_purged_floors":[39,46],"is_endless":false,"potions_floor_spawned":[2,6,10,15,16,26,27,28,30,33,36,42,43,45,48,49,52],"killed_by":"downfall:NeowBossFinal","ascension_level":0}}