{"host":"fw0hzfdltkrvvurn","time":1612663147,"event":{"mods":["AchievementEnabler","Aspiration","Astrologer","Bartender","BaseMod","Better Match","Conspire","Defuse TimeMaze Blight","Energized Spire","GifTheSpireLib","Hermit","Hubris","Infinite Spire","Jorbs\u0027s Wanderer Trilogy","Minty Spire (QoL Compilation)","Permanent Neow","QueenMod","Quick Restart","Relic Filter","Relic Stats","Replay The Spire","Robot Space Explorer","Shade Mod","Spicy Shops","StSLib","The Druid","The Gatherer","The Hayseed","The Judge","The Jungle","The Servant 0.9.4","TheFirefly","Wandering Minibosses","thorton"],"gold_per_floor":[112,123,123,123,139,139,173,186,213,213,247,247,49,92,92,204,204,243,243,243,268,53,53,53,102,102,102,102,153,187,205,205,224,224],"floor_reached":33,"language":"ENG","playtime":1925,"items_purged":[],"score":350,"play_id":"b2357c5e-49ee-41df-ae63-0d8e760d0005","local_time":"20210206175907","is_ascension_mode":false,"campfire_choices":[{"data":"RobotSpaceExplorer:Pulsar","floor":10,"key":"SMITH"},{"data":"RobotSpaceExplorer:TurboDodge","floor":12,"key":"SMITH"},{"data":"RobotSpaceExplorer:SelfCleaning","floor":15,"key":"SMITH"},{"floor":23,"key":"REST"},{"floor":32,"key":"REST"}],"circlet_count":0,"master_deck":["RobotSpaceExplorer:Strike","RobotSpaceExplorer:Strike","RobotSpaceExplorer:Strike","RobotSpaceExplorer:Strike","RobotSpaceExplorer:Defend","RobotSpaceExplorer:Defend","RobotSpaceExplorer:Defend","RobotSpaceExplorer:Defend","RobotSpaceExplorer:Scan","RobotSpaceExplorer:MiniLasers+1","RobotSpaceExplorer:SelfCleaning+1","RobotSpaceExplorer:Pulsar+1","RobotSpaceExplorer:TurboDodge+1","RobotSpaceExplorer:SlimeMissile","RobotSpaceExplorer:ScrapMissile","RobotSpaceExplorer:ExhaustFan+1","RobotSpaceExplorer:SurgingStrike","RobotSpaceExplorer:Jetpack","RobotSpaceExplorer:Jetpack+1","RobotSpaceExplorer:MiniDrones","thethorton:PocketChange","RobotSpaceExplorer:Reload"],"relics":["RobotSpaceExplorer:RoboCore","Bird Faced Urn","hubris:Towel","WarpedTongs","aspiration:Lifesprig","Replay:Bandana","Golden Egg","TheAbacus","aspiration:RunicSpoon","MutagenicStrength","Ornamental Fan","Bag of Marbles","OrangePellets","ChewingGum","infinitespire:CheckeredPen","Juzu Bracelet","hubris:DisguiseKit"],"acts_visited":["Exordium","TheCity"],"potions_floor_usage":[21],"damage_taken":[{"damage":0,"enemies":"Small Slimes","floor":1,"turns":4},{"damage":0,"enemies":"conspire:RoseBush","floor":2,"turns":4},{"damage":0,"enemies":"Cultist","floor":5,"turns":5},{"damage":13,"enemies":"Replay:BlueRogue","floor":7,"turns":9},{"damage":4,"enemies":"Looter","floor":8,"turns":4},{"damage":10,"enemies":"Lagavulin","floor":11,"turns":10},{"damage":0,"enemies":"Exordium Thugs","floor":14,"turns":3},{"damage":0,"enemies":"Hexaghost","floor":16,"turns":12},{"damage":0,"enemies":"Chosen","floor":18,"turns":5},{"damage":60,"enemies":"Shell Parasite","floor":21,"turns":14},{"damage":0,"enemies":"conspire:Head Lice","floor":25,"turns":7},{"damage":0,"enemies":"Chosen and Byrds","floor":29,"turns":4},{"damage":0,"enemies":"Shelled Parasite and Fungi","floor":30,"turns":1},{"damage":0,"enemies":"Snake Plant","floor":31,"turns":1},{"damage":46,"enemies":"hubris:MusketHawk","floor":33,"turns":7}],"seed_played":"-2451656185228327403","potions_obtained":[{"floor":1,"key":"LifebloodPotion"},{"floor":7,"key":"Weak Potion"},{"floor":30,"key":"CultistPotion"}],"is_trial":false,"path_per_floor":["M","M","?","?","M","?","E","M","T","R","E","R","$","M","R","B",null,"M","?","$","M","$","R","AVR","E","T","?","?","M","M","M","R","B"],"character_chosen":"RobotSpaceExplorer","items_purchased":["RobotSpaceExplorer:ExhaustFan+1","TheAbacus","OrangePellets","RobotSpaceExplorer:Jetpack"],"campfire_rested":2,"item_purchase_floors":[13,13,22,22],"current_hp_per_floor":[68,68,68,68,68,68,55,51,51,51,41,41,41,43,43,45,68,68,68,68,8,8,28,28,30,30,18,18,20,20,20,41,0,0],"gold":224,"neow_bonus":"ONE_RARE_RELIC","is_daily":false,"chose_seed":false,"campfire_upgraded":3,"win_rate":0.0,"timestamp":1612663147,"path_taken":["M","M","?","?","M","?","E","M","T","R","E","R","$","?","R","BOSS","M","?","$","M","?","R","AVR","E","T","?","?","M","M","M","R","BOSS"],"items_purchased_type":["Card","Relic","Relic","Card"],"build_version":"2020-12-22","purchased_purges":0,"victory":false,"max_hp_per_floor":[68,68,68,68,68,68,68,68,68,68,68,68,68,68,68,68,68,68,68,68,68,68,68,68,68,68,73,73,73,73,73,73,73,73],"relic_stats":{"OrangePellets":[3],"TheAbacus":[72],"counters":[15,90],"Ornamental Fan":[44],"Bird Faced Urn":[12],"aspiration:RunicSpoon":[47],"Juzu Bracelet":0,"obtain_stats":[{"Golden Egg":11,"hubris:DisguiseKit":26,"aspiration:Lifesprig":7,"aspiration:RunicSpoon":17,"RobotSpaceExplorer:RoboCore":0,"Juzu Bracelet":25,"infinitespire:CheckeredPen":24,"hubris:Towel":3,"WarpedTongs":6,"OrangePellets":22,"Replay:Bandana":9,"TheAbacus":13,"Ornamental Fan":21,"Bird Faced Urn":0,"MutagenicStrength":19,"ChewingGum":24,"Bag of Marbles":21},{"Golden Egg":6,"hubris:DisguiseKit":11,"aspiration:Lifesprig":4,"aspiration:RunicSpoon":8,"RobotSpaceExplorer:RoboCore":0,"Juzu Bracelet":11,"infinitespire:CheckeredPen":10,"hubris:Towel":2,"WarpedTongs":3,"OrangePellets":10,"Replay:Bandana":5,"TheAbacus":6,"Ornamental Fan":10,"Bird Faced Urn":0,"MutagenicStrength":9,"ChewingGum":10,"Bag of Marbles":10},{"Golden Egg":36,"hubris:DisguiseKit":77,"aspiration:Lifesprig":22,"aspiration:RunicSpoon":51,"RobotSpaceExplorer:RoboCore":0,"Juzu Bracelet":77,"infinitespire:CheckeredPen":70,"hubris:Towel":8,"WarpedTongs":13,"OrangePellets":70,"Replay:Bandana":26,"TheAbacus":36,"Ornamental Fan":70,"Bird Faced Urn":0,"MutagenicStrength":56,"ChewingGum":70,"Bag of Marbles":70}],"WarpedTongs":[69]},"card_choices":[{"not_picked":["RobotSpaceExplorer:GlueSpray","RobotSpaceExplorer:Pulsar"],"picked":"RobotSpaceExplorer:SelfCleaning","floor":1},{"not_picked":["RobotSpaceExplorer:SelfCleaning","RobotSpaceExplorer:MetalStrike"],"picked":"RobotSpaceExplorer:Pulsar","floor":2},{"not_picked":["RobotSpaceExplorer:ShockKick","RobotSpaceExplorer:FreezeRay"],"picked":"RobotSpaceExplorer:TurboDodge","floor":5},{"not_picked":["RobotSpaceExplorer:Smokescreen","RobotSpaceExplorer:GlueSpray"],"picked":"RobotSpaceExplorer:Wormhole","floor":7},{"not_picked":["RobotSpaceExplorer:MetalStrike","RobotSpaceExplorer:FrostMissile"],"picked":"RobotSpaceExplorer:SlimeMissile","floor":8},{"not_picked":["RobotSpaceExplorer:MetalStrike","RobotSpaceExplorer:LaserBurst"],"picked":"RobotSpaceExplorer:ScrapMissile","floor":11},{"not_picked":["RobotSpaceExplorer:Pulsar","RobotSpaceExplorer:Counterblock"],"picked":"RobotSpaceExplorer:SurgingStrike","floor":14},{"not_picked":["RobotSpaceExplorer:Explosion","RobotSpaceExplorer:Multitool"],"picked":"RobotSpaceExplorer:Exploration","floor":16},{"not_picked":["RobotSpaceExplorer:MetalStrike+1","RobotSpaceExplorer:Counterblock+1","RobotSpaceExplorer:Probe+1"],"picked":"SKIP","floor":18},{"not_picked":["RobotSpaceExplorer:ScrapMissile","RobotSpaceExplorer:BigMissile"],"picked":"RobotSpaceExplorer:Jetpack","floor":21},{"not_picked":["RobotSpaceExplorer:BigMissile","RobotSpaceExplorer:Ammunition","RobotSpaceExplorer:FranticSearch"],"picked":"SKIP","floor":25},{"not_picked":["RobotSpaceExplorer:FrostMissile","RobotSpaceExplorer:SlimeMissile","RobotSpaceExplorer:SurgingShield+1"],"picked":"thethorton:PocketChange","floor":29},{"not_picked":["RobotSpaceExplorer:SurgingShield","RobotSpaceExplorer:SwiftStep","thethorton:DockPay"],"picked":"RobotSpaceExplorer:Reload","floor":30},{"not_picked":["RobotSpaceExplorer:Calculate","RobotSpaceExplorer:StarDust","RobotSpaceExplorer:TurboDodge","thethorton:LongTermPayoff"],"picked":"SKIP","floor":31}],"player_experience":2758827,"relics_obtained":[{"floor":7,"key":"aspiration:Lifesprig"},{"floor":9,"key":"Replay:Bandana"},{"floor":11,"key":"Golden Egg"},{"floor":21,"key":"Ornamental Fan"},{"floor":21,"key":"Bag of Marbles"},{"floor":25,"key":"Juzu Bracelet"},{"floor":26,"key":"hubris:DisguiseKit"}],"event_choices":[{"damage_healed":0,"gold_gain":0,"player_choice":"Rummage","damage_taken":0,"relics_obtained":["WarpedTongs"],"max_hp_gain":0,"max_hp_loss":0,"event_name":"Accursed Blacksmith","floor":6,"gold_loss":0,"cards_obtained":["Pain"]},{"damage_healed":0,"gold_gain":0,"player_choice":"Inject Mutagens","damage_taken":0,"relics_obtained":["MutagenicStrength"],"max_hp_gain":0,"max_hp_loss":0,"event_name":"Drug Dealer","floor":19,"gold_loss":0},{"damage_healed":0,"gold_gain":0,"player_choice":"Shed Blood","damage_taken":17,"max_hp_gain":5,"max_hp_loss":0,"event_name":"Forgotten Altar","floor":27,"gold_loss":0}],"is_beta":false,"boss_relics":[{"not_picked":["energizedSpire:EnergizedDie","energizedSpire:HugeHouse"],"picked":"aspiration:RunicSpoon"}],"items_purged_floors":[],"is_endless":false,"potions_floor_spawned":[1,7,30],"killed_by":"hubris:MusketHawk","ascension_level":0}}