{"host":"s41rn2jhghpwfrvz","time":1612684293,"event":{"mods":["BaseMod","Minty Spire (QoL Compilation)","Quick Restart","Relic Stats","SuperFastMode"],"gold_per_floor":[110,35,50,60,71,398,398,398,398],"floor_reached":8,"language":"ENG","playtime":282,"items_purged":["Adaptation"],"score":116,"play_id":"ee42f61a-4055-4f90-9ba0-d4220602405f","local_time":"20210207095133","daily_mods":["SealedDeck","Diverse","DeadlyEvents"],"is_ascension_mode":true,"campfire_choices":[{"data":"Consecrate","floor":7,"key":"SMITH"}],"circlet_count":0,"master_deck":["AscendersBane","Nirvana","Swivel","Sanctity","Steam","Consecrate","Consecrate","Consecrate+1","Recycle","Backflip","Anger"],"relics":["Burning Blood","Old Coin"],"acts_visited":["Exordium"],"potions_floor_usage":[6,8],"damage_taken":[{"damage":1,"enemies":"Cultist","floor":1,"turns":4},{"damage":3,"enemies":"2 Louse","floor":3,"turns":2},{"damage":7,"enemies":"Jaw Worm","floor":4,"turns":4},{"damage":16,"enemies":"Gremlin Gang","floor":5,"turns":3},{"damage":59,"enemies":"3 Sentries","floor":6,"turns":9},{"damage":32,"enemies":"Gremlin Nob","floor":8,"turns":3}],"seed_played":"5441676200145343842","potions_obtained":[{"floor":3,"key":"ColorlessPotion"},{"floor":6,"key":"SkillPotion"}],"is_trial":true,"path_per_floor":["M","$","M","M","M","E","R","E"],"character_chosen":"IRONCLAD","items_purchased":[],"campfire_rested":0,"item_purchase_floors":[],"current_hp_per_floor":[73,73,75,74,64,11,11,0,0],"gold":398,"neow_bonus":"","is_daily":false,"chose_seed":false,"campfire_upgraded":1,"win_rate":0.0,"timestamp":1612684293,"path_taken":["M","?","M","M","M","E","R","E"],"items_purchased_type":[],"build_version":"2020-12-22","purchased_purges":1,"victory":false,"max_hp_per_floor":[75,75,75,75,75,75,75,75,75],"relic_stats":{"counters":[6,25],"obtain_stats":[{"Burning Blood":0,"Old Coin":6},{"Burning Blood":0,"Old Coin":5},{"Burning Blood":0,"Old Coin":22}],"Burning Blood":29},"card_choices":[{"not_picked":["Collect","Bane","Cold Snap"],"picked":"SKIP","floor":1},{"not_picked":["Nirvana","CrushJoints","Disarm"],"picked":"SKIP","floor":3},{"not_picked":["Seeing Red","FlurryOfBlows","Clash"],"picked":"SKIP","floor":4},{"not_picked":["Hemokinesis","Compile Driver"],"picked":"Anger","floor":5},{"not_picked":["Thunderclap","Loop","Flechettes"],"picked":"SKIP","floor":6}],"player_experience":1884448,"relics_obtained":[{"floor":6,"key":"Old Coin"}],"event_choices":[],"is_beta":false,"boss_relics":[],"items_purged_floors":[2],"is_endless":false,"potions_floor_spawned":[3,6],"killed_by":"Gremlin Nob","ascension_level":20}}