{"host":"j4nfyhit1dl35m08","time":1612740631,"event":{"mods":["BaseMod","Downfall","Highlight Path","Minty Spire (QoL Compilation)","StSLib"],"gold_per_floor":[99,114,125,140,159,192,215,215,115,115,128,128,228,241,256,256,256,256],"floor_reached":16,"language":"ENG","playtime":1209,"items_purged":[],"score":177,"play_id":"47b34e18-be06-4677-9598-650389606e2f","local_time":"20210207173031","is_ascension_mode":true,"campfire_choices":[{"data":"bronze:Goto","floor":1,"key":"SMITH"},{"floor":9,"key":"REST"},{"floor":12,"key":"REST"}],"circlet_count":0,"master_deck":["AscendersBane","bronze:Strike","bronze:Strike","bronze:Strike","bronze:Strike","bronze:Defend","bronze:Defend","bronze:Defend","bronze:Defend","bronze:Replicate","bronze:Goto+1","bronze:Return","bronze:CloningBeam","bronze:Repulsor","bronze:ChosenStrike","bronze:FineTuning","bronze:Optimize","Parasite","bronze:Verify","bronze:Overheat","bronze:BuggyMess","bronze:Assembly"],"relics":["bronze:MakeshiftBattery","Dream Catcher","Toy Ornithopter","downfall:HeartBlessingGreen"],"acts_visited":["Exordium"],"potions_floor_usage":[6,6,16],"damage_taken":[{"damage":0,"enemies":"Cultist","floor":2,"turns":3},{"damage":0,"enemies":"2 Louse","floor":3,"turns":3},{"damage":0,"enemies":"Small Slimes","floor":4,"turns":5},{"damage":1,"enemies":"Exordium Wildlife","floor":5,"turns":4},{"damage":49,"enemies":"Lagavulin","floor":6,"turns":9},{"damage":14,"enemies":"Lots of Slimes","floor":11,"turns":6},{"damage":13,"enemies":"Blue Slaver","floor":14,"turns":4},{"damage":24,"enemies":"Lots of Slimes","floor":15,"turns":5},{"damage":13,"enemies":"WA_ARCHETYPE_RETAIN","floor":16,"turns":2}],"seed_played":"-8897864652321010344","potions_obtained":[{"floor":4,"key":"Energy Potion"},{"floor":5,"key":"Block Potion"},{"floor":6,"key":"Ancient Potion"},{"floor":14,"key":"FearPotion"}],"is_trial":false,"path_per_floor":["R","M","M","M","M","E","T","?","R","?","M","R","?","M","M","B"],"character_chosen":"THE_AUTOMATON","items_purchased":[],"campfire_rested":2,"item_purchase_floors":[],"current_hp_per_floor":[57,57,57,57,56,7,7,7,25,40,26,44,44,31,7,0,0,0],"gold":256,"neow_bonus":"BOSS_RELIC","is_daily":false,"chose_seed":false,"campfire_upgraded":1,"win_rate":0.0,"timestamp":1612740631,"path_taken":["R","M","M","M","M","E","T","?","R","?","M","R","?","?","M","BOSS"],"items_purchased_type":[],"build_version":"2020-12-22","purchased_purges":0,"victory":false,"max_hp_per_floor":[63,63,63,63,63,63,63,63,63,63,63,63,63,63,63,63,63,63],"card_choices":[{"not_picked":["bronze:BuggyMess","bronze:OilSpill"],"picked":"bronze:Return","floor":2},{"not_picked":["bronze:Turbo","bronze:FollowUp"],"picked":"bronze:CloningBeam","floor":3},{"not_picked":["bronze:InfiniteBeams","bronze:Allocate"],"picked":"bronze:Repulsor","floor":4},{"not_picked":["bronze:Invalidate","bronze:Shell"],"picked":"bronze:ChosenStrike","floor":5},{"not_picked":["bronze:Philosophize","bronze:Frontload"],"picked":"bronze:FineTuning","floor":6},{"not_picked":["bronze:Frontload","bronze:Branch"],"picked":"bronze:Optimize","floor":9},{"not_picked":["bronze:Constructor","bronze:CutThrough"],"picked":"bronze:Verify","floor":11},{"not_picked":["bronze:CutThrough","bronze:DigitalCarnage"],"picked":"bronze:Overheat","floor":12},{"not_picked":["bronze:Branch","bronze:Backtrace"],"picked":"bronze:BuggyMess","floor":14},{"not_picked":["bronze:WhirlingStrike","bronze:ItsAFeature"],"picked":"bronze:Assembly","floor":15}],"player_experience":485825,"relics_obtained":[{"floor":6,"key":"Dream Catcher"},{"floor":7,"key":"Toy Ornithopter"}],"event_choices":[{"damage_healed":15,"gold_gain":0,"player_choice":"Healed and dodged fight","damage_taken":0,"max_hp_gain":0,"max_hp_loss":0,"event_name":"Mushrooms","floor":10,"gold_loss":0,"cards_obtained":["Parasite"]}],"is_beta":false,"boss_relics":[],"items_purged_floors":[],"is_endless":false,"potions_floor_spawned":[4,5,6,14],"killed_by":"WA_ARCHETYPE_RETAIN","ascension_level":14}}