{"host":"q8niu1x2pgv94o1d","time":1612720231,"event":{"mods":["AchievementEnabler","BaseMod","Colored Map","Colored Powertips","Minty Spire (QoL Compilation)","StSLib"],"gold_per_floor":[111,128,141,141,157,157,187,187,187,213,233,308,325,325,325,402,402,416,396,406,418,102,102,135,145,196,208,219,244,244,34,34,108,108,125,125,125,141,161,161,192,192,192,467,492,59,73,91,91,91,91],"floor_reached":52,"language":"ENG","playtime":6596,"items_purged":["Strike_G","Defend_G","Regret"],"score":1953,"play_id":"b398209d-86dd-439a-a699-4bfb599234ce","local_time":"20210207185031","is_ascension_mode":true,"campfire_choices":[{"data":"Dash","floor":6.0,"key":"SMITH"},{"floor":8.0,"key":"REST"},{"floor":15.0,"key":"REST"},{"floor":23.0,"key":"REST"},{"data":"Strike_G","floor":32,"key":"PURGE"},{"data":"Writhe","floor":40,"key":"PURGE"},{"floor":42,"key":"REST"},{"data":"Strike_G","floor":49,"key":"PURGE"}],"circlet_count":0,"master_deck":["AscendersBane","Strike_G+1","Strike_G","Defend_G","Defend_G","Defend_G","Defend_G","Survivor","Neutralize+1","Phantasmal Killer","Underhanded Strike","Dash+1","Dagger Spray","Unload","Tools of the Trade","Leg Sweep","Reflex","Die Die Die","Backflip","Blade Dance","Dash+1","Adrenaline","Prepared","Crippling Poison+1","PiercingWail+1","Noxious Fumes+1","After Image","Blade Dance+1","After Image"],"relics":["Ring of the Snake","Strawberry","InkBottle","Bag of Marbles","Darkstone Periapt","Vajra","Fusion Hammer","Regal Pillow","PreservedInsect","Toy Ornithopter","Peace Pipe","Philosopher\u0027s Stone","Gremlin Horn","Whetstone","Bottled Tornado","Bottled Lightning","Membership Card","Snake Skull","Anchor"],"acts_visited":["Exordium","TheCity","TheBeyond"],"potions_floor_usage":[25,29,39,50,51,51,51],"damage_taken":[{"damage":1.0,"enemies":"Jaw Worm","floor":1.0,"turns":4.0},{"damage":0.0,"enemies":"Cultist","floor":2.0,"turns":4.0},{"damage":0.0,"enemies":"2 Louse","floor":3.0,"turns":4.0},{"damage":11.0,"enemies":"Lots of Slimes","floor":5.0,"turns":3.0},{"damage":31.0,"enemies":"Lagavulin","floor":7.0,"turns":7.0},{"damage":30.0,"enemies":"Gremlin Nob","floor":10.0,"turns":4.0},{"damage":0.0,"enemies":"Exordium Wildlife","floor":11.0,"turns":5.0},{"damage":8.0,"enemies":"Large Slime","floor":13.0,"turns":3.0},{"damage":22.0,"enemies":"The Guardian","floor":16.0,"turns":15.0},{"damage":0.0,"enemies":"Chosen","floor":18.0,"turns":3.0},{"damage":8.0,"enemies":"2 Thieves","floor":20.0,"turns":2.0},{"damage":9.0,"enemies":"Centurion and Healer","floor":21.0,"turns":6.0},{"damage":0.0,"enemies":"Slavers","floor":24.0,"turns":4.0},{"damage":9,"enemies":"Shelled Parasite and Fungi","floor":25,"turns":6},{"damage":8,"enemies":"Snake Plant","floor":27,"turns":3},{"damage":2,"enemies":"Snecko","floor":28,"turns":5},{"damage":0,"enemies":"Gremlin Leader","floor":29,"turns":3},{"damage":31,"enemies":"Automaton","floor":33,"turns":9},{"damage":0,"enemies":"3 Shapes","floor":35,"turns":2},{"damage":5,"enemies":"3 Darklings","floor":38,"turns":4},{"damage":21,"enemies":"Spire Growth","floor":39,"turns":4},{"damage":19,"enemies":"Nemesis","floor":41,"turns":5},{"damage":7,"enemies":"Reptomancer","floor":45,"turns":3},{"damage":0,"enemies":"Transient","floor":47,"turns":6},{"damage":6,"enemies":"Jaw Worm Horde","floor":48,"turns":3},{"damage":26,"enemies":"Time Eater","floor":50,"turns":13},{"damage":44,"enemies":"Donu and Deca","floor":51,"turns":10}],"seed_played":"1058293096064463347","potions_obtained":[{"floor":2.0,"key":"SpeedPotion"},{"floor":3.0,"key":"Fire Potion"},{"floor":7.0,"key":"Fruit Juice"},{"floor":18.0,"key":"SneckoOil"},{"floor":19.0,"key":"SpeedPotion"},{"floor":21.0,"key":"Regen Potion"},{"floor":25,"key":"DistilledChaos"},{"floor":41,"key":"PowerPotion"}],"is_trial":false,"path_per_floor":["M","M","M","?","M","R","E","R","T","E","M","?","M","T","R","B",null,"M","?","M","M","$","R","E","M","T","M","M","E","?","$","R","B",null,"M","?","T","M","M","R","E","R","T","?","E","$","M","M","R","B","B",null],"character_chosen":"THE_SILENT","items_purchased":["Adrenaline","Regal Pillow","EntropicBrew","Membership Card","After Image","Snake Skull","Anchor"],"campfire_rested":4,"item_purchase_floors":[22,22,31,46,46,46,46],"current_hp_per_floor":[58,58,58,65,54,54,23,51,51,21,21,10,2,2,25,3,59,59,59,51,42,42,78,78,69,69,61,59,73,51,51,51,20,67,67,89,89,84,68,68,49,89,89,95,88,88,88,82,82,61,32],"gold":91,"neow_bonus":"ONE_RANDOM_RARE_CARD","is_daily":false,"chose_seed":false,"campfire_upgraded":1,"win_rate":0.0,"timestamp":1612720231,"path_taken":["M","M","M","?","?","R","E","R","T","E","M","?","M","?","R","BOSS","M","?","M","?","$","R","E","M","T","M","M","E","?","$","R","BOSS","M","?","?","?","M","R","E","R","T","?","E","$","M","M","R","BOSS","BOSS"],"items_purchased_type":["Card","Relic","Potion","Relic","Card","Relic","Relic"],"build_version":"2020-12-22","purchased_purges":3,"victory":true,"max_hp_per_floor":[66,66,66,73,73,73,73,78,78,78,78,78,78,78,78,78,78,78,78,78,78,78,78,78,78,78,78,78,78,83,83,83,83,83,83,89,89,89,89,89,89,89,89,95,95,95,95,95,95,95,95],"card_choices":[{"not_picked":["Prepared","Catalyst"],"picked":"Underhanded Strike","floor":1.0},{"not_picked":["Blur","Dodge and Roll"],"picked":"Dash","floor":2.0},{"not_picked":["Acrobatics","Skewer"],"picked":"Dagger Spray","floor":3.0},{"not_picked":["Poisoned Stab","Deflect"],"picked":"Unload","floor":5.0},{"not_picked":["Acrobatics","Prepared"],"picked":"Tools of the Trade","floor":7.0},{"not_picked":["Poisoned Stab","Backflip"],"picked":"Leg Sweep","floor":10.0},{"not_picked":["Eviscerate","Poisoned Stab"],"picked":"Reflex","floor":11.0},{"not_picked":["Acrobatics","Well Laid Plans","Dagger Throw"],"picked":"SKIP","floor":13.0},{"not_picked":["Bullet Time","Storm of Steel"],"picked":"Die Die Die","floor":16.0},{"not_picked":["Underhanded Strike+1","Poisoned Stab+1"],"picked":"Backflip","floor":18.0},{"not_picked":["PiercingWail","Underhanded Strike"],"picked":"Blade Dance","floor":20.0},{"not_picked":["Blur","Bane"],"picked":"Dash+1","floor":21.0},{"not_picked":["Expertise","Bane"],"picked":"Prepared","floor":24.0},{"not_picked":["Deflect+1","Underhanded Strike"],"picked":"Crippling Poison+1","floor":25},{"not_picked":["Dagger Throw","Night Terror"],"picked":"PiercingWail+1","floor":27},{"not_picked":["Underhanded Strike","Bane","Deadly Poison"],"picked":"SKIP","floor":28},{"not_picked":["Outmaneuver+1","Cloak And Dagger"],"picked":"Noxious Fumes+1","floor":29},{"not_picked":["Grand Finale","Envenom"],"picked":"After Image","floor":33},{"not_picked":["Sucker Punch","Deflect"],"picked":"Blade Dance+1","floor":35},{"not_picked":["Heel Hook","Underhanded Strike","Infinite Blades+1"],"picked":"SKIP","floor":38},{"not_picked":["Dagger Spray","Expertise","Sucker Punch+1"],"picked":"SKIP","floor":39},{"not_picked":["Crippling Poison","Prepared","Deadly Poison"],"picked":"SKIP","floor":41},{"not_picked":["Dagger Spray","Skewer","Dagger Throw"],"picked":"SKIP","floor":45},{"not_picked":["Caltrops","Prepared+1","Cloak And Dagger"],"picked":"SKIP","floor":47},{"not_picked":["Bullet Time","Deflect","All Out Attack"],"picked":"SKIP","floor":48}],"player_experience":1822718,"relics_obtained":[{"floor":7.0,"key":"InkBottle"},{"floor":9.0,"key":"Bag of Marbles"},{"floor":10.0,"key":"Darkstone Periapt"},{"floor":14.0,"key":"Vajra"},{"floor":24.0,"key":"PreservedInsect"},{"floor":26,"key":"Toy Ornithopter"},{"floor":29,"key":"Peace Pipe"},{"floor":37,"key":"Gremlin Horn"},{"floor":41,"key":"Whetstone"},{"floor":43,"key":"Bottled Tornado"},{"floor":45,"key":"Bottled Lightning"}],"event_choices":[{"damage_healed":0.0,"max_hp_gain":0.0,"max_hp_loss":0.0,"gold_gain":0.0,"event_name":"WeMeetAgain","player_choice":"Gave Potion","floor":4.0,"gold_loss":0.0,"damage_taken":0.0,"relics_obtained":["Strawberry"]},{"damage_healed":0.0,"max_hp_gain":0.0,"max_hp_loss":0.0,"gold_gain":75.0,"event_name":"World of Goop","player_choice":"Gather Gold","floor":12.0,"gold_loss":0.0,"damage_taken":11.0},{"damage_healed":0.0,"max_hp_gain":0.0,"max_hp_loss":0.0,"gold_gain":0.0,"event_name":"The Woman in Blue","player_choice":"Bought 1 Potion","floor":19.0,"gold_loss":0.0,"damage_taken":0.0},{"damage_healed":0,"gold_gain":0,"player_choice":"Shed Blood","damage_taken":27,"max_hp_gain":5,"max_hp_loss":0,"event_name":"Forgotten Altar","floor":30,"gold_loss":0},{"damage_healed":17,"gold_gain":0,"player_choice":"Writhe","damage_taken":0,"max_hp_gain":0,"max_hp_loss":0,"event_name":"Winding Halls","floor":36,"gold_loss":0,"cards_obtained":["Writhe"]},{"damage_healed":0,"gold_gain":275,"player_choice":"Desecrate","damage_taken":0,"max_hp_gain":0,"max_hp_loss":0,"event_name":"Golden Shrine","floor":44,"gold_loss":0,"cards_obtained":["Regret"]}],"is_beta":false,"boss_relics":[{"not_picked":["Black Star","Sozu"],"picked":"Fusion Hammer"},{"not_picked":["WristBlade","Coffee Dripper"],"picked":"Philosopher\u0027s Stone"}],"items_purged_floors":[22,31,46],"is_endless":false,"potions_floor_spawned":[2,3,7,18,21,25,38,41,45,47],"ascension_level":20}}