{"host":"c7dr7q4h26dxt6y4","time":1612699201,"event":{"mods":["BaseMod","BetterRewards","Colored Map","Conspire","Glutton Mod","Hubris","Mimic Mod","Minty Spire (QoL Compilation)","Reliquary","Shop Mod","StSLib","SuperFastMode","The Jungle","The Saiyan"],"gold_per_floor":[95,107,107,124,79,108,118,118,194,194,23,23,23,39,39,164,164,183,183,112,126,126,126,161,161,161],"floor_reached":25,"language":"ENG","playtime":761,"items_purged":[],"score":241,"play_id":"e0a9e5e6-d6e5-4360-b09a-cbe3f4dc02d7","local_time":"20210207040001","is_ascension_mode":true,"campfire_choices":[{"data":"1","floor":10,"key":"LIFT"},{"data":"2","floor":12,"key":"LIFT"},{"floor":15,"key":"REST"},{"floor":23,"key":"REST"}],"circlet_count":0,"master_deck":["Saiyan:SAIYA_Strike","Saiyan:SAIYA_Strike+1","Saiyan:SAIYA_Strike","Saiyan:SAIYA_Strike","Saiyan:SAIYA_Defend+1","Saiyan:SAIYA_Defend","Saiyan:SAIYA_Defend","Saiyan:SAIYA_Defend","Saiyan:EnergyBlast","Saiyan:KaioKen","Saiyan:RuthlessBlow","Saiyan:SuperSaiyanForm","Saiyan:ExpandingShockwave","Saiyan:MeteorDash","Saiyan:TurtleShell","Saiyan:SaiyanHubris","Saiyan:PowerUp","Saiyan:TurtleShell","Saiyan:DragonFist","Saiyan:DoubleMasenko","Saiyan:MeteorDash","Saiyan:SuperSaiyanThree","Saiyan:KiExplosion","Saiyan:Furor","Saiyan:PowerUp","Saiyan:Fly"],"relics":["SaiyanSoul","SaiyanHeart","Girya","Golden Idol","reliquary:BoilingFlask","conspire:RoyalGoblet","Bronze Scales"],"acts_visited":["Exordium","TheCity"],"potions_floor_usage":[16,24,25],"damage_taken":[{"damage":0,"enemies":"Cultist","floor":1,"turns":3},{"damage":5,"enemies":"Small Slimes","floor":2,"turns":4},{"damage":0,"enemies":"Jaw Worm","floor":4,"turns":5},{"damage":14,"enemies":"Lagavulin","floor":6,"turns":8},{"damage":0,"enemies":"2 Fungi Beasts","floor":7,"turns":4},{"damage":14,"enemies":"Lots of Slimes","floor":14,"turns":3},{"damage":34,"enemies":"Hexaghost","floor":16,"turns":8},{"damage":33,"enemies":"2 Thieves","floor":18,"turns":4},{"damage":23,"enemies":"Shell Parasite","floor":21,"turns":6},{"damage":53,"enemies":"Book of Stabbing","floor":24,"turns":8},{"damage":14,"enemies":"Snecko","floor":25,"turns":2}],"seed_played":"-4350650693948407334","potions_obtained":[{"floor":2,"key":"Ancient Potion"},{"floor":4,"key":"EssenceOfSteel"},{"floor":7,"key":"SteroidPotion"}],"is_trial":false,"path_per_floor":["M","M","?","M","$","E","M","?","T","R","$","R","$","M","R","B",null,"M","?","$","M","?","R","E","M"],"character_chosen":"SAIYAJIN","items_purchased":["Saiyan:TurtleShell","Saiyan:PowerUp","Saiyan:TurtleShell","Saiyan:DragonFist","Saiyan:DoubleMasenko","Saiyan:Furor"],"campfire_rested":2,"item_purchase_floors":[5,11,11,11,11,20],"current_hp_per_floor":[66,63,49,50,50,37,38,38,38,38,38,38,38,25,45,11,67,35,57,57,34,34,54,1,0,0],"gold":161,"neow_bonus":"TEN_PERCENT_HP_BONUS","is_daily":false,"chose_seed":false,"campfire_upgraded":0,"win_rate":0.0,"timestamp":1612699201,"path_taken":["M","M","?","M","$","E","M","?","T","R","$","R","$","M","R","BOSS","M","?","$","?","?","R","E","M"],"items_purchased_type":["Card","Card","Card","Card","Card","Card"],"build_version":"2020-12-22","purchased_purges":0,"victory":false,"max_hp_per_floor":[66,68,68,69,69,70,71,66,66,66,66,66,66,67,67,67,67,68,68,68,68,68,68,68,68,68],"card_choices":[{"not_picked":["Saiyan:Scouter","Saiyan:BigBangAttack"],"picked":"Saiyan:SuperSaiyanForm","floor":1},{"not_picked":["Saiyan:Expend","Saiyan:Afterimage"],"picked":"Saiyan:ExpandingShockwave","floor":2},{"not_picked":["Saiyan:GhostAttack","Saiyan:SoulSpice"],"picked":"Saiyan:MeteorDash","floor":4},{"not_picked":["Saiyan:FingerParry","Saiyan:RemoveWeights"],"picked":"Saiyan:SaiyanHubris","floor":6},{"not_picked":["Saiyan:BurningSoul","Saiyan:BigBangAttack","Saiyan:ExtremeSpeed"],"picked":"SKIP","floor":7},{"not_picked":["Saiyan:BackAttack","Saiyan:Twize"],"picked":"Saiyan:MeteorDash","floor":14},{"not_picked":["Saiyan:TransfigurationBeam","Saiyan:MajinSeal"],"picked":"Saiyan:SuperSaiyanThree","floor":16},{"not_picked":["Saiyan:PowerUp+1","Saiyan:Pacing"],"picked":"Saiyan:KiExplosion","floor":18},{"not_picked":["Saiyan:Pacing","Saiyan:RemoveWeights"],"picked":"Saiyan:PowerUp","floor":21},{"not_picked":["Saiyan:Overexert+1","Saiyan:ReverberatingForce"],"picked":"Saiyan:Fly","floor":24}],"player_experience":100921,"relics_obtained":[{"floor":6,"key":"Girya"},{"floor":9,"key":"reliquary:BoilingFlask"},{"floor":24,"key":"Bronze Scales"}],"event_choices":[{"damage_healed":0,"gold_gain":0,"player_choice":"Entered Light","damage_taken":14,"max_hp_gain":0,"max_hp_loss":0,"event_name":"Shining Light","floor":3,"gold_loss":0,"cards_upgraded":["Saiyan:SAIYA_Defend","Saiyan:SAIYA_Strike"]},{"damage_healed":0,"gold_gain":0,"player_choice":"Lose Max HP","damage_taken":0,"relics_obtained":["Golden Idol"],"max_hp_gain":0,"max_hp_loss":5,"event_name":"Golden Idol","floor":8,"gold_loss":0},{"damage_healed":22,"gold_gain":0,"player_choice":"Heal","damage_taken":0,"max_hp_gain":0,"max_hp_loss":0,"event_name":"The Library","floor":19,"gold_loss":0}],"is_beta":false,"boss_relics":[{"not_picked":["Ectoplasm","Runic Pyramid"],"picked":"conspire:RoyalGoblet"}],"items_purged_floors":[],"is_endless":false,"potions_floor_spawned":[2,4,7,14],"killed_by":"Snecko","ascension_level":2}}