{"host":"w01zow3jg16g8jdh","time":1612694741,"event":{"mods":["AchievementEnabler","BaseMod","DeckTracker","Keyboard Shortcuts","Minty Spire (QoL Compilation)","Permanent Neow","StSLib","SuperFastMode"],"gold_per_floor":[111,111,127,143,68,103,103,129,129,146,163,163,163,181,181,258,258,269,288,288,188,201,201,201],"floor_reached":23,"language":"KOR","playtime":766,"items_purged":["Strike_G","Strike_G"],"score":406,"play_id":"efb5ee12-f295-4f8c-9472-25bc26b40a0d","local_time":"20210207194541","is_ascension_mode":true,"campfire_choices":[{"data":"Deadly Poison","floor":7,"key":"SMITH"},{"data":"Well Laid Plans","floor":12,"key":"SMITH"},{"floor":15,"key":"REST"}],"circlet_count":0,"master_deck":["AscendersBane","Strike_G","Defend_G","Defend_G","Defend_G","Defend_G","Survivor","Neutralize","Backflip","Flechettes+1","Deadly Poison+1","Dash","Well Laid Plans+1","Leg Sweep","Calculated Gamble","Escape Plan","Dash","Acrobatics"],"relics":["Ring of the Snake","Pantograph","Paper Crane","Mummified Hand","HoveringKite"],"acts_visited":["Exordium","TheCity"],"potions_floor_usage":[10,14,16,16,19,19],"damage_taken":[{"damage":0,"enemies":"Jaw Worm","floor":1,"turns":5},{"damage":0,"enemies":"Cultist","floor":3,"turns":4},{"damage":0,"enemies":"Small Slimes","floor":4,"turns":3},{"damage":30,"enemies":"Lagavulin","floor":6,"turns":8},{"damage":16,"enemies":"3 Sentries","floor":8,"turns":13},{"damage":1,"enemies":"Looter","floor":10,"turns":3},{"damage":6,"enemies":"Exordium Thugs","floor":11,"turns":5},{"damage":8,"enemies":"Exordium Wildlife","floor":14,"turns":5},{"damage":4,"enemies":"The Guardian","floor":16,"turns":10},{"damage":4,"enemies":"Shell Parasite","floor":18,"turns":6},{"damage":12,"enemies":"Chosen","floor":19,"turns":5},{"damage":51,"enemies":"3 Cultists","floor":22,"turns":8},{"damage":2,"enemies":"Book of Stabbing","floor":23,"turns":5}],"seed_played":"-8599688570624935432","potions_obtained":[{"floor":6,"key":"Fruit Juice"},{"floor":8,"key":"Strength Potion"},{"floor":10,"key":"BlessingOfTheForge"},{"floor":11,"key":"Fruit Juice"},{"floor":14,"key":"ColorlessPotion"},{"floor":16,"key":"Poison Potion"},{"floor":18,"key":"CunningPotion"}],"is_trial":false,"path_per_floor":["M","?","M","M","$","E","R","E","T","M","M","R","?","M","R","B",null,"M","M","?","$","M","E"],"character_chosen":"THE_SILENT","items_purchased":[],"campfire_rested":1,"item_purchase_floors":[],"current_hp_per_floor":[59,59,59,59,59,29,29,13,13,17,11,11,4,1,23,44,68,64,52,52,52,1,0,0],"gold":201,"neow_bonus":"TRANSFORM_CARD","is_daily":false,"chose_seed":false,"campfire_upgraded":2,"win_rate":0.0,"timestamp":1612694741,"path_taken":["M","?","M","M","?","E","R","E","T","M","?","R","?","M","R","BOSS","M","M","?","$","M","E"],"items_purchased_type":[],"build_version":"2020-12-22","purchased_purges":2,"victory":false,"max_hp_per_floor":[66,66,66,66,66,66,66,66,66,71,71,71,71,76,76,76,76,76,76,76,76,76,76,76],"card_choices":[{"not_picked":["Cloak And Dagger","PiercingWail"],"picked":"Flechettes","floor":1},{"not_picked":["Leg Sweep","Bane"],"picked":"Deadly Poison","floor":3},{"not_picked":["Endless Agony","Flying Knee"],"picked":"Dash","floor":4},{"not_picked":["Accuracy","After Image"],"picked":"Well Laid Plans","floor":6},{"not_picked":["Well Laid Plans","Bouncing Flask"],"picked":"Leg Sweep","floor":8},{"not_picked":["Finisher","Skewer"],"picked":"Calculated Gamble","floor":10},{"not_picked":["Well Laid Plans","Blade Dance"],"picked":"Escape Plan","floor":11},{"not_picked":["Well Laid Plans","Distraction","Sucker Punch"],"picked":"SKIP","floor":14},{"not_picked":["Underhanded Strike","Slice+1","Backflip"],"picked":"SKIP","floor":18},{"not_picked":["Noxious Fumes","Heel Hook","Sucker Punch"],"picked":"SKIP","floor":19},{"not_picked":["Footwork","Skewer"],"picked":"Acrobatics","floor":22}],"player_experience":361150,"relics_obtained":[{"floor":6,"key":"Pantograph"},{"floor":8,"key":"Paper Crane"},{"floor":9,"key":"Mummified Hand"}],"event_choices":[{"damage_healed":0,"gold_gain":0,"player_choice":"Forge","damage_taken":0,"max_hp_gain":0,"max_hp_loss":0,"event_name":"Accursed Blacksmith","floor":2,"gold_loss":0,"cards_upgraded":["Flechettes"]},{"cards_removed":["Strike_G"],"damage_healed":0,"gold_gain":0,"player_choice":"Card Removal","damage_taken":7,"max_hp_gain":0,"max_hp_loss":0,"event_name":"Golden Wing","floor":13,"gold_loss":0},{"damage_healed":0,"gold_gain":0,"cards_transformed":["Strike_G"],"player_choice":"Transformed","damage_taken":0,"max_hp_gain":0,"max_hp_loss":0,"event_name":"Transmorgrifier","floor":20,"gold_loss":0,"cards_obtained":["Dash"]}],"is_beta":false,"boss_relics":[{"not_picked":["Runic Pyramid","Velvet Choker"],"picked":"HoveringKite"}],"items_purged_floors":[5,21],"is_endless":false,"potions_floor_spawned":[6,8,10,11,14,16,18],"killed_by":"Book of Stabbing","ascension_level":20}}