{"host":"i9o3eksapkmftcbs","time":1612682236,"event":{"mods":["2.2 Compatiblity","AchievementEnabler","Act Like it!","Arknights","Bard","BaseMod","BetterRewards","Colored Map","Colored Powertips","Conspire","Duelist Mod","Halation","Hubris","Infinite Spire","Lobotomy","Minty Spire (QoL Compilation)","Rare Cards Sparkle","Reliquary","Robot Space Explorer","StSLib","The Blackbeard","The Clintock","The Disciple","The Dragon Tamer","The Mystic","Transform Curses"],"gold_per_floor":[117,117,117,134,134,164,164,30,30,30,65,65,77,77,77,177,177,188,188,203,6,17,17,36,36,62,62,82,92,106,133,133,238,238,256,270,282,297,317,317,349,349,349,363,378,396,406,406,406],"floor_reached":48,"language":"ENG","playtime":3933,"items_purged":[],"score":683,"play_id":"677c6aaf-1db2-4930-8f01-9d2ce5f92705","local_time":"20210207011716","is_ascension_mode":true,"campfire_choices":[{"floor":7.0,"key":"REST"},{"floor":12.0,"key":"RECALL"},{"data":"hubris:Fate","floor":15.0,"key":"SMITH"},{"floor":23.0,"key":"REST"},{"floor":25.0,"key":"REST"},{"data":"infinitespire:Execution","floor":27.0,"key":"SMITH"},{"floor":32.0,"key":"REST"},{"floor":40.0,"key":"REST"},{"floor":42.0,"key":"REST"}],"circlet_count":0,"master_deck":["Accelerando","Ritenuto","Strike_Br","Strike_Br","Strike_Br","Strike_Br","Defend_Br","Defend_Br","Defend_Br","Defend_Br","SecondHand","PatternShift","TickedOff","CrunchTime","Parasite","theDuelist:CurseAnubis","hubris:Fate+1","LockedAnchor","Bandage Up","DaylightSavings","LockedAnchor","Echoward","DaylightSavings","Analog+1","infinitespire:Oblivion","infinitespire:Execution+1","BlueShift","ExoVibe","HandsUpC","HandsUpC","BeatsPerMinute","LockedAstrolabe","LockedLightning","WindUp","HandsUpB+1","HandsUpB+1","LockedPlans","BackFourSeconds","BlueShift+1","theDuelist:PsiCurse","Fragmentalize","Parasite","BiteCommand","LockedPlans+1","LockedScales"],"relics":["Chronometer","hubris:Potato","halation:PromiseList","hubris:KleinBottle","hubris:FruitBowl","reliquary:Stiletto","reliquary:Firecrackers","reliquary:ExpiredCoupon","conspire:SlowCooker","BlueBox","MealTicket","Bronze Scales","Cursed Key","Oddly Smooth Stone","Question Card"],"acts_visited":["Exordium","TheCity","TheBeyond"],"potions_floor_usage":[46,47,47,48],"damage_taken":[{"damage":0.0,"enemies":"2 Louse","floor":1.0,"turns":3.0},{"damage":1.0,"enemies":"Cultist","floor":4.0,"turns":6.0},{"damage":0.0,"enemies":"Gremlin Nob","floor":6.0,"turns":1.0},{"damage":4.0,"enemies":"3 Sentries","floor":11.0,"turns":10.0},{"damage":4.0,"enemies":"infinitespire:Voidling","floor":13.0,"turns":4.0},{"damage":0.0,"enemies":"Slime Boss","floor":16.0,"turns":2.0},{"damage":0.0,"enemies":"Chosen","floor":18.0,"turns":3.0},{"damage":11.0,"enemies":"Spheric Guardian","floor":20.0,"turns":4.0},{"damage":41.0,"enemies":"Cultist and Chosen","floor":22.0,"turns":8.0},{"damage":4.0,"enemies":"Sentry and Sphere","floor":24.0,"turns":6.0},{"damage":3.0,"enemies":"Centurion and Healer","floor":28.0,"turns":4.0},{"damage":16.0,"enemies":"Snecko","floor":29.0,"turns":7.0},{"damage":37.0,"enemies":"Snake Plant","floor":30.0,"turns":5.0},{"damage":11.0,"enemies":"conspire:MysteriousRune","floor":33.0,"turns":5.0},{"damage":10.0,"enemies":"Orb Walker","floor":35.0,"turns":3.0},{"damage":35.0,"enemies":"3 Darklings","floor":36.0,"turns":5.0},{"damage":16.0,"enemies":"4 Shapes","floor":37.0,"turns":7.0},{"damage":9.0,"enemies":"Sphere and 2 Shapes","floor":38.0,"turns":5.0},{"damage":9.0,"enemies":"Maw","floor":39.0,"turns":6.0},{"damage":0.0,"enemies":"Nemesis","floor":41.0,"turns":1.0},{"damage":0.0,"enemies":"4 Shapes","floor":44.0,"turns":3.0},{"damage":22,"enemies":"Writhing Mass","floor":45,"turns":6},{"damage":4,"enemies":"Maw","floor":46,"turns":5},{"damage":2,"enemies":"Jaw Worm Horde","floor":47,"turns":4},{"damage":55,"enemies":"Nightmare","floor":48,"turns":4}],"seed_played":"7097039003250325069","potions_obtained":[{"floor":6.0,"key":"SteroidPotion"},{"floor":16.0,"key":"SteroidPotion"},{"floor":22.0,"key":"Weak Potion"},{"floor":28.0,"key":"Swift Potion"},{"floor":33.0,"key":"Ancient Potion"},{"floor":36.0,"key":"SteroidPotion"},{"floor":41.0,"key":"Block Potion"},{"floor":44.0,"key":"Strength Potion"},{"floor":45,"key":"BlessingOfTheForge"},{"floor":46,"key":"Weak Potion"}],"is_trial":false,"path_per_floor":["M","?","$","M","?","E","R","$","T","?","E","R","M","T","R","B",null,"M","?","M","$","M","R","M","R","T","R","M","M","M","T","R","B",null,"M","M","M","M","M","R","E","R","T","M","M","M","M","NM"],"character_chosen":"CHRONO_CLASS","items_purchased":["hubris:KleinBottle","hubris:FruitBowl","Bandage Up","DaylightSavings","BlueBox","BlueShift"],"campfire_rested":6,"item_purchase_floors":[3,3,8,8,21,21],"current_hp_per_floor":[65,65,27,26,26,26,45,45,45,64,64,64,65,65,65,65,65,65,80,69,69,32,56,56,80,80,80,80,64,31,31,55,44,80,70,35,23,18,13,37,37,61,61,61,43,46,44,0,0],"gold":406,"neow_bonus":"ONE_RARE_RELIC","is_daily":false,"chose_seed":false,"campfire_upgraded":2,"win_rate":0.0,"timestamp":1612682236,"path_taken":["M","?","?","M","?","E","R","$","T","?","E","R","M","?","R","BOSS","M","?","?","$","M","R","M","R","T","R","M","M","M","?","R","BOSS","M","?","M","M","M","R","E","R","T","M","M","M","M","NM"],"items_purchased_type":["Relic","Relic","Card","Card","Relic","Card"],"build_version":"2020-12-22","purchased_purges":0,"victory":false,"max_hp_per_floor":[65,65,65,65,65,65,65,65,65,65,65,65,65,65,65,65,65,65,80,80,80,80,80,80,80,80,80,80,80,80,80,80,80,80,80,80,80,80,80,80,80,80,80,80,80,80,80,80,80],"card_choices":[{"not_picked":["LockedTornado","AlternateTimeline"],"picked":"TickedOff","floor":1.0},{"not_picked":["infinitespire:Oblivion","infinitespire:Collect"],"picked":"infinitespire:SealOfDarkness+","floor":3.0},{"not_picked":["Break","BeatsPerMinute"],"picked":"CrunchTime","floor":4.0},{"not_picked":["infinitespire:Execution","infinitespire:NeuralNetwork"],"picked":"hubris:Fate","floor":5.0},{"not_picked":["VestedLegacy","Echoward"],"picked":"LockedAnchor","floor":6.0},{"not_picked":["ReapSow","Backlash"],"picked":"LockedAnchor","floor":11.0},{"not_picked":["ExoVibe","OldTimer"],"picked":"Echoward","floor":13.0},{"not_picked":["Flay","OldTimer"],"picked":"LockedFlame","floor":16.0},{"not_picked":["Echoward","LockedScales"],"picked":"DaylightSavings","floor":18.0},{"not_picked":["LockedAnchor","ShortSighted+1"],"picked":"Analog+1","floor":20.0},{"not_picked":["LockedMercury","Recurrance+1"],"picked":"ExoVibe","floor":22.0},{"not_picked":["Parity","Stagnate"],"picked":"HandsUpC","floor":24.0},{"not_picked":["ReapSow","Engulf"],"picked":"HandsUpC","floor":28.0},{"not_picked":["Echoward+1","ReapSow"],"picked":"BeatsPerMinute","floor":29.0},{"not_picked":["Engulf","EscortCommand"],"picked":"LockedAstrolabe","floor":30.0},{"not_picked":["OldTimer","BackFourSeconds"],"picked":"LockedLightning","floor":33.0},{"not_picked":["Engulf+1","Echoward+1"],"picked":"WindUp","floor":35.0},{"not_picked":["LockedMercury","Recurrance+1"],"picked":"HandsUpB+1","floor":36.0},{"not_picked":["DaylightSavings","LockedWhetstone+1"],"picked":"HandsUpB+1","floor":37.0},{"not_picked":["Parity","Tempo"],"picked":"LockedPlans","floor":38.0},{"not_picked":["Break+1","ReapSow"],"picked":"BackFourSeconds","floor":39.0},{"not_picked":["SlimeSpray+1","EscortCommand+1"],"picked":"BlueShift+1","floor":41.0},{"not_picked":["LockedOrichalcum","WakeUpCall","LockedAnchor+1"],"picked":"Fragmentalize","floor":44.0},{"not_picked":["LockedPlans","CrunchTime","WindUp"],"picked":"BiteCommand","floor":45},{"not_picked":["ShortSighted+1","LockedWarPaint","LockedMawBank"],"picked":"LockedPlans+1","floor":46},{"not_picked":["BiteCommand+1","CrunchTime","Parity+1"],"picked":"LockedScales","floor":47}],"player_experience":423723,"relics_obtained":[{"floor":6.0,"key":"reliquary:Stiletto"},{"floor":9.0,"key":"reliquary:Firecrackers"},{"floor":11.0,"key":"reliquary:ExpiredCoupon"},{"floor":26.0,"key":"MealTicket"},{"floor":31.0,"key":"Bronze Scales"},{"floor":41.0,"key":"Oddly Smooth Stone"},{"floor":43.0,"key":"Question Card"}],"event_choices":[{"cards_removed":["hubris:Envy"],"damage_healed":0.0,"max_hp_gain":0.0,"max_hp_loss":0.0,"gold_gain":0.0,"event_name":"WeMeetAgain","player_choice":"Gave Card","floor":2.0,"gold_loss":0.0,"damage_taken":0.0,"relics_obtained":["halation:PromiseList"]},{"cards_removed":["LockedFlame"],"damage_healed":0.0,"max_hp_gain":10.0,"max_hp_loss":0.0,"gold_gain":0.0,"event_name":"Bonfire Elementals","player_choice":"Offered Rare","floor":19.0,"gold_loss":0.0,"damage_taken":0.0}],"is_beta":false,"boss_relics":[{"not_picked":["Black Star","Sozu"],"picked":"conspire:SlowCooker"},{"not_picked":["halation:Risk","reliquary:WritOfMandamus"],"picked":"Cursed Key"}],"items_purged_floors":[],"is_endless":false,"potions_floor_spawned":[6,16,22,28,33,36,41,44,45,46],"killed_by":"Nightmare","ascension_level":1}}