{"host":"dmtlrev5pkc1867p","time":1612717468,"event":{"mods":["BaseMod","Colored Map","Colored Powertips","Decade(¤ý¤p©ú)","Downfall","Hermit","Jorbs\u0027s Wanderer Trilogy","Marisa¡]Ãú«B¡@Å]²z¨F¡^","Minty Spire (QoL Compilation)","Permanent Neow","Quick Restart","Relic Stats","Replay The Spire","StSLib","SuperFastMode","The Cursed","The Disciple","The Necromancer","The Runesmith","The Servant 0.9.4"],"gold_per_floor":[110,121,134,119,132,145,169,169,169,197,216,216,232,250,50,152,152,172,185,204,223,223,41,41,41,54,71,90,90,6,0,0,99,99,111,129,139,139,344,344,344,369,92,126,126,26,26,55,55,55,55,55,55],"floor_reached":52,"language":"ZHS","playtime":4795,"items_purged":["Wraith"],"score":787,"play_id":"0ba0a943-352e-404a-9a11-840b37bbb178","local_time":"20210208010428","is_ascension_mode":true,"campfire_choices":[{"floor":15.0,"key":"RECALL"},{"data":"Apotheosis","floor":25.0,"key":"SMITH"},{"floor":32.0,"key":"REST"},{"floor":46.0,"key":"REST"},{"floor":49.0,"key":"REST"}],"circlet_count":0,"master_deck":["Strike_W","Strike_W","Strike_W","Defend_W","Defend_W","Defend_W","Defend_W","Negative_Energy_Arrows","Bone_Wall","Negative_Energy_Burst","Scare","Spectral_Armor","Slay_Living+1","Skeleton_Dragon","Bone_Bullets","Plague_Bolt","Life_Drain","Bone_Shift","Summon_Undead","Blood_Wake","Scare+1","Blood_Shield","Blood_Magic","Toxic_Smoke_Screen+1","Requiem","Apotheosis+1","Bone_Armory","Whirlwind_of_Bones+1","Shade_Step","Thousand_Bone_Knives","Negative_Energy_Mist+1","Blood_Is_Power","Spectral_Walk","Cloudkill","Uncharnel","Exploit+1","Parasite","Spectral_Walk","Hellfire","Bone_Armory","Blood_Shield","Shackles_Of_Pain+1","Life_Tap","Life_Tap","Summon_Death_Knight","Siphon_Strength+1"],"relics":["Vampire_Amulet","Slimebound:StickyStick","Centennial Puzzle","downfall:HeartBlessingBlue","downfall:HeartBlessingGreen","Honey Jar","Bottled Lightning","Replay:Bronze Core","HornCleat","Question Card","Lantern","Runesmith:AutoHammer","Replay:Wax Seal","Blue Candle","downfall:HeartBlessingRed","CeramicFish"],"acts_visited":["Exordium","TheCity","TheBeyond","TheEnding"],"potions_floor_usage":[52],"damage_taken":[{"damage":0.0,"enemies":"2 Louse","floor":1.0,"turns":3.0},{"damage":5.0,"enemies":"Small Slimes","floor":2.0,"turns":3.0},{"damage":12.0,"enemies":"Jaw Worm","floor":3.0,"turns":5.0},{"damage":0.0,"enemies":"downfall:FleeingMerchant","floor":4.0,"turns":4.0},{"damage":0.0,"enemies":"2 Fungi Beasts","floor":5.0,"turns":3.0},{"damage":9.0,"enemies":"Gremlin Gang","floor":6.0,"turns":6.0},{"damage":23.0,"enemies":"3 Sentries","floor":10.0,"turns":10.0},{"damage":3.0,"enemies":"Blue Slaver","floor":11.0,"turns":4.0},{"damage":12.0,"enemies":"Exordium Thugs","floor":13.0,"turns":4.0},{"damage":1.0,"enemies":"Red Slaver","floor":14.0,"turns":4.0},{"damage":18.0,"enemies":"DF_ARCHETYPE_STREAMLINE","floor":16.0,"turns":13.0},{"damage":4.0,"enemies":"3 Byrds","floor":18.0,"turns":4.0},{"damage":8.0,"enemies":"Chosen","floor":19.0,"turns":4.0},{"damage":6.0,"enemies":"Snecko","floor":20.0,"turns":4.0},{"damage":25.0,"enemies":"3 Cultists","floor":21.0,"turns":6.0},{"damage":3.0,"enemies":"downfall:FleeingMerchant","floor":23.0,"turns":4.0},{"damage":25.0,"enemies":"Shelled Parasite and Fungi","floor":26.0,"turns":5.0},{"damage":4.0,"enemies":"Snecko","floor":27.0,"turns":4.0},{"damage":16.0,"enemies":"Cultist and Chosen","floor":28.0,"turns":5.0},{"damage":1.0,"enemies":"downfall:FleeingMerchant","floor":30.0,"turns":4.0},{"damage":3.0,"enemies":"downfall:FleeingMerchant","floor":31.0,"turns":4.0},{"damage":63.0,"enemies":"IC_MUSHROOM_ARCHETYPE","floor":33.0,"turns":10.0},{"damage":2.0,"enemies":"Orb Walker","floor":35.0,"turns":3.0},{"damage":12.0,"enemies":"3 Darklings","floor":36.0,"turns":3.0},{"damage":9.0,"enemies":"Writhing Mass","floor":37.0,"turns":6.0},{"damage":0.0,"enemies":"downfall:FleeingMerchant","floor":39.0,"turns":4.0},{"damage":14.0,"enemies":"Reptomancer","floor":42.0,"turns":9.0},{"damage":32.0,"enemies":"Giant Head","floor":44.0,"turns":8.0},{"damage":10.0,"enemies":"Maw","floor":48.0,"turns":7.0},{"damage":8.0,"enemies":"WA_ARCHETYPE_DIVINITY","floor":50.0,"turns":10.0},{"damage":104,"enemies":"downfall:CharBossMerchant","floor":52,"turns":6}],"seed_played":"-7399387551173301560","potions_obtained":[{"floor":5.0,"key":"Languid Potion"},{"floor":10.0,"key":"SteroidPotion"},{"floor":11.0,"key":"Adrenaline Potion"},{"floor":13.0,"key":"SteroidPotion"},{"floor":16.0,"key":"Energy Potion"},{"floor":21.0,"key":"Fire Potion"},{"floor":22.0,"key":"DuplicationPotion"},{"floor":22.0,"key":"Block Potion"},{"floor":22.0,"key":"Dexterity Potion"},{"floor":27.0,"key":"BlessingOfTheForge"},{"floor":28.0,"key":"champ:CounterPotion"},{"floor":33.0,"key":"Reflective Coating"},{"floor":35.0,"key":"LiquidMemories"},{"floor":44.0,"key":"Regen Potion"},{"floor":48.0,"key":"Cursed Concoction"}],"is_trial":false,"path_per_floor":["M","M","M","$","M","M","T","?","?","E","M","?","M","M","R","B",null,"M","M","M","M","?","$","T","R","M","M","M","?","$","$","R","B",null,"M","M","M","?","$","?","T","E","$","E","?","R","?","M","R","B",null,"E"],"character_chosen":"NECROMANCER","items_purchased":["Apotheosis","Blood_Is_Power","Bone_Armory","Blood_Shield","Life_Tap","Runesmith:AutoHammer"],"campfire_rested":3,"item_purchase_floors":[23,30,39,39,43,43],"current_hp_per_floor":[75,72,62,62,66,65,65,65,65,48,47,47,45,52,62,58,85,85,79,81,66,66,69,69,69,54,58,46,46,51,48,73,30,85,85,81,81,81,85,85,85,85,85,59,54,79,79,79,85,79,85,0,0],"gold":55,"neow_bonus":"RANDOM_COMMON_RELIC","is_daily":false,"chose_seed":false,"campfire_upgraded":1,"win_rate":0.0,"timestamp":1612717468,"path_taken":["M","M","M","$","M","M","T","?","?","E","M","?","M","?","R","BOSS","M","M","M","M","?","$","T","R","M","M","?","?","?","$","R","BOSS","M","M","M","?","$","?","T","E","$","E","?","R","?","?","R","BOSS","E"],"items_purchased_type":["Card","Card","Card","Card","Card","Relic"],"build_version":"2020-12-22","purchased_purges":1,"victory":false,"max_hp_per_floor":[75,75,75,75,75,75,75,75,75,75,75,75,75,75,85,85,85,85,85,85,85,85,85,85,85,85,85,85,85,85,85,85,85,85,85,85,85,85,85,85,85,85,85,85,85,85,85,85,85,85,85,85,85],"relic_stats":{"Centennial Puzzle":[69],"counters":[31,169],"Blue Candle":[2],"CeramicFish":9,"Question Card":3,"obtain_stats":[{"Lantern":42,"downfall:HeartBlessingRed":46,"Blue Candle":45,"CeramicFish":47,"downfall:HeartBlessingGreen":15,"Question Card":41,"Centennial Puzzle":10,"HornCleat":38,"Slimebound:StickyStick":0,"downfall:HeartBlessingBlue":15,"Replay:Bronze Core":34,"Honey Jar":17,"Vampire_Amulet":0,"Bottled Lightning":24,"Runesmith:AutoHammer":43,"Replay:Wax Seal":44},{"Lantern":27,"downfall:HeartBlessingRed":28,"Blue Candle":28,"CeramicFish":28,"downfall:HeartBlessingGreen":10,"Question Card":26,"Centennial Puzzle":7,"HornCleat":25,"Slimebound:StickyStick":0,"downfall:HeartBlessingBlue":10,"Replay:Bronze Core":22,"Honey Jar":11,"Vampire_Amulet":0,"Bottled Lightning":16,"Runesmith:AutoHammer":27,"Replay:Wax Seal":28},{"Lantern":138,"downfall:HeartBlessingRed":146,"Blue Candle":146,"CeramicFish":146,"downfall:HeartBlessingGreen":46,"Question Card":129,"Centennial Puzzle":34,"HornCleat":125,"Slimebound:StickyStick":0,"downfall:HeartBlessingBlue":46,"Replay:Bronze Core":113,"Honey Jar":59,"Vampire_Amulet":0,"Bottled Lightning":81,"Runesmith:AutoHammer":138,"Replay:Wax Seal":146}]},"card_choices":[{"not_picked":["Finger_Of_Death","Bones_to_Steel"],"picked":"Negative_Energy_Burst","floor":1.0},{"not_picked":["Bone_Armor","Toxic_Smoke_Screen"],"picked":"Scare","floor":2.0},{"not_picked":["Toxic_Smoke_Screen","Death_March_Dance"],"picked":"Spectral_Armor","floor":3.0},{"not_picked":["Negative_Energy_Sphere","Negative_Energy_Javelin"],"picked":"Slay_Living","floor":4.0},{"not_picked":["Bones_to_Steel","Finger_Of_Death"],"picked":"Skeleton_Dragon","floor":5.0},{"not_picked":["Bone_Shift","Death_Knell"],"picked":"Bone_Bullets","floor":6.0},{"not_picked":["Bones_to_Steel","Summon_Undead"],"picked":"Plague_Bolt","floor":10.0},{"not_picked":["Stop_Heart","Negative_Energy_Javelin"],"picked":"Life_Drain","floor":11.0},{"not_picked":["Consume_Illness","Reap_The_Weak"],"picked":"Bone_Shift","floor":13.0},{"not_picked":["Acid_Javelin","Blood_Curse"],"picked":"Summon_Undead","floor":14.0},{"not_picked":["Reap_The_Weak","Grasp_Heart"],"picked":"Blood_Wake","floor":16.0},{"not_picked":["Pandemic","Bone_Spikes","Negative_Energy_Shield"],"picked":"Scare+1","floor":18.0},{"not_picked":["Scare+1","Blood_Whip","Blood_Curse"],"picked":"Blood_Shield","floor":19.0},{"not_picked":["Shade_Step","Death_March_Dance","Death_Coil"],"picked":"Blood_Magic","floor":20.0},{"not_picked":["Vampiric_Strike","Chill_Blood","Finger_Of_Death"],"picked":"Toxic_Smoke_Screen+1","floor":21.0},{"not_picked":["Flesh_Made_Foul","Negative_Energy_Shield","Chill_Blood"],"picked":"Requiem","floor":23.0},{"not_picked":["Consume_Illness","Bone_Shift","Scare"],"picked":"Bone_Armory","floor":26.0},{"not_picked":["Exploit","Toxic_Smoke_Screen","Necromantic_Selection"],"picked":"Whirlwind_of_Bones+1","floor":27.0},{"not_picked":["Bone_Spikes","Corrupt+1","Death_March_Dance"],"picked":"Shade_Step","floor":28.0},{"not_picked":["Blood_Whip","Violent_Necrosis+1","Pandemic"],"picked":"Negative_Energy_Mist+1","floor":30.0},{"not_picked":["Bone_Bullets","Flesh_Made_Foul","Negative_Energy_Sphere"],"picked":"Spectral_Walk","floor":31.0},{"not_picked":["Blood_Wake","Grasp_Heart","Hellfire"],"picked":"Cloudkill","floor":33.0},{"not_picked":["Negative_Energy_Shield","Chill_Blood","Vampiric_Strike"],"picked":"Uncharnel","floor":35.0},{"not_picked":["Bone_Spikes","Toxic_Smoke_Screen+1","Negative_Energy_Mist"],"picked":"Exploit+1","floor":36.0},{"not_picked":["Death_Coil","Blood_Curse","Reap_The_Weak"],"picked":"Spectral_Walk","floor":37.0},{"not_picked":["Consume_Illness","Shade_Step+1","Negative_Energy_Javelin"],"picked":"Hellfire","floor":39.0},{"not_picked":["Bone_Bullets","Exploit+1","Vampiric_Strike+1","Toxic_Smoke_Screen+1"],"picked":"Shackles_Of_Pain+1","floor":42.0},{"not_picked":["Slay_Living+1","Negative_Energy_Burst+1","Scare","Flesh_Made_Foul"],"picked":"Summon_Death_Knight","floor":44.0},{"not_picked":["Negative_Energy_Burst","Consume_Illness","Negative_Energy_Javelin+1","Toxic_Smoke_Screen"],"picked":"Siphon_Strength+1","floor":48.0}],"player_experience":636481,"relics_obtained":[{"floor":10.0,"key":"Centennial Puzzle"},{"floor":24.0,"key":"Bottled Lightning"},{"floor":38.0,"key":"HornCleat"},{"floor":41.0,"key":"Question Card"},{"floor":42.0,"key":"Lantern"},{"floor":44.0,"key":"Replay:Wax Seal"},{"floor":47.0,"key":"CeramicFish"}],"event_choices":[{"damage_healed":0.0,"max_hp_gain":0.0,"max_hp_loss":0.0,"gold_gain":0.0,"event_name":"Living Wall","player_choice":"Grow","floor":9.0,"gold_loss":0.0,"damage_taken":0.0,"cards_upgraded":["Slay_Living"]},{"damage_healed":0.0,"max_hp_gain":0.0,"max_hp_loss":0.0,"gold_gain":0.0,"event_name":"Lab","player_choice":"Got Potions","floor":22.0,"gold_loss":0.0,"damage_taken":0.0},{"damage_healed":0.0,"max_hp_gain":0.0,"max_hp_loss":0.0,"gold_gain":0.0,"event_name":"OrinTheCat","player_choice":"Ignored","floor":40.0,"gold_loss":0.0,"damage_taken":0.0},{"damage_healed":0.0,"max_hp_gain":0.0,"max_hp_loss":0.0,"gold_gain":0.0,"event_name":"Wheel of Change","player_choice":"Relic","floor":47.0,"gold_loss":0.0,"damage_taken":0.0}],"is_beta":false,"boss_relics":[{"not_picked":["Runic Dome","Replay:Drink Me"],"picked":"Honey Jar"},{"not_picked":["Empty Cage","Pandora\u0027s Box"],"picked":"Replay:Bronze Core"}],"items_purged_floors":[43],"is_endless":false,"potions_floor_spawned":[5,10,11,13,14,16,21,27,28,33,35,44,48],"killed_by":"downfall:CharBossMerchant","ascension_level":2}}