{"host":"ttzdpsscxkem3xrs","time":1612685594,"event":{"mods":["BaseMod","Colored Map","Downfall","Minty Spire (QoL Compilation)","Replay The Spire","StSLib","The Cursed","The Hierophant"],"gold_per_floor":[109,109,109,123,30,45,68,106,131,131,171,208,208,218,218,253,253,246,3,42,51,60,60,66,66,66,44,44],"floor_reached":27,"language":"ENG","playtime":9720,"items_purged":[],"score":292,"play_id":"89195e65-edd3-4e9b-bb01-e4805b50d156","local_time":"20210207001314","is_ascension_mode":true,"campfire_choices":[{"floor":10,"key":"REST"},{"floor":13,"key":"REST"},{"floor":15,"key":"REST"},{"data":"hierophant:CursedGold","floor":23,"key":"SMITH"}],"circlet_count":0,"master_deck":["hierophant:Strike_Hierophant","hierophant:Strike_Hierophant","hierophant:Punish","hierophant:Defend_Hierophant","hierophant:ChurchCoffers","hierophant:OrnateBuckler","hierophant:EyeForCoin","ReplayTheSpireMod:Uncanny Aura","hierophant:Doubloon","hierophant:HolyVerse","hierophant:Doubloon","hierophant:Doubloon","hierophant:Remorse","hierophant:OrnateBuckler","hierophant:Doubloon","hierophant:CursedGold+1","hierophant:Doubloon","hierophant:Kindle","hierophant:Zeal+1","hierophant:Mercenaries+1","hierophant:Embezzle+1","hierophant:Doubloon","hierophant:Shelter+1","hierophant:Doubloon","hierophant:Invocation","hierophant:Doubloon","hierophant:Community","hierophant:Doubloon","hierophant:RustyCrate+1","hierophant:Doubloon","hierophant:Doubloon"],"relics":["hierophant:PropheticMaskRelic","Art of War","ReplayTheSpireMod:TigerMarble","Strawberry","Anchor","Astrolabe","Eternal Feather","Red Mask","Regal Pillow","Calipers"],"acts_visited":["Exordium","TheCity"],"potions_floor_usage":[7,12,16,24,27],"damage_taken":[{"damage":0,"enemies":"2 Louse","floor":1,"turns":2},{"damage":0,"enemies":"Small Slimes","floor":4,"turns":3},{"damage":21,"enemies":"Replay:BlueRogue","floor":6,"turns":8},{"damage":12,"enemies":"Jaw Worm","floor":7,"turns":3},{"damage":8,"enemies":"Lots of Slimes","floor":8,"turns":2},{"damage":3,"enemies":"2 Fungi Beasts","floor":11,"turns":4},{"damage":36,"enemies":"Gremlin Nob","floor":12,"turns":5},{"damage":18,"enemies":"Large Slime","floor":14,"turns":4},{"damage":38,"enemies":"The Guardian","floor":16,"turns":13},{"damage":6,"enemies":"3 Byrds","floor":18,"turns":4},{"damage":1,"enemies":"Shell Parasite","floor":20,"turns":3},{"damage":10,"enemies":"Masked Bandits","floor":21,"turns":3},{"damage":27,"enemies":"Chosen and Byrds","floor":22,"turns":6},{"damage":20,"enemies":"Slavers","floor":24,"turns":4},{"damage":0,"enemies":"Colosseum Slavers","floor":27,"turns":2},{"damage":23,"enemies":"Colosseum Nobs","floor":27,"turns":3}],"seed_played":"-6212953566021152282","potions_obtained":[{"floor":4,"key":"sneckomod:MuddlingPotion"},{"floor":11,"key":"SpeedPotion"},{"floor":14,"key":"Fire Potion"},{"floor":16,"key":"PowerPotion"},{"floor":20,"key":"Ancient Potion"},{"floor":22,"key":"SkillPotion"}],"is_trial":false,"path_per_floor":["M","?","?","M","$","E","M","M","T","R","M","E","R","M","R","B",null,"M","$","M","?","M","R","E","?","T","?"],"character_chosen":"HIEROPHANT","items_purchased":["ReplayTheSpireMod:Uncanny Aura","Eternal Feather"],"campfire_rested":3,"item_purchase_floors":[5,19],"current_hp_per_floor":[75,68,68,68,68,47,35,27,34,58,55,19,43,25,49,11,82,76,76,81,71,51,69,49,49,49,26,26],"gold":44,"neow_bonus":"RANDOM_COMMON_RELIC","is_daily":false,"chose_seed":false,"campfire_upgraded":1,"win_rate":0.0,"timestamp":1612685594,"path_taken":["M","?","?","M","?","E","?","M","T","R","M","E","R","M","R","BOSS","M","$","M","?","M","R","E","?","T","?"],"items_purchased_type":["Card","Relic"],"build_version":"2020-12-22","purchased_purges":0,"victory":false,"max_hp_per_floor":[75,75,75,75,75,75,75,75,82,82,82,82,82,82,82,82,82,82,82,82,82,82,82,82,82,82,82,82],"card_choices":[{"not_picked":["hierophant:FieryStrike","hierophant:Patience"],"picked":"hierophant:OrnateBuckler","floor":1},{"not_picked":["hierophant:Zeal","hierophant:SolarFlare"],"picked":"hierophant:EyeForCoin","floor":4},{"not_picked":["hierophant:HammerAndAnvil","hierophant:Encroach"],"picked":"hierophant:HolyVerse","floor":6},{"not_picked":["hierophant:Sermon","hierophant:MorningPrayer"],"picked":"hierophant:Remorse","floor":7},{"not_picked":["hierophant:Smite","hierophant:HolyVerse","hierophant:Zeal"],"picked":"SKIP","floor":8},{"not_picked":["hierophant:DisplayOfPower","hierophant:Chorus","hierophant:MorningPrayer"],"picked":"SKIP","floor":11},{"not_picked":["hierophant:Encroach","hierophant:HammerAndAnvil"],"picked":"hierophant:OrnateBuckler","floor":12},{"not_picked":["hierophant:LocustPlague","hierophant:MorningPrayer"],"picked":"hierophant:CursedGold","floor":14},{"not_picked":["hierophant:WrathOfGod","hierophant:Batter"],"picked":"hierophant:Kindle","floor":16},{"not_picked":["hierophant:HolyVerse","hierophant:Bribe"],"picked":"hierophant:Shelter+1","floor":18},{"not_picked":["hierophant:DisplayOfPower","hierophant:RecallFunds"],"picked":"hierophant:Invocation","floor":20},{"not_picked":["hierophant:ThreeLashes","hierophant:Purify"],"picked":"hierophant:Community","floor":21},{"not_picked":["hierophant:Smite","hierophant:SolarFlare"],"picked":"hierophant:RustyCrate+1","floor":22},{"not_picked":["hierophant:Invocation","hierophant:FieryStrike+1","hierophant:CursedGold"],"picked":"SKIP","floor":24}],"player_experience":1384519,"relics_obtained":[{"floor":6,"key":"ReplayTheSpireMod:TigerMarble"},{"floor":9,"key":"Strawberry"},{"floor":12,"key":"Anchor"},{"floor":21,"key":"Red Mask"},{"floor":24,"key":"Regal Pillow"},{"floor":26,"key":"Calipers"}],"event_choices":[{"cards_removed":["hierophant:Defend_Hierophant"],"damage_healed":0,"gold_gain":0,"player_choice":"Card Removal","damage_taken":7,"max_hp_gain":0,"max_hp_loss":0,"event_name":"Golden Wing","floor":2,"gold_loss":0},{"damage_healed":0,"gold_gain":0,"player_choice":"Fought Bandits","damage_taken":0,"max_hp_gain":0,"max_hp_loss":0,"event_name":"Masked Bandits","floor":21,"gold_loss":0},{"damage_healed":0,"gold_gain":0,"player_choice":"Ignored","damage_taken":0,"max_hp_gain":0,"max_hp_loss":0,"event_name":"Vampires","floor":25,"gold_loss":0},{"damage_healed":0,"gold_gain":0,"player_choice":"Fight","damage_taken":0,"max_hp_gain":0,"max_hp_loss":0,"event_name":"Colosseum","floor":27,"gold_loss":0},{"damage_healed":0,"gold_gain":0,"player_choice":"Fought Nobs","damage_taken":0,"max_hp_gain":0,"max_hp_loss":0,"event_name":"Colosseum","floor":27,"gold_loss":0}],"is_beta":false,"boss_relics":[{"not_picked":["Ectoplasm","Replay:Drink Me"],"picked":"Astrolabe"}],"items_purged_floors":[],"is_endless":false,"potions_floor_spawned":[4,11,14,16,20,22,27],"killed_by":"Colosseum Nobs","ascension_level":2}}