{"host":"pesfwaef25r60kxm","time":1612683641,"event":{"mods":["100% Spire Juice","ATMod(阿瑾Mod)","Act Like it!","Arknights","BaseMod","Colored Powertips","Downfall","Gensokyo","Hunter 猎人","Luminous","Minty Spire (QoL Compilation)","Pale of the Ancients","Reimu（博丽灵梦）","Reliquary","Replay The Spire","RumiaBox-露米娅的神秘盒子","Shop Mod","Spicy Shops","StSLib","The Cursed","The Poker Player","The Servant 0.9.4","WarShipGirlsR/战舰少女R mod","[IsaacMod]以撒尖塔","noobMod","【功能Mod】聪明的最终Boss","【遗物卡牌】REMEMod"],"gold_per_floor":[115,127,134,134,151,151,201,201,228,270,310,349,383,383,383,514,514,558,95,95,219,226,601,601,601,656,715,761,798,814,938,938,1035,1035,1054,1054,1064,1088,1136,1181,1181,211,236,248,248,255,266,299,299,299,310,328,298,0,0,32,32,78,78,231],"floor_reached":61,"language":"ZHS","playtime":2593,"items_purged":["TheCursedMod:CursedWand","TheCursedMod:Strike_TheCursed"],"score":1785,"play_id":"bda1de35-936e-481b-ba1c-9d1f1c87f3bb","local_time":"20210207154041","is_ascension_mode":true,"campfire_choices":[{"floor":6,"key":"RECALL"},{"data":"TheCursedMod:CircleOfAbyss","floor":8,"key":"SMITH"},{"data":"EpicFetus","floor":15,"key":"SMITH"},{"data":"AT_FamilyPortrait","floor":32,"key":"SMITH"},{"floor":41,"key":"DIG"},{"floor":45,"key":"DIG"},{"data":"TheCursedMod:Stigma","floor":49,"key":"SMITH"},{"floor":55,"key":"DIG"},{"data":"TheCursedMod:Dregs","floor":57,"key":"PURGE"}],"circlet_count":0,"master_deck":["TheCursedMod:Strike_TheCursed","TheCursedMod:Strike_TheCursed","TheCursedMod:Defend_TheCursed","TheCursedMod:Defend_TheCursed","TheCursedMod:Defend_TheCursed","TheCursedMod:Defend_TheCursed","TheCursedMod:CleanUpWorkshop","EpicFetus+1","AT_FamilyPortrait+1","TheCursedMod:CircleOfBlood","TheCursedMod:Hemoplague+1","TheCursedMod:Strike_TheCursed","TheCursedMod:SurpriseAttack","TheCursedMod:CircleOfAbyss+1","TheCursedMod:CircleOfFocus","TheCursedMod:Hemoplague","TheCursedMod:EmpowerCircles","TheCursedMod:CircleOfCorruption","TheCursedMod:CircleOfAmplification","TheCursedMod:CircleOfWindfury","TheCursedMod:SaltUponWound","TheCursedMod:CircleOfFlame","TheCursedMod:OutForBlood+1","CurseOfTheBell","TheCursedMod:SpitefulPlan+1","TheCursedMod:CircleOfFlame","TheCursedMod:SurpriseAttack","TheCursedMod:CircleOfFlame+1","TheCursedMod:Hemoplague+1","TheCursedMod:CircleOfCorruption+1","TheCursedMod:SurpriseAttack","Discovery","TheCursedMod:Stigma+1","TheCursedMod:Stigma+1","TheCursedMod:TacticalStrike+1","TheCursedMod:StingEye"],"relics":["TheCursedMod:BlackMagic101","HushsDoor","ice","REME_ComplimentaryCards","AT_ATBox","NeowsBlessing","SalivaCoin","Gremlin Food","Potion Belt","Torii","TuHaoJin","BelialBook","Black Star","Toolbox","PillsDrop","Frozen Egg 2","D6","reliquary:RosewoodLute","Simple Rune","Pen Nib","PlanX","AT_PhaseBoots","TheCursedMod:CrystalBall","GnawedLeaf","reliquary:PorcupineQuills","Calling Bell","Happy Flower","Pear","Replay:Multitool","Incubus","Thread and Needle","Juzu Bracelet","AT_GuinsooRageblade","PreservedInsect","TheCursedMod:Tack","AT_RabadonDeathcap","reliquary:BrokenClock","Lee\u0027s Waffle","Anchor","BookOfRevelations","REME_HandOfSuture","AT_ArchangelStaff","Tea:ReiMu","paleoftheancients:Timepiece","paleoftheancients:KeyRelic","Ice Cream","Letter Opener","Dead Branch","TentaclePot:ReiMu","ReplayTheSpireMod:TigerMarble","paleoftheancients:SoulOfTheDefect","AT_MibuBalloonWealth"],"acts_visited":["Exordium","Exordium","TheBeyond","TheBeyond"],"potions_floor_usage":[10,10,10,28,60,60,60,60],"damage_taken":[{"damage":0,"enemies":"Cultist","floor":1,"turns":1},{"damage":0,"enemies":"Jaw Worm","floor":2,"turns":1},{"damage":0,"enemies":"2 Louse","floor":5,"turns":1},{"damage":45,"enemies":"Gremlin Nob","floor":7,"turns":6},{"damage":9,"enemies":"3 Sentries","floor":10,"turns":4},{"damage":4,"enemies":"Lots of Slimes","floor":11,"turns":4},{"damage":14,"enemies":"Gremlin Nob","floor":12,"turns":4},{"damage":5,"enemies":"3 Louse","floor":13,"turns":2},{"damage":8,"enemies":"The Guardian","floor":16,"turns":9},{"damage":14,"enemies":"Gensokyo:CosmicMonolith","floor":18,"turns":4},{"damage":68,"enemies":"Gensokyo:2_Gloops","floor":21,"turns":6},{"damage":33,"enemies":"Gensokyo:Reisen","floor":23,"turns":7},{"damage":42,"enemies":"Gensokyo:Koishi","floor":27,"turns":4},{"damage":25,"enemies":"Gensokyo:Wraith","floor":28,"turns":5},{"damage":11,"enemies":"Gensokyo:Tenshi","floor":29,"turns":3},{"damage":0,"enemies":"Gensokyo:Chomper_and_Gloop","floor":30,"turns":3},{"damage":14,"enemies":"Gensokyo:Reisen","floor":31,"turns":3},{"damage":0,"enemies":"Gensokyo:Kaguya","floor":33,"turns":5},{"damage":1,"enemies":"Orb Walker","floor":35,"turns":3},{"damage":0,"enemies":"3 Shapes","floor":37,"turns":1},{"damage":6,"enemies":"Sphere and 2 Shapes","floor":38,"turns":3},{"damage":0,"enemies":"2 Orb Walkers","floor":39,"turns":3},{"damage":2,"enemies":"R_Hoarder","floor":40,"turns":3},{"damage":0,"enemies":"Jaw Worm Horde","floor":44,"turns":2},{"damage":0,"enemies":"Spire Growth","floor":47,"turns":1},{"damage":0,"enemies":"Giant Head","floor":48,"turns":2},{"damage":0,"enemies":"Replay:Hell Engine","floor":50,"turns":3},{"damage":0,"enemies":"Replay:Hell Engine","floor":51,"turns":4},{"damage":4,"enemies":"Replay:Hell Engine","floor":52,"turns":3},{"damage":36,"enemies":"Replay:Hell Engine","floor":56,"turns":3},{"damage":4,"enemies":"paleoftheancients:N","floor":60,"turns":3}],"seed_played":"-8203326042090529473","potions_obtained":[{"floor":2,"key":"DistilledChaos"},{"floor":5,"key":"Explosive Potion"},{"floor":10,"key":"Fruit Juice"},{"floor":11,"key":"SkillPotion"},{"floor":13,"key":"Weak Potion"},{"floor":18,"key":"AttackPotion"},{"floor":21,"key":"ZuzhouPotion:ReiMu"},{"floor":27,"key":"MagicPotion:ReiMu"},{"floor":30,"key":"ZuzhouPotion:ReiMu"},{"floor":38,"key":"PowerPotion"},{"floor":52,"key":"Adrenaline Potion"}],"is_trial":false,"path_per_floor":["M","M","?","?","M","R","E","R","T","E","M","E","M","?","R","B",null,"M","COS","?","M","?","E","?","?","T","E","M","E","M","E","R","B",null,"M","?","M","M","?","E","R","$","T","M","R","?","M","E","R","B","M","M","?","$","R","M","R","T","?","B",null],"character_chosen":"THE_CURSED","items_purchased":["TheCursedMod:SpitefulPlan+1","Incubus","TheCursedMod:Tack","TheCursedMod:SurpriseAttack","AT_RabadonDeathcap","reliquary:BrokenClock","Lee\u0027s Waffle","Anchor","Dead Branch","TentaclePot:ReiMu"],"campfire_rested":0,"item_purchase_floors":[34,34,42,42,42,42,42,42,54,54],"current_hp_per_floor":[75,75,68,68,68,68,27,27,27,27,31,25,22,22,22,72,92,78,78,78,16,11,66,66,66,66,28,3,110,110,113,113,114,96,91,91,91,94,94,99,99,106,106,106,106,96,106,106,106,110,128,138,138,138,138,148,157,157,157,213],"gold":231,"neow_bonus":"THREE_ENEMY_KILL","is_daily":false,"chose_seed":false,"campfire_upgraded":4,"win_rate":0.0,"timestamp":1612683641,"path_taken":["M","M","?","?","M","R","E","R","T","E","M","E","?","?","R","BOSS","M","COS","?","M","?","E","?","?","T","E","M","E","M","E","R","BOSS","M","?","?","M","?","E","R","$","T","M","R","?","M","E","R","BOSS","M","M","?","$","R","M","R","T","?","BOSS"],"items_purchased_type":["Card","Relic","Relic","Card","Relic","Relic","Relic","Relic","Relic","Relic"],"build_version":"2020-12-22","purchased_purges":2,"victory":true,"max_hp_per_floor":[75,75,75,75,75,75,75,75,75,80,80,80,80,80,80,92,92,95,95,88,92,92,98,98,98,98,96,108,110,110,114,114,114,96,91,91,91,94,94,99,99,106,106,106,106,106,106,106,106,110,128,138,138,138,138,157,157,157,157,213],"card_choices":[{"not_picked":[],"picked":"EpicFetus","floor":0},{"not_picked":["TheCursedMod:CircleOfAmplification","TheCursedMod:FleshFromBone"],"picked":"TheCursedMod:CircleOfBlood","floor":1},{"not_picked":["TheCursedMod:CursedBlade","TheCursedMod:CursedMace"],"picked":"TheCursedMod:Hemoplague","floor":2},{"not_picked":["TheCursedMod:BloodBarrier","TheCursedMod:PrepareRite"],"picked":"TheCursedMod:SurpriseAttack","floor":5},{"not_picked":["TheCursedMod:Wield","TheCursedMod:CircleOfAmplification"],"picked":"TheCursedMod:CircleOfAbyss","floor":7},{"not_picked":["TheCursedMod:VitalStrike","TheCursedMod:CursedSpellbook"],"picked":"TheCursedMod:CircleOfFocus","floor":10},{"not_picked":["TheCursedMod:FleshFromBone","TheCursedMod:Stretching"],"picked":"TheCursedMod:Hemoplague","floor":11},{"not_picked":["TheCursedMod:CursedMace","TheCursedMod:DemonicPact","TheCursedMod:BloodBarrier"],"picked":"SKIP","floor":12},{"not_picked":["TheCursedMod:CursedShiv","TheCursedMod:SmokeScreen"],"picked":"TheCursedMod:EmpowerCircles","floor":13},{"not_picked":["TheCursedMod:VitalStrike+1","TheCursedMod:CursedMace+1"],"picked":"TheCursedMod:CircleOfCorruption","floor":18},{"not_picked":["TheCursedMod:CursedShiv+1","TheCursedMod:Wield+1","TheCursedMod:CursedBlade+1"],"picked":"SKIP","floor":21},{"not_picked":["TheCursedMod:ReleasedStrength","TheCursedMod:SpitefulPray","TheCursedMod:SpitefulPlan"],"picked":"SKIP","floor":21},{"not_picked":["TheCursedMod:CursedArmor","TheCursedMod:EmpowerCircles+1"],"picked":"TheCursedMod:CircleOfAmplification","floor":23},{"not_picked":["TheCursedMod:ParallelWorld","TheCursedMod:DemonSword","TheCursedMod:DarkBarrier"],"picked":"SKIP","floor":23},{"not_picked":["TheCursedMod:VitalStrike","TheCursedMod:FuryStrike","TheCursedMod:Obscuration+1"],"picked":"SKIP","floor":27},{"not_picked":["TheCursedMod:VitalStrike","TheCursedMod:RavingStaff+1"],"picked":"TheCursedMod:SaltUponWound","floor":28},{"not_picked":["TheCursedMod:Obscuration","TheCursedMod:SpitefulStrike","TheCursedMod:CursedSpellbook+1"],"picked":"SKIP","floor":29},{"not_picked":["TheCursedMod:FuryStrike+1","TheCursedMod:TacticalStrike","TheCursedMod:Obscuration+1"],"picked":"SKIP","floor":30},{"not_picked":["TheCursedMod:SurpriseAttack+1","TheCursedMod:SmokeScreen+1"],"picked":"TheCursedMod:CircleOfFlame","floor":31},{"not_picked":["TheCursedMod:ManaCirculation+1","TheCursedMod:ParallelWorld"],"picked":"TheCursedMod:OutForBlood+1","floor":33},{"not_picked":["TheCursedMod:DarkBarrier","TheCursedMod:CursedBoomerang"],"picked":"TheCursedMod:CircleOfFlame","floor":35},{"not_picked":["TheCursedMod:Obscuration+1","TheCursedMod:RapidMovement+1"],"picked":"TheCursedMod:SurpriseAttack","floor":37},{"not_picked":["TheCursedMod:Stigma+1","TheCursedMod:CursedShiv"],"picked":"TheCursedMod:CircleOfFlame+1","floor":38},{"not_picked":["TheCursedMod:Obscuration","TheCursedMod:VitalStrike+1"],"picked":"TheCursedMod:Hemoplague+1","floor":39},{"not_picked":["TheCursedMod:TacticalStrike+1","TheCursedMod:Stretching"],"picked":"TheCursedMod:CircleOfCorruption+1","floor":40},{"not_picked":["TheCursedMod:FleshFromBone+1","TheCursedMod:SpitefulStrike","TheCursedMod:Obscuration"],"picked":"SKIP","floor":44},{"not_picked":["Violence","REME_BodyOfCthun"],"picked":"Discovery","floor":46},{"not_picked":["TheCursedMod:RapidMovement","TheCursedMod:SoulReap+1"],"picked":"TheCursedMod:Stigma+1","floor":47},{"not_picked":["TheCursedMod:SpitefulPlan+1","TheCursedMod:BlessingInDisguise"],"picked":"TheCursedMod:Stigma","floor":48},{"not_picked":["TheCursedMod:Stretching+1","TheCursedMod:SoulReap+1"],"picked":"TheCursedMod:TacticalStrike+1","floor":51},{"not_picked":["TheCursedMod:SpitefulPlan+1","TheCursedMod:AbyssShockwave+1","TheCursedMod:FuryStrike+1"],"picked":"SKIP","floor":52},{"not_picked":[],"picked":"TheCursedMod:StingEye","floor":53},{"not_picked":["TheCursedMod:CircleOfCorruption","TheCursedMod:RavingStaff","TheCursedMod:CursedArmor+1"],"picked":"SKIP","floor":56}],"player_experience":222945,"relics_obtained":[{"floor":7,"key":"Gremlin Food"},{"floor":9,"key":"Potion Belt"},{"floor":10,"key":"Torii"},{"floor":12,"key":"TuHaoJin"},{"floor":23,"key":"Frozen Egg 2"},{"floor":23,"key":"D6"},{"floor":27,"key":"Simple Rune"},{"floor":27,"key":"Pen Nib"},{"floor":29,"key":"AT_SpeedBoots"},{"floor":29,"key":"TheCursedMod:CrystalBall"},{"floor":31,"key":"GnawedLeaf"},{"floor":31,"key":"reliquary:PorcupineQuills"},{"floor":34,"key":"Happy Flower"},{"floor":34,"key":"Pear"},{"floor":34,"key":"Replay:Multitool"},{"floor":39,"key":"Thread and Needle"},{"floor":40,"key":"Juzu Bracelet"},{"floor":40,"key":"AT_GuinsooRageblade"},{"floor":41,"key":"PreservedInsect"},{"floor":43,"key":"BookOfRevelations"},{"floor":45,"key":"REME_HandOfSuture"},{"floor":48,"key":"AT_ArchangelStaff"},{"floor":48,"key":"Tea:ReiMu"},{"floor":55,"key":"ReplayTheSpireMod:TigerMarble"},{"floor":56,"key":"paleoftheancients:SoulOfTheDefect"},{"floor":58,"key":"AT_MibuBalloonWealth"}],"event_choices":[{"damage_healed":0,"gold_gain":0,"player_choice":"Box","damage_taken":0,"relics_obtained":["BelialBook"],"max_hp_gain":0,"max_hp_loss":0,"event_name":"Big Fish","floor":14,"gold_loss":0,"cards_obtained":["Regret"]},{"damage_healed":0,"gold_gain":0,"player_choice":"Ignored","damage_taken":0,"max_hp_gain":0,"max_hp_loss":0,"event_name":"Tomb of Lord Red Mask","floor":36,"gold_loss":0},{"damage_healed":0,"gold_gain":0,"player_choice":"Fight","damage_taken":0,"max_hp_gain":0,"max_hp_loss":0,"event_name":"Mysterious Sphere","floor":39,"gold_loss":0},{"damage_healed":0,"gold_gain":0,"player_choice":"Memory 3","damage_taken":10,"max_hp_gain":0,"max_hp_loss":0,"event_name":"SensoryStone","floor":46,"gold_loss":0}],"is_beta":false,"boss_relics":[{"not_picked":["reliquary:WritOfMandamus","REME_DemonsWealth"],"picked":"Black Star"},{"not_picked":[]},{"not_picked":["Runic Dome","Cursed Key"],"picked":"Calling Bell"},{"not_picked":[]}],"items_purged_floors":[34,42],"is_endless":false,"potions_floor_spawned":[2,5,10,11,13,18,21,27,30,31,35,38,44,48,52],"ascension_level":1}}