{"host":"xiain65d2hovry7l","time":1612709530,"event":{"mods":["2.2 Compatiblity","Act Like it!","BaseMod","Better Match","Better Note","BetterRewards","Challenge The Spire","Colored Map","Colored Powertips","Downfall","Faster Ascension Climbing","Friendly Minions","Highlight Path","Mimic Mod","Minty Spire (QoL Compilation)","Relic Sorter","Remilia??????","StSLib","The Administrix","The Construct","The Necromancer","The Servant 0.9.4","Unknown Chances"],"gold_per_floor":[99,111,130,148,161,61,93,153,66,79,109,109,209,221,238,338,338,238,253,253,273,288,288,288,288,307,141,155,187,187,218,234,338,338,338,354,364,364,364,212,237,263,273,173,190,200,200,5,15,15,15,15],"floor_reached":50,"language":"ENG","playtime":6154,"items_purged":["bronze:Defend","bronze:Defend","bronze:NullPointer"],"score":1015,"play_id":"430fc8d2-a50e-472e-84b4-612137391f54","local_time":"20210207155210","is_ascension_mode":true,"campfire_choices":[{"floor":1,"key":"RECALL"},{"data":"bronze:Invalidate","floor":6,"key":"SMITH"},{"data":"bronze:Shell","floor":18,"key":"SMITH"},{"floor":23,"key":"REST"},{"data":"bronze:MaxOutput","floor":30,"key":"SMITH"},{"data":"bronze:Verify","floor":35,"key":"SMITH"},{"floor":44,"key":"REST"}],"circlet_count":0,"master_deck":["AscendersBane","bronze:Defend","bronze:Defend","bronze:Goto","bronze:Return","bronze:Shield","bronze:Deprecate+1","bronze:Invalidate+1","bronze:CutThrough","bronze:Turbo","bronze:DelayedGuard","bronze:CutThrough","bronze:SpaghettiCode+1","bronze:BronzeOrb","bronze:Safeguard","bronze:Shell+1","bronze:Verify+1","bronze:FineTuning","bronze:ThunderWave","bronze:BuggyMess","bronze:FollowUp+1","bronze:MaxOutput+1","bronze:DelayedGuard","bronze:Shield+1","bronze:SpaghettiCode","bronze:MaxOutput","bronze:Optimize+1","bronze:ForceShield","bronze:BronzeOrb+1"],"relics":["bronze:BronzeCore","downfall:HeartBlessingRed","Centennial Puzzle","Anchor","SlaversCollar","downfall:HeartBlessingGreen","HornCleat","Vajra","Blue Candle","Busted Crown","Art of War","Thread and Needle","downfall:HeartBlessingBlue"],"acts_visited":["Exordium","TheCity","TheBeyond"],"potions_floor_usage":[11,11,16,16,22,22,31,31,33,33,33,33,40,40,46,50],"damage_taken":[{"damage":3,"enemies":"Jaw Worm","floor":2,"turns":4},{"damage":0,"enemies":"Small Slimes","floor":3,"turns":3},{"damage":0,"enemies":"2 Louse","floor":4,"turns":3},{"damage":33,"enemies":"Large Slime","floor":5,"turns":12},{"damage":1,"enemies":"2 Fungi Beasts","floor":7,"turns":6},{"damage":13,"enemies":"3 Sentries","floor":8,"turns":7},{"damage":5,"enemies":"downfall:FleeingMerchant","floor":9,"turns":4},{"damage":0,"enemies":"2 Fungi Beasts","floor":10,"turns":2},{"damage":0,"enemies":"Lagavulin","floor":11,"turns":6},{"damage":20,"enemies":"downfall:Heads","floor":13,"turns":6},{"damage":1,"enemies":"Gremlin Gang","floor":14,"turns":4},{"damage":0,"enemies":"Large Slime","floor":15,"turns":6},{"damage":0,"enemies":"WA_ARCHETYPE_RETAIN","floor":16,"turns":4},{"damage":0,"enemies":"3 Byrds","floor":19,"turns":5},{"damage":12,"enemies":"Snake Plant","floor":21,"turns":7},{"damage":20,"enemies":"Snecko","floor":22,"turns":6},{"damage":0,"enemies":"3 Cultists","floor":26,"turns":4},{"damage":0,"enemies":"downfall:FleeingMerchant","floor":27,"turns":4},{"damage":6,"enemies":"Chosen and Byrds","floor":28,"turns":8},{"damage":14,"enemies":"Gremlin Leader","floor":29,"turns":7},{"damage":18,"enemies":"Slavers","floor":31,"turns":8},{"damage":0,"enemies":"Cultist and Chosen","floor":32,"turns":5},{"damage":0,"enemies":"DF_ARCHETYPE_CLAW","floor":33,"turns":8},{"damage":0,"enemies":"3 Shapes","floor":36,"turns":7},{"damage":0,"enemies":"Orb Walker","floor":37,"turns":3},{"damage":4,"enemies":"downfall:FleeingMerchant","floor":40,"turns":4},{"damage":53,"enemies":"Giant Head","floor":42,"turns":9},{"damage":0,"enemies":"Jaw Worm Horde","floor":43,"turns":6},{"damage":0,"enemies":"3 Darklings","floor":45,"turns":6},{"damage":2,"enemies":"Transient","floor":46,"turns":5},{"damage":0,"enemies":"Maw","floor":49,"turns":8},{"damage":49,"enemies":"IC_BLOCK_ARCHETYPE","floor":50,"turns":11}],"seed_played":"5860081685253823106","potions_obtained":[{"floor":2,"key":"bronze:CleanCodePotion"},{"floor":4,"key":"FearPotion"},{"floor":10,"key":"SneckoOil"},{"floor":13,"key":"Dexterity Potion"},{"floor":14,"key":"bronze:BurnAndBuffPotion"},{"floor":15,"key":"EntropicBrew"},{"floor":16,"key":"sneckomod:MuddlingPotion"},{"floor":19,"key":"Swift Potion"},{"floor":26,"key":"Swift Potion"},{"floor":28,"key":"Fire Potion"},{"floor":31,"key":"AttackPotion"},{"floor":32,"key":"DuplicationPotion"},{"floor":42,"key":"Swift Potion"},{"floor":43,"key":"Fire Potion"},{"floor":46,"key":"SteroidPotion"}],"is_trial":false,"path_per_floor":["R","M","M","M","M","R","MIM","?","$","M","E","?","?","M","M","B",null,"R","M","?","M","M","R","T","?","M","$","M","E","R","E","M","B",null,"R","M","M","?","?","$","T","E","M","R","M","M","?","$","M","B"],"character_chosen":"THE_AUTOMATON","items_purchased":["bronze:WhirlingStrike","bronze:CutThrough","bronze:MaxOutput","bronze:SpaghettiCode","bronze:MaxOutput","Art of War","bronze:ForceShield"],"campfire_rested":2,"item_purchase_floors":[9,9,27,40,40,40,48],"current_hp_per_floor":[70,67,67,67,34,34,33,20,30,30,30,30,10,9,9,9,60,60,60,60,48,28,51,51,43,43,43,37,23,23,5,5,5,59,59,59,59,59,59,55,55,2,2,38,38,36,36,36,36,0,0,0],"gold":15,"neow_bonus":"TEN_PERCENT_HP_BONUS","is_daily":false,"chose_seed":false,"campfire_upgraded":4,"win_rate":0.0,"timestamp":1612709530,"path_taken":["R","M","M","M","M","R","MIM","?","$","M","E","?","?","M","M","BOSS","R","M","?","M","M","R","T","?","M","$","M","E","R","E","M","BOSS","R","M","M","?","?","$","T","E","M","R","?","M","?","?","M","BOSS"],"items_purchased_type":["Card","Card","Card","Card","Card","Relic","Card"],"build_version":"2020-12-22","purchased_purges":3,"victory":false,"max_hp_per_floor":[77,77,77,77,77,77,77,77,77,77,77,77,77,77,77,77,77,77,77,77,77,77,77,77,77,77,77,77,77,77,77,77,77,77,77,77,77,77,77,77,77,77,77,87,87,87,87,87,87,87,87,87],"card_choices":[{"not_picked":["bronze:Repulsor","bronze:BuggyMess"],"picked":"bronze:Return","floor":2},{"not_picked":["bronze:Deprecate","bronze:Turbo"],"picked":"bronze:Shield","floor":3},{"not_picked":["bronze:ClassDefault","bronze:Safeguard"],"picked":"bronze:Deprecate","floor":4},{"not_picked":["bronze:Optimize","bronze:Allocate"],"picked":"bronze:Invalidate","floor":5},{"not_picked":["bronze:ClassDefault","bronze:BugBarrage"],"picked":"bronze:CutThrough","floor":7},{"not_picked":["bronze:BugBarrage","bronze:NullPointer"],"picked":"bronze:Turbo","floor":8},{"not_picked":["bronze:Allocate","bronze:BuggyMess"],"picked":"bronze:DelayedGuard","floor":9},{"not_picked":["bronze:DarkDash","bronze:Backtrace","bronze:Deprecate"],"picked":"SKIP","floor":10},{"not_picked":["bronze:Overload","bronze:Frontload"],"picked":"bronze:SpaghettiCode","floor":11},{"not_picked":["bronze:Overheat","bronze:CutThrough"],"picked":"bronze:BronzeOrb","floor":13},{"not_picked":["bronze:BitShift","bronze:Mutator"],"picked":"bronze:Shell","floor":14},{"not_picked":["bronze:BugBarrage","bronze:WhirlingStrike","bronze:ChosenStrike"],"picked":"SKIP","floor":15},{"not_picked":["bronze:Virus","bronze:Break"],"picked":"bronze:Verify","floor":16},{"not_picked":["bronze:Safeguard+1","bronze:Shell+1"],"picked":"bronze:FineTuning","floor":19},{"not_picked":["bronze:Deprecate","bronze:Overheat+1","bronze:BitShift+1"],"picked":"SKIP","floor":21},{"not_picked":["bronze:CloningBeam+1","bronze:Frontload"],"picked":"bronze:BuggyMess","floor":22},{"not_picked":["bronze:Boost+1","bronze:Overheat+1"],"picked":"bronze:FollowUp+1","floor":26},{"not_picked":["bronze:ChildClass+1","bronze:BitShift","bronze:Invalidate"],"picked":"SKIP","floor":27},{"not_picked":["bronze:ChosenStrike","bronze:BronzeArmor+1","bronze:FineTuning"],"picked":"SKIP","floor":28},{"not_picked":["bronze:Verify","bronze:GetLatest","bronze:DelayedGuard"],"picked":"SKIP","floor":29},{"not_picked":["bronze:Break","bronze:Boost"],"picked":"bronze:DelayedGuard","floor":31},{"not_picked":["bronze:Overheat","bronze:OilSpill","bronze:Return"],"picked":"SKIP","floor":32},{"not_picked":["bronze:DelayedSlice"],"picked":"SKIP","floor":36},{"not_picked":["bronze:Backtrace"],"picked":"SKIP","floor":37},{"not_picked":[],"picked":"bronze:Shield+1","floor":40},{"not_picked":["bronze:BugBarrage"],"picked":"SKIP","floor":42},{"not_picked":["bronze:CutThrough"],"picked":"SKIP","floor":43},{"not_picked":["bronze:Invalidate+1"],"picked":"SKIP","floor":45},{"not_picked":[],"picked":"bronze:Optimize+1","floor":46},{"not_picked":[],"picked":"bronze:BronzeOrb+1","floor":49}],"player_experience":738374,"relics_obtained":[{"floor":7,"key":"Centennial Puzzle"},{"floor":11,"key":"Anchor"},{"floor":24,"key":"HornCleat"},{"floor":29,"key":"Vajra"},{"floor":31,"key":"Blue Candle"},{"floor":42,"key":"Thread and Needle"}],"event_choices":[{"cards_removed":["bronze:WhirlingStrike"],"damage_healed":0,"gold_gain":0,"player_choice":"Removed Attack","damage_taken":0,"max_hp_gain":0,"max_hp_loss":0,"event_name":"Falling","floor":38,"gold_loss":0}],"is_beta":false,"boss_relics":[{"not_picked":["Tiny House","Coffee Dripper"],"picked":"SlaversCollar"},{"not_picked":["Philosopher\u0027s Stone","Astrolabe"],"picked":"Busted Crown"}],"items_purged_floors":[27,40,48],"is_endless":false,"potions_floor_spawned":[2,4,10,13,14,15,16,19,26,28,31,32,42,43,46],"killed_by":"IC_BLOCK_ARCHETYPE","ascension_level":10}}