{"host":"65jin1tlag1hqw3w","time":1612662552,"event":{"mods":["AchievementEnabler","BaseMod","Colored Map","Minty Spire (QoL Compilation)","StSLib"],"gold_per_floor":[10,27,27,27,102,130,149,149,149,149,184,184,214,230,230,230,230],"floor_reached":16,"language":"ENG","playtime":498,"items_purged":[],"score":171,"play_id":"7be6466d-39e1-4796-892f-dd12182328cd","local_time":"20210206194912","is_ascension_mode":true,"campfire_choices":[{"floor":8,"key":"REST"},{"data":"Rampage","floor":12,"key":"SMITH"},{"floor":15,"key":"REST"}],"circlet_count":0,"master_deck":["Strike_R","Strike_R","Strike_R","Defend_R","Defend_R","Defend_R","Bash","Spot Weakness","Hemokinesis","Carnage","Rampage+1","Brutality","Flame Barrier"],"relics":["Burning Blood","InkBottle","Boot","Question Card","Tiny Chest","MealTicket"],"acts_visited":["Exordium"],"potions_floor_usage":[6,14,16],"damage_taken":[{"damage":13,"enemies":"2 Louse","floor":1,"turns":3},{"damage":8,"enemies":"Small Slimes","floor":2,"turns":3},{"damage":38,"enemies":"Lagavulin","floor":6,"turns":7},{"damage":4,"enemies":"Jaw Worm","floor":7,"turns":3},{"damage":22,"enemies":"Gremlin Nob","floor":11,"turns":3},{"damage":37,"enemies":"Lagavulin","floor":13,"turns":4},{"damage":9,"enemies":"Looter","floor":14,"turns":3},{"damage":40,"enemies":"The Guardian","floor":16,"turns":9}],"seed_played":"815957241163492210","potions_obtained":[{"floor":1,"key":"Block Potion"},{"floor":11,"key":"BlessingOfTheForge"},{"floor":14,"key":"LiquidBronze"}],"is_trial":false,"path_per_floor":["M","M","?","?","?","E","M","R","T","?","E","R","E","M","R","B"],"character_chosen":"IRONCLAD","items_purchased":[],"campfire_rested":2,"item_purchase_floors":[],"current_hp_per_floor":[65,63,63,56,45,13,15,39,39,65,49,49,18,15,39,0,0],"gold":230,"neow_bonus":"REMOVE_TWO","is_daily":false,"chose_seed":false,"campfire_upgraded":1,"win_rate":0.0,"timestamp":1612662552,"path_taken":["M","M","?","?","?","E","M","R","T","?","E","R","E","M","R","BOSS"],"items_purchased_type":[],"build_version":"2020-12-22","purchased_purges":0,"victory":false,"max_hp_per_floor":[80,80,80,80,80,80,80,80,80,80,80,80,80,80,80,80,80],"card_choices":[{"not_picked":["Cleave","Anger"],"picked":"Spot Weakness","floor":1},{"not_picked":["Sever Soul","Warcry","Clash"],"picked":"SKIP","floor":2},{"not_picked":["Seeing Red","Clothesline"],"picked":"Hemokinesis","floor":6},{"not_picked":["Perfected Strike","True Grit"],"picked":"Carnage","floor":7},{"not_picked":["Metallicize","Pommel Strike","Cleave"],"picked":"Rampage","floor":11},{"not_picked":["Wild Strike","True Grit","Intimidate"],"picked":"Brutality","floor":13},{"not_picked":["Body Slam","Iron Wave","Havoc"],"picked":"Flame Barrier","floor":14}],"player_experience":334734,"relics_obtained":[{"floor":6,"key":"Boot"},{"floor":9,"key":"Question Card"},{"floor":11,"key":"Tiny Chest"},{"floor":13,"key":"MealTicket"}],"event_choices":[{"cards_removed":["Strike_R"],"damage_healed":0,"gold_gain":0,"player_choice":"Forget","damage_taken":0,"max_hp_gain":0,"max_hp_loss":0,"event_name":"Living Wall","floor":3,"gold_loss":0},{"damage_healed":0,"gold_gain":0,"player_choice":"Success","damage_taken":7,"relics_obtained":["InkBottle"],"max_hp_gain":0,"max_hp_loss":0,"event_name":"Scrap Ooze","floor":4,"gold_loss":0},{"damage_healed":0,"gold_gain":75,"player_choice":"Gather Gold","damage_taken":11,"max_hp_gain":0,"max_hp_loss":0,"event_name":"World of Goop","floor":5,"gold_loss":0},{"damage_healed":26,"gold_gain":0,"player_choice":"Banana","damage_taken":0,"max_hp_gain":0,"max_hp_loss":0,"event_name":"Big Fish","floor":10,"gold_loss":0}],"is_beta":false,"boss_relics":[],"items_purged_floors":[],"is_endless":false,"potions_floor_spawned":[1,11,14],"killed_by":"The Guardian","ascension_level":9}}