{"host":"iz5gar30eciy4yf4","time":1612657066,"event":{"mods":["Act Like it!","BaseMod","Chen","Dio Mod","Gensokyo","Hallownest","Hermit","Hubris","Koishi","Marisa????????","Minty Spire (QoL Compilation)","Prisma Mod","Reimu??????","Relic Stats","Remilia??????","StSLib","The Animator"],"gold_per_floor":[114,131,151,169,185,185,47,60,111,145,156,156,156,188,188,286,286,297,310,75,75,0,34,21,48,48,74,85,85,100,119,119,221,271,287,287,287,305,319,349,349,360,360,373,373,373,72,92,92,92],"floor_reached":51,"language":"ENG","playtime":4788,"items_purged":[],"score":851,"play_id":"d3ac9b7b-858b-4ee5-84c3-0c2aefcdc7ce","local_time":"20210206191746","is_ascension_mode":false,"campfire_choices":[{"data":"MysteriousBeam","floor":6,"key":"SMITH"},{"data":"FinalSpark","floor":15,"key":"SMITH"},{"data":"MilkyWay","floor":29,"key":"SMITH"},{"floor":32,"key":"REST"},{"floor":41,"key":"REST"},{"data":"RefractionSpark","floor":46,"key":"SMITH"},{"data":"MysteriousBeam","floor":49,"key":"SMITH"}],"circlet_count":0,"master_deck":["Strike_MRS+1","Strike_MRS","Strike_MRS","Strike_MRS","Defend_MRS","Defend_MRS","Defend_MRS","Defend_MRS","MasterSpark","UpSweep","MysteriousBeam+1","GravityBeat+1","NonDirectionalLaser+1","GravityBeat+1","GrandCross","FinalSpark+1","AsteroidBelt","MysteriousBeam","Clumsy","GasGiant","UltimateShortwave","OpenUniverse+1","MysteriousBeam+1","RefractionSpark+1","MilkyWay+1","PowerUp","DoubleSpark+1","GrandCross","GravityBeat+1","SporeBomb+1","MagicAbsorber+1","MilkyWay+1","DoubleSpark","GravityBeat","DoubleSpark+1"],"relics":["MiniHakkero","NeowsBlessing","Whetstone","Juzu Bracelet","Gensokyo:NagashiBinaDoll","Strawberry","PureWhite:ReiMu","hubris:VirtuousBlindfold","Pen Nib","Gensokyo:ConquerorOfFear","Bag of Marbles","Nunchaku","Gremlin Horn","HornCleat","Tiny House","White Beast Statue","hubris:DisguiseKit","Shuriken","Kunai"],"acts_visited":["Exordium","Gensokyo:Gensokyo","Gensokyo:Gensokyoer"],"potions_floor_usage":[5,8,16,16,23,25,33,33,38,38,40,42,44,48,50],"damage_taken":[{"damage":0,"enemies":"Gensokyo:2_Kodama","floor":1,"turns":1},{"damage":0,"enemies":"Gensokyo:Gryphon","floor":2,"turns":1},{"damage":0,"enemies":"Gensokyo:3_Fairies","floor":3,"turns":1},{"damage":7,"enemies":"Gensokyo:Kitsune","floor":4,"turns":2},{"damage":0,"enemies":"Gensokyo:5_Fairies","floor":5,"turns":2},{"damage":2,"enemies":"Gensokyo:2_Rabbits","floor":8,"turns":2},{"damage":0,"enemies":"Gensokyo:Mamizou","floor":10,"turns":6},{"damage":2,"enemies":"Gensokyo:3_Kodama","floor":11,"turns":4},{"damage":9,"enemies":"Gensokyo:Aya","floor":14,"turns":3},{"damage":11,"enemies":"Gensokyo:Kokoro","floor":16,"turns":7},{"damage":0,"enemies":"Gensokyo:2_Gloops","floor":18,"turns":3},{"damage":8,"enemies":"Gensokyo:3_Dogs","floor":19,"turns":4},{"damage":23,"enemies":"Gensokyo:Tenshi","floor":23,"turns":4},{"damage":0,"enemies":"Gensokyo:Koishi","floor":25,"turns":2},{"damage":0,"enemies":"Gensokyo:Reisen","floor":27,"turns":2},{"damage":20,"enemies":"Gensokyo:Swordslinger","floor":28,"turns":3},{"damage":0,"enemies":"Gensokyo:Chomper_and_Gloop","floor":30,"turns":2},{"damage":0,"enemies":"Gensokyo:Wraith","floor":31,"turns":2},{"damage":4,"enemies":"Gensokyo:Kaguya","floor":33,"turns":4},{"damage":0,"enemies":"Gensokyo:3_Boulders","floor":35,"turns":2},{"damage":0,"enemies":"Gensokyo:AncientGuardian","floor":38,"turns":2},{"damage":0,"enemies":"Gensokyo:Dusk_and_Dawn","floor":39,"turns":2},{"damage":33,"enemies":"Gensokyo:Marisa","floor":40,"turns":3},{"damage":0,"enemies":"Gensokyo:3_Boulders","floor":42,"turns":1},{"damage":0,"enemies":"Gensokyo:Sharpion","floor":44,"turns":3},{"damage":0,"enemies":"Gensokyo:Dusk_and_Dawn","floor":48,"turns":2},{"damage":18,"enemies":"Gensokyo:Scarlet_Devils","floor":50,"turns":4}],"seed_played":"-4960383019595785429","potions_obtained":[{"floor":1,"key":"Explosive Potion"},{"floor":2,"key":"SteroidPotion"},{"floor":8,"key":"FearPotion"},{"floor":14,"key":"Fire Potion"},{"floor":16,"key":"Strength Potion"},{"floor":18,"key":"ZuzhouPotion:ReiMu"},{"floor":27,"key":"DuplicationPotion"},{"floor":31,"key":"LiquidBronze"},{"floor":34,"key":"DistilledChaos"},{"floor":36,"key":"ZuzhouPotion:ReiMu"},{"floor":36,"key":"BottledSpark"},{"floor":38,"key":"DistilledChaos"},{"floor":39,"key":"BlessingOfTheForge"},{"floor":40,"key":"ColorlessPotion"},{"floor":42,"key":"SteroidPotion"},{"floor":44,"key":"Regen Potion"},{"floor":48,"key":"BlessingOfTheForge"}],"is_trial":false,"path_per_floor":["M","M","M","M","M","R","$","M","T","E","M","?","?","E","R","B",null,"M","M","$","?","?","E","?","E","T","E","M","R","M","M","R","B",null,"M","?","?","M","M","E","R","M","T","M","?","R","$","M","R","B",null],"character_chosen":"MARISA","items_purchased":["FinalSpark","MysteriousBeam","RefractionSpark","Pen Nib","Kunai","GravityBeat"],"campfire_rested":2,"item_purchase_floors":[7,20,20,20,47,47],"current_hp_per_floor":[75,75,75,68,68,68,68,66,66,66,64,64,61,52,52,41,82,82,74,74,74,74,51,59,59,59,59,39,39,39,39,63,59,87,87,87,70,70,70,37,63,63,63,63,63,63,63,68,68,50],"gold":92,"neow_bonus":"THREE_ENEMY_KILL","is_daily":false,"chose_seed":false,"campfire_upgraded":5,"win_rate":0.0,"timestamp":1612657066,"path_taken":["M","?","M","M","M","R","?","M","T","E","M","?","?","E","R","BOSS","M","M","$","?","?","E","?","E","T","E","M","R","M","M","R","BOSS","M","?","?","M","M","E","R","M","T","M","?","R","$","M","R","BOSS"],"items_purchased_type":["Card","Card","Card","Relic","Relic","Card"],"build_version":"2020-12-22","purchased_purges":0,"victory":true,"max_hp_per_floor":[75,75,75,75,75,75,75,75,75,75,75,75,82,82,82,82,82,82,82,82,82,82,82,82,82,82,82,82,82,82,82,82,82,87,87,87,87,87,87,87,87,87,87,87,87,87,87,87,87,87],"relic_stats":{"Nunchaku":[12],"Gremlin Horn":[14,14],"counters":[27,74],"Shuriken":[8],"Pen Nib":[14],"Juzu Bracelet":0,"Whetstone":["GravityBeat","GravityBeat"],"Kunai":[7],"obtain_stats":[{"hubris:DisguiseKit":40,"Tiny House":34,"NeowsBlessing":0,"Gremlin Horn":26,"hubris:VirtuousBlindfold":17,"Gensokyo:UndefinedDarkness":21,"Gensokyo:NagashiBinaDoll":12,"Pen Nib":20,"Juzu Bracelet":10,"Whetstone":9,"Gensokyo:ConquerorOfFear":23,"White Beast Statue":37,"Frozen Eye":25,"PureWhite:ReiMu":14,"Nunchaku":25,"HornCleat":27,"Shuriken":43,"Strawberry":13,"Bag of Marbles":23,"MiniHakkero":0,"Kunai":47},{"hubris:DisguiseKit":23,"Tiny House":19,"NeowsBlessing":0,"Gremlin Horn":14,"hubris:VirtuousBlindfold":10,"Gensokyo:UndefinedDarkness":12,"Gensokyo:NagashiBinaDoll":8,"Pen Nib":12,"Juzu Bracelet":7,"Whetstone":6,"Gensokyo:ConquerorOfFear":13,"White Beast Statue":20,"Frozen Eye":13,"PureWhite:ReiMu":9,"Nunchaku":14,"HornCleat":15,"Shuriken":24,"Strawberry":8,"Bag of Marbles":13,"MiniHakkero":0,"Kunai":25},{"hubris:DisguiseKit":64,"Tiny House":55,"NeowsBlessing":0,"Gremlin Horn":42,"hubris:VirtuousBlindfold":29,"Gensokyo:UndefinedDarkness":36,"Gensokyo:NagashiBinaDoll":19,"Pen Nib":36,"Juzu Bracelet":15,"Whetstone":9,"Gensokyo:ConquerorOfFear":40,"White Beast Statue":57,"Frozen Eye":40,"PureWhite:ReiMu":22,"Nunchaku":42,"HornCleat":44,"Shuriken":65,"Strawberry":19,"Bag of Marbles":40,"MiniHakkero":0,"Kunai":68}]},"card_choices":[{"not_picked":["DeepEcoloBomb","LuminesStrike"],"picked":"MysteriousBeam","floor":1},{"not_picked":["Robbery","DC"],"picked":"GravityBeat","floor":2},{"not_picked":["UnstableBomb","DarkMatter"],"picked":"NonDirectionalLaser","floor":3},{"not_picked":["ManaConvection","ShootTheMoon"],"picked":"GravityBeat","floor":4},{"not_picked":["WitchOfGreed","DarkSpark"],"picked":"GrandCross","floor":5},{"not_picked":["ShootTheMoon","GravityBeat"],"picked":"AsteroidBelt","floor":8},{"not_picked":["MagicAbsorber","6A"],"picked":"MysteriousBeam","floor":10},{"not_picked":["MaximisePower","LuminesStrike","Acceleration"],"picked":"SKIP","floor":11},{"not_picked":["PulseMagic","GrandCross"],"picked":"GasGiant","floor":14},{"not_picked":["JA","MaximisePower"],"picked":"UltimateShortwave","floor":16},{"not_picked":["WitchLeyline","NonDirectionalLaser"],"picked":"OpenUniverse+1","floor":18},{"not_picked":["WitchLeyline","NonDirectionalLaser"],"picked":"AsteroidBelt","floor":19},{"not_picked":["ShootingEcho","OpenUniverse","Acceleration+1"],"picked":"SKIP","floor":23},{"not_picked":["MillisecondPulsars","GravityBeat","WitchLeyline"],"picked":"SKIP","floor":25},{"not_picked":["AsteroidBelt","6A"],"picked":"MilkyWay","floor":27},{"not_picked":["GrandCross+1","DoubleSpark"],"picked":"PowerUp","floor":28},{"not_picked":["StarBarrage+1","IllusionStar"],"picked":"DoubleSpark+1","floor":30},{"not_picked":["DoubleSpark","UnstableBomb","DarkSpark"],"picked":"SKIP","floor":31},{"not_picked":["NonDirectionalLaser+1","IllusionStar+1"],"picked":"GrandCross","floor":35},{"not_picked":["NonDirectionalLaser+1","UnstableBomb"],"picked":"GravityBeat","floor":38},{"not_picked":["GrandCross+1","GravityBeat"],"picked":"SporeBomb+1","floor":39},{"not_picked":["DarkSpark","OrrerysSun"],"picked":"MagicAbsorber+1","floor":40},{"not_picked":["ShootingEcho+1","MeteoricShower+1","PrismaMod:ChloeCheapAttackTwo"],"picked":"MilkyWay+1","floor":42},{"not_picked":["SuperPerseids","AbsoluteMagnitude","PrismaMod:ChloeCheapAttack"],"picked":"DoubleSpark","floor":44},{"not_picked":["Acceleration","MagicAbsorber","PrismaMod:ChloeExhaustOne"],"picked":"DoubleSpark+1","floor":48}],"player_experience":659493,"relics_obtained":[{"floor":9,"key":"Whetstone"},{"floor":10,"key":"Juzu Bracelet"},{"floor":14,"key":"PureWhite:ReiMu"},{"floor":23,"key":"Gensokyo:ConquerorOfFear"},{"floor":23,"key":"Bag of Marbles"},{"floor":25,"key":"Nunchaku"},{"floor":26,"key":"Gremlin Horn"},{"floor":27,"key":"HornCleat"},{"floor":40,"key":"hubris:DisguiseKit"},{"floor":43,"key":"Shuriken"}],"event_choices":[],"is_beta":false,"boss_relics":[{"not_picked":["hubris:HollowSoul","hubris:TerracottaHorce"],"picked":"hubris:VirtuousBlindfold"},{"not_picked":["hubris:CrackedHourglass","SlaversCollar"],"picked":"Tiny House"}],"items_purged_floors":[],"is_endless":false,"potions_floor_spawned":[1,2,8,14,16,18,27,31,38,39,40,42,44,48],"ascension_level":0}}