{"host":"xltl1aroowo69o4n","time":1612739070,"event":{"mods":["BaseMod","Colored Map","Colored Powertips","Downfall","Marisa????????","Minty Spire (QoL Compilation)","Replay The Spire","StSLib","The Cursed","The Hierophant","The Mystic","The Necromancer","The Servant 0.9.4"],"gold_per_floor":[114,79,91,91,111,111,124,173,173,192,210,224,237,11,11,11,11],"floor_reached":16,"language":"ENG","playtime":1251,"items_purged":["Looming Evil"],"score":96,"play_id":"6dd7488f-27d8-41dc-be06-20edb07c18d3","local_time":"20210207180430","is_ascension_mode":false,"campfire_choices":[{"floor":6,"key":"RECALL"},{"floor":15,"key":"REST"}],"circlet_count":0,"master_deck":["Strike_S","Strike_S","Strike_S","Strike_S","Defend_S","Defend_S","Defend_S","Defend_S","KidneyShot","Exchange","Pain","Revamp","SurpressingFire","Ricochet","BestPractice","ReplayTheSpireMod:Splinters","FastForward","ShiftingGears","FastForward","Misdirection","Hightail","InstantArmor","SilverBlades"],"relics":["Uniform","Bird Faced Urn","Ring of Panic","ReplayTheSpireMod:Ring of Collecting","Toy Ornithopter","ReplayTheSpireMod:Ring of Exchange"],"acts_visited":["Exordium"],"potions_floor_usage":[10,11,11,11,16,16],"damage_taken":[{"damage":30,"enemies":"Cultist","floor":1,"turns":7},{"damage":8,"enemies":"Small Slimes","floor":3,"turns":3},{"damage":7,"enemies":"2 Louse","floor":5,"turns":3},{"damage":22,"enemies":"Large Slime","floor":7,"turns":8},{"damage":14,"enemies":"Blue Slaver","floor":10,"turns":7},{"damage":0,"enemies":"3 Louse","floor":11,"turns":4},{"damage":5,"enemies":"Large Slime","floor":12,"turns":6},{"damage":21,"enemies":"Lots of Slimes","floor":13,"turns":6},{"damage":68,"enemies":"Fading Forest","floor":16,"turns":7}],"seed_played":"2299475869707687525","potions_obtained":[{"floor":3,"key":"sneckomod:MuddlingPotion"},{"floor":8,"key":"Adrenaline Potion"},{"floor":8,"key":"BlessingOfTheForge"},{"floor":10,"key":"PowerPotion"},{"floor":12,"key":"champ:CounterPotion"},{"floor":13,"key":"SkillPotion"}],"is_trial":false,"path_per_floor":["M","?","M","?","M","R","M","?","T","M","M","M","M","$","R","B"],"character_chosen":"THE_SERVANT","items_purchased":["InstantArmor","SilverBlades"],"campfire_rested":1,"item_purchase_floors":[14,14],"current_hp_per_floor":[35,51,43,43,36,36,16,16,16,11,30,29,10,10,29,0,0],"gold":11,"neow_bonus":"ONE_RARE_RELIC","is_daily":false,"chose_seed":false,"campfire_upgraded":0,"win_rate":0.0,"timestamp":1612739070,"path_taken":["M","?","M","?","M","R","M","?","T","M","?","M","M","$","R","BOSS"],"items_purchased_type":["Card","Card"],"build_version":"2020-12-13","purchased_purges":1,"victory":false,"max_hp_per_floor":[65,65,65,65,65,65,65,65,65,65,65,65,65,65,65,65,65],"card_choices":[{"not_picked":["Collapse","BottledTime"],"picked":"Revamp","floor":1},{"not_picked":["Foresight","Snipe"],"picked":"SurpressingFire","floor":3},{"not_picked":["SoulSculpture","Potential"],"picked":"Ricochet","floor":5},{"not_picked":["Defy","TimeWarp"],"picked":"BestPractice","floor":7},{"not_picked":["RealityMarble","Unruled"],"picked":"FastForward","floor":8},{"not_picked":["Sabotage","Foresight"],"picked":"ShiftingGears","floor":10},{"not_picked":["Potential","FloweringNight"],"picked":"FastForward","floor":11},{"not_picked":["TimeWarp","DoubleEdge"],"picked":"Misdirection","floor":12},{"not_picked":["Alleviate","Defy"],"picked":"Hightail","floor":13}],"player_experience":143259,"relics_obtained":[{"floor":4,"key":"Ring of Panic"},{"floor":4,"key":"ReplayTheSpireMod:Ring of Collecting"},{"floor":8,"key":"Toy Ornithopter"},{"floor":9,"key":"ReplayTheSpireMod:Ring of Exchange"}],"event_choices":[{"damage_healed":16,"gold_gain":0,"player_choice":"Healed","damage_taken":0,"max_hp_gain":0,"max_hp_loss":0,"event_name":"The Cleric","floor":2,"gold_loss":35}],"is_beta":false,"boss_relics":[],"items_purged_floors":[14],"is_endless":false,"potions_floor_spawned":[3,10,12,13],"killed_by":"Fading Forest","ascension_level":0}}