{"host":"oehe2dxjvdgux73m","time":1612703468,"event":{"mods":["AchievementEnabler","BaseMod","Colored Map","Colored Powertips","DeckTracker","Keyboard Shortcuts","Minty Spire (QoL Compilation)","Permanent Neow","Quick Restart","StSLib","SuperFastMode"],"gold_per_floor":[119,129,129,54,54,87,106,126,426,426,439,439,273,287,287,366,366,384,403,417,159,209,244,257,289,289,48,67,77,77,97,97,171,171,191,204,124,104,120,120,148,148,198,212,228,263,263,30,30,30],"floor_reached":51,"language":"KOR","playtime":1943,"items_purged":["Strike_R","Strike_R","Strike_R","Parasite"],"score":1472,"play_id":"61c94454-a5b4-4d1f-bafb-b3ef0b6dd1fd","local_time":"20210207221108","is_ascension_mode":true,"campfire_choices":[{"data":"Armaments","floor":10.0,"key":"SMITH"},{"data":"Uppercut","floor":12.0,"key":"SMITH"},{"data":"Fire Breathing","floor":15.0,"key":"SMITH"},{"data":"Dark Embrace","floor":32.0,"key":"SMITH"},{"data":"Entrench","floor":40.0,"key":"SMITH"},{"data":"Offering","floor":42.0,"key":"SMITH"},{"floor":47,"key":"REST"},{"data":"True Grit","floor":49,"key":"SMITH"}],"circlet_count":0,"master_deck":["AscendersBane","Strike_R","Defend_R","Defend_R","Defend_R","Defend_R","Bash","Body Slam+1","Uppercut+1","Armaments+1","Second Wind","Carnage","Fire Breathing+1","Shrug It Off","Offering","Feel No Pain","Immolate","Shrug It Off","Reckless Charge","Dark Embrace+1","Bloodletting+1","Battle Trance+1","Shame","Offering+1","Shrug It Off+1","Burning Pact","Entrench+1","Power Through","True Grit+1","Wild Strike"],"relics":["Burning Blood","NeowsBlessing","Bird Faced Urn","Old Coin","Runic Pyramid","Orrery","Ginger","MealTicket","Question Card","Gremlin Horn","Mark of Pain","Bronze Scales","Oddly Smooth Stone","Happy Flower"],"acts_visited":["Exordium","TheCity","TheBeyond"],"potions_floor_usage":[45,50],"damage_taken":[{"damage":0.0,"enemies":"2 Louse","floor":1.0,"turns":1.0},{"damage":0.0,"enemies":"Small Slimes","floor":2.0,"turns":2.0},{"damage":0.0,"enemies":"Lagavulin","floor":6.0,"turns":1.0},{"damage":10.0,"enemies":"Cultist","floor":7.0,"turns":4.0},{"damage":11.0,"enemies":"Exordium Wildlife","floor":8.0,"turns":4.0},{"damage":7.0,"enemies":"Blue Slaver","floor":11.0,"turns":3.0},{"damage":9.0,"enemies":"Red Slaver","floor":14.0,"turns":3.0},{"damage":15.0,"enemies":"Slime Boss","floor":16.0,"turns":9.0},{"damage":6.0,"enemies":"Spheric Guardian","floor":18.0,"turns":4.0},{"damage":0.0,"enemies":"Chosen","floor":19.0,"turns":4.0},{"damage":15.0,"enemies":"Snake Plant","floor":20.0,"turns":4.0},{"damage":24.0,"enemies":"Slavers","floor":23.0,"turns":4.0},{"damage":13.0,"enemies":"Centurion and Healer","floor":24.0,"turns":6.0},{"damage":33.0,"enemies":"Book of Stabbing","floor":25.0,"turns":5.0},{"damage":9.0,"enemies":"Cultist and Chosen","floor":28.0,"turns":4.0},{"damage":19.0,"enemies":"Snake Plant","floor":29.0,"turns":5.0},{"damage":8.0,"enemies":"Sentry and Sphere","floor":31.0,"turns":4.0},{"damage":24.0,"enemies":"Champ","floor":33.0,"turns":11.0},{"damage":6.0,"enemies":"Orb Walker","floor":35.0,"turns":2.0},{"damage":22.0,"enemies":"3 Shapes","floor":36.0,"turns":5.0},{"damage":12.0,"enemies":"Writhing Mass","floor":39.0,"turns":4.0},{"damage":48.0,"enemies":"Reptomancer","floor":41.0,"turns":5.0},{"damage":12.0,"enemies":"3 Darklings","floor":44.0,"turns":2.0},{"damage":18,"enemies":"Transient","floor":45,"turns":5},{"damage":15,"enemies":"Giant Head","floor":46,"turns":6},{"damage":25,"enemies":"Awakened One","floor":50,"turns":11}],"seed_played":"-1745262032982979322","potions_obtained":[{"floor":2.0,"key":"Weak Potion"},{"floor":8.0,"key":"Regen Potion"},{"floor":14.0,"key":"Explosive Potion"},{"floor":19.0,"key":"ColorlessPotion"},{"floor":23.0,"key":"SneckoOil"},{"floor":24.0,"key":"Swift Potion"},{"floor":28.0,"key":"Block Potion"},{"floor":33.0,"key":"FairyPotion"},{"floor":35.0,"key":"EssenceOfSteel"},{"floor":44.0,"key":"SkillPotion"},{"floor":46,"key":"LiquidBronze"}],"is_trial":false,"path_per_floor":["M","M","?","?","?","E","M","M","T","R","M","R","$","M","R","B",null,"M","M","M","$","?","E","M","E","T","$","M","M","?","M","R","B",null,"M","M","$","?","M","R","E","R","T","M","M","E","R","$","R","B",null],"character_chosen":"IRONCLAD","items_purchased":["Fire Breathing","Shrug It Off","Orrery","Reckless Charge","Dark Embrace","Burning Pact","True Grit","Wild Strike"],"campfire_rested":1,"item_purchase_floors":[13,13,21,27,27,37,48,48],"current_hp_per_floor":[74,75,75,75,75,75,71,66,66,66,65,65,65,64,64,57,71,71,75,66,66,66,64,59,36,36,51,54,47,47,51,51,39,66,68,56,71,71,69,69,33,33,33,33,27,24,46,61,61,48],"gold":30,"neow_bonus":"THREE_ENEMY_KILL","is_daily":false,"chose_seed":false,"campfire_upgraded":7,"win_rate":0.0,"timestamp":1612703468,"path_taken":["M","M","?","?","?","E","?","M","T","R","M","R","$","M","R","BOSS","M","M","M","$","?","E","M","E","T","$","M","M","?","M","R","BOSS","M","M","$","?","?","R","E","R","T","M","M","E","R","$","R","BOSS"],"items_purchased_type":["Card","Card","Relic","Card","Card","Card","Card","Card"],"build_version":"2020-12-22","purchased_purges":4,"victory":true,"max_hp_per_floor":[75,75,75,75,75,75,75,75,75,75,75,75,75,75,75,75,75,75,75,75,75,75,75,75,75,75,75,75,75,75,75,75,75,75,75,75,75,75,75,75,75,75,75,75,75,75,75,72,72,72],"card_choices":[{"not_picked":["Flex","Havoc"],"picked":"Body Slam","floor":1.0},{"not_picked":["Sever Soul","Thunderclap"],"picked":"Uppercut","floor":2.0},{"not_picked":["True Grit","Burning Pact"],"picked":"Armaments","floor":6.0},{"not_picked":["Hemokinesis","Iron Wave"],"picked":"Second Wind","floor":7.0},{"not_picked":["True Grit","Spot Weakness"],"picked":"Carnage","floor":8.0},{"not_picked":["Armaments","Reckless Charge","Iron Wave"],"picked":"SKIP","floor":11.0},{"not_picked":["Armaments","Reckless Charge","Iron Wave"],"picked":"SKIP","floor":11.0},{"not_picked":["Clash","Rampage","Flame Barrier"],"picked":"SKIP","floor":14.0},{"not_picked":["Heavy Blade","Thunderclap","Armaments+1"],"picked":"SKIP","floor":18.0},{"not_picked":["True Grit","Anger","Perfected Strike"],"picked":"SKIP","floor":19.0},{"not_picked":["Sword Boomerang","Warcry","Second Wind+1"],"picked":"SKIP","floor":20.0},{"not_picked":["Thunderclap","Pommel Strike"],"picked":"Offering","floor":21.0},{"not_picked":["Body Slam","Wild Strike"],"picked":"Feel No Pain","floor":21.0},{"not_picked":["Inflame","Ghostly Armor"],"picked":"Immolate","floor":21.0},{"not_picked":["Spot Weakness","Warcry","Headbutt"],"picked":"SKIP","floor":23.0},{"not_picked":["Iron Wave","Body Slam"],"picked":"Shrug It Off","floor":24.0},{"not_picked":["Perfected Strike","Rupture","Wild Strike"],"picked":"SKIP","floor":25.0},{"not_picked":["Uppercut","Pommel Strike+1","Clash"],"picked":"Bloodletting+1","floor":28.0},{"not_picked":["Twin Strike","Heavy Blade","Clothesline"],"picked":"Battle Trance+1","floor":29.0},{"not_picked":["Thunderclap","Clash","Body Slam","Havoc+1"],"picked":"SKIP","floor":31.0},{"not_picked":["Reaper","Demon Form","Double Tap"],"picked":"Offering","floor":33.0},{"not_picked":["Anger","Pommel Strike","Clash","Body Slam"],"picked":"SKIP","floor":35.0},{"not_picked":["Feed","Armaments+1","Shockwave"],"picked":"Shrug It Off+1","floor":36.0},{"not_picked":["Carnage","Clash+1","Cleave"],"picked":"Entrench","floor":39.0},{"not_picked":["Dropkick","Havoc","Twin Strike","Shrug It Off+1"],"picked":"SKIP","floor":41.0},{"not_picked":["Twin Strike","Hemokinesis","Perfected Strike","Pommel Strike+1"],"picked":"SKIP","floor":44.0},{"not_picked":["Ghostly Armor","Dropkick","Fiend Fire"],"picked":"Power Through","floor":45},{"not_picked":["Warcry","Perfected Strike","Berserk","Reckless Charge"],"picked":"SKIP","floor":46}],"player_experience":408704,"relics_obtained":[{"floor":6.0,"key":"Bird Faced Urn"},{"floor":9.0,"key":"Old Coin"},{"floor":23.0,"key":"Ginger"},{"floor":25.0,"key":"MealTicket"},{"floor":26.0,"key":"Question Card"},{"floor":41.0,"key":"Bronze Scales"},{"floor":43.0,"key":"Oddly Smooth Stone"},{"floor":46,"key":"Happy Flower"}],"event_choices":[{"damage_healed":0.0,"max_hp_gain":0.0,"max_hp_loss":0.0,"gold_gain":0.0,"event_name":"Shining Light","player_choice":"Ignored","floor":3.0,"gold_loss":0.0,"damage_taken":0.0},{"cards_removed":["Strike_R"],"damage_healed":0.0,"max_hp_gain":0.0,"max_hp_loss":0.0,"gold_gain":0.0,"event_name":"The Cleric","player_choice":"Card Removal","floor":4.0,"gold_loss":75.0,"damage_taken":0.0},{"damage_healed":0.0,"max_hp_gain":0.0,"max_hp_loss":0.0,"gold_gain":0.0,"event_name":"Upgrade Shrine","player_choice":"Upgraded","floor":5.0,"gold_loss":0.0,"damage_taken":0.0,"cards_upgraded":["Body Slam"]},{"damage_healed":0.0,"max_hp_gain":0.0,"max_hp_loss":0.0,"gold_gain":50.0,"event_name":"Nest","player_choice":"Stole From Cult","floor":22.0,"gold_loss":0.0,"damage_taken":0.0},{"damage_healed":0.0,"max_hp_gain":0.0,"max_hp_loss":0.0,"gold_gain":0.0,"event_name":"Addict","player_choice":"Stole Relic","floor":30.0,"gold_loss":0.0,"damage_taken":0.0,"relics_obtained":["Gremlin Horn"],"cards_obtained":["Shame"]},{"damage_healed":0.0,"max_hp_gain":0.0,"max_hp_loss":0.0,"gold_gain":0.0,"event_name":"The Woman in Blue","player_choice":"Bought 1 Potion","floor":38.0,"gold_loss":0.0,"damage_taken":0.0}],"is_beta":false,"boss_relics":[{"not_picked":["Cursed Key","Pandora\u0027s Box"],"picked":"Runic Pyramid"},{"not_picked":["Velvet Choker","Philosopher\u0027s Stone"],"picked":"Mark of Pain"}],"items_purged_floors":[13,21,27,48],"is_endless":false,"potions_floor_spawned":[2,8,14,19,23,24,28,33,35,36,44,46],"ascension_level":16}}