{"host":"ihfq3u2xhoe3wi9r","time":1612695458,"event":{"mods":["BaseMod","BetterRewards","Colored Powertips","Hubris","Marisa????????","Minty Spire (QoL Compilation)","READ ME - Guardian Mod","StSLib","The Animator","The Mystic","The Necromancer"],"gold_per_floor":[114,114,131,56,56,83,83,98,123,93,119,141,141,161,161,270,270,240,10,42,42,42,42,75,75,75,75,94,94,94,118,118,233,233,263,290,309,55,0,0,0,0],"floor_reached":41,"language":"ENG","playtime":6471,"items_purged":["animator:Strike","animator:Strike"],"score":623,"play_id":"833c85f5-4599-400b-ae86-a1ed7f4d6641","local_time":"20210207055738","is_ascension_mode":true,"campfire_choices":[{"floor":7,"key":"REST"},{"floor":15,"key":"REST"},{"floor":23,"key":"REST"},{"data":"animator:ChaikaTrabant","floor":29,"key":"SMITH"},{"data":"animator:ChlammyZell","floor":32,"key":"SMITH"},{"floor":40,"key":"REST"}],"circlet_count":0,"master_deck":["animator:Strike_AccelWorld","animator:Defend_AccelWorld","animator:Strike","animator:Defend","animator:Defend","animator:Defend","animator:Kuroyukihime","animator:LimeBell","animator:PandorasActor","animator:Ainz","animator:GuildGirl","animator:GuildGirl","animator:ChaikaTrabant+1","animator:Biyorigo","animator:Sebas","animator:Kuroyukihime","animator:DolaStephanie+1","animator:Gillette","animator:DolaStephanie+1","animator:ChlammyZell+1","animator:Envy","animator:IzunaHatsuse+1","animator:Verdia","animator:Priestess+1"],"relics":["animator:LivingPicture","animator:TheMissingPiece","animator:PurgingStone","Bag of Preparation","FaceOfCleric","Regal Pillow","hubris:Towel","hubris:ScarierMask","Lee\u0027s Waffle","hubris:Icosahedron","Happy Flower","Meat on the Bone","Pantograph","animator:HolyGrailRelic","Bronze Scales","Red Mask"],"acts_visited":["Exordium","TheCity","TheBeyond"],"potions_floor_usage":[6,14,16,33,35,41,41,41,41,41,41],"damage_taken":[{"damage":0,"enemies":"Small Slimes","floor":1,"turns":4},{"damage":3,"enemies":"Cultist","floor":3,"turns":5},{"damage":39,"enemies":"Gremlin Nob","floor":6,"turns":6},{"damage":2,"enemies":"Jaw Worm","floor":8,"turns":7},{"damage":2,"enemies":"Looter","floor":10,"turns":4},{"damage":9,"enemies":"Large Slime","floor":11,"turns":10},{"damage":7,"enemies":"Blue Slaver","floor":12,"turns":6},{"damage":8,"enemies":"Looter","floor":14,"turns":5},{"damage":53,"enemies":"Hexaghost","floor":16,"turns":15},{"damage":13,"enemies":"2 Thieves","floor":18,"turns":4},{"damage":40,"enemies":"Shell Parasite","floor":20,"turns":12},{"damage":23,"enemies":"Slavers","floor":24,"turns":4},{"damage":8,"enemies":"Cultist and Chosen","floor":28,"turns":6},{"damage":0,"enemies":"Snecko","floor":31,"turns":6},{"damage":80,"enemies":"Champ","floor":33,"turns":15},{"damage":59,"enemies":"Orb Walker","floor":35,"turns":8},{"damage":0,"enemies":"3 Shapes","floor":36,"turns":7},{"damage":36,"enemies":"Writhing Mass","floor":37,"turns":10},{"damage":103,"enemies":"Giant Head","floor":41,"turns":12}],"seed_played":"-7179469324680645381","potions_obtained":[{"floor":1,"key":"FearPotion"},{"floor":8,"key":"PowerPotion"},{"floor":12,"key":"Explosive Potion"},{"floor":16,"key":"SpeedPotion"},{"floor":20,"key":"SkillPotion"},{"floor":28,"key":"Explosive Potion"},{"floor":31,"key":"GamblersBrew"},{"floor":35,"key":"GamblersBrew"},{"floor":36,"key":"EntropicBrew"}],"is_trial":false,"path_per_floor":["M","?","M","$","?","E","R","M","T","M","M","M","?","M","R","B",null,"M","$","M","?","?","R","E","T","T","$","M","R","$","M","R","B",null,"M","M","M","$","?","R","E"],"character_chosen":"THE_ANIMATOR","items_purchased":["animator:Kuroyukihime","Lee\u0027s Waffle","Bronze Scales"],"campfire_rested":4,"item_purchase_floors":[19,19,38],"current_hp_per_floor":[59,59,57,57,62,24,60,59,59,58,50,44,44,37,75,23,65,53,87,48,48,48,88,66,66,66,66,59,59,59,61,61,19,83,39,54,43,43,43,89,0,0],"gold":0,"neow_bonus":"RANDOM_COMMON_RELIC","is_daily":false,"chose_seed":false,"campfire_upgraded":2,"win_rate":0.0,"timestamp":1612695458,"path_taken":["M","?","M","$","?","E","R","M","T","?","M","M","?","M","R","BOSS","M","$","M","?","?","R","E","?","T","?","M","R","$","M","R","BOSS","M","M","M","$","?","R","E"],"items_purchased_type":["Card","Relic","Relic"],"build_version":"2020-12-22","purchased_purges":2,"victory":false,"max_hp_per_floor":[66,66,67,67,72,73,73,74,74,75,76,77,77,78,78,79,79,80,87,88,88,88,88,89,89,89,89,90,90,90,92,92,93,101,104,107,105,105,105,105,102,102],"card_choices":[{"not_picked":["animator:Aisha","animator:Sonic"],"picked":"animator:PandorasActor","floor":1},{"not_picked":["animator:Bozes","animator:Genos","animator:PandorasActor"],"picked":"SKIP","floor":3},{"not_picked":["animator:Darkness","animator:TukaLunaMarceau"],"picked":"animator:Ainz","floor":6},{"not_picked":["animator:CowGirl","animator:LizardPriest"],"picked":"animator:GuildGirl","floor":8},{"not_picked":["animator:Cocytus","animator:Gluttony","animator:ElricEdward"],"picked":"SKIP","floor":10},{"not_picked":["animator:Cocytus","animator:Gluttony","animator:ElricEdward"],"picked":"SKIP","floor":10},{"not_picked":["animator:Souei","animator:Ara","animator:Raven"],"picked":"SKIP","floor":11},{"not_picked":["animator:Cocytus","animator:MetalKnight"],"picked":"animator:GuildGirl","floor":12},{"not_picked":["animator:Ara","animator:Lancer"],"picked":"animator:ChaikaTrabant","floor":14},{"not_picked":["animator:ChaikaTrabant","animator:Boros"],"picked":"animator:Biyorigo","floor":16},{"not_picked":["animator:Elsword+1","animator:DolaSchwi+1"],"picked":"animator:Sebas","floor":18},{"not_picked":["animator:EmiyaShirou","animator:Melzalgald+1"],"picked":"animator:DolaStephanie+1","floor":20},{"not_picked":["animator:TukaLunaMarceau","animator:DolaSchwi+1"],"picked":"animator:Gillette","floor":24},{"not_picked":["animator:NarberalGamma","animator:MaesHughes"],"picked":"animator:DolaStephanie+1","floor":28},{"not_picked":["animator:Benimaru","animator:Millim"],"picked":"animator:ChlammyZell","floor":31},{"not_picked":["animator:Eve","animator:AcuraShin"],"picked":"animator:Envy","floor":33},{"not_picked":["animator:Demiurge","animator:EmiyaShirou+1"],"picked":"animator:IzunaHatsuse+1","floor":35},{"not_picked":["animator:GazelDwargon","animator:Mitsurugi"],"picked":"animator:Verdia","floor":36},{"not_picked":["animator:SakuraMatou","animator:Father"],"picked":"animator:Priestess+1","floor":37}],"player_experience":850869,"relics_obtained":[{"floor":6,"key":"Regal Pillow"},{"floor":24,"key":"Happy Flower"},{"floor":25,"key":"Meat on the Bone"},{"floor":26,"key":"Pantograph"}],"event_choices":[{"damage_healed":0,"gold_gain":0,"player_choice":"Trade","damage_taken":0,"relics_obtained":["FaceOfCleric"],"max_hp_gain":0,"max_hp_loss":0,"event_name":"FaceTrader","floor":2,"gold_loss":0},{"damage_healed":0,"gold_gain":0,"player_choice":"Donut","damage_taken":0,"max_hp_gain":5,"max_hp_loss":0,"event_name":"Big Fish","floor":5,"gold_loss":0},{"damage_healed":0,"gold_gain":0,"player_choice":"Paid","damage_taken":0,"relics_obtained":["Red Mask"],"max_hp_gain":0,"max_hp_loss":0,"event_name":"Tomb of Lord Red Mask","floor":39,"gold_loss":55}],"is_beta":false,"boss_relics":[{"not_picked":["hubris:GrandSneckoEye","Velvet Choker"],"picked":"hubris:ScarierMask"},{"not_picked":["Fusion Hammer","hubris:CrackedHourglass"],"picked":"animator:HolyGrailRelic"}],"items_purged_floors":[4,38],"is_endless":false,"potions_floor_spawned":[1,8,12,16,20,28,31,35,36],"killed_by":"Giant Head","ascension_level":8}}