{"host":"imy0w7zcgpxryx7c","time":1612666750,"event":{"mods":["AchievementEnabler","BaseMod","Colored Map","Colored Powertips","Minty Spire (QoL Compilation)","Relic Sorter","StSLib"],"gold_per_floor":[111,122,138,213,213,213,242,260,331,331,221,233,68,98,98,203,203,222,132,150,150,150,150,181,192,217,228,247,273,299,63,63,162,162,180,180,180,0,0,0,0,0,70,70,70],"floor_reached":44,"language":"ENG","playtime":4470,"items_purged":["Defend_P"],"score":774,"play_id":"d828cd84-ac33-43cd-832c-da1f21852a5c","local_time":"20210206215910","is_ascension_mode":true,"campfire_choices":[{"data":"Eruption","floor":6,"key":"SMITH"},{"data":"Study","floor":10,"key":"SMITH"},{"data":"BattleHymn","floor":15,"key":"SMITH"},{"data":"Ghostly","floor":23,"key":"SMITH"},{"data":"Ghostly","floor":32,"key":"SMITH"},{"data":"Madness","floor":40,"key":"SMITH"}],"circlet_count":0,"master_deck":["Strike_P","Strike_P+1","Strike_P","Defend_P+1","Defend_P+1","Defend_P","Eruption+1","Vigilance+1","Wallop","Protect","CarveReality","EmptyBody","Study+1","Adaptation+1","LikeWater","Swift Strike","BattleHymn+1","LessonLearned","Ghostly+1","Ghostly+1","Ghostly+1","Ghostly","Ghostly","Halt","Halt","FearNoEvil","DeusExMachina","Judgement","Worship+1","Madness+1","Madness+1"],"relics":["HolyWater","Oddly Smooth Stone","Bird Faced Urn","Shuriken","Orichalcum","Boot","Juzu Bracelet","MawBank","Kunai","Black Star","Meat on the Bone","Red Mask","Mummified Hand"],"acts_visited":["Exordium","TheCity","TheBeyond"],"potions_floor_usage":[12,20,24,27,29,41,41],"damage_taken":[{"damage":6,"enemies":"Cultist","floor":1,"turns":6},{"damage":0,"enemies":"Small Slimes","floor":2,"turns":3},{"damage":10,"enemies":"2 Louse","floor":3,"turns":2},{"damage":23,"enemies":"3 Sentries","floor":7,"turns":6},{"damage":0,"enemies":"Large Slime","floor":8,"turns":5},{"damage":5,"enemies":"Red Slaver","floor":12,"turns":4},{"damage":0,"enemies":"Slime Boss","floor":16,"turns":4},{"damage":0,"enemies":"Chosen","floor":18,"turns":4},{"damage":12,"enemies":"Shell Parasite","floor":20,"turns":5},{"damage":0,"enemies":"Slavers","floor":24,"turns":4},{"damage":18,"enemies":"Centurion and Healer","floor":25,"turns":6},{"damage":9,"enemies":"Cultist and Chosen","floor":27,"turns":4},{"damage":0,"enemies":"Sentry and Sphere","floor":28,"turns":4},{"damage":0,"enemies":"Book of Stabbing","floor":29,"turns":7},{"damage":13,"enemies":"Snake Plant","floor":30,"turns":5},{"damage":0,"enemies":"Collector","floor":33,"turns":9},{"damage":5,"enemies":"3 Shapes","floor":35,"turns":4},{"damage":31,"enemies":"Giant Head","floor":41,"turns":8},{"damage":70,"enemies":"Nemesis","floor":44,"turns":4}],"seed_played":"8054182718041860222","potions_obtained":[{"floor":3,"key":"Regen Potion"},{"floor":8,"key":"SkillPotion"},{"floor":18,"key":"LiquidBronze"},{"floor":22,"key":"SmokeBomb"},{"floor":22,"key":"DistilledChaos"},{"floor":22,"key":"FearPotion"},{"floor":25,"key":"SpeedPotion"},{"floor":33,"key":"SkillPotion"},{"floor":35,"key":"Strength Potion"}],"is_trial":false,"path_per_floor":["M","M","M","?","?","R","E","M","T","R","$","M","$","?","R","B",null,"M","?","M","?","?","R","E","M","T","M","M","E","M","$","R","B",null,"M","?","?","?","?","R","E","?","T","E"],"character_chosen":"WATCHER","items_purchased":["Adaptation","Swift Strike","BattleHymn","Kunai"],"campfire_rested":0,"item_purchase_floors":[11,13,13,31],"current_hp_per_floor":[66,66,56,45,69,69,46,46,46,46,46,57,57,57,57,61,72,72,72,61,36,36,36,36,22,22,19,27,35,23,23,23,31,36,33,33,28,28,28,28,15,31,31,0,0],"gold":70,"neow_bonus":"RANDOM_COMMON_RELIC","is_daily":false,"chose_seed":false,"campfire_upgraded":6,"win_rate":0.0,"timestamp":1612666750,"path_taken":["M","M","M","?","?","R","E","M","T","R","$","M","$","?","R","BOSS","M","?","?","?","?","R","E","?","T","M","M","E","M","$","R","BOSS","M","?","?","?","?","R","E","?","T","E"],"items_purchased_type":["Card","Card","Card","Relic"],"build_version":"2020-12-22","purchased_purges":1,"victory":false,"max_hp_per_floor":[72,72,72,72,72,72,72,72,72,72,72,72,72,72,72,72,72,72,72,72,36,36,36,36,36,36,36,36,36,36,36,36,36,36,36,36,36,36,36,36,36,31,31,31,31],"card_choices":[{"not_picked":["FlyingSleeves","Halt"],"picked":"Wallop","floor":1},{"not_picked":["BowlingBash","WreathOfFlame"],"picked":"Protect","floor":2},{"not_picked":["ThirdEye","Nirvana"],"picked":"CarveReality","floor":3},{"not_picked":["EmptyFist","Fasting2"],"picked":"EmptyBody","floor":7},{"not_picked":["Protect","BowlingBash"],"picked":"Study","floor":8},{"not_picked":["Fasting2","Collect"],"picked":"LikeWater","floor":12},{"not_picked":["Ragnarok","Alpha"],"picked":"LessonLearned","floor":16},{"not_picked":["Crescendo","JustLucky","ForeignInfluence"],"picked":"SKIP","floor":18},{"not_picked":["PathToVictory","CutThroughFate","EmptyFist"],"picked":"SKIP","floor":20},{"not_picked":["FlurryOfBlows","Swivel","WaveOfTheHand"],"picked":"SKIP","floor":24},{"not_picked":["EmptyBody","Nirvana+1"],"picked":"Halt","floor":25},{"not_picked":["FlyingSleeves","CutThroughFate"],"picked":"Halt","floor":27},{"not_picked":["Prostrate","Protect+1","Swivel"],"picked":"SKIP","floor":28},{"not_picked":["WindmillStrike","FollowUp"],"picked":"FearNoEvil","floor":29},{"not_picked":["ClearTheMind","PathToVictory"],"picked":"DeusExMachina","floor":30},{"not_picked":["Devotion","SpiritShield"],"picked":"Judgement","floor":33},{"not_picked":["Protect","Crescendo"],"picked":"Worship+1","floor":35}],"player_experience":365879,"relics_obtained":[{"floor":7,"key":"Bird Faced Urn"},{"floor":9,"key":"Shuriken"},{"floor":24,"key":"Boot"},{"floor":26,"key":"Juzu Bracelet"},{"floor":29,"key":"MawBank"},{"floor":43,"key":"Mummified Hand"}],"event_choices":[{"damage_healed":0,"gold_gain":75,"player_choice":"Gather Gold","damage_taken":11,"max_hp_gain":0,"max_hp_loss":0,"event_name":"World of Goop","floor":4,"gold_loss":0},{"damage_healed":24,"gold_gain":0,"player_choice":"Banana","damage_taken":0,"max_hp_gain":0,"max_hp_loss":0,"event_name":"Big Fish","floor":5,"gold_loss":0},{"damage_healed":0,"gold_gain":30,"player_choice":"Searched \u00273\u0027 times","damage_taken":0,"relics_obtained":["Orichalcum"],"max_hp_gain":0,"max_hp_loss":0,"event_name":"Dead Adventurer","floor":14,"gold_loss":0},{"cards_removed":["Strike_P"],"damage_healed":0,"gold_gain":0,"player_choice":"Upgrade and Remove","damage_taken":0,"max_hp_gain":0,"max_hp_loss":0,"event_name":"Designer","floor":19,"gold_loss":90,"cards_upgraded":["Adaptation"]},{"damage_healed":0,"gold_gain":0,"player_choice":"Became a Ghost","damage_taken":0,"max_hp_gain":0,"max_hp_loss":36,"event_name":"Ghosts","floor":21,"gold_loss":0,"cards_obtained":["Ghostly","Ghostly","Ghostly","Ghostly","Ghostly"]},{"damage_healed":0,"gold_gain":0,"player_choice":"Got Potions","damage_taken":0,"max_hp_gain":0,"max_hp_loss":0,"event_name":"Lab","floor":22,"gold_loss":0},{"damage_healed":0,"gold_gain":0,"player_choice":"Gave Potion","damage_taken":0,"relics_obtained":["Meat on the Bone"],"max_hp_gain":0,"max_hp_loss":0,"event_name":"WeMeetAgain","floor":36,"gold_loss":0},{"damage_healed":0,"gold_gain":0,"player_choice":"Embrace Madness","damage_taken":5,"max_hp_gain":0,"max_hp_loss":0,"event_name":"Winding Halls","floor":37,"gold_loss":0,"cards_obtained":["Madness","Madness"]},{"damage_healed":0,"gold_gain":0,"player_choice":"Paid","damage_taken":0,"relics_obtained":["Red Mask"],"max_hp_gain":0,"max_hp_loss":0,"event_name":"Tomb of Lord Red Mask","floor":38,"gold_loss":180},{"damage_healed":0,"gold_gain":0,"player_choice":"Upgraded","damage_taken":0,"max_hp_gain":0,"max_hp_loss":0,"event_name":"Upgrade Shrine","floor":39,"gold_loss":0,"cards_upgraded":["Madness"]},{"damage_healed":31,"gold_gain":0,"player_choice":"Heal","damage_taken":0,"max_hp_gain":0,"max_hp_loss":5,"event_name":"The Moai Head","floor":42,"gold_loss":0}],"is_beta":false,"boss_relics":[{"not_picked":["Runic Pyramid","Tiny House"],"picked":"HolyWater"},{"not_picked":["Pandora\u0027s Box","Calling Bell"],"picked":"Black Star"}],"items_purged_floors":[11],"is_endless":false,"potions_floor_spawned":[3,8,18,25,33,35,41],"killed_by":"Nemesis","ascension_level":4}}