{"host":"yrtk68ixj64vhhh3","time":1612667253,"event":{"mods":["AchievementEnabler","Aspiration","BaseMod","Better Altar","Better Match","Better Silent Start","Colored Map","Colored Powertips","Conspire","Dio Mod","Downfall","Energized Spire","Hubris","Infinite Spire","Minty Spire (QoL Compilation)","Prisma Mod","RNG Fix","StSLib","Steal the Spire","Td1madao Mod","The Animator","The Poker Player","The Wild Card","TheBandit","TheHero"],"gold_per_floor":[113,128,143,154,154,154,179,35,80,111,111,131,131,145,145,250,250,267,49,49,49,49,49,75,75,75,91,91,126,126,145,145,243,243,260,13,13,13,23,56,75,108,154,154,167,182,182,182,182,182,182,182,8,40,40,40,40],"floor_reached":55,"language":"ENG","playtime":5471,"items_purged":[],"score":1175,"play_id":"41c30ea8-bee0-405e-9493-c9fed1afcf63","local_time":"20210207160733","is_ascension_mode":true,"metric_token":1618,"campfire_choices":[{"data":"PokerPlayerMod:Mulligan","floor":6,"key":"SMITH"},{"floor":13,"key":"REST"},{"data":"PokerPlayerMod:Harden","floor":15,"key":"SMITH"},{"floor":23,"key":"RECALL"},{"floor":30,"key":"REST"},{"floor":32,"key":"DIG"},{"floor":44,"key":"DIG"},{"floor":49,"key":"DIG"},{"data":"1","floor":52,"key":"LIFT"}],"circlet_count":0,"master_deck":["PokerPlayerMod:Diamond2","PokerPlayerMod:Diamond2","PokerPlayerMod:Diamond3","PokerPlayerMod:Diamond4","PokerPlayerMod:Diamond5","PokerPlayerMod:Spade1","PokerPlayerMod:Spade2","PokerPlayerMod:Spade3","PokerPlayerMod:Spade4","PokerPlayerMod:Club2","PokerPlayerMod:Club2","PokerPlayerMod:Heart2","PokerPlayerMod:TrumpStrike","PokerPlayerMod:Mulligan+1","PokerPlayerMod:CloakAndDiamond","PokerPlayerMod:JackOfSpades","PokerPlayerMod:SpadeStrike","PokerPlayerMod:Harden+1","PokerPlayerMod:ClubShade","PokerPlayerMod:MagicTrick","PokerPlayerMod:Trickery","PokerPlayerMod:Spade4","PokerPlayerMod:Overdeal","PokerPlayerMod:Raise","PokerPlayerMod:Diamond4","PokerPlayerMod:Diamond5","PokerPlayerMod:CardPrinter","PokerPlayerMod:Diamond2","PokerPlayerMod:Diamond2","PokerPlayerMod:Diamond3","PokerPlayerMod:Diamond4","PokerPlayerMod:Diamond5","PokerPlayerMod:Spade1","PokerPlayerMod:Spade2","PokerPlayerMod:Spade3","PokerPlayerMod:Spade4","PokerPlayerMod:Club2","PokerPlayerMod:Club2","PokerPlayerMod:Heart2","PokerPlayerMod:TrumpStrike","PokerPlayerMod:Mulligan+1","PokerPlayerMod:CloakAndDiamond","PokerPlayerMod:JackOfSpades","PokerPlayerMod:SpadeStrike","PokerPlayerMod:Harden+1","PokerPlayerMod:ClubShade","PokerPlayerMod:MagicTrick","PokerPlayerMod:Trickery","PokerPlayerMod:Spade4","PokerPlayerMod:Overdeal","PokerPlayerMod:Raise","PokerPlayerMod:Diamond4","PokerPlayerMod:WasteCollection","PokerPlayerMod:Diamond5","PokerPlayerMod:CardPrinter","infinitespire:Punishment+1","PokerPlayerMod:Diamond8","PokerPlayerMod:Club5","CurseOfTheBell","CurseOfTheBell","Writhe","PokerPlayerMod:RoyalStrike","PokerPlayerMod:FillThePot","PokerPlayerMod:ClubDance","PokerPlayerMod:Duplicate","PokerPlayerMod:DiamondStrike+1","PokerPlayerMod:StackedDeck","PokerPlayerMod:Spade10+","PokerPlayerMod:TheDieIsCast","PokerPlayerMod:HiddenCard","hubris:DuctTapeCard","PokerPlayerMod:Spade4","PokerPlayerMod:MagicTrick+1","infinitespire:UltimateForm","PokerPlayerMod:DamnStraight","PokerPlayerMod:RiskyBet","PokerPlayerMod:Overdeal","PokerPlayerMod:SecretDealer"],"relics":["PokerPlayerMod:DeckCase","Ornamental Fan","conspire:DecoderRing","conspire:RunicOctahedron","hubris:TenFootPole","hubris:Icosahedron","HornCleat","hubris:Towel","hubris:DeckOfHolding","downfall:ExtraCursedBell","aspiration:ChemicalBlood","Question Card","Shovel","Bottled Tornado","Pear","energizedSpire:SpiderWeb","conspire:Dentures","Pen Nib","infinitespire:Lucky Rock","Orichalcum","hubris:DuctTape","Girya","PokerPlayerMod:BottledPoker","Bronze Scales"],"acts_visited":["Exordium","TheCity","TheBeyond","TheEnding"],"potions_floor_usage":[3,7,16,16,16,29,33,33,33,33,41,41,41,42,50,50,50,50,50,50,50,54,54,55],"damage_taken":[{"damage":0,"enemies":"Cultist","floor":1,"turns":2},{"damage":6,"enemies":"Jaw Worm","floor":2,"turns":3},{"damage":5,"enemies":"infinitespire:Voidling","floor":3,"turns":3},{"damage":0,"enemies":"Blue Slaver","floor":4,"turns":3},{"damage":19,"enemies":"3 Sentries","floor":7,"turns":4},{"damage":0,"enemies":"Lagavulin","floor":10,"turns":6},{"damage":0,"enemies":"Lots of Slimes","floor":12,"turns":2},{"damage":6,"enemies":"conspire:2 RoseBushes","floor":14,"turns":4},{"damage":12,"enemies":"Hexaghost","floor":16,"turns":8},{"damage":9,"enemies":"Shell Parasite","floor":18,"turns":5},{"damage":0,"enemies":"Slavers","floor":24,"turns":2},{"damage":0,"enemies":"Spheric Guardian","floor":27,"turns":3},{"damage":18,"enemies":"Book of Stabbing","floor":29,"turns":4},{"damage":0,"enemies":"3 Cultists","floor":31,"turns":4},{"damage":14,"enemies":"hubris:MusketHawk","floor":33,"turns":6},{"damage":5,"enemies":"Orb Walker","floor":35,"turns":2},{"damage":0,"enemies":"3 Shapes","floor":39,"turns":3},{"damage":1,"enemies":"Reptomancer","floor":40,"turns":3},{"damage":27,"enemies":"Transient","floor":41,"turns":5},{"damage":12,"enemies":"Giant Head","floor":42,"turns":8},{"damage":17,"enemies":"Sphere and 2 Shapes","floor":45,"turns":3},{"damage":5,"enemies":"3 Darklings","floor":46,"turns":4},{"damage":58,"enemies":"Awakened One","floor":50,"turns":11},{"damage":49,"enemies":"Shield and Spear","floor":54,"turns":5},{"damage":52,"enemies":"The Heart","floor":55,"turns":2}],"seed_played":"6645263441958773096","potions_obtained":[{"floor":0,"key":"BlessingOfTheForge"},{"floor":0,"key":"Regen Potion"},{"floor":0,"key":"GamblersBrew"},{"floor":2,"key":"LiquidMemories"},{"floor":3,"key":"Explosive Potion"},{"floor":10,"key":"Explosive Potion"},{"floor":16,"key":"champ:CounterPotion"},{"floor":18,"key":"EssenceOfSteel"},{"floor":27,"key":"ColorlessPotion"},{"floor":33,"key":"bronze:BurnAndBuffPotion"},{"floor":35,"key":"sneckomod:MuddlingPotion"},{"floor":45,"key":"Ancient Potion"},{"floor":46,"key":"champ:CounterPotion"}],"is_trial":false,"path_per_floor":["M","M","M","M","?","R","E","$","T","E","?","M","R","M","R","B",null,"M","$","?","?","?","R","E","?","T","M","?","E","R","M","R","B",null,"M","$","?","?","M","E","M","E","T","R","M","M","AVR","?","R","B",null,"R","$","E","B"],"character_chosen":"THE_POKER_PLAYER","items_purchased":["PokerPlayerMod:MagicTrick","PokerPlayerMod:Trickery","PokerPlayerMod:Spade4","hubris:TenFootPole","PokerPlayerMod:CardPrinter","conspire:Dentures","PokerPlayerMod:DamnStraight","PokerPlayerMod:RiskyBet","PokerPlayerMod:Overdeal"],"campfire_rested":2,"item_purchase_floors":[8,8,8,19,19,36,53,53,53],"current_hp_per_floor":[52,52,52,52,42,42,23,23,23,23,23,23,38,44,44,52,52,43,43,43,43,37,37,37,37,37,44,44,26,41,41,51,43,62,57,57,57,57,59,59,59,47,47,47,30,37,37,69,69,35,69,69,69,23,0,0,0],"gold":40,"neow_bonus":"THREE_SMALL_POTIONS","is_daily":false,"chose_seed":false,"campfire_upgraded":2,"win_rate":0.0,"timestamp":1612667253,"path_taken":["M","?","M","M","?","R","E","?","T","E","?","M","R","M","R","BOSS","M","$","?","?","?","R","E","?","T","?","?","E","R","M","R","BOSS","M","$","?","?","?","E","M","E","T","R","M","M","AVR","?","R","BOSS","R","$","E","BOSS"],"items_purchased_type":["Card","Card","Card","Relic","Card","Relic","Card","Card","Card"],"build_version":"2020-12-22","purchased_purges":0,"victory":false,"max_hp_per_floor":[52,52,52,52,52,52,52,52,52,52,52,52,52,52,52,52,52,52,52,52,52,52,52,52,52,52,52,52,52,52,52,62,62,62,62,62,59,59,59,59,59,59,59,59,59,59,59,69,69,69,69,69,69,69,69,69,69],"card_choices":[{"not_picked":["PokerPlayerMod:Diamond2","PokerPlayerMod:Heart1"],"picked":"PokerPlayerMod:CloakAndDiamond","floor":1},{"not_picked":["PokerPlayerMod:CardBurn","PokerPlayerMod:DartThrow"],"picked":"PokerPlayerMod:JackOfSpades","floor":2},{"not_picked":["PokerPlayerMod:Club9","PokerPlayerMod:Diamond3"],"picked":"PokerPlayerMod:SpadeStrike","floor":3},{"not_picked":["PokerPlayerMod:Diamond2","PokerPlayerMod:CardBurn"],"picked":"PokerPlayerMod:Harden","floor":4},{"not_picked":["PokerPlayerMod:Heart3","PokerPlayerMod:Spade2"],"picked":"PokerPlayerMod:ClubShade","floor":7},{"not_picked":["PokerPlayerMod:FillThePot","PokerPlayerMod:Heart3"],"picked":"PokerPlayerMod:Overdeal","floor":10},{"not_picked":["PokerPlayerMod:Diamond3","PokerPlayerMod:HeartStrike"],"picked":"PokerPlayerMod:Raise","floor":12},{"not_picked":["PokerPlayerMod:Raise","PokerPlayerMod:DartThrow"],"picked":"PokerPlayerMod:Diamond4","floor":14},{"not_picked":["PokerPlayerMod:RoyalStrike","PokerPlayerMod:Club8"],"picked":"PokerPlayerMod:WasteCollection","floor":16},{"not_picked":["PokerPlayerMod:Spade7","PokerPlayerMod:Diamond1"],"picked":"PokerPlayerMod:Diamond5","floor":18},{"not_picked":["hubris:InfiniteBlow+2","infinitespire:UltimateForm"],"picked":"infinitespire:Punishment","floor":22},{"not_picked":["PokerPlayerMod:DartThrow+1","PokerPlayerMod:CardPrinter+1"],"picked":"PokerPlayerMod:Diamond8","floor":24},{"not_picked":["PokerPlayerMod:Diamond1","PokerPlayerMod:CardBurn+1"],"picked":"PokerPlayerMod:Club5","floor":27},{"not_picked":["PokerPlayerMod:Heart3","PokerPlayerMod:Club2","PokerPlayerMod:Diamond1"],"picked":"PokerPlayerMod:FillThePot","floor":29},{"not_picked":["PokerPlayerMod:Club1","PokerPlayerMod:Spade2","PokerPlayerMod:Spade9"],"picked":"PokerPlayerMod:ClubDance","floor":31},{"not_picked":["PokerPlayerMod:Club9","PokerPlayerMod:Club7","PokerPlayerMod:WasteCollection"],"picked":"PokerPlayerMod:Duplicate","floor":33},{"not_picked":["PokerPlayerMod:Diamond4","PokerPlayerMod:Diamond2","PokerPlayerMod:Club3"],"picked":"PokerPlayerMod:DiamondStrike+1","floor":35},{"not_picked":["PokerPlayerMod:Fold","PokerPlayerMod:ClubStrike","PokerPlayerMod:Diamond2"],"picked":"PokerPlayerMod:StackedDeck","floor":39},{"not_picked":["PokerPlayerMod:Trickery","PokerPlayerMod:Club5","PokerPlayerMod:CardPrinter"],"picked":"PokerPlayerMod:Spade10+","floor":40},{"not_picked":["PokerPlayerMod:Configure+1","PokerPlayerMod:Trickery+1","PokerPlayerMod:Raise"],"picked":"PokerPlayerMod:TheDieIsCast","floor":41},{"not_picked":["PokerPlayerMod:Heart4","PokerPlayerMod:JackOfSpades","PokerPlayerMod:Spade2"],"picked":"PokerPlayerMod:HiddenCard","floor":42},{"not_picked":["PokerPlayerMod:Heart4","PokerPlayerMod:Spade3","PokerPlayerMod:CardBurn+1"],"picked":"PokerPlayerMod:Spade4","floor":45},{"not_picked":["PokerPlayerMod:Harden+1","PokerPlayerMod:Diamond3","PokerPlayerMod:Spade4"],"picked":"PokerPlayerMod:MagicTrick+1","floor":46},{"not_picked":["PokerPlayerMod:Diamond10+","PokerPlayerMod:Heart2","PokerPlayerMod:Fold"],"picked":"PokerPlayerMod:SecretDealer","floor":54}],"player_experience":723142,"relics_obtained":[{"floor":7,"key":"Ornamental Fan"},{"floor":10,"key":"conspire:DecoderRing"},{"floor":24,"key":"HornCleat"},{"floor":26,"key":"hubris:DeckOfHolding"},{"floor":28,"key":"aspiration:ChemicalBlood"},{"floor":28,"key":"Question Card"},{"floor":28,"key":"Shovel"},{"floor":29,"key":"Bottled Tornado"},{"floor":32,"key":"Pear"},{"floor":40,"key":"Pen Nib"},{"floor":42,"key":"infinitespire:Lucky Rock"},{"floor":43,"key":"Orichalcum"},{"floor":44,"key":"hubris:DuctTape"},{"floor":49,"key":"PokerPlayerMod:BottledPoker"},{"floor":54,"key":"Bronze Scales"}],"event_choices":[{"damage_healed":0,"gold_gain":0,"player_choice":"Entered Light","damage_taken":10,"max_hp_gain":0,"max_hp_loss":0,"event_name":"Shining Light","floor":5,"gold_loss":0,"cards_upgraded":["PokerPlayerMod:Club2","PokerPlayerMod:Diamond2"]},{"damage_healed":0,"gold_gain":0,"player_choice":"Upgraded","damage_taken":0,"max_hp_gain":0,"max_hp_loss":0,"event_name":"Upgrade Shrine","floor":11,"gold_loss":0,"cards_upgraded":["PokerPlayerMod:BadJoker"]},{"damage_healed":0,"gold_gain":0,"player_choice":"Max HP","damage_taken":0,"max_hp_gain":0,"max_hp_loss":3,"event_name":"Winding Halls","floor":37,"gold_loss":0},{"damage_healed":0,"gold_gain":0,"player_choice":"Upgraded","damage_taken":0,"max_hp_gain":0,"max_hp_loss":0,"event_name":"Upgrade Shrine","floor":38,"gold_loss":0,"cards_upgraded":["infinitespire:Punishment"]},{"cards_removed":["PokerPlayerMod:WasteCollection"],"damage_healed":22,"gold_gain":0,"player_choice":"Offered Rare","damage_taken":0,"max_hp_gain":10,"max_hp_loss":0,"event_name":"Bonfire Elementals","floor":48,"gold_loss":0}],"is_beta":false,"boss_relics":[{"not_picked":["energizedSpire:MagnifyingGlass","aspiration:RitualDagger"],"picked":"conspire:RunicOctahedron"},{"not_picked":["Black Star","hubris:VirtuousBlindfold"],"picked":"energizedSpire:SpiderWeb"}],"items_purged_floors":[],"is_endless":false,"potions_floor_spawned":[2,3,10,16,18,27,33,35,45,46],"killed_by":"The Heart","ascension_level":3}}