{"host":"mqhvlr3kpxebko0t","time":1612684137,"event":{"mods":["AchievementEnabler","BaseMod","Colored Map","Colored Powertips","KOR Keyword Fix","Keyboard Shortcuts","Minty Spire (QoL Compilation)","StSLib","SuperFastMode"],"gold_per_floor":[113,130,148,168,188,188,201,201,224,224,238,252,29,29,29,106,156,156,156],"floor_reached":18,"language":"KOR","playtime":322,"items_purged":["Defend_R"],"score":312,"play_id":"167074a8-3982-4519-8ca5-834a6f262298","local_time":"20210207164857","is_ascension_mode":true,"campfire_choices":[{"data":"Flex","floor":6.0,"key":"SMITH"},{"data":"Burning Pact","floor":8,"key":"SMITH"},{"data":"Inflame","floor":15,"key":"SMITH"}],"circlet_count":0,"master_deck":["AscendersBane","Strike_R","Strike_R","Defend_R+1","Defend_R","Defend_R+1","Bash+1","Flex+1","Shrug It Off","Shrug It Off","Burning Pact+1","Anger","Inflame+1","Disarm+1","Sword Boomerang"],"relics":["Burning Blood","War Paint","Membership Card","Tiny House"],"acts_visited":["Exordium","TheCity"],"potions_floor_usage":[16,16],"damage_taken":[{"damage":12.0,"enemies":"Cultist","floor":1.0,"turns":4.0},{"damage":13.0,"enemies":"Small Slimes","floor":2.0,"turns":4.0},{"damage":0.0,"enemies":"Jaw Worm","floor":3.0,"turns":4.0},{"damage":6.0,"enemies":"Looter","floor":4.0,"turns":3.0},{"damage":14.0,"enemies":"3 Louse","floor":5.0,"turns":5.0},{"damage":39,"enemies":"Exordium Thugs","floor":7,"turns":9},{"damage":13,"enemies":"Blue Slaver","floor":11,"turns":6},{"damage":9,"enemies":"3 Louse","floor":12,"turns":4},{"damage":4,"enemies":"Hexaghost","floor":16,"turns":9},{"damage":16,"enemies":"Spheric Guardian","floor":18,"turns":5}],"seed_played":"7193754210894248667","potions_obtained":[{"floor":1.0,"key":"Weak Potion"},{"floor":3.0,"key":"Energy Potion"},{"floor":17,"key":"LiquidBronze"}],"is_trial":false,"path_per_floor":["M","M","M","M","M","R","M","R","T","?","M","M","$","?","R","B",null,"M"],"character_chosen":"IRONCLAD","items_purchased":["Membership Card","Disarm"],"campfire_rested":0,"item_purchase_floors":[13,13],"current_hp_per_floor":[62,55,61,61,53,53,20,20,20,20,13,10,10,10,10,12,59,43,43],"gold":156,"neow_bonus":"REMOVE_TWO","is_daily":false,"chose_seed":false,"campfire_upgraded":3,"win_rate":0.0,"timestamp":1612684137,"path_taken":["M","M","M","M","M","R","?","R","T","?","M","?","?","?","R","BOSS","M"],"items_purchased_type":["Relic","Card"],"build_version":"2020-12-22","purchased_purges":1,"victory":false,"max_hp_per_floor":[68,68,68,68,68,68,68,68,68,68,68,68,68,68,68,68,73,73,73],"card_choices":[{"not_picked":["Dual Wield","Sword Boomerang"],"picked":"Flex","floor":1.0},{"not_picked":["Iron Wave","True Grit"],"picked":"Shrug It Off","floor":2.0},{"not_picked":["Headbutt","Anger"],"picked":"Shrug It Off","floor":3.0},{"not_picked":["Headbutt","Infernal Blade","Entrench"],"picked":"SKIP","floor":4.0},{"not_picked":["Flex","Cleave"],"picked":"Burning Pact","floor":5.0},{"not_picked":["Ghostly Armor","Clash","True Grit"],"picked":"SKIP","floor":7},{"not_picked":["Seeing Red","Heavy Blade"],"picked":"Anger","floor":11},{"not_picked":["Searing Blow","Iron Wave"],"picked":"Inflame","floor":12},{"not_picked":["Anger","Bloodletting"],"picked":"Sword Boomerang","floor":17}],"player_experience":692050,"relics_obtained":[{"floor":9,"key":"War Paint"}],"event_choices":[{"cards_removed":["Strike_R"],"damage_healed":0,"gold_gain":0,"player_choice":"Offered Basic","damage_taken":0,"max_hp_gain":0,"max_hp_loss":0,"event_name":"Bonfire Elementals","floor":10,"gold_loss":0},{"damage_healed":0,"gold_gain":0,"player_choice":"Forge","damage_taken":0,"max_hp_gain":0,"max_hp_loss":0,"event_name":"Accursed Blacksmith","floor":14,"gold_loss":0,"cards_upgraded":["Disarm"]}],"is_beta":false,"boss_relics":[{"not_picked":["Coffee Dripper","Fusion Hammer"],"picked":"Tiny House"}],"items_purged_floors":[13],"is_endless":false,"potions_floor_spawned":[1,3,7,12],"killed_by":"Spheric Guardian","ascension_level":20}}