{"host":"8d3fefv2347kqkpz","time":1612703475,"event":{"mods":["AchievementEnabler","Act Like it!","Aspiration","BaseMod","Better Vampires","Colored Map","Colored Powertips","Conspire","Downfall","GifTheSpireLib","Highlight Path","Hubris","Mimic Mod","Minty Spire (QoL Compilation)","Quick Restart","Rare Cards Sparkle","Relic Stats","Replay The Spire","Spicy Shops","StSLib","The Jungle","Waifu the Spire"],"gold_per_floor":[219,69,69,69,82,82,182,182,182,207,224,224,88,98,98,200,200,218,232,248,266,282,282,297,297,297,310,310,310],"floor_reached":28,"language":"ZHS","playtime":768,"items_purged":["Strike_R","Strike_R"],"score":244,"play_id":"27255b64-04ab-408c-b215-d87bd41c95f4","local_time":"20210207211115","is_ascension_mode":true,"campfire_choices":[{"data":"Bash","floor":6.0,"key":"SMITH"},{"data":"Dropkick","floor":8.0,"key":"SMITH"},{"floor":15.0,"key":"REST"},{"floor":23.0,"key":"REST"},{"floor":25.0,"key":"REST"}],"circlet_count":0,"master_deck":["Strike_R","Defend_R","Defend_R","Bash+1","conspire:Purge","Dropkick+1","Cleave+1","Demon Form","Shrug It Off+1","hubris:ReadiedAction+1","Rampage"],"relics":["Burning Blood","Lizard Tail","conspire:DecoderRing","Pen Nib","MealTicket","hubris:EvacipatedBox","conspire:RoyalGoblet","Toxic Egg 2"],"acts_visited":["Exordium","TheCity"],"potions_floor_usage":[],"damage_taken":[{"damage":3.0,"enemies":"Jaw Worm","floor":1.0,"turns":5.0},{"damage":20.0,"enemies":"Small Slimes","floor":5.0,"turns":5.0},{"damage":17.0,"enemies":"Gremlin Nob","floor":10.0,"turns":4.0},{"damage":0.0,"enemies":"Cultist","floor":11.0,"turns":2.0},{"damage":2.0,"enemies":"Large Slime","floor":14.0,"turns":4.0},{"damage":55.0,"enemies":"Slime Boss","floor":16.0,"turns":9.0},{"damage":32.0,"enemies":"Shell Parasite","floor":18.0,"turns":5.0},{"damage":16.0,"enemies":"3 Byrds","floor":19.0,"turns":6.0},{"damage":45.0,"enemies":"Sentry and Sphere","floor":20.0,"turns":6.0},{"damage":37.0,"enemies":"Snecko","floor":21.0,"turns":6.0},{"damage":12.0,"enemies":"3 Cultists","floor":22.0,"turns":4.0},{"damage":14.0,"enemies":"Sentry and Sphere","floor":24.0,"turns":4.0},{"damage":39.0,"enemies":"Centurion and Healer","floor":27.0,"turns":6.0},{"damage":0,"enemies":"Snake Plant","floor":28,"turns":1}],"seed_played":"7576957526110101701","potions_obtained":[{"floor":1.0,"key":"SteroidPotion"},{"floor":14.0,"key":"Adrenaline Potion"},{"floor":20.0,"key":"EssenceOfSteel"}],"is_trial":false,"path_per_floor":["M","$","?","?","M","R","?","R","T","E","M","$","$","M","R","B",null,"M","M","M","M","M","R","M","R","T","M","M"],"character_chosen":"IRONCLAD","items_purchased":["Lizard Tail","MealTicket","hubris:EvacipatedBox","Cleave+1"],"campfire_rested":3,"item_purchase_floors":[2,12,12,13],"current_hp_per_floor":[80,80,73,73,59,59,59,59,59,48,54,25,40,44,68,19,80,54,44,46,15,9,33,25,49,49,16,16,16],"gold":310,"neow_bonus":"HUNDRED_GOLD","is_daily":false,"chose_seed":false,"campfire_upgraded":2,"win_rate":0.0,"timestamp":1612703475,"path_taken":["M","$","?","?","?","R","?","R","T","E","?","?","$","M","R","BOSS","M","M","M","M","M","R","?","R","T","M","M"],"items_purchased_type":["Relic","Relic","Relic","Card"],"build_version":"2020-12-22","purchased_purges":2,"victory":false,"max_hp_per_floor":[80,80,80,80,80,80,80,80,80,80,80,80,80,80,80,80,80,80,80,80,80,80,80,80,80,80,80,80,80],"relic_stats":{"Lizard Tail":40,"counters":[14,67],"MealTicket":15,"Pen Nib":[9],"obtain_stats":[{"Lizard Tail":2,"conspire:RoyalGoblet":17,"conspire:DecoderRing":9,"MealTicket":12,"Pen Nib":10,"Toxic Egg 2":26,"Burning Blood":0,"hubris:EvacipatedBox":12},{"Lizard Tail":1,"conspire:RoyalGoblet":6,"conspire:DecoderRing":2,"MealTicket":4,"Pen Nib":3,"Toxic Egg 2":12,"Burning Blood":0,"hubris:EvacipatedBox":4},{"Lizard Tail":5,"conspire:RoyalGoblet":29,"conspire:DecoderRing":10,"MealTicket":16,"Pen Nib":14,"Toxic Egg 2":60,"Burning Blood":0,"hubris:EvacipatedBox":16}],"Burning Blood":75},"card_choices":[{"not_picked":["Dark Embrace","Flame Barrier","Bloodletting"],"picked":"SKIP","floor":1.0},{"not_picked":["Havoc","Flex"],"picked":"Dropkick","floor":5.0},{"not_picked":["Body Slam","Burning Pact","Flex"],"picked":"SKIP","floor":10.0},{"not_picked":["Anger","Abandon","True Grit"],"picked":"SKIP","floor":11.0},{"not_picked":["Iron Wave","Anger","Armaments"],"picked":"SKIP","floor":14.0},{"not_picked":["Immolate","Bludgeon"],"picked":"Demon Form","floor":16.0},{"not_picked":["Armaments","Body Slam+1"],"picked":"Shrug It Off+1","floor":18.0},{"not_picked":["Blood for Blood","Run Through","Pommel Strike"],"picked":"SKIP","floor":19.0},{"not_picked":["Flex","Headbutt"],"picked":"hubris:ReadiedAction+1","floor":20.0},{"not_picked":["Flex","Eclipse","Intimidate+1"],"picked":"SKIP","floor":21.0},{"not_picked":["Battle Trance+1","Twin Strike","Shrug It Off"],"picked":"SKIP","floor":22.0},{"not_picked":["Replay:Undeath\u0027s Touch","Shrug It Off","True Grit+1"],"picked":"SKIP","floor":24.0},{"not_picked":["Sentinel+1","Twin Strike"],"picked":"Rampage","floor":27.0}],"player_experience":285976,"relics_obtained":[{"floor":9.0,"key":"conspire:DecoderRing"},{"floor":10.0,"key":"Pen Nib"},{"floor":26.0,"key":"Toxic Egg 2"}],"event_choices":[{"cards_removed":["Strike_R"],"damage_healed":0.0,"max_hp_gain":0.0,"max_hp_loss":0.0,"gold_gain":0.0,"event_name":"Golden Wing","player_choice":"Card Removal","floor":3.0,"gold_loss":0.0,"damage_taken":7.0},{"damage_healed":0.0,"max_hp_gain":0.0,"max_hp_loss":0.0,"gold_gain":0.0,"cards_transformed":["Defend_R"],"event_name":"Transmorgrifier","player_choice":"Transformed","floor":4.0,"gold_loss":0.0,"damage_taken":0.0,"cards_obtained":["conspire:Purge"]},{"damage_healed":0.0,"max_hp_gain":0.0,"max_hp_loss":0.0,"gold_gain":100.0,"event_name":"Wheel of Change","player_choice":"Gold","floor":7.0,"gold_loss":0.0,"damage_taken":0.0}],"is_beta":false,"boss_relics":[{"not_picked":["hubris:VirtuousBlindfold","Velvet Choker","Replay:Ancient Bell"],"picked":"conspire:RoyalGoblet"}],"items_purged_floors":[2,13],"is_endless":false,"potions_floor_spawned":[1,14,20,21,24],"killed_by":"Snake Plant","ascension_level":2}}