{"host":"1xo5g347e5o4auts","time":1612685246,"event":{"mods":["BaseMod","Minty Spire (QoL Compilation)","Permanent Neow","StSLib"],"gold_per_floor":[115,129,129,140,140,140,175,200,236,283,295,382,0,10,10,89,89,124,139,139,179,222,222,222],"floor_reached":23,"language":"ENG","playtime":635,"items_purged":["Strike_P"],"score":406,"play_id":"7c52c5d5-1c3d-4e62-a1dd-920381b9ee39","local_time":"20210207100726","is_ascension_mode":true,"campfire_choices":[{"data":"Blasphemy","floor":6.0,"key":"SMITH"},{"data":"SandsOfTime","floor":11.0,"key":"SMITH"},{"data":"Devotion","floor":15.0,"key":"SMITH"}],"circlet_count":0,"master_deck":["AscendersBane","Strike_P","Strike_P","Strike_P","Defend_P","Defend_P","Defend_P","Defend_P","Eruption","Vigilance","Blasphemy+1","Protect","CutThroughFate","SandsOfTime+1","Tantrum","Tantrum","ClearTheMind","MentalFortress","WaveOfTheHand","Devotion+1","Wish","Consecrate+1","ThirdEye","Wallop"],"relics":["PureWater","MawBank","Centennial Puzzle","Happy Flower","Oddly Smooth Stone","VioletLotus"],"acts_visited":["Exordium","TheCity"],"potions_floor_usage":[],"damage_taken":[{"damage":0.0,"enemies":"Jaw Worm","floor":1.0,"turns":3.0},{"damage":0.0,"enemies":"2 Louse","floor":2.0,"turns":5.0},{"damage":0.0,"enemies":"Cultist","floor":4.0,"turns":2.0},{"damage":1.0,"enemies":"Gremlin Nob","floor":7.0,"turns":3.0},{"damage":0.0,"enemies":"2 Fungi Beasts","floor":8.0,"turns":2.0},{"damage":30.0,"enemies":"Lagavulin","floor":10.0,"turns":3.0},{"damage":0.0,"enemies":"Exordium Wildlife","floor":14.0,"turns":3.0},{"damage":8.0,"enemies":"The Guardian","floor":16.0,"turns":10.0},{"damage":30.0,"enemies":"Shell Parasite","floor":18.0,"turns":5.0},{"damage":0.0,"enemies":"Spheric Guardian","floor":19.0,"turns":3.0},{"damage":5.0,"enemies":"Centurion and Healer","floor":21.0,"turns":6.0},{"damage":2.0,"enemies":"Sentry and Sphere","floor":22.0,"turns":12.0},{"damage":0,"enemies":"Slavers","floor":23,"turns":1}],"seed_played":"-4290318434969600006","potions_obtained":[{"floor":1.0,"key":"LiquidBronze"},{"floor":4.0,"key":"FearPotion"},{"floor":5.0,"key":"BottledMiracle"},{"floor":5.0,"key":"CultistPotion"}],"is_trial":false,"path_per_floor":["M","M","?","M","?","R","E","M","T","E","R","?","$","M","R","B",null,"M","M","?","M","M","E"],"character_chosen":"WATCHER","items_purchased":["Oddly Smooth Stone","MentalFortress","WaveOfTheHand"],"campfire_rested":0,"item_purchase_floors":[13,13,13],"current_hp_per_floor":[61,61,66,66,66,66,65,65,65,35,35,24,24,24,24,16,59,29,29,44,39,37,37,37],"gold":222,"neow_bonus":"ONE_RANDOM_RARE_CARD","is_daily":false,"chose_seed":false,"campfire_upgraded":3,"win_rate":0.0,"timestamp":1612685246,"path_taken":["M","M","?","M","?","R","E","?","T","E","R","?","$","M","R","BOSS","M","M","?","M","M","E"],"items_purchased_type":["Relic","Card","Card"],"build_version":"2020-12-22","purchased_purges":1,"victory":false,"max_hp_per_floor":[68,68,73,73,73,73,73,73,73,73,73,73,73,73,73,73,73,73,73,73,73,73,73,73],"card_choices":[{"not_picked":["WreathOfFlame","FollowUp"],"picked":"Protect","floor":1.0},{"not_picked":["DeceiveReality","SignatureMove"],"picked":"CutThroughFate","floor":2.0},{"not_picked":["CrushJoints","Evaluate"],"picked":"SandsOfTime","floor":4.0},{"not_picked":["Evaluate","Vengeance"],"picked":"Tantrum","floor":7.0},{"not_picked":["ThirdEye","EmptyBody"],"picked":"Tantrum","floor":8.0},{"not_picked":["Sanctity","Protect"],"picked":"ClearTheMind","floor":10.0},{"not_picked":["FlyingSleeves","Halt"],"picked":"Devotion","floor":14.0},{"not_picked":["Vault","Alpha"],"picked":"Wish","floor":16.0},{"not_picked":["Study","EmptyFist"],"picked":"Consecrate+1","floor":18.0},{"not_picked":["Halt","EmptyFist"],"picked":"ThirdEye","floor":19.0},{"not_picked":["Evaluate+1","CrushJoints"],"picked":"Wallop","floor":21.0},{"not_picked":["ThirdEye","CrushJoints","CutThroughFate"],"picked":"SKIP","floor":22.0}],"player_experience":1456153,"relics_obtained":[{"floor":7.0,"key":"MawBank"},{"floor":9.0,"key":"Centennial Puzzle"},{"floor":10.0,"key":"Happy Flower"}],"event_choices":[{"damage_healed":0.0,"max_hp_gain":5.0,"max_hp_loss":0.0,"gold_gain":0.0,"event_name":"Big Fish","player_choice":"Donut","floor":3.0,"gold_loss":0.0,"damage_taken":0.0},{"damage_healed":0.0,"max_hp_gain":0.0,"max_hp_loss":0.0,"gold_gain":0.0,"event_name":"Lab","player_choice":"Got Potions","floor":5.0,"gold_loss":0.0,"damage_taken":0.0},{"damage_healed":0.0,"max_hp_gain":0.0,"max_hp_loss":0.0,"gold_gain":75.0,"event_name":"World of Goop","player_choice":"Gather Gold","floor":12.0,"gold_loss":0.0,"damage_taken":11.0},{"damage_healed":15.0,"max_hp_gain":0.0,"max_hp_loss":0.0,"gold_gain":0.0,"event_name":"The Library","player_choice":"Heal","floor":20.0,"gold_loss":0.0,"damage_taken":0.0}],"is_beta":false,"boss_relics":[{"not_picked":["Sozu","Astrolabe"],"picked":"VioletLotus"}],"items_purged_floors":[13],"is_endless":false,"potions_floor_spawned":[1,4,10,14],"killed_by":"Slavers","ascension_level":20}}