{"host":"92wx9z21c4p52du4","time":1612719236,"event":{"mods":["Act Like it!","Arknights","BaseMod","Infinite Spire","Lobotomy","Minty Spire (QoL Compilation)","Reliquary","Robot Space Explorer","StSLib","The Blue Laboratory","The Disciple","The Jungle","The Runesmith","TheSurvivalist"],"gold_per_floor":[117,131,141,159,109,109,138,152,198,226,226,226,0,19,19,142,142,165,165,5,5,5],"floor_reached":21,"language":"ENG","playtime":2442,"items_purged":["ats:Ignite"],"score":189,"play_id":"f1dbf395-6765-4881-9ef2-38967c334bb1","local_time":"20210207113356","is_ascension_mode":false,"campfire_choices":[{"data":"ats:Armor Crushing Shot","floor":6,"key":"SMITH"},{"data":"ats:Echo Reverb","floor":11,"key":"SMITH"},{"floor":15,"key":"RECALL"}],"circlet_count":0,"master_deck":["ats:Armor Crushing Shot+1","ats:Emotion Absorption","UniverseFragment","ats:Sunburst","ats:Echo Reverb+1","SpiderBud","ats:Blood Oath","VoidDream","ats:Thorns","MHz","ats:Charging Defense","ats:Shadow Raid","ats:Closed Bolt Burst Fire","ats:Hook Shot","Bloodbath","ats:Roar Of Ursus","ats:Red Shift","ats:Revitalization","ats:Sword Rain","ats:Collapsing Strike","ats:Leaping Hammer","ats:Sashimi Platter","ats:Assault Order","NakedNest","ats:Shell Defense","Flash of Steel"],"relics":["ats:Sanity","CogitoBucket","ats:Originium","reliquary:HotPoker","TreeSap","Lantern","Gremlin Horn","Golden Idol","reliquary:PorcupineQuills","Pandora\u0027s Box","Shovel"],"acts_visited":["Exordium","Exordium"],"potions_floor_usage":[4,14],"damage_taken":[{"damage":9,"enemies":"Cultist","floor":1,"turns":4},{"damage":2,"enemies":"Jaw Worm","floor":2,"turns":4},{"damage":4,"enemies":"2 Louse","floor":3,"turns":4},{"damage":17,"enemies":"Large Slime","floor":4,"turns":8},{"damage":30,"enemies":"Gremlin Nob","floor":7,"turns":5},{"damage":10,"enemies":"3 Louse","floor":8,"turns":4},{"damage":12,"enemies":"Lagavulin","floor":10,"turns":10},{"damage":3,"enemies":"Red Slaver","floor":14,"turns":3},{"damage":7,"enemies":"The Guardian","floor":16,"turns":13},{"damage":7,"enemies":"theJungle:5_Spyders","floor":18,"turns":6},{"damage":69,"enemies":"theJungle:Flameango_and_Byrd","floor":21,"turns":2}],"seed_played":"-9144024744786183619","potions_obtained":[{"floor":2,"key":"LiquidMemories"},{"floor":10,"key":"blueLaboratory:BubblePotion"},{"floor":16,"key":"ats:Emergency Sanity Potion"}],"is_trial":false,"path_per_floor":["M","M","M","M","?","R","E","M","T","E","R","?","$","M","R","B",null,"M","?","$","M"],"character_chosen":"DOCTOR_CLASS","items_purchased":["ats:Hook Shot","reliquary:PorcupineQuills","Flash of Steel"],"campfire_rested":0,"item_purchase_floors":[13,13,20],"current_hp_per_floor":[63,61,57,52,52,52,31,24,24,44,44,26,26,23,23,22,72,72,52,52,0,0],"gold":5,"neow_bonus":"","is_daily":false,"chose_seed":false,"campfire_upgraded":2,"win_rate":0.0,"timestamp":1612719236,"path_taken":["M","?","M","M","?","R","E","M","T","E","R","?","$","M","R","BOSS","M","?","$","M"],"items_purchased_type":["Card","Relic","Card"],"build_version":"2020-12-22","purchased_purges":1,"victory":false,"max_hp_per_floor":[72,72,72,72,72,72,72,72,72,72,72,72,72,72,72,72,72,72,72,72,72,72],"card_choices":[{"not_picked":["BeautyBeast","CherryBlossoms"],"picked":"UniverseFragment","floor":1},{"not_picked":["ats:Hammer On","ats:Cat Scratch"],"picked":"ats:Sunburst","floor":1},{"not_picked":["Bloodbath","VoidDream","SingingMachine"],"picked":"Singing Bowl","floor":2},{"not_picked":["ats:Shell Defense","ats:Explosion Area Strengthen"],"picked":"ats:Echo Reverb","floor":2},{"not_picked":["FairyFestival","MeatLantern","BeautyBeast"],"picked":"Singing Bowl","floor":3},{"not_picked":["ShyLook","PunishingBird"],"picked":"SpiderBud","floor":3},{"not_picked":["ats:Wolf Pack","ats:Assault Order"],"picked":"ats:Blood Oath","floor":3},{"not_picked":["BeautyBeast","BlackArmy"],"picked":"VoidDream","floor":4},{"not_picked":["ats:Shell Defense","ats:True Silver Slash"],"picked":"ats:Thorns","floor":4},{"not_picked":["HeroicMonk","Wellcheers"],"picked":"MHz","floor":7},{"not_picked":["ats:Literary Storm","ats:Healing Drone"],"picked":"ats:Charging Defense","floor":7},{"not_picked":["FairyFestival","SingingMachine","SnowQueen"],"picked":"Singing Bowl","floor":8},{"not_picked":["ats:Flexible Camouflage","ats:Poison Spread"],"picked":"ats:Shadow Raid","floor":8},{"not_picked":["OSAHOGD","Scorched","LittleHelper"],"picked":"Singing Bowl","floor":10},{"not_picked":["ats:Directed Diagnosis","ats:Fractured Body"],"picked":"ats:Closed Bolt Burst Fire","floor":10},{"not_picked":["BeautyBeast","WallGazer","FairyFestival"],"picked":"Singing Bowl","floor":14},{"not_picked":["ats:Powerful Strike","ats:Hammer On"],"picked":"ats:Ignite","floor":14},{"not_picked":["FairyFestival","LittleHelper","WallGazer"],"picked":"Singing Bowl","floor":16},{"not_picked":["Rudolta","DreamingCurrent"],"picked":"Bloodbath","floor":16},{"not_picked":["ats:Echo Reverb","ats:Wolf Pack"],"picked":"ats:Roar Of Ursus","floor":16},{"not_picked":["BeautyBeast","QueenOfHatred"],"picked":"NakedNest","floor":18},{"not_picked":["ats:Apocalypse","ats:Flexible Camouflage"],"picked":"ats:Shell Defense","floor":18}],"player_experience":207918,"relics_obtained":[{"floor":7,"key":"ats:Originium"},{"floor":7,"key":"reliquary:HotPoker"},{"floor":9,"key":"Lantern"},{"floor":10,"key":"ats:Originium"},{"floor":10,"key":"Gremlin Horn"}],"event_choices":[{"cards_removed":["ats:Defend"],"damage_healed":0,"gold_gain":0,"player_choice":"Card Removal","damage_taken":0,"max_hp_gain":0,"max_hp_loss":0,"event_name":"The Cleric","floor":5,"gold_loss":50},{"damage_healed":0,"gold_gain":0,"player_choice":"Take Damage","damage_taken":18,"relics_obtained":["Golden Idol"],"max_hp_gain":0,"max_hp_loss":0,"event_name":"Golden Idol","floor":12,"gold_loss":0}],"is_beta":false,"boss_relics":[{"not_picked":["Ectoplasm","ats:Sanity Plus"],"picked":"Pandora\u0027s Box"}],"items_purged_floors":[20],"is_endless":false,"potions_floor_spawned":[2,10,16],"killed_by":"theJungle:Flameango_and_Byrd","ascension_level":0}}