{"host":"w7pthw6r6331n954","time":1612676761,"event":{"mods":["AchievementEnabler","Act Like it!","BaseMod","BetterRewards","Colored Map","Colored Powertips","Custom Start","Downfall","Duelist Mod","GifTheSpireLib","Hallownest","Hermit","Jorbs\u0027s Wanderer Trilogy","Minty Spire (QoL Compilation)","Replay The Spire","Shop Mod","StSLib","SuperFastMode"],"gold_per_floor":[138,138,138,162,182,207,207,226,226,243,243,17,117,132,132,132,132],"floor_reached":16,"language":"ENG","playtime":1268,"items_purged":[],"score":125,"play_id":"a2970b8b-7294-48bb-b09d-32fabeda87f0","local_time":"20210207004601","is_ascension_mode":false,"campfire_choices":[{"floor":7,"key":"RECALL"},{"data":"theDuelist:WaterDragon","floor":11,"key":"SMITH"}],"circlet_count":0,"master_deck":["theDuelist:BabyDragon","theDuelist:CastleWalls","theDuelist:CaveDragon+1","theDuelist:CaveDragon","theDuelist:LesserDragon","theDuelist:LesserDragon","theDuelist:Sparks","theDuelist:Sparks","theDuelist:YamataDragon","theDuelist:InfernityDoomDragon","theDuelist:RedEyes","theDuelist:TrihornedDragon","theDuelist:CyberLaserDragon","theDuelist:WaterDragon+1","theDuelist:EyeTimaeus","theDuelist:VampireCurse","theDuelist:EvilMind"],"relics":["theDuelist:MillenniumPuzzle","theDuelist:CardPoolRelic","theDuelist:CardPoolBasicRelic","theDuelist:BoosterPackPoolRelic","theDuelist:CardPoolAddRelic","theDuelist:CardPoolMinusRelic","theDuelist:CardPoolSaveRelic","theDuelist:CardPoolOptionsRelic","NeowsBlessing","Bag of Preparation","Boot","MerchantsRug","theDuelist:MillenniumCoin"],"acts_visited":["Exordium"],"potions_floor_usage":[],"damage_taken":[{"damage":0,"enemies":"Jaw Worm","floor":1,"turns":2},{"damage":0,"enemies":"2 Louse","floor":5,"turns":1},{"damage":0,"enemies":"Gremlin Nob","floor":6,"turns":1},{"damage":5,"enemies":"Cultist","floor":8,"turns":3},{"damage":8,"enemies":"Lots of Slimes","floor":10,"turns":3},{"damage":1,"enemies":"3 Louse","floor":14,"turns":3},{"damage":6,"enemies":"Fading Forest","floor":16,"turns":7}],"seed_played":"6437853646850621946","potions_obtained":[{"floor":6,"key":"SpeedPotion"},{"floor":8,"key":"theDuelist:TokenPotionB"},{"floor":14,"key":"theDuelist:SteelBrew"}],"is_trial":false,"path_per_floor":["M","$","?","T","M","E","R","M","T","M","R","$","?","M","R_BF","B"],"character_chosen":"THE_DUELIST","items_purchased":["theDuelist:EyeTimaeus","MerchantsRug"],"campfire_rested":0,"item_purchase_floors":[12,12],"current_hp_per_floor":[80,80,80,80,80,80,80,75,75,67,67,67,67,66,80,74,74],"gold":132,"neow_bonus":"THREE_ENEMY_KILL","is_daily":false,"chose_seed":false,"campfire_upgraded":1,"win_rate":0.0,"timestamp":1612676761,"path_taken":["M","$","?","?","M","E","R","M","T","M","R","$","?","M","R_BF","BOSS"],"items_purchased_type":["Card","Relic"],"build_version":"2020-12-22","purchased_purges":0,"victory":false,"max_hp_per_floor":[80,80,80,80,80,80,80,80,80,80,80,80,80,80,80,80,80],"card_choices":[{"not_picked":["theDuelist:BlackBrachios","theDuelist:CyberDragonCore","theDuelist:MythicWaterDragon","theDuelist:UltraEvolutionPill"],"picked":"theDuelist:InfernityDoomDragon","floor":1},{"not_picked":["theDuelist:FiendSkull","theDuelist:GuardragonJusticia","theDuelist:WhiteNightDragon","theDuelist:BackupSoldier"],"picked":"theDuelist:RedEyes","floor":5},{"not_picked":["theDuelist:YamataDragon","theDuelist:TwinHeadedFire","theDuelist:DarkHorus","theDuelist:BlackStego"],"picked":"theDuelist:TrihornedDragon","floor":6},{"not_picked":["theDuelist:SystemDown","theDuelist:MiraculousDescent","theDuelist:JurassicImpact"],"picked":"theDuelist:CyberLaserDragon","floor":8},{"not_picked":["theDuelist:Lancephorhynchus","theDuelist:BlasterDragonInfernos"],"picked":"theDuelist:WaterDragon","floor":10},{"not_picked":["theDuelist:StampingDestruction","theDuelist:AxeDespair","theDuelist:SystemDown","theDuelist:DragonMirror"],"picked":"theDuelist:EvilMind","floor":14}],"player_experience":1216470,"relics_obtained":[{"floor":4,"key":"Bag of Preparation"},{"floor":6,"key":"Boot"}],"event_choices":[{"damage_healed":0,"gold_gain":0,"player_choice":"Took item - Received: Millennium Coin","duelist":true,"damage_taken":0,"max_hp_gain":0,"max_hp_loss":0,"event_name":"Millennium Items","floor":13,"gold_loss":0}],"is_beta":false,"boss_relics":[],"items_purged_floors":[],"is_endless":false,"potions_floor_spawned":[6,8,14],"killed_by":"Fading Forest","ascension_level":0}}