{"host":"a9gsz7kv8aebwp1f","time":1612693773,"event":{"mods":["AchievementEnabler","BaseMod","Minty Spire (QoL Compilation)"],"gold_per_floor":[114,114,124,134,134,134,165,176,176,62,73,73,73,93,93,198,198,215,215,215,267,282,282,295,309,361,53,53,73,93,103,103,103,103],"floor_reached":33,"language":"KOR","playtime":1043,"items_purged":["Regret"],"score":389,"play_id":"df3782c6-18cf-4c64-876a-aaca5ceb0dc6","local_time":"20210207192933","is_ascension_mode":true,"campfire_choices":[{"data":"Armaments","floor":6,"key":"SMITH"},{"floor":12,"key":"REST"},{"floor":15,"key":"REST"},{"floor":23,"key":"REST"},{"floor":32,"key":"REST"}],"circlet_count":0,"master_deck":["AscendersBane","Strike_R+1","Strike_R+1","Strike_R+1","Strike_R+1","Strike_R+1","Defend_R+1","Defend_R+1","Defend_R+1","Defend_R+1","Bash","Sword Boomerang+1","Spot Weakness","Armaments+1","Headbutt","Headbutt","Disarm","Perfected Strike+1","Clash+1","Fiend Fire+1","Shrug It Off","Armaments","Pummel+1","Whirlwind+1","Perfected Strike+1","Wild Strike+1","Heavy Blade+1","Flex"],"relics":["Burning Blood","Nunchaku","StrikeDummy","Art of War","Oddly Smooth Stone","Molten Egg 2","Runic Cube","Centennial Puzzle","Bronze Scales","Self Forming Clay","Mercury Hourglass"],"acts_visited":["Exordium","TheCity"],"potions_floor_usage":[24,29,33,33],"damage_taken":[{"damage":10,"enemies":"Small Slimes","floor":1,"turns":4},{"damage":4,"enemies":"Jaw Worm","floor":3,"turns":3},{"damage":11,"enemies":"2 Louse","floor":4,"turns":2},{"damage":16,"enemies":"Gremlin Nob","floor":7,"turns":4},{"damage":15,"enemies":"Blue Slaver","floor":8,"turns":3},{"damage":26,"enemies":"Lots of Slimes","floor":11,"turns":3},{"damage":11,"enemies":"Looter","floor":14,"turns":3},{"damage":26,"enemies":"Hexaghost","floor":16,"turns":7},{"damage":36,"enemies":"3 Byrds","floor":18,"turns":8},{"damage":13,"enemies":"Shell Parasite","floor":22,"turns":6},{"damage":6,"enemies":"Snecko","floor":24,"turns":4},{"damage":24,"enemies":"Sentry and Sphere","floor":25,"turns":5},{"damage":18,"enemies":"Snake Plant","floor":29,"turns":4},{"damage":13,"enemies":"3 Cultists","floor":30,"turns":3},{"damage":8,"enemies":"Snecko","floor":31,"turns":3},{"damage":56,"enemies":"Automaton","floor":33,"turns":6}],"seed_played":"8139985811216190480","potions_obtained":[{"floor":3,"key":"Energy Potion"},{"floor":8,"key":"Weak Potion"},{"floor":29,"key":"BloodPotion"},{"floor":30,"key":"DistilledChaos"}],"is_trial":false,"path_per_floor":["M","?","M","M","T","R","E","M","T","$","M","R","?","M","R","B",null,"M","?","?","T","M","R","M","M","T","$","T","M","M","M","R","B"],"character_chosen":"IRONCLAD","items_purchased":["Disarm","Self Forming Clay","Perfected Strike+1"],"campfire_rested":4,"item_purchase_floors":[10,27,27],"current_hp_per_floor":[68,68,70,65,65,65,55,46,46,46,26,50,34,29,53,33,68,38,38,38,38,31,55,55,37,37,37,37,41,34,32,56,0,0],"gold":103,"neow_bonus":"RANDOM_COMMON_RELIC","is_daily":false,"chose_seed":false,"campfire_upgraded":1,"win_rate":0.0,"timestamp":1612693773,"path_taken":["M","?","M","M","?","R","E","M","T","$","M","R","?","M","R","BOSS","M","?","?","?","?","R","M","M","T","$","?","M","M","M","R","BOSS"],"items_purchased_type":["Card","Relic","Card"],"build_version":"2020-12-22","purchased_purges":1,"victory":false,"max_hp_per_floor":[80,80,80,80,80,80,80,80,80,80,80,80,80,80,80,80,80,80,80,80,80,80,80,80,80,80,80,80,80,80,80,80,80,80],"card_choices":[{"not_picked":["True Grit","Flex"],"picked":"Sword Boomerang","floor":1},{"not_picked":["Pommel Strike","Metallicize"],"picked":"Spot Weakness","floor":3},{"not_picked":["Havoc","Infernal Blade"],"picked":"Armaments","floor":4},{"not_picked":["Sever Soul","Dropkick"],"picked":"Headbutt","floor":7},{"not_picked":["Body Slam","Clothesline"],"picked":"Headbutt","floor":8},{"not_picked":["Wild Strike+1","Cleave+1"],"picked":"Perfected Strike+1","floor":11},{"not_picked":["Anger+1","Dual Wield"],"picked":"Clash+1","floor":14},{"not_picked":["Exhume","Offering"],"picked":"Fiend Fire+1","floor":16},{"not_picked":["Second Wind","Thunderclap+1"],"picked":"Shrug It Off","floor":18},{"not_picked":["Infernal Blade","True Grit"],"picked":"Armaments","floor":22},{"not_picked":["Warcry","Exhume"],"picked":"Pummel+1","floor":24},{"not_picked":["Pommel Strike+1","Carnage+1"],"picked":"Whirlwind+1","floor":25},{"not_picked":["Disarm","Second Wind"],"picked":"Wild Strike+1","floor":29},{"not_picked":["Body Slam+1","Dropkick+1"],"picked":"Heavy Blade+1","floor":30},{"not_picked":["Heavy Blade+1","Twin Strike+1"],"picked":"Flex","floor":31}],"player_experience":453219,"relics_obtained":[{"floor":5,"key":"Art of War"},{"floor":7,"key":"Oddly Smooth Stone"},{"floor":9,"key":"Molten Egg 2"},{"floor":21,"key":"Centennial Puzzle"},{"floor":26,"key":"Bronze Scales"},{"floor":28,"key":"Mercury Hourglass"}],"event_choices":[{"damage_healed":0,"gold_gain":0,"player_choice":"Box","damage_taken":0,"relics_obtained":["StrikeDummy"],"max_hp_gain":0,"max_hp_loss":0,"event_name":"Big Fish","floor":2,"gold_loss":0,"cards_obtained":["Regret"]},{"damage_healed":0,"gold_gain":0,"player_choice":"Entered Light","damage_taken":16,"max_hp_gain":0,"max_hp_loss":0,"event_name":"Shining Light","floor":13,"gold_loss":0,"cards_upgraded":["Sword Boomerang","Defend_R"]},{"damage_healed":0,"gold_gain":0,"player_choice":"Ignored","damage_taken":0,"max_hp_gain":0,"max_hp_loss":0,"event_name":"Vampires","floor":19,"gold_loss":0},{"damage_healed":0,"gold_gain":0,"player_choice":"Simplicity","damage_taken":0,"max_hp_gain":0,"max_hp_loss":0,"event_name":"Back to Basics","floor":20,"gold_loss":0,"cards_upgraded":["Strike_R","Strike_R","Strike_R","Strike_R","Strike_R","Defend_R","Defend_R","Defend_R"]}],"is_beta":false,"boss_relics":[{"not_picked":["Snecko Eye","Velvet Choker"],"picked":"Runic Cube"}],"items_purged_floors":[10],"is_endless":false,"potions_floor_spawned":[3,8,11,14,29,30],"killed_by":"Automaton","ascension_level":11}}