{"host":"z42sc0n2dozsmk72","time":1612692820,"event":{"mods":["AchievementEnabler","BaseMod","Better Third Choice","Colored Map","Curses Come First","Highlight Path","Minty Spire (QoL Compilation)","Permanent Neow","Quick Restart","Relic Stats","Shop Mod","StSLib","egg","slay the spire mod where everything is the same but ironclad has a cowboy hat"],"gold_per_floor":[110,60,29,46,58,58,75,75,75,102,102,102,137,151,151,251,251,233,247,264,264,109,109,136,136,136,167,39,39,39,69,69,168,168,179,191,191,211,221,255,255,287,313,133,158,176,176,190,190,190,190,190,39,67,67],"floor_reached":56,"language":"ENG","playtime":4853,"items_purged":["Pain","Decay"],"score":1536,"play_id":"398936c8-aa3a-438c-97b5-e820c5bc4caa","local_time":"20210207231339","is_ascension_mode":true,"campfire_choices":[{"data":"Footwork","floor":6.0,"key":"SMITH"},{"data":"Infinite Blades","floor":8.0,"key":"SMITH"},{"data":"Neutralize","floor":12.0,"key":"SMITH"},{"data":"Leg Sweep","floor":15.0,"key":"SMITH"},{"data":"A Thousand Cuts","floor":23.0,"key":"SMITH"},{"data":"A Thousand Cuts","floor":25.0,"key":"SMITH"},{"data":"Blade Dance","floor":30.0,"key":"SMITH"},{"data":"Tools of the Trade","floor":32.0,"key":"SMITH"},{"floor":41.0,"key":"RECALL"},{"floor":49,"key":"REST"},{"floor":52,"key":"REST"}],"circlet_count":0,"master_deck":["Strike_G","Strike_G","Strike_G","Strike_G","Defend_G","Defend_G","Defend_G","Defend_G","Defend_G","Survivor","Neutralize+1","CurseOfTheBell","Leg Sweep+1","Footwork+1","Infinite Blades+1","Backflip","Tools of the Trade+1","A Thousand Cuts+1","Slice","Blur+1","A Thousand Cuts+1","Accuracy+1","Blade Dance+1","Cloak And Dagger+1","Envenom+1","Flying Knee+1","Glass Knife","PiercingWail","Night Terror","Infinite Blades+1","Reflex","Poisoned Stab+1","Reflex","Infinite Blades+1","Concentrate"],"relics":["Calling Bell","Bag of Marbles","Shuriken","Pocketwatch","betterThird:SlimedRelic","Strawberry","Ornamental Fan","Anchor","HoveringKite","WarpedTongs","Ice Cream","Frozen Egg 2","Ancient Tea Set","HornCleat","Tiny Chest","Fusion Hammer","Potion Belt","Pear","Mango","White Beast Statue"],"acts_visited":["Exordium","TheCity","TheBeyond","TheEnding"],"potions_floor_usage":[46,54,55,55,55,55],"damage_taken":[{"damage":0.0,"enemies":"2 Louse","floor":1.0,"turns":4.0},{"damage":0.0,"enemies":"Cultist","floor":4.0,"turns":5.0},{"damage":2.0,"enemies":"Small Slimes","floor":5.0,"turns":3.0},{"damage":2.0,"enemies":"Exordium Thugs","floor":7.0,"turns":10.0},{"damage":14.0,"enemies":"Gremlin Nob","floor":10.0,"turns":4.0},{"damage":18.0,"enemies":"3 Sentries","floor":13.0,"turns":10.0},{"damage":0.0,"enemies":"Blue Slaver","floor":14.0,"turns":4.0},{"damage":2.0,"enemies":"The Guardian","floor":16.0,"turns":13.0},{"damage":3.0,"enemies":"2 Thieves","floor":18.0,"turns":4.0},{"damage":6.0,"enemies":"Shell Parasite","floor":19.0,"turns":8.0},{"damage":0.0,"enemies":"Snake Plant","floor":20.0,"turns":7.0},{"damage":4.0,"enemies":"Slavers","floor":24.0,"turns":6.0},{"damage":0.0,"enemies":"Book of Stabbing","floor":27.0,"turns":7.0},{"damage":9.0,"enemies":"Slavers","floor":31.0,"turns":3.0},{"damage":0.0,"enemies":"Champ","floor":33.0,"turns":8.0},{"damage":0.0,"enemies":"3 Darklings","floor":35.0,"turns":4.0},{"damage":0.0,"enemies":"3 Shapes","floor":36.0,"turns":4.0},{"damage":0.0,"enemies":"Jaw Worm Horde","floor":38.0,"turns":3.0},{"damage":0.0,"enemies":"4 Shapes","floor":39.0,"turns":3.0},{"damage":11.0,"enemies":"Reptomancer","floor":40.0,"turns":5.0},{"damage":0.0,"enemies":"Giant Head","floor":42.0,"turns":6.0},{"damage":0,"enemies":"Reptomancer","floor":45,"turns":4},{"damage":1,"enemies":"Transient","floor":46,"turns":5},{"damage":0,"enemies":"3 Darklings","floor":48,"turns":4},{"damage":0,"enemies":"Donu and Deca","floor":50,"turns":5},{"damage":2,"enemies":"Shield and Spear","floor":54,"turns":6},{"damage":87,"enemies":"The Heart","floor":55,"turns":9}],"seed_played":"-1975080728369568650","potions_obtained":[{"floor":5.0,"key":"Fire Potion"},{"floor":13.0,"key":"ColorlessPotion"},{"floor":16.0,"key":"Weak Potion"},{"floor":24.0,"key":"Energy Potion"},{"floor":27.0,"key":"Swift Potion"},{"floor":42.0,"key":"Fire Potion"},{"floor":45,"key":"LiquidMemories"},{"floor":48,"key":"Poison Potion"}],"is_trial":false,"path_per_floor":["M","?","?","M","M","R","M","R","T","E","?","R","E","M","R","B",null,"M","M","M","?","$","R","E","R","T","E","$","T","R","E","R","B",null,"M","M","?","M","M","E","R","E","T","$","E","M","?","M","R","B",null,"R","$","E","B",null],"character_chosen":"THE_SILENT","items_purchased":["A Thousand Cuts","Accuracy+1","Blade Dance","Reflex","Reflex","Infinite Blades+1"],"campfire_rested":2,"item_purchase_floors":[22,28,28,44,53,53],"current_hp_per_floor":[70,70,59,59,57,57,55,55,62,48,48,48,30,30,30,28,77,74,68,68,68,68,68,64,64,64,64,64,64,64,55,55,55,77,77,77,77,77,77,66,66,76,76,76,90,89,89,89,101,101,101,101,101,99,12],"gold":67,"neow_bonus":"BOSS_RELIC","is_daily":false,"chose_seed":false,"campfire_upgraded":8,"win_rate":0.0,"timestamp":1612692819,"path_taken":["M","?","?","M","M","R","M","R","T","E","?","R","E","M","R","BOSS","M","M","?","?","$","R","E","R","T","E","?","?","R","E","R","BOSS","M","M","?","M","?","E","R","E","T","$","E","M","?","M","R","BOSS","R","$","E","BOSS"],"items_purchased_type":["Card","Card","Card","Card","Card","Card"],"build_version":"2020-12-22","purchased_purges":2,"victory":true,"max_hp_per_floor":[70,70,70,70,70,70,70,70,77,77,77,77,77,77,77,77,77,77,77,77,77,77,77,77,77,77,77,77,77,77,77,77,77,77,77,77,77,77,77,77,77,87,87,87,101,101,101,101,101,101,101,101,101,101,101],"relic_stats":{"counters":[27,154],"Shuriken":[104],"Ornamental Fan":[380],"HoveringKite":[55],"Tiny Chest":0,"obtain_stats":[{"Ice Cream":24,"Potion Belt":40,"Pear":42,"HoveringKite":17,"Mango":45,"Frozen Egg 2":26,"Ancient Tea Set":27,"White Beast Statue":54,"WarpedTongs":21,"Calling Bell":0,"Anchor":13,"HornCleat":29,"Shuriken":0,"Ornamental Fan":10,"betterThird:SlimedRelic":3,"Strawberry":9,"Tiny Chest":31,"Fusion Hammer":34,"Bag of Marbles":0,"Ring of the Snake":0,"Pocketwatch":0},{"Ice Cream":12,"Potion Belt":20,"Pear":21,"HoveringKite":8,"Mango":22,"Frozen Egg 2":12,"Ancient Tea Set":13,"White Beast Statue":26,"WarpedTongs":11,"Calling Bell":0,"Anchor":6,"HornCleat":13,"Shuriken":0,"Ornamental Fan":5,"betterThird:SlimedRelic":1,"Strawberry":4,"Tiny Chest":14,"Fusion Hammer":15,"Bag of Marbles":0,"Ring of the Snake":0,"Pocketwatch":0},{"Ice Cream":78,"Potion Belt":115,"Pear":121,"HoveringKite":53,"Mango":125,"Frozen Egg 2":78,"Ancient Tea Set":85,"White Beast Statue":145,"WarpedTongs":72,"Calling Bell":0,"Anchor":36,"HornCleat":85,"Shuriken":0,"Ornamental Fan":26,"betterThird:SlimedRelic":4,"Strawberry":22,"Tiny Chest":88,"Fusion Hammer":96,"Bag of Marbles":0,"Ring of the Snake":0,"Pocketwatch":0}],"Pocketwatch":[126],"WarpedTongs":[81]},"card_choices":[{"not_picked":["Flechettes","Prepared","Slice"],"picked":"SKIP","floor":1.0},{"not_picked":["Riddle With Holes","PiercingWail"],"picked":"Leg Sweep","floor":4.0},{"not_picked":["Poisoned Stab","Expertise"],"picked":"Footwork","floor":5.0},{"not_picked":["Flying Knee","Outmaneuver"],"picked":"Infinite Blades","floor":7.0},{"not_picked":["Malaise","Bane"],"picked":"Backflip","floor":10.0},{"not_picked":["Backflip","Distraction","Flying Knee"],"picked":"SKIP","floor":13.0},{"not_picked":["Quick Slash","Deflect"],"picked":"Tools of the Trade","floor":14.0},{"not_picked":["Adrenaline","Unload"],"picked":"A Thousand Cuts","floor":16.0},{"not_picked":["Skewer","Concentrate","Sucker Punch"],"picked":"SKIP","floor":18.0},{"not_picked":["Deflect","Acrobatics"],"picked":"Slice","floor":19.0},{"not_picked":["Quick Slash","Bane+1"],"picked":"Blur+1","floor":20.0},{"not_picked":["Corpse Explosion","Acrobatics","Sucker Punch"],"picked":"SKIP","floor":24.0},{"not_picked":["Prepared+1","Slice","Flying Knee"],"picked":"SKIP","floor":27.0},{"not_picked":["Die Die Die","Tactician"],"picked":"Cloak And Dagger+1","floor":31.0},{"not_picked":["Corpse Explosion","Die Die Die"],"picked":"Envenom+1","floor":33.0},{"not_picked":["Deflect","Calculated Gamble"],"picked":"Flying Knee+1","floor":35.0},{"not_picked":["Poisoned Stab","Quick Slash","Masterful Stab"],"picked":"SKIP","floor":36.0},{"not_picked":["Choke+1","Acrobatics+1"],"picked":"Night Terror","floor":38.0},{"not_picked":["Flying Knee","Catalyst","Choke+1"],"picked":"SKIP","floor":39.0},{"not_picked":["Expertise","Predator+1","Sucker Punch"],"picked":"SKIP","floor":40.0},{"not_picked":["Phantasmal Killer","Heel Hook+1"],"picked":"Infinite Blades+1","floor":42.0},{"not_picked":["Masterful Stab","Dagger Throw+1"],"picked":"Poisoned Stab+1","floor":45},{"not_picked":["PiercingWail","Dagger Throw+1","Catalyst"],"picked":"SKIP","floor":46},{"not_picked":["Poisoned Stab","Flying Knee+1","Heel Hook"],"picked":"SKIP","floor":48},{"not_picked":["Riddle With Holes","Bane+1"],"picked":"Concentrate","floor":54}],"player_experience":900058,"relics_obtained":[{"floor":0.0,"key":"Bag of Marbles"},{"floor":0.0,"key":"Shuriken"},{"floor":0.0,"key":"Pocketwatch"},{"floor":9.0,"key":"Strawberry"},{"floor":10.0,"key":"Ornamental Fan"},{"floor":13.0,"key":"Anchor"},{"floor":24.0,"key":"Ice Cream"},{"floor":26.0,"key":"Frozen Egg 2"},{"floor":27.0,"key":"Ancient Tea Set"},{"floor":29.0,"key":"HornCleat"},{"floor":31.0,"key":"Tiny Chest"},{"floor":40.0,"key":"Potion Belt"},{"floor":42.0,"key":"Pear"},{"floor":45,"key":"Mango"},{"floor":54,"key":"White Beast Statue"}],"event_choices":[{"cards_removed":["Strike_G"],"damage_healed":0.0,"max_hp_gain":0.0,"max_hp_loss":0.0,"gold_gain":0.0,"event_name":"The Cleric","player_choice":"Card Removal","floor":2.0,"gold_loss":50.0,"damage_taken":0.0},{"damage_healed":0.0,"max_hp_gain":0.0,"max_hp_loss":0.0,"gold_gain":0.0,"event_name":"betterThird:BetterGoop","player_choice":"Slimed","floor":3.0,"gold_loss":31.0,"damage_taken":11.0},{"damage_healed":0.0,"max_hp_gain":0.0,"max_hp_loss":0.0,"gold_gain":0.0,"event_name":"Wheel of Change","player_choice":"Cursed","floor":11.0,"gold_loss":0.0,"damage_taken":0.0,"cards_obtained":["Decay"]},{"damage_healed":0.0,"max_hp_gain":0.0,"max_hp_loss":0.0,"gold_gain":0.0,"event_name":"Accursed Blacksmith","player_choice":"Rummage","floor":21.0,"gold_loss":0.0,"damage_taken":0.0,"relics_obtained":["WarpedTongs"],"cards_obtained":["Pain"]},{"damage_healed":0.0,"max_hp_gain":0.0,"max_hp_loss":0.0,"gold_gain":0.0,"event_name":"Match and Keep!","player_choice":"2 cards matched","floor":37.0,"gold_loss":0.0,"damage_taken":0.0,"cards_obtained":["Glass Knife","PiercingWail"]},{"damage_healed":0,"gold_gain":0,"player_choice":"Ignored","damage_taken":0,"max_hp_gain":0,"max_hp_loss":0,"event_name":"Tomb of Lord Red Mask","floor":47,"gold_loss":0}],"is_beta":false,"boss_relics":[{"not_picked":["Velvet Choker","Tiny House"],"picked":"HoveringKite"},{"not_picked":["Snecko Eye","Runic Dome"],"picked":"Fusion Hammer"}],"items_purged_floors":[22,44],"is_endless":false,"potions_floor_spawned":[5,13,16,24,27,31,42,45,48],"ascension_level":1}}