{"host":"iv8ljmz7si0xetfh","time":1612709978,"event":{"mods":["100% Spire Juice","BaseMod","Bestiary","Better Note","Colored Map","Colored Powertips","Dark Map","DeckTracker","Displayed Cursed Tome","Downfall","Highlight Path","Minty Spire (QoL Compilation)","Prisma Mod","Rare Cards Sparkle","Relic Stats","StSLib","The Alterego","Unceasing Turn Reminder"],"gold_per_floor":[99,116,135,150,325,600,655,675,675,688,284,184,194,15,28,130,130,130,149,149,159,22,22,22,22,42,74,89,102,120,90,108,212,212,12,26,43,63,73,73,73,83,83,8,8,8,8,8,22,22,22,55,8,8,8,8],"floor_reached":57,"language":"ENG","playtime":6848,"items_purged":["Doubt","Regret","downfall:Malfunctioning","PrismaMod:IllyaInstallSaber"],"score":1970,"play_id":"a5416fb8-cdfb-46a3-be92-959a97984a7b","local_time":"20210207145938","daily_mods":["Draft","Heirloom","Time Dilation"],"is_ascension_mode":false,"campfire_choices":[{"data":"PrismaMod:IllyaUncommonDefend","floor":1.0,"key":"SMITH"},{"data":"PrismaMod:IllyaUberChannel","floor":9.0,"key":"SMITH"},{"data":"PrismaMod:IllyaUncommonDefend","floor":12.0,"key":"SMITH"},{"floor":18,"key":"RECALL"},{"data":"Slimebound:CheckThePlaybook","floor":35,"key":"SMITH"},{"data":"PrismaMod:IllyaUncommonDefend","floor":46,"key":"SMITH"},{"data":"PrismaMod:IllyaUberPoisonChannel","floor":54,"key":"SMITH"}],"circlet_count":0,"master_deck":["PrismaMod:IllyaDualEvoke","PrismaMod:IllyaAOECommonAttack","PrismaMod:IllyaCommandSeal","PrismaMod:IllyaUberChannel+1","PrismaMod:IllyaPoisonBomb","PrismaMod:IllyaPoisonBomb","PrismaMod:IllyaStunPoison","PrismaMod:IllyaUncommonDefend+1","PrismaMod:IllyaFeed","PrismaMod:IllyaAOECommonAttack","PrismaMod:IllyaCheapAttack","PrismaMod:IllyaUncommonEvoke","PrismaMod:IllyaBerserCAR","PrismaMod:IllyaBride","PrismaMod:IllyaMinorZwei","PrismaMod:IllyaBerserCAR","PrismaMod:IllyaUncommonAOEAttack","PrismaMod:IllyaUncommonDefend+1","PrismaMod:IllyaGrail","PrismaMod:IllyaCarnivalAttack","PrismaMod:IllyaUberAttackChannel","PrismaMod:IllyaCheapChannelPoison+1","PrismaMod:IllyaBride+1","Slimebound:CheckThePlaybook+1","PrismaMod:IllyaCheapAttack+1","PrismaMod:IllyaCommandSeal","PrismaMod:IllyaUncommonDefend+1","expansioncontent:DashGenerateEvil+1","PrismaMod:IllyaInstallAlterEgo","PrismaMod:IllyaDevil+1","PrismaMod:IllyaBoysLove+1","PrismaMod:IllyaMinorReinForce+1","PrismaMod:IllyaUncommonDefend+1","expansioncontent:Chronoboost","expansioncontent:AwakenDeath","expansioncontent:HyperBeam+1","PrismaMod:IllyaGrail","PrismaMod:IllyaUberPoisonChannel+1","PrismaMod:IllyaPoisonTippedWeapons+1","PrismaMod:IllyaCheapAttack+1"],"relics":["Unceasing Top","bronze:AnalyticalCore","Shovel","Membership Card","Darkstone Periapt","downfall:HeartBlessingBlue","Blood Vial","SlaversCollar","Molten Egg 2","hexamod:BolsterEngine","sneckomod:BlankCard","Incense Burner","Guardian:BottledAnomaly","expansioncontent:StudyCardRelic","downfall:HeartBlessingRed","downfall:HeartBlessingGreen","bronze:BronzeIdol","Sundial","Frozen Egg 2","Ice Cream"],"acts_visited":["Exordium","TheCity","TheBeyond","TheEnding"],"potions_floor_usage":[16,16,27,27,27,33,55,55,56],"damage_taken":[{"damage":1.0,"enemies":"Jaw Worm","floor":2.0,"turns":2.0},{"damage":0.0,"enemies":"Cultist","floor":3.0,"turns":2.0},{"damage":0.0,"enemies":"Small Slimes","floor":4.0,"turns":2.0},{"damage":0.0,"enemies":"2 Fungi Beasts","floor":8.0,"turns":2.0},{"damage":6.0,"enemies":"Lots of Slimes","floor":10.0,"turns":2.0},{"damage":3.0,"enemies":"downfall:FleeingMerchant","floor":11.0,"turns":4.0},{"damage":3.0,"enemies":"3 Louse","floor":13.0,"turns":2.0},{"damage":7.0,"enemies":"downfall:FleeingMerchant","floor":14.0,"turns":4.0},{"damage":10.0,"enemies":"Red Slaver","floor":15.0,"turns":2.0},{"damage":3,"enemies":"WA_ARCHETYPE_RETAIN","floor":16,"turns":4},{"damage":6,"enemies":"Chosen","floor":19,"turns":3},{"damage":9,"enemies":"Snake Plant","floor":21,"turns":4},{"damage":0,"enemies":"downfall:FleeingMerchant","floor":22,"turns":4},{"damage":0,"enemies":"Centurion and Healer","floor":26,"turns":6},{"damage":28,"enemies":"Slavers","floor":27,"turns":3},{"damage":0,"enemies":"Cultist and Chosen","floor":28,"turns":3},{"damage":1,"enemies":"Shelled Parasite and Fungi","floor":29,"turns":4},{"damage":20,"enemies":"Centurion and Healer","floor":30,"turns":4},{"damage":2,"enemies":"downfall:FleeingMerchant","floor":31,"turns":2},{"damage":3,"enemies":"3 Cultists","floor":32,"turns":3},{"damage":0,"enemies":"DF_ARCHETYPE_CLAW","floor":33,"turns":4},{"damage":0,"enemies":"Orb Walker","floor":36,"turns":3},{"damage":0,"enemies":"3 Shapes","floor":37,"turns":3},{"damage":0,"enemies":"Writhing Mass","floor":38,"turns":3},{"damage":2,"enemies":"4 Shapes","floor":39,"turns":3},{"damage":6,"enemies":"Transient","floor":42,"turns":5},{"damage":0,"enemies":"Jaw Worm Horde","floor":49,"turns":4},{"damage":0,"enemies":"IC_BLOCK_ARCHETYPE","floor":50,"turns":5},{"damage":10,"enemies":"downfall:CharBossMerchant","floor":52,"turns":10},{"damage":0,"enemies":"downfall:NeowBoss","floor":55,"turns":6},{"damage":12,"enemies":"downfall:NeowBossFinal","floor":56,"turns":8}],"seed_played":"4925557423613749965","potions_obtained":[{"floor":2.0,"key":"LiquidBronze"},{"floor":4.0,"key":"SkillPotion"},{"floor":13.0,"key":"EssenceOfSteel"},{"floor":16,"key":"BlessingOfTheForge"},{"floor":26,"key":"ColorlessPotion"},{"floor":28,"key":"LiquidBronze"},{"floor":32,"key":"Strength Potion"},{"floor":33,"key":"SpeedPotion"},{"floor":36,"key":"Energy Potion"},{"floor":39,"key":"bronze:BurnAndBuffPotion"},{"floor":42,"key":"sneckomod:MuddlingPotion"}],"is_trial":true,"path_per_floor":["R","M","M","M","?","?","T","M","R","M","$","R","M","$","M","B",null,"R","M","?","M","$","?","T","?","M","E","M","M","M","$","M","B",null,"R","M","M","M","M","?","T","M","T","$","$","R","?","?","M","B",null,"E","$","R","B","B",null],"character_chosen":"ILLYA","items_purchased":["Membership Card","PrismaMod:IllyaInstallSaber","PrismaMod:IllyaGrail","Darkstone Periapt","PrismaMod:IllyaCarnivalAttack","Blood Vial","Molten Egg 2","Incense Burner","expansioncontent:DashGenerateEvil+1","Guardian:BottledAnomaly","PrismaMod:IllyaPoisonTippedWeapons+1","PrismaMod:IllyaCheapAttack+1"],"campfire_rested":0,"item_purchase_floors":[11,11,11,11,14,14,22,31,31,31,53,53],"current_hp_per_floor":[75,74,74,75,75,75,75,75,75,69,66,76,76,80,75,77,85,85,79,79,75,85,91,91,97,97,69,74,78,69,84,86,91,97,97,97,97,97,95,95,95,97,97,97,97,97,87,87,89,94,97,90,90,90,95,91],"gold":8,"neow_bonus":"","is_daily":false,"chose_seed":false,"campfire_upgraded":6,"win_rate":0.0,"timestamp":1612709978,"path_taken":["R","M","M","M","?","?","T","M","R","?","?","R","M","$","M","BOSS","R","M","?","?","$","?","T","?","M","E","M","M","?","?","M","BOSS","R","M","M","M","?","?","T","M","?","?","$","R","?","?","M","BOSS","E","$","R","BOSS","BOSS"],"items_purchased_type":["Relic","Card","Card","Relic","Card","Relic","Relic","Relic","Card","Relic","Card","Card"],"build_version":"2020-12-22","purchased_purges":4,"victory":true,"max_hp_per_floor":[75,75,75,75,75,75,75,75,75,75,75,85,85,85,85,85,85,85,85,85,85,85,91,91,97,97,97,97,97,97,97,97,97,97,97,97,97,97,97,97,97,97,97,97,97,97,97,97,97,97,97,97,97,97,97,97],"relic_stats":{"Darkstone Periapt":12,"Blood Vial":30,"Shovel":0,"counters":[31,116],"Sundial":[2],"obtain_stats":[{"Darkstone Periapt":11,"Ice Cream":52,"downfall:HeartBlessingRed":35,"sneckomod:BlankCard":27,"downfall:HeartBlessingGreen":35,"Incense Burner":31,"expansioncontent:StudyCardRelic":34,"Frozen Egg 2":48,"bronze:BronzeIdol":41,"Blood Vial":14,"SlaversCollar":17,"Shovel":0,"bronze:AnalyticalCore":0,"downfall:HeartBlessingBlue":12,"Sundial":43,"Molten Egg 2":22,"Membership Card":11,"hexamod:BolsterEngine":24,"Guardian:BottledAnomaly":31,"Unceasing Top":0},{"Darkstone Periapt":6,"Ice Cream":29,"downfall:HeartBlessingRed":21,"sneckomod:BlankCard":15,"downfall:HeartBlessingGreen":21,"Incense Burner":19,"expansioncontent:StudyCardRelic":21,"Frozen Egg 2":26,"bronze:BronzeIdol":25,"Blood Vial":8,"SlaversCollar":10,"Shovel":0,"bronze:AnalyticalCore":0,"downfall:HeartBlessingBlue":6,"Sundial":26,"Molten Egg 2":13,"Membership Card":6,"hexamod:BolsterEngine":13,"Guardian:BottledAnomaly":19,"Unceasing Top":0},{"Darkstone Periapt":14,"Ice Cream":102,"downfall:HeartBlessingRed":66,"sneckomod:BlankCard":46,"downfall:HeartBlessingGreen":66,"Incense Burner":59,"expansioncontent:StudyCardRelic":66,"Frozen Egg 2":83,"bronze:BronzeIdol":78,"Blood Vial":20,"SlaversCollar":26,"Shovel":0,"bronze:AnalyticalCore":0,"downfall:HeartBlessingBlue":14,"Sundial":83,"Molten Egg 2":37,"Membership Card":14,"hexamod:BolsterEngine":37,"Guardian:BottledAnomaly":59,"Unceasing Top":0}],"Unceasing Top":[4]},"card_choices":[{"not_picked":["PrismaMod:IllyaStunPoison","PrismaMod:IllyaPoisonBlock"],"picked":"PrismaMod:IllyaAOECommonAttack","floor":0.0},{"not_picked":["PrismaMod:IllyaMaid","PrismaMod:IllyaPoisonBlock"],"picked":"PrismaMod:IllyaDualEvoke","floor":0.0},{"not_picked":["PrismaMod:IllyaCheapChannelPoison","PrismaMod:IllyaGrailKun"],"picked":"PrismaMod:IllyaAOECommonAttack","floor":0.0},{"not_picked":["PrismaMod:IllyaPartialInstallAssassin","PrismaMod:IllyaRapidFire"],"picked":"PrismaMod:IllyaCommandSeal","floor":0.0},{"not_picked":["PrismaMod:IllyaBoysLove","PrismaMod:IllyaCheapChannelDefend"],"picked":"PrismaMod:IllyaUberChannel","floor":0.0},{"not_picked":["PrismaMod:IllyaRapidFire","PrismaMod:IllyaRubysPotion"],"picked":"PrismaMod:IllyaPoisonTippedWeapons","floor":0.0},{"not_picked":["PrismaMod:IllyaCheapChannelDefend","PrismaMod:IllyaDualEvoke"],"picked":"PrismaMod:IllyaPoisonBomb","floor":0.0},{"not_picked":["PrismaMod:IllyaBlindPoisonToss","PrismaMod:IllyaEvokeAll"],"picked":"PrismaMod:IllyaPoisonBomb","floor":0.0},{"not_picked":["PrismaMod:IllyaGrailKun","PrismaMod:IllyaCommonEvoke"],"picked":"PrismaMod:IllyaStunPoison","floor":0.0},{"not_picked":["PrismaMod:IllyaBride","PrismaMod:IllyaFeed"],"picked":"PrismaMod:IllyaUncommonDefend","floor":0.0},{"not_picked":["PrismaMod:IllyaReinForce","PrismaMod:IllyaRubysPotion"],"picked":"PrismaMod:IllyaFeed","floor":0.0},{"not_picked":["PrismaMod:IllyaPoisonBomb","PrismaMod:IllyaFeed"],"picked":"PrismaMod:IllyaAOECommonAttack","floor":0.0},{"not_picked":["PrismaMod:IllyaUpgradeOrbs","PrismaMod:IllyaRapidFire"],"picked":"PrismaMod:IllyaCheapAttack","floor":0.0},{"not_picked":["PrismaMod:IllyaRussianRoulette","PrismaMod:IllyaCheapChannelAttack"],"picked":"PrismaMod:IllyaUncommonEvoke","floor":0.0},{"not_picked":["PrismaMod:IllyaGun","PrismaMod:IllyaRubysPotion"],"picked":"PrismaMod:IllyaBerserCAR","floor":0.0},{"not_picked":["PrismaMod:IllyaFriendMaker","PrismaMod:IllyaPartialInstallAssassin"],"picked":"PrismaMod:IllyaBride","floor":2.0},{"not_picked":["PrismaMod:IllyaCommandSeal","PrismaMod:IllyaFriendMaker"],"picked":"PrismaMod:IllyaMinorZwei","floor":3.0},{"not_picked":["PrismaMod:IllyaRubysPotion","PrismaMod:IllyaEvokeAll"],"picked":"PrismaMod:IllyaBerserCAR","floor":4.0},{"not_picked":["PrismaMod:IllyaCheapAttack","PrismaMod:IllyaCheapChannelPoison"],"picked":"PrismaMod:IllyaUncommonAOEAttack","floor":8.0},{"not_picked":["PrismaMod:IllyaInstallForeigner","PrismaMod:IllyaCommonEvoke","PrismaMod:IllyaUncommonEvoke"],"picked":"SKIP","floor":10.0},{"not_picked":["PrismaMod:IllyaAlice","PrismaMod:IllyaCheapChannelDefend"],"picked":"PrismaMod:IllyaUncommonDefend","floor":11.0},{"not_picked":["PrismaMod:IllyaHassanGift","PrismaMod:IllyaTestament","PrismaMod:IllyaMinorRapidFire"],"picked":"SKIP","floor":13.0},{"not_picked":["PrismaMod:IllyaRubysPotion","PrismaMod:IllyaAOECommonAttack","PrismaMod:IllyaPoisonTippedWeapons"],"picked":"SKIP","floor":14.0},{"not_picked":["PrismaMod:IllyaAOECommonAttack","PrismaMod:IllyaRubysPotion","PrismaMod:IllyaBride"],"picked":"SKIP","floor":15},{"not_picked":["PrismaMod:IllyaCarnivalOrbs","PrismaMod:IllyaInstallArcher"],"picked":"PrismaMod:IllyaUberAttackChannel","floor":16},{"not_picked":["PrismaMod:IllyaPoisonBomb","PrismaMod:IllyaBerserCAR","PrismaMod:IllyaFriendMaker"],"picked":"SKIP","floor":19},{"not_picked":["PrismaMod:IllyaUberPoisonBlock","PrismaMod:IllyaCommonEvoke"],"picked":"PrismaMod:IllyaCheapChannelPoison+1","floor":21},{"not_picked":["PrismaMod:IllyaUncommonAttack","PrismaMod:IllyaBerserCAR"],"picked":"PrismaMod:IllyaBride+1","floor":22},{"not_picked":["PrismaMod:IllyaDetonatingBlow+1","PrismaMod:IllyaBoysLove","PrismaMod:IllyaUberChannel+1"],"picked":"SKIP","floor":26},{"not_picked":["PrismaMod:IllyaRapidFire+1","PrismaMod:IllyaBoysLove","PrismaMod:IllyaDetonatingBlow+1"],"picked":"SKIP","floor":27},{"not_picked":["PrismaMod:IllyaFeed+1","PrismaMod:IllyaBoysLove"],"picked":"PrismaMod:IllyaCheapAttack+1","floor":28},{"not_picked":["PrismaMod:IllyaMinorZwei","PrismaMod:IllyaFeed+1"],"picked":"PrismaMod:IllyaCommandSeal","floor":29},{"not_picked":["PrismaMod:IllyaUncommonAttack+1","PrismaMod:IllyaGrailKun"],"picked":"PrismaMod:IllyaUncommonDefend+1","floor":30},{"not_picked":["PrismaMod:IllyaCommonEvoke+1","PrismaMod:IllyaCheapChannelDefend+1","PrismaMod:IllyaInstallSaber"],"picked":"SKIP","floor":31},{"not_picked":["PrismaMod:IllyaMinorZwei","PrismaMod:IllyaUberPoisonBlock","PrismaMod:IllyaHassanGift"],"picked":"SKIP","floor":32},{"not_picked":["PrismaMod:IllyaUberDefendChannel","PrismaMod:IllyaCarnivalOrbs"],"picked":"PrismaMod:IllyaInstallAlterEgo","floor":33},{"not_picked":["PrismaMod:IllyaRussianRoulette","PrismaMod:IllyaDualEvoke+1"],"picked":"PrismaMod:IllyaDevil+1","floor":36},{"not_picked":["PrismaMod:IllyaBride+1","PrismaMod:IllyaTestament+1"],"picked":"PrismaMod:IllyaBoysLove+1","floor":37},{"not_picked":["PrismaMod:IllyaRussianRoulette+1","PrismaMod:IllyaCheapChannelDefend+1","PrismaMod:IllyaAOECommonAttack+1"],"picked":"SKIP","floor":38},{"not_picked":["PrismaMod:IllyaCheapAttack+1","PrismaMod:IllyaCommonEvoke+1"],"picked":"PrismaMod:IllyaMinorReinForce+1","floor":39},{"not_picked":["PrismaMod:IllyaCheapDefend+1","PrismaMod:IllyaCommandSeal+1"],"picked":"PrismaMod:IllyaUncommonDefend","floor":42},{"not_picked":["expansioncontent:PrepareCrush","expansioncontent:AwakenDeath"],"picked":"expansioncontent:Chronoboost","floor":47},{"not_picked":["expansioncontent:PrepareCrush","expansioncontent:HyperBeam"],"picked":"expansioncontent:AwakenDeath","floor":47},{"not_picked":["expansioncontent:GuardianWhirl","expansioncontent:PrepareCrush"],"picked":"expansioncontent:HyperBeam","floor":47},{"not_picked":["PrismaMod:IllyaCheapChannelPoison","PrismaMod:IllyaRubysPotion"],"picked":"PrismaMod:IllyaGrail","floor":49},{"not_picked":["PrismaMod:IllyaCheapChannelDefend","PrismaMod:IllyaHassanGift+1"],"picked":"PrismaMod:IllyaUberPoisonChannel","floor":52}],"player_experience":375058,"relics_obtained":[{"floor":24,"key":"hexamod:BolsterEngine"},{"floor":27,"key":"sneckomod:BlankCard"},{"floor":41,"key":"bronze:BronzeIdol"},{"floor":43,"key":"Sundial"},{"floor":48,"key":"Frozen Egg 2"},{"floor":52,"key":"Ice Cream"}],"event_choices":[{"damage_healed":0,"gold_gain":0,"player_choice":"Ignored","damage_taken":0,"max_hp_gain":0,"max_hp_loss":0,"event_name":"betterNote:BetterNote","floor":20,"gold_loss":0,"cards_obtained":["sneckomod:SoulCleanse"]},{"damage_healed":0,"gold_gain":0,"player_choice":"Relic","damage_taken":0,"max_hp_gain":0,"max_hp_loss":0,"event_name":"Wheel of Change","floor":48,"gold_loss":0}],"is_beta":false,"boss_relics":[{"not_picked":["SacredBark","Sozu"],"picked":"SlaversCollar"},{"not_picked":["Calling Bell","Velvet Choker"],"picked":"expansioncontent:StudyCardRelic"}],"items_purged_floors":[11,14,31,44],"is_endless":false,"potions_floor_spawned":[2,4,13,16,26,28,32,33,36,39,42,52],"ascension_level":0}}