{"host":"5nj7t8259370g0gl","time":1612674906,"event":{"mods":["AchievementEnabler","BaseMod","Bestiary","Bossed Relics","Colored Map","Colored Powertips","Displayed Cursed Tome","Minty Spire (QoL Compilation)","Permanent Neow","Relic Sorter","Shop Mod","Spire Arcade","StSLib","TheSurvivalist"],"gold_per_floor":[500113,499585,499541,498795,498795,498820,498836,498836,498911,498941,498941,498969,498437,498455,498455,498560,498560,498574,498574,498588,497736,497746,497772,497802,496878,496904,496087,496087,496087,496087,496097,496097,496196,496196,496207,496220,496230,496253,495490,495525,495558,495589,495637,495663,495663,494862,494897,494897,494897,494897],"floor_reached":51,"language":"ENG","playtime":3226,"items_purged":["survmod:SwiftKick","survmod:OverwhelmingAssault","survmod:GoForFace","survmod:GoForFace+1","survmod:DuckAndFlare","survmod:DuckAndFlare","survmod:DuckAndFlare+1","survmod:FlashbangShot+1"],"score":1470,"play_id":"a71c85cb-b56d-4bb3-bef5-fb1907f87771","local_time":"20210207161506","daily_mods":["SealedDeck","Flight","DeadlyEvents"],"is_ascension_mode":false,"campfire_choices":[{"data":"survmod:MarkedShot","floor":8,"key":"SMITH"},{"data":"survmod:GoForFace","floor":11,"key":"SMITH"},{"data":"survmod:DuckAndFlare","floor":15,"key":"SMITH"},{"data":"survmod:DuckAndFlare","floor":28,"key":"SMITH"},{"data":"Panache","floor":29,"key":"SMITH"},{"data":"Panache","floor":30,"key":"SMITH"},{"floor":32,"key":"REST"}],"circlet_count":0,"master_deck":["survmod:MarkedShot+1","survmod:NockAnArrow+1","survmod:DuckAndFlare+1","survmod:NockAnArrow+1","Panache+1","Panache+1","survmod:QuickThinking+1","survmod:Marksmanship+1"],"relics":["survmod:InnateMutation","Anchor","Pear","Thread and Needle","Happy Flower","HandDrill","Regal Pillow","Gremlin Horn","Bottled Lightning","Bird Faced Urn","Meat on the Bone","Whetstone","Empty Cage","Chemical X","Prayer Wheel","Ornamental Fan","Omamori","Matryoshka","Lee\u0027s Waffle","Torii","Pocketwatch","Akabeko","Dream Catcher","survmod:TrapManual","Blood Vial","DollysMirror","Coffee Dripper","HornCleat","Bag of Preparation","survmod:RunningShoes","Singing Bowl","Strange Spoon","Sundial","Blue Candle","Boot","Vajra","Ancient Tea Set","Kunai","TungstenRod","Letter Opener"],"acts_visited":["Exordium","TheCity","TheBeyond"],"potions_floor_usage":[6],"damage_taken":[{"damage":0,"enemies":"Cultist","floor":1,"turns":4},{"damage":0,"enemies":"Gremlin Nob","floor":6,"turns":3},{"damage":0,"enemies":"2 Louse","floor":7,"turns":3},{"damage":0,"enemies":"3 Sentries","floor":10,"turns":4},{"damage":0,"enemies":"Lagavulin","floor":12,"turns":4},{"damage":0,"enemies":"Jaw Worm","floor":14,"turns":2},{"damage":0,"enemies":"The Guardian","floor":16,"turns":4},{"damage":0,"enemies":"Shell Parasite","floor":18,"turns":2},{"damage":0,"enemies":"Chosen","floor":20,"turns":2},{"damage":0,"enemies":"Centurion and Healer","floor":22,"turns":2},{"damage":0,"enemies":"Slavers","floor":23,"turns":1},{"damage":0,"enemies":"Gremlin Leader","floor":24,"turns":1},{"damage":0,"enemies":"Sentry and Sphere","floor":31,"turns":1},{"damage":0,"enemies":"Champ","floor":33,"turns":2},{"damage":0,"enemies":"3 Darklings","floor":35,"turns":1},{"damage":0,"enemies":"Orb Walker","floor":36,"turns":1},{"damage":0,"enemies":"Spire Growth","floor":37,"turns":1},{"damage":0,"enemies":"Nemesis","floor":40,"turns":1},{"damage":0,"enemies":"Reptomancer","floor":41,"turns":1},{"damage":0,"enemies":"Nemesis","floor":42,"turns":1},{"damage":0,"enemies":"Reptomancer","floor":44,"turns":1},{"damage":0,"enemies":"Giant Head","floor":47,"turns":1},{"damage":0,"enemies":"Awakened One","floor":50,"turns":2}],"seed_played":"-7518746672042965754","potions_obtained":[{"floor":1,"key":"Ancient Potion"},{"floor":10,"key":"Regen Potion"},{"floor":16,"key":"ColorlessPotion"}],"is_trial":true,"path_per_floor":["M","$","?","$","?","E","M","R","T","E","R","E","$","M","R","B",null,"M","?","M","$","M","E","E","$","T","$","R","R","R","M","R","B",null,"M","M","M","T","$","E","E","E","T","E","R","$","E","?","R","B",null],"character_chosen":"THE_SURVIVOR","items_purchased":["Anchor","Pear","survmod:GoForFace","Thread and Needle","Happy Flower","HandDrill","Energy Potion","Meat on the Bone","Whetstone","Chemical X","Prayer Wheel","Ornamental Fan","Lee\u0027s Waffle","Torii","Pocketwatch","survmod:TrapManual","Blood Vial","Panache","DollysMirror","survmod:RunningShoes","Singing Bowl","Strange Spoon","Kunai","TungstenRod"],"campfire_rested":1,"item_purchase_floors":[2,2,2,4,4,4,4,13,13,21,21,21,25,25,25,27,27,27,27,39,39,39,46,46],"current_hp_per_floor":[50,60,60,60,53,53,53,53,53,53,53,53,53,59,59,60,60,60,50,50,50,50,50,50,72,72,72,72,72,72,72,72,72,72,72,72,72,72,72,74,76,78,78,80,80,80,82,82,82,82],"gold":494897,"neow_bonus":"","is_daily":false,"chose_seed":false,"campfire_upgraded":6,"win_rate":0.0,"timestamp":1612674906,"path_taken":["M","$","?","$","?","E","?","R","T","?","R","E","$","?","R","BOSS","M","?","?","$","?","E","E","$","T","$","R","R","R","M","R","BOSS","M","M","?","?","$","E","E","E","T","E","R","$","?","?","R","BOSS"],"items_purchased_type":["Relic","Relic","Card","Relic","Relic","Relic","Potion","Relic","Relic","Relic","Relic","Relic","Relic","Relic","Relic","Relic","Relic","Card","Relic","Relic","Relic","Relic","Relic","Relic"],"build_version":"2020-12-22","purchased_purges":8,"victory":true,"max_hp_per_floor":[50,60,60,60,60,60,60,60,60,60,60,60,60,60,60,60,60,60,65,65,65,65,65,65,72,72,72,72,72,72,72,72,72,72,72,72,72,72,72,74,76,78,78,80,80,80,82,82,82,82],"card_choices":[{"not_picked":["survmod:FindCover","survmod:QuickDash"],"picked":"survmod:DuckAndFlare","floor":1},{"not_picked":["survmod:AcidTrap","survmod:PiercingShot","survmod:PersonalMark"],"picked":"SKIP","floor":6},{"not_picked":["survmod:BearTrap","survmod:PiercingShot"],"picked":"survmod:FlashbangShot","floor":7},{"not_picked":["survmod:MarkedShot","survmod:DuckAndFlare"],"picked":"survmod:GoForFace","floor":10},{"not_picked":["survmod:PinningSnipe","survmod:Exploit","survmod:SurpriseTrap"],"picked":"SKIP","floor":12},{"not_picked":["survmod:PinningSnipe","survmod:FlashbangShot","survmod:UnfortunateEscape"],"picked":"SKIP","floor":14},{"not_picked":["survmod:Hawkeye","survmod:LongShot","survmod:SwiftKick"],"picked":"SKIP","floor":18},{"not_picked":["survmod:GoForFace+1","survmod:MarkedFromAfar"],"picked":"survmod:NockAnArrow+1","floor":20},{"not_picked":["survmod:AcidTrap+1","survmod:PinningSnipe","survmod:UnfortunateEscape"],"picked":"SKIP","floor":22},{"not_picked":["survmod:GoForFace+1","survmod:HiddenTactic","survmod:BearTrap"],"picked":"SKIP","floor":22},{"not_picked":["survmod:AcidTrap","survmod:FocusedFire","survmod:MutantForm"],"picked":"SKIP","floor":23},{"not_picked":["survmod:HailOfArrows","survmod:MarkedShot","survmod:AcidTrap+1"],"picked":"SKIP","floor":24},{"not_picked":["survmod:LongShot","survmod:FlashbangShot"],"picked":"survmod:QuickThinking+1","floor":31},{"not_picked":["survmod:GoForFace","survmod:DuckAndFlare","survmod:SimpleMutation"],"picked":"SKIP","floor":31},{"not_picked":["survmod:MarkTrap+1","survmod:SwiftKick+1"],"picked":"survmod:Marksmanship+1","floor":35},{"not_picked":["survmod:QuickDash","survmod:TwinShot","survmod:SurpriseTrap+1"],"picked":"SKIP","floor":35},{"not_picked":["survmod:DesperateAmbush","survmod:TwinShot","survmod:TacticalManeuver"],"picked":"SKIP","floor":36},{"not_picked":["survmod:UnfortunateEscape+1","survmod:FenceTrap+1","survmod:AcidTrap"],"picked":"SKIP","floor":36},{"not_picked":["survmod:TwinShot","survmod:ShrapnelTraps+1","survmod:KnowThyEnemy"],"picked":"SKIP","floor":37},{"not_picked":["survmod:MarkedShot+1","survmod:LeapingShot","survmod:AimForTheLiver+1"],"picked":"SKIP","floor":37},{"not_picked":["survmod:SurpriseTrap","survmod:AimForTheLiver+1","survmod:PenetratingShot"],"picked":"Singing Bowl","floor":40},{"not_picked":["survmod:BendAndBow+1","survmod:EmptyQuiver","survmod:FenceTrap"],"picked":"Singing Bowl","floor":41},{"not_picked":["survmod:MercifulShot","survmod:DeadlyAim","survmod:KnowThyEnemy"],"picked":"Singing Bowl","floor":42},{"not_picked":["survmod:PiercingShot","survmod:PersonalMark+1","survmod:FocusedFire+1"],"picked":"Singing Bowl","floor":44},{"not_picked":["survmod:RejectWeakness","survmod:SimpleMutation","survmod:CloseCombat"],"picked":"Singing Bowl","floor":47}],"player_experience":560842,"relics_obtained":[{"floor":6,"key":"Regal Pillow"},{"floor":9,"key":"Gremlin Horn"},{"floor":10,"key":"Bottled Lightning"},{"floor":12,"key":"Bird Faced Urn"},{"floor":23,"key":"Omamori"},{"floor":24,"key":"Matryoshka"},{"floor":26,"key":"Akabeko"},{"floor":26,"key":"Dream Catcher"},{"floor":38,"key":"HornCleat"},{"floor":38,"key":"Bag of Preparation"},{"floor":40,"key":"Sundial"},{"floor":41,"key":"Blue Candle"},{"floor":42,"key":"Boot"},{"floor":43,"key":"Vajra"},{"floor":44,"key":"Ancient Tea Set"},{"floor":47,"key":"Letter Opener"}],"event_choices":[{"damage_healed":0,"gold_gain":0,"player_choice":"Left Gold","damage_taken":0,"max_hp_gain":0,"max_hp_loss":0,"event_name":"World of Goop","floor":3,"gold_loss":44},{"cards_removed":["survmod:AcidTrap"],"damage_healed":0,"gold_gain":0,"player_choice":"Card Removal","damage_taken":7,"max_hp_gain":0,"max_hp_loss":0,"event_name":"Golden Wing","floor":5,"gold_loss":0},{"damage_healed":0,"gold_gain":0,"player_choice":"Shed Blood","damage_taken":15,"max_hp_gain":5,"max_hp_loss":0,"event_name":"Forgotten Altar","floor":19,"gold_loss":0},{"damage_healed":0,"gold_gain":0,"player_choice":"Ignored","damage_taken":0,"max_hp_gain":0,"max_hp_loss":0,"event_name":"NoteForYourself","floor":48,"gold_loss":0}],"is_beta":false,"boss_relics":[{"not_picked":["Cursed Key","Philosopher\u0027s Stone"],"picked":"Empty Cage"},{"not_picked":["Runic Pyramid","Runic Dome"],"picked":"Coffee Dripper"}],"items_purged_floors":[2,4,13,21,25,27,39,46],"is_endless":false,"potions_floor_spawned":[1,10,16,22,24,31,35,37,40,41],"ascension_level":0}}