{"host":"ao4lxi9bhtts409i","time":1612734170,"event":{"mods":["AchievementEnabler","BaseMod","Colored Map","Colored Powertips","Minty Spire (QoL Compilation)","SuperFastMode"],"gold_per_floor":[119,119,137,100,118,118,148,148,148,179,189,217,233,246,246,346,346,361,361,361,361,74,100,100,120,174,192,222,222,257,275,275,275,275],"floor_reached":33,"language":"ENG","playtime":1858,"items_purged":[],"score":470,"play_id":"935961e0-c6e6-4491-a2a9-f351352c252e","local_time":"20210207224250","is_ascension_mode":true,"campfire_choices":[{"floor":6,"key":"RECALL"},{"floor":8,"key":"REST"},{"floor":15,"key":"REST"},{"floor":24,"key":"REST"},{"floor":29,"key":"REST"},{"floor":32,"key":"REST"}],"circlet_count":0,"master_deck":["Strike_G","Strike_G","Strike_G","Strike_G","Defend_G","Defend_G","Defend_G","Defend_G","Defend_G","Survivor","Neutralize","Poisoned Stab","Quick Slash","Well Laid Plans","Caltrops","Bullet Time","Unload","Blade Dance","Cloak And Dagger","Well Laid Plans","Backflip","After Image","Finisher+1","Ghostly","Ghostly","Ghostly","Ghostly","Ghostly","Corpse Explosion","Leg Sweep","Cloak And Dagger","Well Laid Plans","Noxious Fumes","Infinite Blades","Caltrops+1","Adrenaline","Blade Dance"],"relics":["Fusion Hammer","StrikeDummy","Mercury Hourglass","The Courier","Meat on the Bone","Sozu","Sundial","Ninja Scroll","Smiling Mask","Pen Nib","Potion Belt"],"acts_visited":["Exordium","TheCity"],"potions_floor_usage":[10,16,33,33],"damage_taken":[{"damage":1,"enemies":"Small Slimes","floor":1,"turns":4},{"damage":0,"enemies":"Cultist","floor":3,"turns":3},{"damage":2,"enemies":"Jaw Worm","floor":5,"turns":3},{"damage":17,"enemies":"3 Sentries","floor":7,"turns":10},{"damage":11,"enemies":"Gremlin Nob","floor":10,"turns":4},{"damage":2,"enemies":"Exordium Wildlife","floor":11,"turns":3},{"damage":10,"enemies":"3 Sentries","floor":12,"turns":5},{"damage":3,"enemies":"Looter","floor":13,"turns":2},{"damage":5,"enemies":"Blue Slaver","floor":14,"turns":3},{"damage":11,"enemies":"Slime Boss","floor":16,"turns":8},{"damage":10,"enemies":"Spheric Guardian","floor":18,"turns":4},{"damage":3,"enemies":"Slavers","floor":23,"turns":3},{"damage":10,"enemies":"Shell Parasite","floor":25,"turns":5},{"damage":0,"enemies":"Snecko","floor":27,"turns":5},{"damage":17,"enemies":"Gremlin Leader","floor":28,"turns":6},{"damage":0,"enemies":"Book of Stabbing","floor":30,"turns":4},{"damage":2,"enemies":"Centurion and Healer","floor":31,"turns":5},{"damage":54,"enemies":"Champ","floor":33,"turns":6}],"seed_played":"1144186900231222451","potions_obtained":[{"floor":1,"key":"SpeedPotion"},{"floor":7,"key":"Block Potion"},{"floor":11,"key":"Regen Potion"},{"floor":12,"key":"Energy Potion"},{"floor":16,"key":"AttackPotion"}],"is_trial":false,"path_per_floor":["M","?","M","$","M","R","E","R","T","E","M","E","M","M","R","B",null,"M","?","T","?","$","E","R","M","T","M","E","R","E","M","R","B"],"character_chosen":"THE_SILENT","items_purchased":["Well Laid Plans","Corpse Explosion","Leg Sweep","Cloak And Dagger","Well Laid Plans"],"campfire_rested":5,"item_purchase_floors":[4,22,22,22,22],"current_hp_per_floor":[69,69,69,69,67,67,50,70,70,59,57,47,44,39,60,49,70,60,60,60,35,35,32,35,25,25,25,20,30,30,28,35,0,0],"gold":275,"neow_bonus":"BOSS_RELIC","is_daily":false,"chose_seed":false,"campfire_upgraded":0,"win_rate":0.0,"timestamp":1612734170,"path_taken":["M","?","M","$","?","R","E","R","T","E","M","E","M","M","R","BOSS","M","?","?","?","?","E","R","M","T","M","E","R","E","M","R","BOSS"],"items_purchased_type":["Card","Card","Card","Card","Card"],"build_version":"2020-12-22","purchased_purges":0,"victory":false,"max_hp_per_floor":[70,70,70,70,70,70,70,70,70,70,70,70,70,70,70,70,70,70,70,70,35,35,35,35,35,35,35,35,35,35,35,35,35,35],"card_choices":[{"not_picked":["Sucker Punch","Deadly Poison"],"picked":"Poisoned Stab","floor":1},{"not_picked":["Tactician","Finisher"],"picked":"Quick Slash","floor":3},{"not_picked":["Underhanded Strike","Poisoned Stab"],"picked":"Caltrops","floor":5},{"not_picked":["Cloak And Dagger","Underhanded Strike"],"picked":"Bullet Time","floor":7},{"not_picked":["Bane","Accuracy"],"picked":"Unload","floor":10},{"not_picked":["Reflex","Tactician"],"picked":"Blade Dance","floor":11},{"not_picked":["Blade Dance","Skewer"],"picked":"Cloak And Dagger","floor":12},{"not_picked":["Reflex","Deflect"],"picked":"Well Laid Plans","floor":13},{"not_picked":["Sucker Punch","Blade Dance"],"picked":"Backflip","floor":14},{"not_picked":["Storm of Steel","Night Terror"],"picked":"After Image","floor":16},{"not_picked":["Dagger Throw","Slice"],"picked":"Finisher+1","floor":18},{"not_picked":["Concentrate+1","Flying Knee"],"picked":"Noxious Fumes","floor":23},{"not_picked":["Poisoned Stab+1","PiercingWail"],"picked":"Infinite Blades","floor":25},{"not_picked":["Outmaneuver","Bane"],"picked":"Caltrops+1","floor":27},{"not_picked":["Masterful Stab","Backflip+1"],"picked":"Adrenaline","floor":28},{"not_picked":["Calculated Gamble","Dash+1"],"picked":"Blade Dance","floor":30},{"not_picked":["Tactician","Flying Knee","Predator"],"picked":"SKIP","floor":31}],"player_experience":284447,"relics_obtained":[{"floor":7,"key":"StrikeDummy"},{"floor":9,"key":"Mercury Hourglass"},{"floor":10,"key":"The Courier"},{"floor":12,"key":"Meat on the Bone"},{"floor":20,"key":"Sundial"},{"floor":23,"key":"Ninja Scroll"},{"floor":26,"key":"Smiling Mask"},{"floor":28,"key":"Pen Nib"},{"floor":30,"key":"Potion Belt"}],"event_choices":[{"cards_removed":["Strike_G"],"damage_healed":0,"gold_gain":0,"player_choice":"Purged","damage_taken":0,"max_hp_gain":0,"max_hp_loss":0,"event_name":"Purifier","floor":2,"gold_loss":0},{"damage_healed":0,"gold_gain":0,"player_choice":"Ignored","damage_taken":0,"max_hp_gain":0,"max_hp_loss":0,"event_name":"The Mausoleum","floor":19,"gold_loss":0},{"damage_healed":0,"gold_gain":0,"player_choice":"Became a Ghost","damage_taken":0,"max_hp_gain":0,"max_hp_loss":35,"event_name":"Ghosts","floor":21,"gold_loss":0,"cards_obtained":["Ghostly","Ghostly","Ghostly","Ghostly","Ghostly"]}],"is_beta":false,"boss_relics":[{"not_picked":["Coffee Dripper","Runic Dome"],"picked":"Sozu"}],"items_purged_floors":[],"is_endless":false,"potions_floor_spawned":[1,7,11,12,16,18,23,27,30],"killed_by":"Champ","ascension_level":4}}