{"host":"FirstDane","time":1612676775,"event":{"mods":["BaseMod","Bestiary","Highlight Path","Minty Spire (QoL Compilation)","Relic Stats","Slay the Relics Exporter","StSLib"],"gold_per_floor":[116,41,57,77,96,106,106,141,141,141,56,81,96,114,114,193,193,207,207,224,242,259,259,288,288,288,316,296,314,329,354,354,430,430,448,223,242,242,242,273,273,302,602,260,293,130,185,200,200,200,200,200,200,34,67,67],"floor_reached":57,"language":"ENG","playtime":12111,"items_purged":["Zap"],"score":3449,"play_id":"d4038b8b-422d-4b99-a62b-b7b5584743f1","local_time":"20210206234615","is_ascension_mode":true,"campfire_choices":[{"data":"Sunder","floor":7,"key":"SMITH"},{"data":"Fusion","floor":10,"key":"SMITH"},{"data":"Recycle","floor":15,"key":"SMITH"},{"data":"Recycle","floor":23,"key":"SMITH"},{"data":"Aggregate","floor":25,"key":"SMITH"},{"data":"Chill","floor":32,"key":"SMITH"},{"floor":41,"key":"RECALL"},{"data":"Seek","floor":49,"key":"SMITH"},{"data":"Biased Cognition","floor":53,"key":"SMITH"}],"circlet_count":0,"master_deck":["AscendersBane","Hologram","Sunder+1","Cold Snap","Ball Lightning","Fusion+1","Doom and Gloom+1","Recycle+1","Skim","Seek+1","Echo Form","Steam","Steam Power","Recycle+1","Redo","Barrage+1","Reinforced Body","Reboot","Chill+1","RitualDagger+1","Beam Cell+1","BootSequence","Sweeping Beam+1","Aggregate+1","Coolheaded","Biased Cognition+1","Machine Learning","Core Surge+1","Go for the Eyes+1","Skim","Capacitor","Hologram"],"relics":["Cracked Core","Sundial","Molten Egg 2","Dead Branch","Pandora\u0027s Box","White Beast Statue","Symbiotic Virus","Juzu Bracelet","Philosopher\u0027s Stone","Mercury Hourglass","Pen Nib","Old Coin","DataDisk","Frozen Eye","Bag of Preparation","PreservedInsect","Shovel","OrangePellets","StoneCalendar"],"acts_visited":["Exordium","TheCity","TheBeyond","TheEnding"],"potions_floor_usage":[8,12,16,16,18,24,24,30,31,33,37,40,42,45,47,50,56,56],"damage_taken":[{"damage":3,"enemies":"2 Louse","floor":1,"turns":3},{"damage":0,"enemies":"Jaw Worm","floor":3,"turns":3},{"damage":1,"enemies":"Cultist","floor":4,"turns":3},{"damage":4,"enemies":"Looter","floor":5,"turns":3},{"damage":7,"enemies":"Gremlin Gang","floor":6,"turns":3},{"damage":8,"enemies":"Gremlin Nob","floor":8,"turns":3},{"damage":15,"enemies":"Lagavulin","floor":12,"turns":5},{"damage":12,"enemies":"Large Slime","floor":13,"turns":3},{"damage":8,"enemies":"3 Louse","floor":14,"turns":2},{"damage":13,"enemies":"Hexaghost","floor":16,"turns":7},{"damage":0,"enemies":"2 Thieves","floor":18,"turns":1},{"damage":0,"enemies":"Shell Parasite","floor":20,"turns":4},{"damage":14,"enemies":"Snake Plant","floor":21,"turns":6},{"damage":0,"enemies":"Centurion and Healer","floor":22,"turns":6},{"damage":0,"enemies":"Slavers","floor":24,"turns":2},{"damage":0,"enemies":"Gremlin Leader","floor":27,"turns":4},{"damage":0,"enemies":"Sentry and Sphere","floor":29,"turns":2},{"damage":0,"enemies":"Shelled Parasite and Fungi","floor":30,"turns":3},{"damage":0,"enemies":"Book of Stabbing","floor":31,"turns":2},{"damage":0,"enemies":"Champ","floor":33,"turns":17},{"damage":0,"enemies":"Orb Walker","floor":35,"turns":3},{"damage":0,"enemies":"3 Darklings","floor":37,"turns":2},{"damage":2,"enemies":"Giant Head","floor":40,"turns":3},{"damage":1,"enemies":"Nemesis","floor":42,"turns":3},{"damage":9,"enemies":"Reptomancer","floor":45,"turns":3},{"damage":0,"enemies":"2 Orb Walkers","floor":47,"turns":2},{"damage":0,"enemies":"Writhing Mass","floor":48,"turns":1},{"damage":0,"enemies":"Awakened One","floor":50,"turns":11},{"damage":0,"enemies":"Donu and Deca","floor":51,"turns":8},{"damage":0,"enemies":"Shield and Spear","floor":55,"turns":2},{"damage":53,"enemies":"The Heart","floor":56,"turns":8}],"seed_played":"1937609325805534173","potions_obtained":[{"floor":3,"key":"ColorlessPotion"},{"floor":6,"key":"Regen Potion"},{"floor":8,"key":"FocusPotion"},{"floor":14,"key":"AttackPotion"},{"floor":16,"key":"DistilledChaos"},{"floor":18,"key":"SteroidPotion"},{"floor":21,"key":"Weak Potion"},{"floor":22,"key":"AttackPotion"},{"floor":27,"key":"Strength Potion"},{"floor":28,"key":"Ancient Potion"},{"floor":29,"key":"ColorlessPotion"},{"floor":30,"key":"ColorlessPotion"},{"floor":31,"key":"FearPotion"},{"floor":33,"key":"SpeedPotion"},{"floor":35,"key":"SteroidPotion"},{"floor":37,"key":"Strength Potion"},{"floor":40,"key":"GamblersBrew"},{"floor":42,"key":"DuplicationPotion"},{"floor":45,"key":"Block Potion"},{"floor":47,"key":"BlessingOfTheForge"},{"floor":55,"key":"DuplicationPotion"}],"is_trial":false,"path_per_floor":["M","?","M","M","M","M","R","E","T","R","$","E","M","M","R","B",null,"M","?","M","M","M","R","E","R","T","E","?","M","M","E","R","B",null,"M","$","M","?","?","E","R","E","T","$","E","$","?","M","R","B","B",null,"R","$","E","B",null],"character_chosen":"DEFECT","items_purchased":["Doom and Gloom+1","Core Surge+1","DataDisk","Frozen Eye","PreservedInsect","OrangePellets"],"campfire_rested":0,"item_purchase_floors":[11,36,44,44,46,54],"current_hp_per_floor":[68,68,68,67,63,56,56,48,48,48,48,47,35,27,27,14,62,62,56,56,42,42,42,42,42,42,42,42,42,42,42,42,42,69,69,69,69,69,69,67,67,66,66,66,57,57,57,57,57,57,57,73,73,73,73,20],"gold":67,"neow_bonus":"TEN_PERCENT_HP_BONUS","is_daily":false,"chose_seed":false,"campfire_upgraded":8,"win_rate":0.0,"timestamp":1612676775,"path_taken":["M","?","M","M","M","M","R","E","T","R","$","E","M","M","R","BOSS","M","?","M","M","M","R","E","R","T","E","?","M","M","E","R","BOSS","M","?","M","?","?","E","R","E","T","$","E","$","?","M","R","BOSS","BOSS","R","$","E","BOSS"],"items_purchased_type":["Card","Card","Relic","Relic","Relic","Relic"],"build_version":"2020-12-18","purchased_purges":1,"victory":true,"max_hp_per_floor":[78,78,78,78,78,78,78,78,78,78,78,78,78,78,78,78,78,78,78,78,78,78,78,78,78,78,78,78,78,78,78,78,78,78,78,78,78,78,78,78,78,78,78,78,78,78,78,78,78,78,78,78,78,78,78,78],"relic_stats":{"counters":[31,128],"Dead Branch":[226],"StoneCalendar":[0],"Pen Nib":[12],"PreservedInsect":77,"Juzu Bracelet":1,"Bag of Preparation":[12],"Mercury Hourglass":[134],"OrangePellets":[4],"Shovel":0,"Sundial":[24],"Pandora\u0027s Box":["Steam","Steam Power","Recycle","Redo","Barrage","Reinforced Body","Reboot"],"obtain_stats":[{"Dead Branch":12,"StoneCalendar":55,"Pen Nib":42,"PreservedInsect":46,"Juzu Bracelet":31,"Bag of Preparation":45,"White Beast Statue":24,"Mercury Hourglass":40,"Old Coin":43,"Frozen Eye":44,"OrangePellets":54,"DataDisk":44,"Shovel":47,"Sundial":8,"Molten Egg 2":9,"Pandora\u0027s Box":17,"Philosopher\u0027s Stone":34,"Cracked Core":0,"Symbiotic Virus":27},{"Dead Branch":7,"StoneCalendar":30,"Pen Nib":24,"PreservedInsect":25,"Juzu Bracelet":19,"Bag of Preparation":25,"White Beast Statue":15,"Mercury Hourglass":23,"Old Coin":24,"Frozen Eye":24,"OrangePellets":29,"DataDisk":24,"Shovel":26,"Sundial":6,"Molten Egg 2":6,"Pandora\u0027s Box":10,"Philosopher\u0027s Stone":20,"Cracked Core":0,"Symbiotic Virus":16},{"Dead Branch":23,"StoneCalendar":120,"Pen Nib":93,"PreservedInsect":96,"Juzu Bracelet":65,"Bag of Preparation":96,"White Beast Statue":54,"Mercury Hourglass":90,"Old Coin":93,"Frozen Eye":93,"OrangePellets":118,"DataDisk":93,"Shovel":98,"Sundial":18,"Molten Egg 2":18,"Pandora\u0027s Box":35,"Philosopher\u0027s Stone":82,"Cracked Core":0,"Symbiotic Virus":58}]},"card_choices":[{"not_picked":["Gash","Consume"],"picked":"Hologram","floor":1},{"not_picked":["Glacier","Rip and Tear"],"picked":"Sunder","floor":3},{"not_picked":["Stack","Double Energy"],"picked":"Cold Snap","floor":4},{"not_picked":["Leap","Force Field"],"picked":"Ball Lightning","floor":5},{"not_picked":["Hologram","Redo","Force Field"],"picked":"SKIP","floor":6},{"not_picked":["White Noise","Stack"],"picked":"Fusion","floor":8},{"not_picked":["Capacitor","Doom and Gloom+1"],"picked":"Recycle","floor":12},{"not_picked":["Darkness","Fusion"],"picked":"Skim","floor":13},{"not_picked":["Force Field","Capacitor"],"picked":"Seek","floor":14},{"not_picked":["Meteor Strike+1","Core Surge+1"],"picked":"Echo Form","floor":16},{"not_picked":["Gash+1","Reprogram+1"],"picked":"Chill","floor":18},{"not_picked":["Go for the Eyes+1","Steam"],"picked":"Beam Cell+1","floor":20},{"not_picked":["Chaos","Rainbow"],"picked":"BootSequence","floor":21},{"not_picked":["Ball Lightning+1","Stack"],"picked":"Sweeping Beam+1","floor":22},{"not_picked":["Capacitor","Rebound+1"],"picked":"Aggregate","floor":24},{"not_picked":["Stack","Tempest"],"picked":"Coolheaded","floor":27},{"not_picked":["Sweeping Beam+1","Chaos","Barrage+1"],"picked":"SKIP","floor":29},{"not_picked":["Sweeping Beam+1","Chaos","Barrage+1"],"picked":"SKIP","floor":29},{"not_picked":["Sweeping Beam+1","Chaos","Barrage+1"],"picked":"SKIP","floor":29},{"not_picked":["Ball Lightning+1","Streamline+1"],"picked":"Biased Cognition","floor":30},{"not_picked":["Beam Cell+1","Stack","Steam Power"],"picked":"SKIP","floor":31},{"not_picked":["Buffer","Multi-Cast"],"picked":"Machine Learning","floor":33},{"not_picked":["Barrage+1","Loop","Defragment"],"picked":"SKIP","floor":35},{"not_picked":["Conserve Battery","Fusion","Lockon+1"],"picked":"SKIP","floor":37},{"not_picked":["Biased Cognition","FTL+1"],"picked":"Go for the Eyes+1","floor":40},{"not_picked":["Recycle","Hologram"],"picked":"Skim","floor":42},{"not_picked":["Consume","Gash+1"],"picked":"Capacitor","floor":45},{"not_picked":["Storm","Heatsinks+1","Conserve Battery"],"picked":"SKIP","floor":48},{"not_picked":["Cold Snap+1","Compile Driver+1"],"picked":"Hologram","floor":55}],"player_experience":4056763,"relics_obtained":[{"floor":8,"key":"Sundial"},{"floor":9,"key":"Molten Egg 2"},{"floor":12,"key":"Dead Branch"},{"floor":24,"key":"White Beast Statue"},{"floor":27,"key":"Symbiotic Virus"},{"floor":31,"key":"Juzu Bracelet"},{"floor":40,"key":"Mercury Hourglass"},{"floor":42,"key":"Pen Nib"},{"floor":43,"key":"Old Coin"},{"floor":45,"key":"Bag of Preparation"},{"floor":47,"key":"Shovel"},{"floor":55,"key":"StoneCalendar"}],"event_choices":[{"cards_removed":["Defend_B"],"damage_healed":0,"gold_gain":0,"player_choice":"Card Removal","damage_taken":0,"max_hp_gain":0,"max_hp_loss":0,"event_name":"The Cleric","floor":2,"gold_loss":75},{"damage_healed":0,"gold_gain":0,"player_choice":"Joined the Cult","damage_taken":6,"max_hp_gain":0,"max_hp_loss":0,"event_name":"Nest","floor":19,"gold_loss":0,"cards_obtained":["RitualDagger"]},{"damage_healed":0,"gold_gain":0,"player_choice":"Bought 1 Potion","damage_taken":0,"max_hp_gain":0,"max_hp_loss":0,"event_name":"The Woman in Blue","floor":28,"gold_loss":0},{"cards_removed":["Dualcast"],"damage_healed":0,"gold_gain":0,"player_choice":"Purged","damage_taken":0,"max_hp_gain":0,"max_hp_loss":0,"event_name":"Purifier","floor":38,"gold_loss":0},{"damage_healed":0,"gold_gain":0,"player_choice":"Ignored","damage_taken":0,"max_hp_gain":0,"max_hp_loss":0,"event_name":"Tomb of Lord Red Mask","floor":39,"gold_loss":0},{"damage_healed":0,"gold_gain":0,"player_choice":"Fight","damage_taken":0,"max_hp_gain":0,"max_hp_loss":0,"event_name":"Mysterious Sphere","floor":47,"gold_loss":0}],"is_beta":true,"boss_relics":[{"not_picked":["Calling Bell","Tiny House"],"picked":"Pandora\u0027s Box"},{"not_picked":["FrozenCore","Snecko Eye"],"picked":"Philosopher\u0027s Stone"}],"items_purged_floors":[36],"is_endless":false,"potions_floor_spawned":[3,6,8,14,16,18,21,22,27,29,30,31,33,35,37,40,42,45,47,48,55],"ascension_level":20}}