{"host":"imy0w7zcgpxryx7c","time":1612686435,"event":{"mods":["AchievementEnabler","BaseMod","Colored Map","Colored Powertips","Minty Spire (QoL Compilation)","Relic Sorter","StSLib"],"gold_per_floor":[110,110,110,110,128,160,160,190,215,232,260,33,33,44,44,148,148,163,63,79,79,91,91,121,138,138,138,156,185,185,199,199,302,352,364,364,379,254,254,288,298,298,298,311,311,411,424,453,453,453],"floor_reached":51,"language":"ENG","playtime":4299,"items_purged":["Strike_P","Strike_P","Strike_P"],"score":1075,"play_id":"b400905c-5381-40b8-8b95-845973287d79","local_time":"20210207032715","is_ascension_mode":true,"campfire_choices":[{"data":"Blasphemy","floor":7,"key":"SMITH"},{"data":"Conclude","floor":13,"key":"SMITH"},{"data":"Eruption","floor":15,"key":"SMITH"},{"data":"Alpha","floor":23,"key":"SMITH"},{"floor":27,"key":"DIG"},{"floor":30,"key":"DIG"},{"floor":32,"key":"DIG"},{"floor":42,"key":"DIG"},{"floor":45,"key":"DIG"},{"data":"Study","floor":49,"key":"SMITH"}],"circlet_count":0,"master_deck":["Strike_P+1","Defend_P","Defend_P+1","Defend_P+1","Defend_P","Eruption+1","Vigilance","Blasphemy+1","SignatureMove+1","Evaluate","LessonLearned","EmptyMind","Conclude+1","Sanctity+1","Alpha+1","EmptyBody+1","DeusExMachina+1","WheelKick","Evaluate+1","MasterReality","Wallop+1","Consecrate+1","WaveOfTheHand","FearNoEvil+1","Study+1"],"relics":["PureWater","Art of War","Centennial Puzzle","Happy Flower","Anchor","Boot","Lee\u0027s Waffle","Philosopher\u0027s Stone","MutagenicStrength","Shovel","Gremlin Horn","Strawberry","Bronze Scales","Damaru","CloakClasp","Tiny House","Potion Belt","Prayer Wheel","InkBottle","Bottled Lightning","Ancient Tea Set"],"acts_visited":["Exordium","TheCity","TheBeyond"],"potions_floor_usage":[22,22,22,24,25,28,33,40,40,50],"damage_taken":[{"damage":5,"enemies":"Small Slimes","floor":1,"turns":3},{"damage":0,"enemies":"Jaw Worm","floor":5,"turns":1},{"damage":30,"enemies":"Gremlin Nob","floor":6,"turns":3},{"damage":0,"enemies":"Lagavulin","floor":8,"turns":4},{"damage":0,"enemies":"Cultist","floor":10,"turns":2},{"damage":2,"enemies":"3 Sentries","floor":11,"turns":4},{"damage":0,"enemies":"3 Louse","floor":14,"turns":2},{"damage":0,"enemies":"Slime Boss","floor":16,"turns":2},{"damage":18,"enemies":"Shell Parasite","floor":18,"turns":6},{"damage":0,"enemies":"Spheric Guardian","floor":20,"turns":2},{"damage":0,"enemies":"Snake Plant","floor":22,"turns":2},{"damage":24,"enemies":"Book of Stabbing","floor":24,"turns":5},{"damage":0,"enemies":"Snecko","floor":25,"turns":3},{"damage":4,"enemies":"Shelled Parasite and Fungi","floor":28,"turns":2},{"damage":0,"enemies":"Gremlin Leader","floor":29,"turns":2},{"damage":0,"enemies":"Centurion and Healer","floor":31,"turns":3},{"damage":19,"enemies":"Automaton","floor":33,"turns":5},{"damage":0,"enemies":"3 Shapes","floor":35,"turns":4},{"damage":4,"enemies":"Orb Walker","floor":37,"turns":3},{"damage":13,"enemies":"Reptomancer","floor":40,"turns":3},{"damage":0,"enemies":"Transient","floor":41,"turns":5},{"damage":5,"enemies":"Sphere and 2 Shapes","floor":44,"turns":2},{"damage":2,"enemies":"3 Darklings","floor":47,"turns":4},{"damage":23,"enemies":"Nemesis","floor":48,"turns":5},{"damage":26,"enemies":"Time Eater","floor":50,"turns":9}],"seed_played":"8979591778123853585","potions_obtained":[{"floor":6,"key":"SteroidPotion"},{"floor":8,"key":"Block Potion"},{"floor":11,"key":"SkillPotion"},{"floor":14,"key":"Swift Potion"},{"floor":20,"key":"EntropicBrew"},{"floor":24,"key":"FearPotion"},{"floor":25,"key":"Regen Potion"},{"floor":33,"key":"DuplicationPotion"},{"floor":34,"key":"DuplicationPotion"},{"floor":41,"key":"Strength Potion"},{"floor":44,"key":"GamblersBrew"},{"floor":48,"key":"Swift Potion"}],"is_trial":false,"path_per_floor":["M","?","?","?","M","E","R","E","T","M","E","$","R","M","R","B",null,"M","$","M","?","M","R","E","M","T","R","M","E","R","M","R","B",null,"M","?","M","$","?","E","M","R","T","M","R","?","M","E","R","B",null],"character_chosen":"WATCHER","items_purchased":["Lee\u0027s Waffle"],"campfire_rested":0,"item_purchase_floors":[12],"current_hp_per_floor":[67,60,60,53,53,23,23,23,23,23,21,79,79,79,79,79,79,61,61,61,61,61,61,37,37,37,44,45,45,45,45,45,26,76,76,76,72,72,91,78,78,78,78,73,73,73,71,48,48,22],"gold":453,"neow_bonus":"THREE_RARE_CARDS","is_daily":false,"chose_seed":false,"campfire_upgraded":5,"win_rate":0.0,"timestamp":1612686435,"path_taken":["M","?","?","?","?","E","R","E","T","M","E","$","R","M","R","BOSS","M","$","M","?","M","R","E","M","T","R","M","E","R","M","R","BOSS","M","?","M","$","?","E","M","R","T","?","R","?","M","E","R","BOSS"],"items_purchased_type":["Relic"],"build_version":"2020-12-22","purchased_purges":3,"victory":true,"max_hp_per_floor":[72,72,72,72,72,72,72,72,72,72,72,79,79,79,79,79,79,79,79,79,79,79,79,79,79,79,86,86,86,86,86,86,86,91,91,91,91,91,91,91,91,91,91,91,91,91,91,91,91,91],"card_choices":[{"not_picked":["Scrawl","SpiritShield"],"picked":"Blasphemy","floor":0},{"not_picked":["Prostrate","TalkToTheHand"],"picked":"SignatureMove","floor":1},{"not_picked":["CrushJoints","Tantrum"],"picked":"Evaluate","floor":5},{"not_picked":["WindmillStrike","FlyingSleeves"],"picked":"LessonLearned","floor":6},{"not_picked":["Indignation","SashWhip","Vengeance"],"picked":"SKIP","floor":8},{"not_picked":["JustLucky","ForeignInfluence"],"picked":"EmptyMind","floor":10},{"not_picked":["Vengeance","CutThroughFate"],"picked":"Conclude","floor":11},{"not_picked":["ClearTheMind","FlyingSleeves"],"picked":"Sanctity","floor":14},{"not_picked":["Judgement","Omniscience"],"picked":"Alpha","floor":16},{"not_picked":["Pray","Protect","CrushJoints"],"picked":"SKIP","floor":18},{"not_picked":["WheelKick","PathToVictory"],"picked":"EmptyBody+1","floor":20},{"not_picked":["WreathOfFlame","Prostrate","FlurryOfBlows"],"picked":"SKIP","floor":22},{"not_picked":["SashWhip","SandsOfTime"],"picked":"DeusExMachina","floor":24},{"not_picked":["ClearTheMind","TalkToTheHand"],"picked":"WheelKick","floor":25},{"not_picked":["DeceiveReality+1","EmptyMind","FlurryOfBlows"],"picked":"SKIP","floor":28},{"not_picked":["Wish","JustLucky"],"picked":"WheelKick","floor":29},{"not_picked":["EmptyMind","Sanctity"],"picked":"Evaluate+1","floor":31},{"not_picked":["Omniscience","Vault"],"picked":"MasterReality","floor":33},{"not_picked":["LikeWater","FlurryOfBlows"],"picked":"Wallop+1","floor":34},{"not_picked":["EmptyFist","WreathOfFlame"],"picked":"Consecrate+1","floor":35},{"not_picked":["EmptyFist+1","ThirdEye","Nirvana+1"],"picked":"SKIP","floor":37},{"not_picked":["SpiritShield","FlyingSleeves+1","Wireheading"],"picked":"SKIP","floor":40},{"not_picked":["Prostrate+1","PathToVictory+1","Conclude+1"],"picked":"SKIP","floor":41},{"not_picked":["JustLucky","Collect"],"picked":"WaveOfTheHand","floor":44},{"not_picked":["FlurryOfBlows+1","Consecrate+1","Sanctity"],"picked":"SKIP","floor":44},{"not_picked":["WaveOfTheHand+1","CrushJoints+1"],"picked":"FearNoEvil+1","floor":47},{"not_picked":["Indignation+1","FlurryOfBlows","EmptyBody"],"picked":"SKIP","floor":47},{"not_picked":["Pray","SashWhip"],"picked":"Study","floor":48}],"player_experience":383327,"relics_obtained":[{"floor":6,"key":"Centennial Puzzle"},{"floor":8,"key":"Happy Flower"},{"floor":9,"key":"Anchor"},{"floor":11,"key":"Boot"},{"floor":24,"key":"Shovel"},{"floor":26,"key":"Gremlin Horn"},{"floor":27,"key":"Strawberry"},{"floor":29,"key":"Bronze Scales"},{"floor":30,"key":"Damaru"},{"floor":32,"key":"CloakClasp"},{"floor":40,"key":"Potion Belt"},{"floor":42,"key":"Prayer Wheel"},{"floor":43,"key":"InkBottle"},{"floor":45,"key":"Bottled Lightning"},{"floor":48,"key":"Ancient Tea Set"}],"event_choices":[{"cards_removed":["Normality"],"damage_healed":0,"gold_gain":0,"player_choice":"Card Removal","damage_taken":7,"max_hp_gain":0,"max_hp_loss":0,"event_name":"Golden Wing","floor":2,"gold_loss":0},{"damage_healed":0,"gold_gain":0,"player_choice":"Ignored","damage_taken":0,"max_hp_gain":0,"max_hp_loss":0,"event_name":"Liars Game","floor":3,"gold_loss":0},{"damage_healed":0,"gold_gain":0,"player_choice":"Success","damage_taken":7,"relics_obtained":["Art of War"],"max_hp_gain":0,"max_hp_loss":0,"event_name":"Scrap Ooze","floor":4,"gold_loss":0},{"damage_healed":0,"gold_gain":0,"player_choice":"Inject Mutagens","damage_taken":0,"relics_obtained":["MutagenicStrength"],"max_hp_gain":0,"max_hp_loss":0,"event_name":"Drug Dealer","floor":21,"gold_loss":0},{"damage_healed":0,"gold_gain":0,"player_choice":"Ignored","damage_taken":0,"max_hp_gain":0,"max_hp_loss":0,"event_name":"Tomb of Lord Red Mask","floor":36,"gold_loss":0},{"cards_removed":["WheelKick"],"damage_healed":19,"gold_gain":0,"player_choice":"Offered Uncommon","damage_taken":0,"max_hp_gain":0,"max_hp_loss":0,"event_name":"Bonfire Elementals","floor":39,"gold_loss":0},{"damage_healed":0,"gold_gain":100,"player_choice":"Pray","damage_taken":0,"max_hp_gain":0,"max_hp_loss":0,"event_name":"Golden Shrine","floor":46,"gold_loss":0}],"is_beta":false,"boss_relics":[{"not_picked":["Calling Bell","Runic Dome"],"picked":"Philosopher\u0027s Stone"},{"not_picked":["Snecko Eye","Cursed Key"],"picked":"Tiny House"}],"items_purged_floors":[12,19,38],"is_endless":false,"potions_floor_spawned":[6,8,11,14,16,20,24,25,33,41,44,48],"ascension_level":5}}