{"host":"fnndj664xgd3vavt","time":1612670657,"event":{"mods":["AchievementEnabler","BaseMod","Better Note","Colored Powertips","DeckTracker","Downfall","Highlight Path","Infinite Spire","Minty Spire (QoL Compilation)","Quick Restart","Random Character Button","Replay The Spire","StSLib"],"gold_per_floor":[99,112,112,112,128,28,28,44,44,44,29,29,40,52,68,68,68,68],"floor_reached":16,"language":"ENG","playtime":729,"items_purged":[],"score":92,"play_id":"6709e385-2140-4a40-8895-99272c88d198","local_time":"20210206230417","is_ascension_mode":false,"campfire_choices":[{"floor":1,"key":"RECALL"},{"floor":6,"key":"REST"},{"data":"champ:StanceDance","floor":12,"key":"SMITH"}],"circlet_count":0,"master_deck":["champ:Strike","champ:Strike","champ:Strike","champ:Strike","champ:Defend","champ:Defend","champ:Defend","champ:Defend","champ:Execute","champ:Taunt","champ:BerserkersShout","Regret","infinitespire:NeuralNetwork","champ:Haymaker","champ:StanceDance+1","champ:CalledShot","champ:BringItOn","champ:EnragedBash","champ:FocusedBerserking"],"relics":["champ:ChampionCrown","Ancient Tea Set","downfall:HeartBlessingRed","Eternal Feather","Bronze Scales"],"acts_visited":["Exordium"],"potions_floor_usage":[],"damage_taken":[{"damage":26,"enemies":"Jaw Worm","floor":2,"turns":4},{"damage":53,"enemies":"Small Slimes","floor":5,"turns":4},{"damage":0,"enemies":"2 Louse","floor":8,"turns":1},{"damage":16,"enemies":"downfall:FleeingMerchant","floor":11,"turns":4},{"damage":22,"enemies":"Blue Slaver","floor":13,"turns":3},{"damage":25,"enemies":"2 Fungi Beasts","floor":14,"turns":3},{"damage":45,"enemies":"Exordium Wildlife","floor":15,"turns":5},{"damage":78,"enemies":"DF_ARCHETYPE_STREAMLINE","floor":16,"turns":5}],"seed_played":"2505377796832489791","potions_obtained":[{"floor":2,"key":"Swift Potion"},{"floor":8,"key":"ColorlessPotion"},{"floor":13,"key":"Cursed Concoction"}],"is_trial":false,"path_per_floor":["R","M","?","?","M","R","T","M","?","T","$","R","M","M","M","B"],"character_chosen":"THE_CHAMP","items_purchased":[],"campfire_rested":1,"item_purchase_floors":[],"current_hp_per_floor":[99,93,93,69,51,80,80,80,80,80,74,83,76,66,41,0,0,0],"gold":68,"neow_bonus":"TEN_PERCENT_HP_BONUS","is_daily":false,"chose_seed":false,"campfire_upgraded":1,"win_rate":0.0,"timestamp":1612670657,"path_taken":["R","M","?","?","M","R","T","M","?","?","$","R","M","M","M","BOSS"],"items_purchased_type":[],"build_version":"2020-12-22","purchased_purges":0,"victory":false,"max_hp_per_floor":[99,99,99,99,99,99,99,99,99,99,99,99,99,99,99,99,99,99],"card_choices":[{"not_picked":["champ:Encircle","champ:CrownThrow"],"picked":"champ:BerserkersShout","floor":2},{"not_picked":["infinitespire:TheBestDefense","infinitespire:Menacing"],"picked":"infinitespire:NeuralNetwork","floor":4},{"not_picked":["champ:ArenaPreparation","champ:Circumvent"],"picked":"champ:Haymaker","floor":5},{"not_picked":["champ:CheapShot","champ:Duel"],"picked":"champ:StanceDance","floor":8},{"not_picked":["champ:Backstep","champ:Parry"],"picked":"champ:CalledShot","floor":11},{"not_picked":["champ:AdrenalArmor","champ:Duel"],"picked":"champ:BringItOn","floor":13},{"not_picked":["champ:FocusedDefense","champ:DefensiveShout"],"picked":"champ:EnragedBash","floor":14},{"not_picked":["champ:Haymaker","champ:BerserkersShout"],"picked":"champ:FocusedBerserking","floor":15}],"player_experience":258212,"relics_obtained":[{"floor":10,"key":"Bronze Scales"}],"event_choices":[{"damage_healed":0,"gold_gain":0,"player_choice":"Box","damage_taken":0,"relics_obtained":["Ancient Tea Set"],"max_hp_gain":0,"max_hp_loss":0,"event_name":"Big Fish","floor":3,"gold_loss":0,"cards_obtained":["Regret"]}],"is_beta":false,"boss_relics":[],"items_purged_floors":[],"is_endless":false,"potions_floor_spawned":[2,8,13],"killed_by":"DF_ARCHETYPE_STREAMLINE","ascension_level":0}}