{"host":"mydft8i2zzydgggw","time":1612668396,"event":{"mods":["AchievementEnabler","BaseMod","BetterRewards","Colored Map","Colored Powertips","DeckTracker","Keyboard Shortcuts","Minty Spire (QoL Compilation)","Rare Cards Sparkle","StSLib","SuperFastMode","everything is the same but u backflip on backflip"],"gold_per_floor":[10,21,21,96,17,53,53,93,93,93,116,131,56,75,75,201,201,226,244,260,115,115,115],"floor_reached":22,"language":"KOR","playtime":479,"items_purged":["Strike_R","Strike_R"],"score":284,"play_id":"83d3daeb-4206-4184-ac06-87256e9a2cdc","local_time":"20210207122636","is_ascension_mode":true,"campfire_choices":[{"data":"Uppercut","floor":7,"key":"SMITH"},{"floor":10,"key":"REST"},{"data":"Dark Embrace","floor":15,"key":"SMITH"}],"circlet_count":0,"master_deck":["Strike_R","Strike_R","Strike_R","Defend_R","Defend_R","Defend_R","Defend_R","Bash","Impervious","Uppercut+1","Fire Breathing","Evolve","Shrug It Off","Feel No Pain","Blood for Blood","Dark Embrace+1","Barricade","Dual Wield","Second Wind","True Grit"],"relics":["Burning Blood","Golden Idol","Shuriken","Turnip","PreservedInsect","Sozu"],"acts_visited":["Exordium","TheCity"],"potions_floor_usage":[6,12,16],"damage_taken":[{"damage":6,"enemies":"Jaw Worm","floor":1,"turns":6},{"damage":10,"enemies":"Small Slimes","floor":2,"turns":5},{"damage":29,"enemies":"Lagavulin","floor":6,"turns":9},{"damage":22,"enemies":"3 Sentries","floor":8,"turns":5},{"damage":0,"enemies":"Cultist","floor":11,"turns":4},{"damage":9,"enemies":"Lots of Slimes","floor":12,"turns":6},{"damage":11,"enemies":"Red Slaver","floor":14,"turns":6},{"damage":30,"enemies":"Slime Boss","floor":16,"turns":8},{"damage":14,"enemies":"Chosen","floor":18,"turns":7},{"damage":29,"enemies":"Shell Parasite","floor":19,"turns":9},{"damage":18,"enemies":"Centurion and Healer","floor":20,"turns":9},{"damage":18,"enemies":"Shelled Parasite and Fungi","floor":22,"turns":3}],"seed_played":"-5679155734537018174","potions_obtained":[{"floor":1,"key":"BlessingOfTheForge"},{"floor":11,"key":"AttackPotion"},{"floor":12,"key":"FearPotion"},{"floor":14,"key":"BlessingOfTheForge"},{"floor":16,"key":"Weak Potion"}],"is_trial":false,"path_per_floor":["M","M","?","?","$","E","R","E","T","R","M","M","$","M","R","B",null,"M","M","M","$","M"],"character_chosen":"IRONCLAD","items_purchased":["Evolve","Shrug It Off","True Grit"],"campfire_rested":1,"item_purchase_floors":[5,5,21],"current_hp_per_floor":[72,68,68,57,57,34,34,18,18,40,46,43,43,38,38,14,59,51,28,16,16,0,0],"gold":115,"neow_bonus":"THREE_RARE_CARDS","is_daily":false,"chose_seed":false,"campfire_upgraded":2,"win_rate":0.0,"timestamp":1612668396,"path_taken":["M","M","?","?","$","E","R","E","T","R","M","?","$","M","R","BOSS","M","?","M","?","?"],"items_purchased_type":["Card","Card","Card"],"build_version":"2020-12-22","purchased_purges":2,"victory":false,"max_hp_per_floor":[80,80,74,74,74,74,74,74,74,74,74,74,74,74,74,74,74,74,74,74,74,74,74],"card_choices":[{"not_picked":["Double Tap","Feed"],"picked":"Impervious","floor":0},{"not_picked":["Cleave","Reckless Charge"],"picked":"Uppercut","floor":1},{"not_picked":["Rampage","Inflame"],"picked":"Fire Breathing","floor":2},{"not_picked":["Armaments","Spot Weakness"],"picked":"Feel No Pain","floor":6},{"not_picked":["Pummel","Havoc"],"picked":"Blood for Blood","floor":8},{"not_picked":["Cleave","Searing Blow","Flex"],"picked":"SKIP","floor":11},{"not_picked":["Uppercut","Seeing Red"],"picked":"Dark Embrace","floor":12},{"not_picked":["Anger","Perfected Strike","Armaments"],"picked":"SKIP","floor":14},{"not_picked":["Limit Break","Demon Form"],"picked":"Barricade","floor":16},{"not_picked":["Clash","Sever Soul"],"picked":"Dual Wield","floor":18},{"not_picked":["Armaments+1","Searing Blow"],"picked":"Second Wind","floor":19},{"not_picked":["Dual Wield","Perfected Strike","Clash"],"picked":"SKIP","floor":20}],"player_experience":242082,"relics_obtained":[{"floor":6,"key":"Shuriken"},{"floor":8,"key":"Turnip"},{"floor":9,"key":"PreservedInsect"}],"event_choices":[{"damage_healed":0,"gold_gain":0,"player_choice":"Lose Max HP","damage_taken":0,"relics_obtained":["Golden Idol"],"max_hp_gain":0,"max_hp_loss":6,"event_name":"Golden Idol","floor":3,"gold_loss":0},{"damage_healed":0,"gold_gain":75,"player_choice":"Gather Gold","damage_taken":11,"max_hp_gain":0,"max_hp_loss":0,"event_name":"World of Goop","floor":4,"gold_loss":0}],"is_beta":false,"boss_relics":[{"not_picked":["SacredBark","Busted Crown"],"picked":"Sozu"}],"items_purged_floors":[13,21],"is_endless":false,"potions_floor_spawned":[1,11,12,14,16],"killed_by":"Shelled Parasite and Fungi","ascension_level":9}}