{"host":"d52brwsy6af8zvaq","time":1612662150,"event":{"mods":["AchievementEnabler","BaseMod","Bestiary","Highlight Path","Minty Spire (QoL Compilation)","Quick Restart","Relic Stats","ojb\u0027s Better Paths Mod"],"gold_per_floor":[111,126,201,216,216,216,216,256,324,324,343,343,384,403,403,403,403],"floor_reached":16,"language":"ENG","playtime":521,"items_purged":[],"score":220,"play_id":"a2ebb286-a437-4529-a43d-8f5f71c3f644","local_time":"20210206184230","is_ascension_mode":true,"campfire_choices":[{"data":"Zap","floor":6.0,"key":"SMITH"},{"data":"Dualcast","floor":12.0,"key":"SMITH"},{"data":"Creative AI","floor":15.0,"key":"SMITH"}],"circlet_count":0,"master_deck":["AscendersBane","Strike_B","Strike_B","Strike_B","Strike_B","Defend_B","Defend_B","Defend_B","Defend_B","Zap+1","Dualcast+1","Compile Driver","Undo","Ball Lightning","Hologram","Darkness","Creative AI+1","Coolheaded"],"relics":["Cracked Core","Golden Idol","Strawberry","Kunai","Meat on the Bone"],"acts_visited":[],"potions_floor_usage":[16],"damage_taken":[{"damage":1.0,"enemies":"2 Louse","floor":1.0,"turns":2.0},{"damage":4.0,"enemies":"Small Slimes","floor":2.0,"turns":3.0},{"damage":2.0,"enemies":"Jaw Worm","floor":4.0,"turns":4.0},{"damage":11.0,"enemies":"Gremlin Nob","floor":8.0,"turns":3.0},{"damage":5.0,"enemies":"Lots of Slimes","floor":11.0,"turns":4.0},{"damage":11.0,"enemies":"Lagavulin","floor":13.0,"turns":5.0},{"damage":7.0,"enemies":"Gremlin Gang","floor":14.0,"turns":5.0},{"damage":43,"enemies":"Hexaghost","floor":16,"turns":9}],"seed_played":"-4538976202657979015","potions_obtained":[{"floor":2.0,"key":"BlessingOfTheForge"},{"floor":8.0,"key":"Energy Potion"},{"floor":13.0,"key":"Swift Potion"}],"is_trial":false,"path_per_floor":["M","M","?","M","?","R","?","E","T","?","M","R","E","M","R","B"],"character_chosen":"DEFECT","items_purchased":[],"campfire_rested":0,"item_purchase_floors":[],"current_hp_per_floor":[70,66,55,53,58,58,58,54,54,54,49,49,38,43,43,0,0],"gold":403,"neow_bonus":"TEN_PERCENT_HP_BONUS","is_daily":false,"chose_seed":false,"campfire_upgraded":3,"win_rate":0.0,"timestamp":1612662150,"path_taken":["M","M","?","M","?","R","?","E","T","?","?","R","E","M","R","BOSS"],"items_purchased_type":[],"build_version":"2020-12-22","purchased_purges":0,"victory":false,"max_hp_per_floor":[78,78,78,78,83,83,75,82,82,82,82,82,82,82,82,82,82],"relic_stats":{"counters":[8,35],"Golden Idol":28,"Kunai":[0],"obtain_stats":[{"Golden Idol":7,"Strawberry":8,"Kunai":9,"Cracked Core":0,"Meat on the Bone":13},{"Golden Idol":3,"Strawberry":4,"Kunai":4,"Cracked Core":0,"Meat on the Bone":6},{"Golden Idol":9,"Strawberry":12,"Kunai":12,"Cracked Core":0,"Meat on the Bone":21}],"Meat on the Bone":12},"card_choices":[{"not_picked":["Self Repair","Coolheaded"],"picked":"Compile Driver","floor":1.0},{"not_picked":["Blizzard","Stack"],"picked":"Undo","floor":2.0},{"not_picked":["Auto Shields","Lockon"],"picked":"Ball Lightning","floor":4.0},{"not_picked":["Storm","Compile Driver"],"picked":"Hologram","floor":8.0},{"not_picked":["Stack","Sunder"],"picked":"Darkness","floor":11.0},{"not_picked":["Amplify","Doom and Gloom"],"picked":"Creative AI","floor":13.0},{"not_picked":["Redo","Auto Shields"],"picked":"Coolheaded","floor":14.0}],"player_experience":2169265,"relics_obtained":[{"floor":8.0,"key":"Strawberry"},{"floor":9.0,"key":"Kunai"},{"floor":13.0,"key":"Meat on the Bone"}],"event_choices":[{"damage_healed":0.0,"max_hp_gain":0.0,"max_hp_loss":0.0,"gold_gain":75.0,"event_name":"World of Goop","player_choice":"Gather Gold","floor":3.0,"gold_loss":0.0,"damage_taken":11.0},{"damage_healed":0.0,"max_hp_gain":5.0,"max_hp_loss":0.0,"gold_gain":0.0,"event_name":"Big Fish","player_choice":"Donut","floor":5.0,"gold_loss":0.0,"damage_taken":0.0},{"damage_healed":0.0,"max_hp_gain":0.0,"max_hp_loss":8.0,"gold_gain":0.0,"event_name":"Golden Idol","player_choice":"Lose Max HP","floor":7.0,"gold_loss":0.0,"damage_taken":0.0,"relics_obtained":["Golden Idol"]},{"damage_healed":0.0,"max_hp_gain":0.0,"max_hp_loss":0.0,"gold_gain":0.0,"event_name":"Shining Light","player_choice":"Ignored","floor":10.0,"gold_loss":0.0,"damage_taken":0.0}],"is_beta":false,"boss_relics":[],"items_purged_floors":[],"is_endless":false,"potions_floor_spawned":[2,8,13],"killed_by":"Hexaghost","ascension_level":20}}