{"host":"q5l3nirlejh5mn15","time":1612713681,"event":{"mods":["100% Spire Juice","BaseMod","Bossed Relics","Downfall","Energized Spire","Hermit","Koishi","Marisa£®ÏF”Í°°ƒß¿Ì…≥£©","Minty Spire (QoL Compilation)","MostiFishMod","Reimu£®≤©¿ˆ¡È√Œ£©","Relic Filter Mod","Reliquary","Remilia£®¿Ÿ√◊¿Ú—«£©","Spicy Shops","StSLib","The Hierophant","The Servant 0.9.4","Warlord Emblem"],"gold_per_floor":[111,124,134,209,209,241,241,276,276,276,226,240,251,264,264,365,365,375,375,375,385,84,117,135,170,170,170,182,209,229,256,256,355,355,374,384,384,436,462,494,504,13,65,65,92,142,142,142,142,142,142,142,67,94,94,94],"floor_reached":55,"language":"ZHS","playtime":1356,"items_purged":["Strike_B","Strike_B"],"score":1272,"play_id":"38dc040d-60c6-429c-b1e5-e38ad9af8fe0","local_time":"20210208000121","is_ascension_mode":true,"campfire_choices":[{"floor":7.0,"key":"RECALL"},{"floor":10.0,"key":"REST"},{"floor":15.0,"key":"REST"},{"floor":27.0,"key":"REST"},{"floor":32.0,"key":"REST"},{"floor":44.0,"key":"DIG"},{"floor":47.0,"key":"DIG"},{"floor":49.0,"key":"DIG"},{"floor":52.0,"key":"DIG"}],"circlet_count":0,"master_deck":["Strike_B","Defend_B","Defend_B","Defend_B","Zap","Dualcast","Ball Lightning","Beam Cell","Fusion","MostiFishMod:ReadyAimFire","Sweeping Beam","MostiFishMod:ActiveDefenseSystem","Gash","Core Surge+1","Conserve Battery","Hello World+1","MostiFishMod:IntelligentEquipment","Recycle+1","MostiFishMod:ReadyAimFire","Gash+1","Buffer","Echo Form","Barrage","MostiFishMod:DeathFromBelow","Fission"],"relics":["DaveBox","ExusiaiGun","Fusion Hammer","SynthV:TestCard","CaptainsWheel","Meat on the Bone","Mango","Nuclear Battery","reliquary:PorcupineQuills","Potion Belt","reliquary:Boomerang","Sundial","reliquary:ShortFuse","Juzu Bracelet","RedLine:ReiMu","CatCart","reliquary:Knoch","Toy Ornithopter","Shovel","Boot","Omamori","Bronze Scales","HollowDreamFlower","Gremlin Horn","Whetstone","Akabeko"],"acts_visited":["Exordium","TheCity","TheBeyond","TheEnding"],"potions_floor_usage":[],"damage_taken":[{"damage":0.0,"enemies":"Cultist","floor":1.0,"turns":1.0},{"damage":0.0,"enemies":"Jaw Worm","floor":2.0,"turns":1.0},{"damage":0.0,"enemies":"2 Louse","floor":3.0,"turns":1.0},{"damage":0.0,"enemies":"Gremlin Nob","floor":6.0,"turns":1.0},{"damage":0.0,"enemies":"3 Sentries","floor":8.0,"turns":2.0},{"damage":7.0,"enemies":"Large Slime","floor":12.0,"turns":2.0},{"damage":0.0,"enemies":"Blue Slaver","floor":13.0,"turns":1.0},{"damage":0.0,"enemies":"Exordium Wildlife","floor":14.0,"turns":1.0},{"damage":2.0,"enemies":"Hexaghost","floor":16.0,"turns":3.0},{"damage":0.0,"enemies":"3 Byrds","floor":18.0,"turns":1.0},{"damage":0.0,"enemies":"Spheric Guardian","floor":21.0,"turns":1.0},{"damage":18.0,"enemies":"Book of Stabbing","floor":23.0,"turns":3.0},{"damage":0.0,"enemies":"Snake Plant","floor":24.0,"turns":1.0},{"damage":0.0,"enemies":"Slavers","floor":25.0,"turns":1.0},{"damage":27.0,"enemies":"Chosen and Byrds","floor":28.0,"turns":3.0},{"damage":0.0,"enemies":"Gremlin Leader","floor":29.0,"turns":1.0},{"damage":0.0,"enemies":"Centurion and Healer","floor":30.0,"turns":2.0},{"damage":2.0,"enemies":"Slavers","floor":31.0,"turns":3.0},{"damage":9.0,"enemies":"Champ","floor":33.0,"turns":3.0},{"damage":10.0,"enemies":"3 Shapes","floor":35.0,"turns":2.0},{"damage":0.0,"enemies":"Orb Walker","floor":36.0,"turns":1.0},{"damage":0.0,"enemies":"Orin","floor":38.0,"turns":3.0},{"damage":9.0,"enemies":"Nemesis","floor":40.0,"turns":3.0},{"damage":18.0,"enemies":"Sphere and 2 Shapes","floor":41.0,"turns":2.0},{"damage":18.0,"enemies":"Reptomancer","floor":45.0,"turns":2.0},{"damage":0.0,"enemies":"Mind Bloom Boss Battle","floor":46.0,"turns":2.0},{"damage":46.0,"enemies":"Donu and Deca","floor":50.0,"turns":8.0},{"damage":33,"enemies":"Shield and Spear","floor":54,"turns":2},{"damage":10,"enemies":"The Heart","floor":55,"turns":5}],"seed_played":"62032295394494589","potions_obtained":[{"floor":3.0,"key":"ZuzhouPotion:ReiMu"},{"floor":12.0,"key":"Fire Potion"},{"floor":13.0,"key":"Fire Potion"},{"floor":23.0,"key":"Fire Potion"},{"floor":30.0,"key":"BlessingOfTheForge"},{"floor":38.0,"key":"DuplicationPotion"},{"floor":54,"key":"SpeedPotion"}],"is_trial":false,"path_per_floor":["M","M","M","?","?","E","R","E","T","R","?","M","M","M","R","B",null,"M","?","?","M","$","E","M","E","T","R","M","E","M","E","R","B",null,"M","M","?","?","T","E","M","$","T","R","E","?","R","?","R","B",null,"R","$","E","B"],"character_chosen":"DEFECT","items_purchased":["MostiFishMod:IntelligentEquipment","reliquary:PorcupineQuills","MostiFishMod:DeathFromBelow","Shovel","Fission"],"campfire_rested":4,"item_purchase_floors":[22,22,42,42,53],"current_hp_per_floor":[75,75,75,64,61,61,61,75,75,89,89,82,82,82,89,87,89,89,89,89,89,89,71,71,71,71,89,62,62,62,60,86,77,89,79,79,79,79,79,70,52,52,52,52,46,46,46,46,46,41,89,89,89,56,50,50],"gold":94,"neow_bonus":"BOSS_RELIC","is_daily":false,"chose_seed":false,"campfire_upgraded":0,"win_rate":0.0,"timestamp":1612713681,"path_taken":["M","M","?","?","?","E","R","E","T","R","?","M","M","M","R","BOSS","M","?","?","M","$","E","M","E","T","R","M","E","M","E","R","BOSS","M","M","?","?","?","E","M","$","T","R","E","?","R","?","R","BOSS","R","$","E","BOSS"],"items_purchased_type":["Card","Relic","Card","Relic","Card"],"build_version":"2020-12-22","purchased_purges":2,"victory":false,"max_hp_per_floor":[75,75,75,75,75,75,75,89,89,89,89,89,89,89,89,89,89,89,89,89,89,89,89,89,89,89,89,89,89,89,89,89,89,89,89,89,89,89,89,89,89,89,89,89,89,89,89,89,89,89,89,89,89,89,89,89],"card_choices":[{"not_picked":["Glacier","Storm"],"picked":"Ball Lightning","floor":1.0},{"not_picked":["Rebound","Reprogram","Heatsinks","Streamline"],"picked":"Beam Cell","floor":2.0},{"not_picked":["Steam","Hologram","MostiFishMod:GatherIntelligence","Beam Cell"],"picked":"Fusion","floor":3.0},{"not_picked":["Sweeping Beam","Auto Shields","Biased Cognition","Compile Driver"],"picked":"MostiFishMod:ReadyAimFire","floor":6.0},{"not_picked":["MostiFishMod:FluxCapactior","Ball Lightning","Coolheaded","Redo","Self Repair"],"picked":"SKIP","floor":8.0},{"not_picked":["Stack","Go for the Eyes","Cold Snap","Heatsinks"],"picked":"Sweeping Beam","floor":12.0},{"not_picked":["Recycle","Skim","Doom and Gloom","MostiFishMod:PushDownKick"],"picked":"MostiFishMod:ActiveDefenseSystem","floor":13.0},{"not_picked":["Doom and Gloom","Go for the Eyes","MostiFishMod:ReprogramOld","Consume"],"picked":"Gash","floor":14.0},{"not_picked":["MostiFishMod:InterfaceCompatibility","MostiFishMod:Exploitation","MostiFishMod:TalkingToTheRain","MostiFishMod:Distribution"],"picked":"Core Surge","floor":16.0},{"not_picked":["Heatsinks","Fusion","Hologram","Steam"],"picked":"Conserve Battery","floor":18.0},{"not_picked":["Sweeping Beam","Ball Lightning+1","Rebound","Lockon"],"picked":"Hello World+1","floor":21.0},{"not_picked":["Leap","Heatsinks","Hologram","Tempest"],"picked":"Recycle+1","floor":23.0},{"not_picked":["Cold Snap","Capacitor+1","Rebound","Leap","Aggregate"],"picked":"SKIP","floor":24.0},{"not_picked":["MostiFishMod:IceShield","Redo","Ball Lightning","Doom and Gloom","Conserve Battery+1"],"picked":"SKIP","floor":25.0},{"not_picked":["Rebound+1","Cold Snap+1","Turbo","Coolheaded"],"picked":"MostiFishMod:ReadyAimFire","floor":28.0},{"not_picked":["MostiFishMod:PushDownKick","MostiFishMod:LinkProtocol+1","Redo","Rip and Tear"],"picked":"Gash","floor":29.0},{"not_picked":["Cold Snap","MostiFishMod:PushDownKick+1","Skim","Defragment","Reprogram+1"],"picked":"SKIP","floor":30.0},{"not_picked":["Fusion","Beam Cell","Go for the Eyes+1","Steam"],"picked":"Buffer","floor":31.0},{"not_picked":["MostiFishMod:SeaWaves","MostiFishMod:TalkingToTheRain","MostiFishMod:Culaccino","Biased Cognition"],"picked":"Echo Form","floor":33.0},{"not_picked":["Stack","Rebound","Scrape+1","Steam","Compile Driver"],"picked":"SKIP","floor":35.0},{"not_picked":["Electrodynamics","MostiFishMod:ReprogramOld+1","Loop","Streamline","Double Energy+1"],"picked":"SKIP","floor":36.0},{"not_picked":["Beam Cell","Coolheaded","Steam","MostiFishMod:FluxCapactior+1"],"picked":"Barrage","floor":38.0},{"not_picked":["Rebound","Scrape+1","MostiFishMod:LinkProtocol","Sunder+1","MostiFishMod:PushDownKick"],"picked":"SKIP","floor":40.0},{"not_picked":["Turbo","Sweeping Beam","Ball Lightning","Melter+1","Rebound+1"],"picked":"SKIP","floor":41.0},{"not_picked":["Darkness+1","BootSequence+1","Leap+1","Scrape+1","Compile Driver+1"],"picked":"SKIP","floor":45.0},{"not_picked":["Stack+1","Aggregate+1","BootSequence+1","Leap","Conserve Battery+1"],"picked":"SKIP","floor":54}],"player_experience":253121,"relics_obtained":[{"floor":1.0,"key":"SynthV:TestCard"},{"floor":6.0,"key":"Meat on the Bone"},{"floor":8.0,"key":"Mango"},{"floor":23.0,"key":"Potion Belt"},{"floor":25.0,"key":"reliquary:Boomerang"},{"floor":26.0,"key":"Sundial"},{"floor":29.0,"key":"reliquary:ShortFuse"},{"floor":31.0,"key":"Juzu Bracelet"},{"floor":38.0,"key":"CatCart"},{"floor":39.0,"key":"reliquary:Knoch"},{"floor":40.0,"key":"Toy Ornithopter"},{"floor":43.0,"key":"Boot"},{"floor":44.0,"key":"Omamori"},{"floor":45.0,"key":"Bronze Scales"},{"floor":46.0,"key":"HollowDreamFlower"},{"floor":47.0,"key":"Gremlin Horn"},{"floor":49.0,"key":"Whetstone"},{"floor":54,"key":"Akabeko"}],"event_choices":[{"damage_healed":0.0,"max_hp_gain":0.0,"max_hp_loss":0.0,"gold_gain":75.0,"event_name":"World of Goop","player_choice":"Gather Gold","floor":4.0,"gold_loss":0.0,"damage_taken":11.0},{"damage_healed":0.0,"max_hp_gain":0.0,"max_hp_loss":0.0,"gold_gain":0.0,"event_name":"Scrap Ooze","player_choice":"Success","floor":5.0,"gold_loss":0.0,"damage_taken":3.0,"relics_obtained":["CaptainsWheel"]},{"cards_removed":["Strike_B"],"damage_healed":0.0,"max_hp_gain":0.0,"max_hp_loss":0.0,"gold_gain":0.0,"event_name":"The Cleric","player_choice":"Card Removal","floor":11.0,"gold_loss":50.0,"damage_taken":0.0},{"damage_healed":0.0,"max_hp_gain":0.0,"max_hp_loss":0.0,"gold_gain":0.0,"event_name":"Ghosts","player_choice":"Ignored","floor":20.0,"gold_loss":0.0,"damage_taken":0.0},{"damage_healed":0.0,"max_hp_gain":0.0,"max_hp_loss":0.0,"gold_gain":0.0,"event_name":"Tomb of Lord Red Mask","player_choice":"Ignored","floor":37.0,"gold_loss":0.0,"damage_taken":0.0},{"damage_healed":0.0,"max_hp_gain":0.0,"max_hp_loss":0.0,"gold_gain":0.0,"event_name":"OrinTheCat","player_choice":"Fight","floor":38.0,"gold_loss":0.0,"damage_taken":0.0},{"damage_healed":0.0,"max_hp_gain":0.0,"max_hp_loss":0.0,"gold_gain":0.0,"event_name":"MindBloom","player_choice":"Fight","floor":46.0,"gold_loss":0.0,"damage_taken":0.0},{"cards_removed":["Defend_B"],"damage_healed":0.0,"max_hp_gain":0.0,"max_hp_loss":0.0,"gold_gain":0.0,"event_name":"Falling","player_choice":"Removed Skill","floor":48.0,"gold_loss":0.0,"damage_taken":0.0}],"is_beta":false,"boss_relics":[{"not_picked":["Inserter","Runic Pyramid"],"picked":"Nuclear Battery"},{"not_picked":["SacredBark","Tiny House"],"picked":"RedLine:ReiMu"}],"items_purged_floors":[22,42],"is_endless":false,"potions_floor_spawned":[3,12,13,14,21,23,30,31,33,36,38,54],"killed_by":"The Heart","ascension_level":3}}