{"host":"l029r2dqxfiqiq5i","time":1612718942,"event":{"mods":["Act Like it!","Arknights","BaseMod","Minty Spire (QoL Compilation)","StSLib","óô»ðÖ¸ÄÏ"],"gold_per_floor":[117,117,131,149,166,166,191,205,205,205,205,205],"floor_reached":11,"language":"ZHS","playtime":496,"items_purged":[],"score":75,"play_id":"b70db0fb-648b-4107-b825-ef4f6537a4bc","local_time":"20210208012902","is_ascension_mode":false,"campfire_choices":[{"data":"ats:Ambush","floor":6.0,"key":"SMITH"}],"circlet_count":0,"master_deck":["ats:Strike C","ats:Strike G","ats:Strike S","ats:Strike V","ats:Armor Crushing Shot","ats:Defend","ats:Defend","ats:Defend","ats:Defend","ats:Emotion Absorption","ats:Hammer On","ats:Ambush+1","ats:Charging Defense"],"relics":["ats:Sanity","ats:Originium","ats:Industrial Water Cannon","Matryoshka"],"acts_visited":["Exordium"],"potions_floor_usage":[11],"damage_taken":[{"damage":0.0,"enemies":"Jaw Worm","floor":1.0,"turns":3.0},{"damage":0.0,"enemies":"2 Louse","floor":3.0,"turns":3.0},{"damage":5.0,"enemies":"Small Slimes","floor":4.0,"turns":4.0},{"damage":21.0,"enemies":"Gremlin Gang","floor":5.0,"turns":5.0},{"damage":47.0,"enemies":"3 Sentries","floor":7.0,"turns":16.0},{"damage":0,"enemies":"2 Fungi Beasts","floor":8,"turns":3},{"damage":21,"enemies":"Lagavulin","floor":11,"turns":6}],"seed_played":"-8288730394784582704","potions_obtained":[{"floor":0.0,"key":"ats:Emergency Sanity Potion"},{"floor":0.0,"key":"Fruit Juice"},{"floor":0.0,"key":"Fire Potion"},{"floor":1.0,"key":"Ancient Potion"},{"floor":3.0,"key":"ats:Flame Arts Potion"}],"is_trial":false,"path_per_floor":["M","?","M","M","M","R","E","M","T","?","E"],"character_chosen":"DOCTOR_CLASS","items_purchased":[],"campfire_rested":0,"item_purchase_floors":[],"current_hp_per_floor":[77,77,77,72,51,51,4,4,4,9,0,0],"gold":205,"neow_bonus":"THREE_SMALL_POTIONS","is_daily":false,"chose_seed":false,"campfire_upgraded":1,"win_rate":0.0,"timestamp":1612718942,"path_taken":["M","?","M","M","M","R","E","M","T","?","E"],"items_purchased_type":[],"build_version":"2020-12-22","purchased_purges":0,"victory":false,"max_hp_per_floor":[77,77,77,77,77,77,77,77,77,82,82,82],"card_choices":[{"not_picked":["ats:Consecutive Shot Auto","ats:Flame Of Heaven"],"picked":"ats:Hammer On","floor":1.0},{"not_picked":["ats:Hammer On","ats:Revitalization","ats:Red Shift"],"picked":"SKIP","floor":3.0},{"not_picked":["ats:Mental Burst","ats:Shell Defense"],"picked":"ats:Ambush","floor":4.0},{"not_picked":["ats:Apocalypse","ats:Ignite","ats:Shadow Raid"],"picked":"SKIP","floor":5.0},{"not_picked":["ats:Song Of Battle","ats:Guard Mode"],"picked":"ats:Charging Defense","floor":7.0},{"not_picked":["ats:Hammer On","ats:Very Hot Blade","ats:Apocalypse"],"picked":"SKIP","floor":8}],"player_experience":193300,"relics_obtained":[{"floor":7.0,"key":"ats:Originium"},{"floor":7.0,"key":"ats:Industrial Water Cannon"},{"floor":9,"key":"Matryoshka"}],"event_choices":[{"damage_healed":0.0,"max_hp_gain":0.0,"max_hp_loss":0.0,"gold_gain":0.0,"event_name":"Shining Light","player_choice":"Ignored","floor":2.0,"gold_loss":0.0,"damage_taken":0.0},{"damage_healed":0,"gold_gain":0,"player_choice":"Donut","damage_taken":0,"max_hp_gain":5,"max_hp_loss":0,"event_name":"Big Fish","floor":10,"gold_loss":0}],"is_beta":false,"boss_relics":[],"items_purged_floors":[],"is_endless":false,"potions_floor_spawned":[1,3,5],"killed_by":"Lagavulin","ascension_level":0}}