{"host":"j019w4cyowrad0mf","time":1612676649,"event":{"mods":["2.2 Compatiblity","Act Like it!","BaseMod","CapriCore","Gensokyo","HololiveMod","Marisa????????","Minty Spire (QoL Compilation)","Rare Cards Sparkle","Reimu??????","StSLib","Waifu the Spire"],"gold_per_floor":[85,85,106,18,18,52,52,99,99,29,52,52,68,123,123,246,246,261,511,526,559,584,584,584,610,637,693,818,818,450,450,450,549,599,918,918,294,294,294,337,337,337,337,337,385,597,630,221,221,622,622,622,236,481,512],"floor_reached":56,"language":"ENG","playtime":5220,"items_purged":[],"score":2030,"play_id":"5e80e63f-84d0-4193-a39f-2ee39b8dd707","local_time":"20210206214409","is_ascension_mode":true,"campfire_choices":[{"data":"Hololive_CallUsadaPekora","floor":7.0,"key":"SMITH"},{"data":"Hololive_DDD","floor":15.0,"key":"SMITH"},{"data":"Hololive_CallYozoraMel","floor":23.0,"key":"SMITH"},{"floor":32.0,"key":"RECALL"},{"data":"Gensokyo:MenInBlack","floor":41.0,"key":"SMITH"},{"data":"Hololive_OvertimeWork","floor":49.0,"key":"SMITH"},{"data":"Hololive_Nanodesu","floor":52.0,"key":"SMITH"}],"circlet_count":0,"master_deck":["Hololive_Yoholoon+1","Hololive_CallRoboco","Hololive_CallNakiriAyame","Hololive_CallAkiRosenthal","Hololive_CallKiryuuCoco","Hololive_CallAkaiHaato","Hololive_CallSakuraMiko+1","Pain","Hololive_CallUsadaPekora+1","Hololive_CallMomosuzuNene+17","Hololive_CallYukihanaLamy","Hololive_CallShirakamiFubuki","Hololive_CallManoAloe","Hololive_DDD+1","Hololive_Nanodesu+1","Hololive_Rebound+1","Hololive_CallAZKi","Hololive_ILoveYou","Hololive_CallOkamiMio","Hololive_CocoNews+1","Hololive_StrengthChampion","Hololive_CallYozoraMel+1","Hololive_CallHoushouMarine+1","Hololive_CallHimemoriLuna+1","Hololive_CallManoAloe+1","Hololive_CocoNews","Gensokyo:FourOfAKind","Gensokyo:FourOfAKind","Gensokyo:FourOfAKind","Gensokyo:FourOfAKind","Gensokyo:BlemishedSteel","Gensokyo:MenInBlack+1","Gensokyo:MedicineKit","Gensokyo:ShootingStar","Hololive_Rebirth","Hololive_HuntDinosaur+1","Hololive_CallAkiRosenthal+1","Hololive_HuntDinosaur+1","Gensokyo:ManorOfTheDishes+1","Hololive_Teleport","Hololive_CallTokoyamiTowa+1","Hololive_RevenueBasedLive+1","Hololive_Yoholoon","Hololive_OvertimeWork+1","Apotheosis","Hololive_DurableLive","Hololive_CocoNews","Jack Of All Trades","Hololive_RevenueBasedLive+1"],"relics":["Hololive_TheStar","NeowsBlessing","Gensokyo:LunaticRedEyes","Matryoshka","Centennial Puzzle","Juzu Bracelet","Whetstone","Dream Catcher","Gensokyo:PortableGap","Blue Candle","Pandora\u0027s Box","Gensokyo:RedStar","Frozen Egg 2","Omamori","Strawberry","Bag of Preparation","Prayer Wheel","Ice Cream","Gensokyo:SongOfSouls","Tiny House","OrangePellets","Toolbox","Shuriken","Ornamental Fan","MealTicket","Happy Flower","War Paint","Question Card","Bronze Scales","Vajra"],"acts_visited":["Exordium","Gensokyo:Gensokyo","Gensokyo:Gensokyoer","TheEnding"],"potions_floor_usage":[55],"damage_taken":[{"damage":0.0,"enemies":"Gensokyo:Python","floor":1.0,"turns":1.0},{"damage":0.0,"enemies":"Gensokyo:3_Fairies","floor":3.0,"turns":1.0},{"damage":0.0,"enemies":"Gensokyo:Cirno","floor":6.0,"turns":2.0},{"damage":1.0,"enemies":"Gensokyo:Mamizou","floor":8.0,"turns":5.0},{"damage":0.0,"enemies":"Gensokyo:2_Kodama","floor":11.0,"turns":3.0},{"damage":0.0,"enemies":"Gensokyo:LivingMonolith","floor":13.0,"turns":3.0},{"damage":2.0,"enemies":"Gensokyo:Cirno","floor":14.0,"turns":6.0},{"damage":0.0,"enemies":"Gensokyo:Yukari","floor":16.0,"turns":5.0},{"damage":0.0,"enemies":"Gensokyo:CosmicMonolith","floor":18.0,"turns":3.0},{"damage":0.0,"enemies":"Gensokyo:Chomper","floor":20.0,"turns":3.0},{"damage":0.0,"enemies":"Gensokyo:Slime_Group","floor":21.0,"turns":3.0},{"damage":0.0,"enemies":"Gensokyo:Swordslinger","floor":22.0,"turns":3.0},{"damage":0.0,"enemies":"Gensokyo:Koishi","floor":25.0,"turns":5.0},{"damage":0.0,"enemies":"Gensokyo:Reisen","floor":27.0,"turns":6.0},{"damage":0.0,"enemies":"Gensokyo:Reisen","floor":28.0,"turns":5.0},{"damage":0.0,"enemies":"Gensokyo:Eiki","floor":33.0,"turns":11.0},{"damage":0.0,"enemies":"Gensokyo:AncientGuardian","floor":35.0,"turns":5.0},{"damage":0.0,"enemies":"Gensokyo:Kasen","floor":40.0,"turns":8.0},{"damage":90.0,"enemies":"Gensokyo:Kasen","floor":42.0,"turns":7.0},{"damage":0.0,"enemies":"Gensokyo:Marisa","floor":45.0,"turns":5.0},{"damage":0.0,"enemies":"Gensokyo:3_Bats","floor":46.0,"turns":2.0},{"damage":0.0,"enemies":"Gensokyo:Doremy","floor":47.0,"turns":4.0},{"damage":0.0,"enemies":"Gensokyo:Shinki","floor":50.0,"turns":9.0},{"damage":0.0,"enemies":"Shield and Spear","floor":54.0,"turns":5.0},{"damage":7,"enemies":"The Heart","floor":55,"turns":7}],"seed_played":"-1082487430911282003","potions_obtained":[{"floor":1.0,"key":"Weak Potion"},{"floor":3.0,"key":"Weak Potion"},{"floor":11.0,"key":"ColorlessPotion"},{"floor":20.0,"key":"DistilledChaos"},{"floor":21.0,"key":"Strength Potion"},{"floor":25.0,"key":"LiquidMemories"},{"floor":54.0,"key":"ColorlessPotion"}],"is_trial":false,"path_per_floor":["M","?","M","COS","?","E","R","E","T","?","M","?","M","E","R","B",null,"M","?","M","M","M","R","?","E","T","E","?","?","COS","?","R","B",null,"M","?","COS","?","?","E","R","?","T","?","E","M","E","$","R","B",null,"R","$","E","B",null],"character_chosen":"Hololive_HololiveCharacter","items_purchased":["War Paint","Question Card","Apotheosis","Hololive_DurableLive","Hololive_CocoNews","Jack Of All Trades"],"campfire_rested":0,"item_purchase_floors":[48,48,53,53,53,53],"current_hp_per_floor":[35,35,35,35,35,35,35,34,34,34,34,32,32,30,30,30,32,32,32,32,32,32,32,32,32,36,36,36,23,20,20,20,20,25,25,25,25,25,25,25,25,25,25,25,25,25,25,25,25,25,25,25,25,25,25],"gold":512,"neow_bonus":"THREE_ENEMY_KILL","is_daily":false,"chose_seed":false,"campfire_upgraded":6,"win_rate":0.0,"timestamp":1612676649,"path_taken":["M","?","M","COS","?","E","R","E","T","?","M","?","M","E","R","BOSS","M","?","M","M","M","R","?","E","T","E","?","?","COS","?","R","BOSS","M","?","COS","?","?","E","R","?","T","?","E","M","E","$","R","BOSS","R","$","E","BOSS"],"items_purchased_type":["Relic","Relic","Card","Card","Card","Card"],"build_version":"2020-12-22","purchased_purges":0,"victory":true,"max_hp_per_floor":[35,35,35,35,35,35,35,35,35,35,35,32,32,32,32,32,32,32,32,32,32,32,32,32,32,36,36,36,23,20,20,20,20,25,25,25,25,25,25,25,25,25,25,25,25,25,25,25,25,25,25,25,25,25,25],"card_choices":[{"not_picked":["Hololive_CandyCastle","Hololive_OvertimeWork","Hololive_CallAiraniIofifteen"],"picked":"Hololive_CallSakuraMiko","floor":1.0},{"not_picked":["Hololive_Trident","Hololive_DevilCharm","Hololive_Breathe"],"picked":"Hololive_CallUsadaPekora","floor":3.0},{"not_picked":["Hololive_Spy","Hololive_CallOmaruPolka","Hololive_CocoNews"],"picked":"Hololive_CallMomosuzuNene","floor":6.0},{"not_picked":["Hololive_CallKiryuuCoco","Hololive_Spy","Hololive_CallRoboco"],"picked":"Hololive_CallYukihanaLamy","floor":8.0},{"not_picked":["Hololive_CallAyundaRisu","Hololive_Sequa","Hololive_Breathe"],"picked":"Hololive_CallShirakamiFubuki","floor":11.0},{"not_picked":["Hololive_Psychosis","Hololive_Breathe","Hololive_FlyingPonyTail"],"picked":"Hololive_CallManoAloe","floor":13.0},{"not_picked":["Hololive_CallUruhaRushia","Hololive_CallYuzukiChoco","Hololive_Drill"],"picked":"Hololive_DDD","floor":14.0},{"not_picked":["Hololive_WolfAndLamb","Hololive_Recruit","Hololive_ASMR"],"picked":"Hololive_Nanodesu","floor":16.0},{"not_picked":["Hololive_RevenueBasedLive+1","Hololive_HuntDinosaur","Hololive_Sequa"],"picked":"Hololive_CocoNews+1","floor":18.0},{"not_picked":["Hololive_Drill+1","Hololive_LuckPotion","Hololive_Rebound"],"picked":"Hololive_StrengthChampion","floor":20.0},{"not_picked":["Hololive_OpenUp","Hololive_CallDoris+1","Hololive_CocoNews"],"picked":"Hololive_CallYozoraMel","floor":21.0},{"not_picked":["Hololive_LuckPotion","Hololive_Breathe","Hololive_Rebound"],"picked":"Hololive_CallHoushouMarine+1","floor":22.0},{"not_picked":["Hololive_StarCraft","Hololive_CallSpadeEcho+1","Hololive_HuntDinosaur"],"picked":"Hololive_CallHimemoriLuna+1","floor":25.0},{"not_picked":["Hololive_RevenueBasedLive","Hololive_CallMoonaHoshinova+1","Hololive_ILoveYou"],"picked":"Hololive_CallManoAloe+1","floor":27.0},{"not_picked":["Hololive_Breathe","Hololive_CallOkamiMio+1","Hololive_Psychosis"],"picked":"Hololive_CocoNews","floor":28.0},{"not_picked":[],"picked":"Gensokyo:ShootingStar","floor":33.0},{"not_picked":["Hololive_DiamondStrike","Hololive_ScarfAndHalo","Hololive_AWSL"],"picked":"Hololive_Rebirth","floor":33.0},{"not_picked":["Hololive_Psychosis","Hololive_CallAkiRosenthal+1","Hololive_OvertimeWork"],"picked":"Hololive_HuntDinosaur","floor":34.0},{"not_picked":["Hololive_Trident","Hololive_StrengthChampion","Hololive_CallYukihanaLamy+1"],"picked":"Hololive_CallAkiRosenthal+1","floor":35.0},{"not_picked":["Hololive_OvertimeWork+1","Hololive_AWSL","Hololive_RevenueBasedLive"],"picked":"Hololive_HuntDinosaur+1","floor":35.0},{"not_picked":["Hololive_CallArtia+1","Hololive_OvertimeWork","Hololive_StrengthChampion+1"],"picked":"Hololive_Teleport","floor":40.0},{"not_picked":["Hololive_Psychosis+1","Hololive_Drill","Hololive_Breathe+1"],"picked":"Hololive_CallTokoyamiTowa+1","floor":45.0},{"not_picked":["Hololive_CallNakiriAyame+1","Hololive_CallArtia+1","Hololive_StrengthChampion"],"picked":"Hololive_RevenueBasedLive","floor":46.0},{"not_picked":["Hololive_OvertimeWork","Hololive_CocoNews+1","Hololive_ManjiGathering+1"],"picked":"Hololive_Yoholoon","floor":46.0},{"not_picked":["Hololive_LuckPotion+1","Hololive_Breathe","Hololive_FlyingPonyTail"],"picked":"Hololive_OvertimeWork","floor":47.0},{"not_picked":["Hololive_CallRosalyn+1","Hololive_OvertimeWork","Hololive_AWSL","Hololive_Breathe+1"],"picked":"Hololive_RevenueBasedLive+1","floor":54.0}],"player_experience":328988,"relics_obtained":[{"floor":6.0,"key":"Matryoshka"},{"floor":8.0,"key":"Juzu Bracelet"},{"floor":9.0,"key":"Whetstone"},{"floor":14.0,"key":"Blue Candle"},{"floor":25.0,"key":"Frozen Egg 2"},{"floor":26.0,"key":"Omamori"},{"floor":26.0,"key":"Strawberry"},{"floor":27.0,"key":"Bag of Preparation"},{"floor":28.0,"key":"Prayer Wheel"},{"floor":28.0,"key":"Ice Cream"},{"floor":40.0,"key":"Shuriken"},{"floor":43.0,"key":"Ornamental Fan"},{"floor":45.0,"key":"MealTicket"},{"floor":47.0,"key":"Happy Flower"},{"floor":54.0,"key":"Vajra"}],"event_choices":[],"is_beta":false,"boss_relics":[{"not_picked":["Velvet Choker","Sozu"],"picked":"Pandora\u0027s Box"},{"not_picked":["Snecko Eye","Fusion Hammer"],"picked":"Tiny House"}],"items_purged_floors":[],"is_endless":false,"potions_floor_spawned":[1,3,11,14,20,21,25,28,40,45,54],"ascension_level":4}}