{"host":"qksa0nge77ubun9a","time":1612656636,"event":{"mods":["AchievementEnabler","BaseMod","Colored Map","Colored Powertips","Googly Eyes","Highlight Path","Minty Spire (QoL Compilation)","Quick Restart","StSLib"],"gold_per_floor":[111,131,131,146,163,163,194,194,241,274,449,449,31,66,78,188,200,232,263,275,287,299,311,423,447,535,547,659,671,707,752,764,776,776],"floor_reached":33,"language":"ENG","playtime":1593,"items_purged":["Doubt"],"score":461,"play_id":"41d6e8e8-e353-418e-a9c5-3a88a166f7b3","local_time":"20210206161036","is_ascension_mode":true,"campfire_choices":[{"data":"Uppercut","floor":6.0,"key":"SMITH"},{"floor":8.0,"key":"REST"},{"floor":15.0,"key":"REST"},{"data":"Armaments","floor":23.0,"key":"SMITH"},{"data":"Fiend Fire","floor":27.0,"key":"SMITH"},{"data":"Brutality","floor":29,"key":"SMITH"},{"floor":32,"key":"REST"}],"circlet_count":0,"master_deck":["AscendersBane","Strike_R+1","Strike_R","Strike_R","Strike_R","Strike_R","Defend_R","Defend_R","Defend_R","Defend_R","Bash","Uppercut+1","True Grit","Iron Wave+1","Headbutt","Fiend Fire+1","Brutality+1","Dropkick","Metallicize","Dark Shackles","Armaments+1","Reaper","Warcry","Armaments+1","Flame Barrier","Seeing Red","Cleave+1"],"relics":["Black Blood","NeowsBlessing","Blue Candle","Centennial Puzzle","Tiny Chest","Magic Flower","Mummified Hand","Whetstone","MawBank","Letter Opener","Paper Frog","Nunchaku","Dream Catcher"],"acts_visited":["Exordium","TheCity"],"potions_floor_usage":[31],"damage_taken":[{"damage":0.0,"enemies":"Small Slimes","floor":1.0,"turns":1.0},{"damage":0.0,"enemies":"Cultist","floor":2.0,"turns":1.0},{"damage":0.0,"enemies":"Jaw Worm","floor":4.0,"turns":1.0},{"damage":14.0,"enemies":"3 Louse","floor":5.0,"turns":5.0},{"damage":44.0,"enemies":"Lagavulin","floor":7.0,"turns":7.0},{"damage":23.0,"enemies":"Gremlin Nob","floor":10.0,"turns":4.0},{"damage":25.0,"enemies":"3 Sentries","floor":14.0,"turns":6.0},{"damage":38.0,"enemies":"Slime Boss","floor":16.0,"turns":9.0},{"damage":27.0,"enemies":"3 Byrds","floor":18.0,"turns":8.0},{"damage":3.0,"enemies":"Chosen","floor":19.0,"turns":4.0},{"damage":0.0,"enemies":"Snake Plant","floor":21.0,"turns":1.0},{"damage":46.0,"enemies":"Snecko","floor":25.0,"turns":7.0},{"damage":58,"enemies":"Slavers","floor":31,"turns":8},{"damage":59,"enemies":"Champ","floor":33,"turns":12}],"seed_played":"-7434933614942246981","potions_obtained":[{"floor":1.0,"key":"SteroidPotion"},{"floor":7.0,"key":"SmokeBomb"},{"floor":14.0,"key":"DuplicationPotion"},{"floor":18.0,"key":"Ancient Potion"}],"is_trial":false,"path_per_floor":["M","M","?","M","M","R","E","R","T","E","?","T","$","E","R","B",null,"M","M","?","M","T","R","?","M","T","R","?","R","T","E","R","B"],"character_chosen":"IRONCLAD","items_purchased":["Dropkick","Metallicize","Whetstone","Dark Shackles"],"campfire_rested":3,"item_purchase_floors":[13,13,13,13],"current_hp_per_floor":[78,80,80,80,72,72,34,58,58,41,41,41,41,25,49,20,65,62,77,77,80,80,80,80,52,52,52,52,52,52,27,51,0,0],"gold":776,"neow_bonus":"THREE_ENEMY_KILL","is_daily":false,"chose_seed":false,"campfire_upgraded":4,"win_rate":0.0,"timestamp":1612656636,"path_taken":["M","M","?","?","M","R","E","R","T","E","?","?","$","E","R","BOSS","M","M","?","M","?","R","?","?","T","R","?","R","?","E","R","BOSS"],"items_purchased_type":["Card","Card","Relic","Card"],"build_version":"2020-12-22","purchased_purges":1,"victory":false,"max_hp_per_floor":[80,80,80,80,80,80,80,80,80,80,80,80,80,80,80,80,80,80,80,80,80,80,80,80,80,80,80,80,80,80,80,80,80,80],"card_choices":[{"not_picked":["Flex","Sword Boomerang"],"picked":"Uppercut","floor":1.0},{"not_picked":["Hemokinesis","Pommel Strike"],"picked":"True Grit","floor":2.0},{"not_picked":["Twin Strike","Clothesline"],"picked":"Iron Wave","floor":4.0},{"not_picked":["Warcry","Body Slam"],"picked":"Headbutt","floor":5.0},{"not_picked":["Combust","Heavy Blade"],"picked":"Fiend Fire","floor":7.0},{"not_picked":["Rupture","Havoc"],"picked":"Brutality","floor":10.0},{"not_picked":["Twin Strike","Shrug It Off"],"picked":"Armaments","floor":14.0},{"not_picked":["Double Tap","Exhume"],"picked":"Reaper","floor":16.0},{"not_picked":["Sword Boomerang","Clothesline"],"picked":"Warcry","floor":18.0},{"not_picked":["Battle Trance","Infernal Blade"],"picked":"Armaments+1","floor":19.0},{"not_picked":["Armaments","Sword Boomerang"],"picked":"Flame Barrier","floor":25.0},{"not_picked":["Thunderclap","Sentinel"],"picked":"Seeing Red","floor":31},{"not_picked":["Thunderclap","Clash"],"picked":"Cleave+1","floor":32}],"player_experience":1345050,"relics_obtained":[{"floor":7.0,"key":"Centennial Puzzle"},{"floor":9.0,"key":"Tiny Chest"},{"floor":10.0,"key":"Magic Flower"},{"floor":12.0,"key":"Mummified Hand"},{"floor":14.0,"key":"MawBank"},{"floor":22.0,"key":"Letter Opener"},{"floor":26.0,"key":"Paper Frog"},{"floor":30,"key":"Nunchaku"},{"floor":31,"key":"Dream Catcher"}],"event_choices":[{"damage_healed":0.0,"max_hp_gain":0.0,"max_hp_loss":0.0,"gold_gain":0.0,"event_name":"WeMeetAgain","player_choice":"Gave Potion","floor":3.0,"gold_loss":0.0,"damage_taken":0.0,"relics_obtained":["Blue Candle"]},{"damage_healed":0.0,"max_hp_gain":0.0,"max_hp_loss":0.0,"gold_gain":175.0,"event_name":"Liars Game","player_choice":"AGREE","floor":11.0,"gold_loss":0.0,"damage_taken":0.0,"cards_obtained":["Doubt"]},{"damage_healed":0.0,"max_hp_gain":0.0,"max_hp_loss":0.0,"gold_gain":0.0,"event_name":"Ghosts","player_choice":"Ignored","floor":20.0,"gold_loss":0.0,"damage_taken":0.0},{"damage_healed":0.0,"max_hp_gain":0.0,"max_hp_loss":0.0,"gold_gain":100.0,"event_name":"Golden Shrine","player_choice":"Pray","floor":24.0,"gold_loss":0.0,"damage_taken":0.0},{"damage_healed":0,"gold_gain":100,"player_choice":"Pray","damage_taken":0,"max_hp_gain":0,"max_hp_loss":0,"event_name":"Golden Shrine","floor":28,"gold_loss":0}],"is_beta":false,"boss_relics":[{"not_picked":["Fusion Hammer","Runic Pyramid"],"picked":"Black Blood"}],"items_purged_floors":[13],"is_endless":false,"potions_floor_spawned":[1,7,14,18],"killed_by":"Champ","ascension_level":11}}