{"host":"d744ndivyohnro60","time":1612723628,"event":{"mods":["BaseMod","Bestiary","Colored Powertips","Minty Spire (QoL Compilation)","Relic Stats"],"gold_per_floor":[111,121,46,66,66,66,16,51,86,133,45,45,45,45,45,45,45],"floor_reached":16,"language":"ENG","playtime":428,"items_purged":["Redo","Zap"],"score":133,"play_id":"8f050ade-1aec-4bda-b811-1afe18b480a4","local_time":"20210207134708","is_ascension_mode":true,"campfire_choices":[{"floor":6,"key":"REST"},{"floor":12,"key":"REST"},{"data":"Scrape","floor":15,"key":"SMITH"}],"circlet_count":0,"master_deck":["Beam Cell","Scrape","Fusion+1","Scrape+1","Undo","Hyperbeam+1","Creative AI+1","Leap","Stack","Gash","Core Surge","Self Repair"],"relics":["Pandora\u0027s Box","MawBank","Dream Catcher","Anchor"],"acts_visited":["Exordium"],"potions_floor_usage":[10,16],"damage_taken":[{"damage":0,"enemies":"Small Slimes","floor":1,"turns":1},{"damage":12,"enemies":"Jaw Worm","floor":2,"turns":2},{"damage":0,"enemies":"Cultist","floor":4,"turns":2},{"damage":16,"enemies":"Gremlin Nob","floor":8,"turns":3},{"damage":10,"enemies":"3 Sentries","floor":10,"turns":2},{"damage":69,"enemies":"The Guardian","floor":16,"turns":9}],"seed_played":"-5959821602801156656","potions_obtained":[{"floor":1,"key":"ColorlessPotion"},{"floor":2,"key":"ColorlessPotion"},{"floor":8,"key":"BlessingOfTheForge"}],"is_trial":false,"path_per_floor":["M","M","$","M","?","R","?","E","T","E","$","R","?","$","R","B"],"character_chosen":"DEFECT","items_purchased":[],"campfire_rested":2,"item_purchase_floors":[],"current_hp_per_floor":[75,63,63,63,48,70,70,54,54,44,44,66,66,66,66,0,0],"gold":45,"neow_bonus":"BOSS_RELIC","is_daily":false,"chose_seed":false,"campfire_upgraded":1,"win_rate":0.0,"timestamp":1612723628,"path_taken":["M","M","$","M","?","R","?","E","T","E","?","R","?","$","R","BOSS"],"items_purchased_type":[],"build_version":"2020-12-22","purchased_purges":2,"victory":false,"max_hp_per_floor":[75,75,75,75,75,75,75,75,75,75,75,75,75,75,75,75,75],"relic_stats":{"Dream Catcher":1,"counters":[6,19],"Pandora\u0027s Box":["Beam Cell","Scrape","Fusion","Redo","Scrape","Undo","Hyperbeam","Creative AI"],"MawBank":36,"obtain_stats":[{"Dream Catcher":9,"Anchor":10,"Pandora\u0027s Box":0,"Cracked Core":0,"MawBank":8},{"Dream Catcher":4,"Anchor":5,"Pandora\u0027s Box":0,"Cracked Core":0,"MawBank":4},{"Dream Catcher":8,"Anchor":10,"Pandora\u0027s Box":0,"Cracked Core":0,"MawBank":8}]},"card_choices":[{"not_picked":["Hologram","Redo","Capacitor"],"picked":"SKIP","floor":1},{"not_picked":["Coolheaded","Sweeping Beam"],"picked":"Leap","floor":2},{"not_picked":["Conserve Battery","Skim"],"picked":"Stack","floor":4},{"not_picked":["Hologram","Buffer"],"picked":"Gash","floor":8},{"not_picked":["Leap","Go for the Eyes"],"picked":"Core Surge","floor":10},{"not_picked":["Barrage","Conserve Battery"],"picked":"Self Repair","floor":12}],"player_experience":214161,"relics_obtained":[{"floor":8,"key":"MawBank"},{"floor":9,"key":"Dream Catcher"},{"floor":10,"key":"Anchor"}],"event_choices":[{"damage_healed":0,"gold_gain":0,"player_choice":"Entered Light","damage_taken":15,"max_hp_gain":0,"max_hp_loss":0,"event_name":"Shining Light","floor":5,"gold_loss":0,"cards_upgraded":["Creative AI","Fusion"]},{"cards_removed":["Dualcast"],"damage_healed":0,"gold_gain":0,"player_choice":"Card Removal","damage_taken":0,"max_hp_gain":0,"max_hp_loss":0,"event_name":"The Cleric","floor":7,"gold_loss":50},{"damage_healed":0,"gold_gain":0,"player_choice":"Upgraded","damage_taken":0,"max_hp_gain":0,"max_hp_loss":0,"event_name":"Upgrade Shrine","floor":13,"gold_loss":0,"cards_upgraded":["Hyperbeam"]}],"is_beta":false,"boss_relics":[],"items_purged_floors":[3,11],"is_endless":false,"potions_floor_spawned":[1,2,8],"killed_by":"The Guardian","ascension_level":5}}