{"host":"5kerkh94hj8hofz6","time":1612725075,"event":{"mods":["AchievementEnabler","BaseMod","Colored Map","Colored Powertips","Highlight Path","Minty Spire (QoL Compilation)","StSLib","The Cursed","The Hierophant"],"gold_per_floor":[115,126,141,141,160,160,193,193,217,217,250,270,290,319,319,319,319],"floor_reached":16,"language":"ENG","playtime":827,"items_purged":[],"score":134,"play_id":"35aea6a7-32a2-4847-8e39-fdc256efb504","local_time":"20210208081115","is_ascension_mode":true,"campfire_choices":[{"data":"Poisoned Stab","floor":6.0,"key":"SMITH"},{"floor":10.0,"key":"REST"},{"floor":15,"key":"REST"}],"circlet_count":0,"master_deck":["Strike_G","Strike_G","Strike_G","Strike_G+1","Strike_G","Defend_G","Defend_G","Defend_G","Defend_G","Defend_G+1","Survivor","Neutralize","Quick Slash","Underhanded Strike","Catalyst","Poisoned Stab+1","Skewer","Acrobatics","Wraith Form v2","Catalyst","Dodge and Roll"],"relics":["Ring of the Snake","Art of War","Omamori","Juzu Bracelet","Bottled Lightning"],"acts_visited":["Exordium"],"potions_floor_usage":[14,14],"damage_taken":[{"damage":1.0,"enemies":"Jaw Worm","floor":1.0,"turns":6.0},{"damage":3.0,"enemies":"2 Louse","floor":2.0,"turns":3.0},{"damage":0.0,"enemies":"Cultist","floor":3.0,"turns":3.0},{"damage":9.0,"enemies":"3 Louse","floor":5.0,"turns":4.0},{"damage":26.0,"enemies":"3 Sentries","floor":7.0,"turns":12.0},{"damage":26.0,"enemies":"Gremlin Nob","floor":11.0,"turns":5.0},{"damage":0.0,"enemies":"Exordium Thugs","floor":12.0,"turns":4.0},{"damage":0.0,"enemies":"Exordium Wildlife","floor":13.0,"turns":2.0},{"damage":13,"enemies":"Lagavulin","floor":14,"turns":6},{"damage":33,"enemies":"Hexaghost","floor":16,"turns":11}],"seed_played":"-2019326207301490523","potions_obtained":[{"floor":2.0,"key":"Ancient Potion"},{"floor":3.0,"key":"Swift Potion"},{"floor":7.0,"key":"Ancient Potion"},{"floor":11.0,"key":"Strength Potion"},{"floor":12.0,"key":"CunningPotion"}],"is_trial":false,"path_per_floor":["M","M","M","?","M","R","E","?","T","R","E","M","M","E","R","B"],"character_chosen":"THE_SILENT","items_purchased":[],"campfire_rested":2,"item_purchase_floors":[],"current_hp_per_floor":[76,73,73,73,64,64,38,23,23,46,20,20,20,7,30,0,0],"gold":319,"neow_bonus":"TEN_PERCENT_HP_BONUS","is_daily":false,"chose_seed":false,"campfire_upgraded":1,"win_rate":0.0,"timestamp":1612725075,"path_taken":["M","M","M","?","M","R","E","?","T","R","E","M","M","E","R","BOSS"],"items_purchased_type":[],"build_version":"2020-12-22","purchased_purges":0,"victory":false,"max_hp_per_floor":[77,77,77,77,77,77,77,77,77,77,77,77,77,77,77,77,77],"card_choices":[{"not_picked":["Backflip","Deflect"],"picked":"Quick Slash","floor":1.0},{"not_picked":["Flying Knee","Acrobatics"],"picked":"Underhanded Strike","floor":2.0},{"not_picked":["Blur","Blade Dance"],"picked":"Catalyst","floor":3.0},{"not_picked":["Dash","Acrobatics"],"picked":"Poisoned Stab","floor":5.0},{"not_picked":["Blur","Riddle With Holes"],"picked":"Skewer","floor":7.0},{"not_picked":["Deflect","Choke"],"picked":"Acrobatics","floor":11.0},{"not_picked":["Leg Sweep","Heel Hook"],"picked":"Wraith Form v2","floor":12.0},{"not_picked":["Slice","Underhanded Strike"],"picked":"Catalyst","floor":13.0},{"not_picked":["PiercingWail","Riddle With Holes"],"picked":"Dodge and Roll","floor":14}],"player_experience":419506,"relics_obtained":[{"floor":7.0,"key":"Art of War"},{"floor":9.0,"key":"Omamori"},{"floor":11.0,"key":"Juzu Bracelet"},{"floor":14,"key":"Bottled Lightning"}],"event_choices":[{"damage_healed":0.0,"max_hp_gain":0.0,"max_hp_loss":0.0,"gold_gain":0.0,"event_name":"Liars Game","player_choice":"Ignored","floor":4.0,"gold_loss":0.0,"damage_taken":0.0},{"damage_healed":0.0,"max_hp_gain":0.0,"max_hp_loss":0.0,"gold_gain":0.0,"event_name":"Shining Light","player_choice":"Entered Light","floor":8.0,"gold_loss":0.0,"damage_taken":15.0,"cards_upgraded":["Defend_G","Strike_G"]}],"is_beta":false,"boss_relics":[],"items_purged_floors":[],"is_endless":false,"potions_floor_spawned":[2,3,7,11,12],"killed_by":"Hexaghost","ascension_level":2}}