{"host":"b6hf8n3pu8vqv2wi","time":1612721142,"event":{"mods":["BaseMod","Downfall","Minty Spire (QoL Compilation)","StSLib"],"gold_per_floor":[99,199,216,666,677,706,706,724,753,766,391,91,109,124,137,239,239,239,249,262,45,45,60,60,45,45,78,90,104,134,148,166,263,263,263,276,287,222,222,1221,1221,1246,1246,1015,277,277,70,95,108,108,108,133,83,83,83,83],"floor_reached":57,"language":"ZHS","playtime":6428,"items_purged":["downfall:Icky","downfall:Icky","champ:Strike","Normality","Normality","champ:Strike","champ:Defend"],"score":1391,"play_id":"212eba01-3c3c-466a-a449-5559250601fd","local_time":"20210208020542","is_ascension_mode":true,"campfire_choices":[{"floor":1.0,"key":"RECALL"},{"data":"champ:FanOfKnives","floor":12.0,"key":"SMITH"},{"data":"champ:Shatter","floor":18.0,"key":"SMITH"},{"data":"champ:Improvising","floor":26.0,"key":"SMITH"},{"data":"champ:UltimateStance","floor":35.0,"key":"SMITH"},{"data":"champ:Improvising","floor":46.0,"key":"SMITH"},{"data":"champ:IgnorePain","floor":54.0,"key":"SMITH"}],"circlet_count":0,"master_deck":["champ:Strike","champ:Strike","champ:Defend","champ:Defend+1","champ:Execute","champ:Taunt","champ:EnchantCrown","champ:ShieldWall","champ:FanOfKnives+1","champ:Backstep+1","champ:TornadoPunch","champ:IgnorePain+1","champ:Shatter+1","champ:Improvising+1","champ:BerserkerStyle+1","champ:FaceSlap","champ:GladiatorStyle+1","champ:IronFortress+1","champ:Duel+1","champ:BringItOn","champ:Improvising+1","champ:UltimateStance+1","champ:ShieldWall+1","champ:StanceDance+1","expansioncontent:YouAreMine","expansioncontent:Chronoboost","expansioncontent:GuardianWhirl","champ:GutPunch+1","champ:RecklessLeap+1"],"relics":["champ:ChampionCrown","Centennial Puzzle","Smiling Mask","FossilizedHelix","downfall:HeartBlessingRed","downfall:HeartBlessingGreen","downfall:HeartBlessingBlue","bronze:MakeshiftBattery","Medical Kit","Mercury Hourglass","Bottled Lightning","Akabeko","Philosopher\u0027s Stone","Du-Vu Doll","Happy Flower","Sling","Dream Catcher","Frozen Egg 2","OrangePellets","Blue Candle","CaptainsWheel","HandDrill","War Paint","Pantograph"],"acts_visited":["Exordium","TheCity","TheBeyond","TheEnding"],"potions_floor_usage":[55,55,56],"damage_taken":[{"damage":11.0,"enemies":"Jaw Worm","floor":3.0,"turns":3.0},{"damage":13.0,"enemies":"2 Louse","floor":5.0,"turns":3.0},{"damage":37.0,"enemies":"Lagavulin","floor":6.0,"turns":8.0},{"damage":16.0,"enemies":"Cultist","floor":8.0,"turns":4.0},{"damage":16.0,"enemies":"3 Sentries","floor":9.0,"turns":5.0},{"damage":9.0,"enemies":"Red Slaver","floor":10.0,"turns":5.0},{"damage":10.0,"enemies":"downfall:FleeingMerchant","floor":11.0,"turns":4.0},{"damage":15.0,"enemies":"Large Slime","floor":13.0,"turns":7.0},{"damage":1.0,"enemies":"Blue Slaver","floor":14.0,"turns":4.0},{"damage":0.0,"enemies":"2 Fungi Beasts","floor":15.0,"turns":3.0},{"damage":68.0,"enemies":"WA_ARCHETYPE_RETAIN","floor":16.0,"turns":11.0},{"damage":0.0,"enemies":"3 Byrds","floor":19.0,"turns":5.0},{"damage":15.0,"enemies":"Snecko","floor":20.0,"turns":5.0},{"damage":13.0,"enemies":"downfall:FleeingMerchant","floor":21.0,"turns":4.0},{"damage":7.0,"enemies":"3 Cultists","floor":23.0,"turns":4.0},{"damage":21.0,"enemies":"downfall:FleeingMerchant","floor":25.0,"turns":4.0},{"damage":30.0,"enemies":"Slavers","floor":27.0,"turns":4.0},{"damage":0.0,"enemies":"Cultist and Chosen","floor":28.0,"turns":4.0},{"damage":0.0,"enemies":"Snecko","floor":29.0,"turns":4.0},{"damage":0.0,"enemies":"Gremlin Leader","floor":30.0,"turns":3.0},{"damage":13.0,"enemies":"Centurion and Healer","floor":31.0,"turns":5.0},{"damage":7.0,"enemies":"3 Cultists","floor":32.0,"turns":4.0},{"damage":35.0,"enemies":"IC_MUSHROOM_ARCHETYPE","floor":33.0,"turns":6.0},{"damage":0.0,"enemies":"Orb Walker","floor":36.0,"turns":3.0},{"damage":45.0,"enemies":"3 Darklings","floor":37.0,"turns":6.0},{"damage":18.0,"enemies":"downfall:FleeingMerchant","floor":38.0,"turns":4.0},{"damage":73.0,"enemies":"Giant Head","floor":42.0,"turns":7.0},{"damage":10.0,"enemies":"downfall:FleeingMerchant","floor":44.0,"turns":2.0},{"damage":24.0,"enemies":"Nemesis","floor":48.0,"turns":5.0},{"damage":70.0,"enemies":"Transient","floor":49.0,"turns":5.0},{"damage":21.0,"enemies":"SI_POISON_ARCHETYPE","floor":50.0,"turns":8.0},{"damage":45.0,"enemies":"downfall:CharBossMerchant","floor":52.0,"turns":5.0},{"damage":79,"enemies":"downfall:NeowBoss","floor":55,"turns":11},{"damage":130,"enemies":"downfall:NeowBossFinal","floor":56,"turns":9}],"seed_played":"-3273802020798987763","potions_obtained":[{"floor":5.0,"key":"Energy Potion"},{"floor":6.0,"key":"Explosive Potion"},{"floor":10.0,"key":"GamblersBrew"},{"floor":14.0,"key":"Guardian:BlockOnCardUsePotion"},{"floor":16.0,"key":"Fire Potion"},{"floor":20.0,"key":"Explosive Potion"},{"floor":27.0,"key":"champ:OpenerPotion"},{"floor":28.0,"key":"EssenceOfSteel"},{"floor":30.0,"key":"FearPotion"},{"floor":31.0,"key":"EssenceOfSteel"},{"floor":33.0,"key":"FearPotion"},{"floor":42.0,"key":"LiquidMemories"},{"floor":49.0,"key":"Block Potion"},{"floor":52.0,"key":"EssenceOfSteel"}],"is_trial":false,"path_per_floor":["R","?","M","?","M","E","T","M","E","M","$","R","M","M","M","B",null,"R","M","M","$","?","M","T","$","R","E","M","M","E","M","M","B",null,"R","M","M","?","?","?","T","E","?","$","$","R","$","E","M","B",null,"E","$","R","B","B",null],"character_chosen":"THE_CHAMP","items_purchased":["FossilizedHelix","Medical Kit","Sling","Dream Catcher","Frozen Egg 2","OrangePellets","Blue Candle","CaptainsWheel","HandDrill"],"campfire_rested":0,"item_purchase_floors":[11,21,44,44,44,45,45,45,47],"current_hp_per_floor":[90,90,89,89,76,59,59,58,52,48,48,58,58,57,67,29,100,100,100,85,92,92,92,92,86,86,66,73,90,97,100,100,70,100,100,100,86,85,75,75,75,50,50,57,57,57,57,64,40,36,100,86,86,86,80,21],"gold":83,"neow_bonus":"ONE_RANDOM_RARE_CARD","is_daily":false,"chose_seed":false,"campfire_upgraded":6,"win_rate":0.0,"timestamp":1612721142,"path_taken":["R","?","M","?","M","E","T","M","E","M","$","R","M","M","M","BOSS","R","M","M","$","?","M","T","?","R","E","?","M","E","M","M","BOSS","R","M","M","?","?","?","T","E","?","?","$","R","$","E","M","BOSS","E","$","R","BOSS","BOSS"],"items_purchased_type":["Relic","Relic","Relic","Relic","Relic","Relic","Relic","Relic","Relic"],"build_version":"2020-12-22","purchased_purges":7,"victory":true,"max_hp_per_floor":[90,90,90,90,90,90,90,90,90,90,90,100,100,100,100,100,100,100,100,100,100,100,100,100,100,100,100,100,100,100,100,100,100,100,100,100,100,100,100,100,100,100,100,100,100,100,100,100,100,100,100,100,100,100,100,100],"card_choices":[{"not_picked":["champ:ShieldSigil","champ:ArenaPreparation"],"picked":"champ:ShieldWall","floor":3.0},{"not_picked":["champ:BerserkersShout","champ:PerfectedStrike","champ:ViciousMockery"],"picked":"SKIP","floor":5.0},{"not_picked":["champ:CrownThrow","champ:PerfectedStrike"],"picked":"champ:FanOfKnives","floor":6.0},{"not_picked":["champ:EnchantSword","champ:ShieldSlam"],"picked":"champ:Backstep","floor":8.0},{"not_picked":["champ:GladiatorStyle","champ:ArenaPreparation"],"picked":"champ:TornadoPunch","floor":9.0},{"not_picked":["champ:Haymaker","champ:EnGarde","champ:FanOfKnives"],"picked":"SKIP","floor":10.0},{"not_picked":["champ:Encircle","champ:FlashCut","champ:SwordSigil"],"picked":"SKIP","floor":11.0},{"not_picked":["champ:RisingSlash","champ:TornadoPunch"],"picked":"champ:IgnorePain","floor":13.0},{"not_picked":["champ:FanOfKnives","champ:BladeFlurry","champ:Circumvent"],"picked":"SKIP","floor":14.0},{"not_picked":["champ:TornadoPunch","champ:Backstep"],"picked":"champ:Shatter","floor":15.0},{"not_picked":["champ:DancingMaster","champ:CheapShot"],"picked":"champ:Improvising","floor":16.0},{"not_picked":["champ:FlashCut","champ:CrookedStrike","champ:FancyFootwork"],"picked":"SKIP","floor":19.0},{"not_picked":["champ:FancyFootwork","champ:Circumvent"],"picked":"champ:BerserkerStyle+1","floor":20.0},{"not_picked":["champ:AdrenalArmor","champ:EnGarde"],"picked":"champ:FaceSlap","floor":21.0},{"not_picked":["champ:Parry","champ:DefensiveStyle"],"picked":"champ:GladiatorStyle+1","floor":23.0},{"not_picked":["champ:TornadoPunch","champ:ShieldSlam","champ:RageSigil"],"picked":"SKIP","floor":25.0},{"not_picked":["champ:FancyFootwork","champ:GutPunch"],"picked":"champ:IronFortress+1","floor":27.0},{"not_picked":["champ:BladeFlurry","champ:ArenaPreparation","champ:Haymaker"],"picked":"SKIP","floor":28.0},{"not_picked":["champ:TornadoPunch","champ:FanOfKnives"],"picked":"champ:Duel+1","floor":29.0},{"not_picked":["champ:EnGarde","champ:TornadoPunch"],"picked":"champ:BringItOn","floor":30.0},{"not_picked":["champ:Shatter+1","champ:PreciseThrust","champ:GutPunch"],"picked":"SKIP","floor":31.0},{"not_picked":["champ:Backstep","champ:Lariat"],"picked":"champ:Improvising","floor":32.0},{"not_picked":["champ:VampiricStrike","champ:TripleStrike"],"picked":"champ:UltimateStance","floor":33.0},{"not_picked":["champ:EnragedBash+1","champ:Endure"],"picked":"champ:ShieldWall+1","floor":36.0},{"not_picked":["champ:Circumvent+1","champ:CrownThrow+1","champ:TornadoPunch"],"picked":"SKIP","floor":37.0},{"not_picked":["champ:EnGarde","champ:EnchantCrown"],"picked":"champ:StanceDance+1","floor":38.0},{"not_picked":["expansioncontent:InvincibleStrength","expansioncontent:HyperBeam"],"picked":"expansioncontent:YouAreMine","floor":39.0},{"not_picked":["expansioncontent:YouAreMine","expansioncontent:InvincibleStrength"],"picked":"expansioncontent:Chronoboost","floor":39.0},{"not_picked":["expansioncontent:HyperBeam","expansioncontent:Chronoboost"],"picked":"expansioncontent:GuardianWhirl","floor":39.0},{"not_picked":["champ:FanOfKnives","champ:BladeFlurry+1","champ:FancyFootwork"],"picked":"SKIP","floor":42.0},{"not_picked":["champ:PreciseThrust+1","champ:FlashCut","champ:BringItOn+1"],"picked":"SKIP","floor":44.0},{"not_picked":["champ:IronFortress+1","champ:DefensiveStyle+1"],"picked":"champ:GutPunch+1","floor":48.0},{"not_picked":["champ:BringItOn","champ:TornadoPunch+1","champ:EnGarde"],"picked":"SKIP","floor":49.0},{"not_picked":["champ:SwordSigil+1","champ:StanceDance"],"picked":"champ:RecklessLeap+1","floor":52.0}],"player_experience":704377,"relics_obtained":[{"floor":6.0,"key":"Centennial Puzzle"},{"floor":9.0,"key":"Smiling Mask"},{"floor":24.0,"key":"Mercury Hourglass"},{"floor":27.0,"key":"Bottled Lightning"},{"floor":30.0,"key":"Akabeko"},{"floor":41.0,"key":"Du-Vu Doll"},{"floor":42.0,"key":"Happy Flower"},{"floor":48.0,"key":"War Paint"},{"floor":52.0,"key":"Pantograph"}],"event_choices":[{"cards_removed":["champ:Defend"],"damage_healed":0.0,"max_hp_gain":0.0,"max_hp_loss":0.0,"gold_gain":0.0,"event_name":"Falling","player_choice":"Removed Skill","floor":43.0,"gold_loss":0.0,"damage_taken":0.0}],"is_beta":false,"boss_relics":[{"not_picked":["Fusion Hammer","Runic Dome"],"picked":"bronze:MakeshiftBattery"},{"not_picked":["Black Star","SacredBark"],"picked":"Philosopher\u0027s Stone"}],"items_purged_floors":[11,21,38,44,45,47,53],"is_endless":false,"potions_floor_spawned":[5,6,10,14,16,20,27,28,30,31,33,42,49,52],"ascension_level":1}}