{"host":"njcl8kinlkfw245p","time":1612727378,"event":{"mods":["BaseMod","Block Reminder","Colored Map","Googly Eyes","KinomotoSakuraMod(????)","Minty Spire (QoL Compilation)","StSLib","The Senshi","Unceasing Turn Reminder","everything is the same but u backflip on backflip"],"gold_per_floor":[367,317,10,27,27,27,57,75,144,171,171,181,181,219,219,345,345,369,212,231,231,254,254,298,298,298,58,91,115,138,151,151,274,274,299,77,77,96,48,48,82,82,82,107,142,142,142,186,186,186],"floor_reached":51,"language":"ENG","playtime":5555,"items_purged":["Strike_P"],"score":963,"play_id":"9729d5a7-7dd4-47e4-b917-0c1c7330da68","local_time":"20210207114938","is_ascension_mode":true,"campfire_choices":[{"data":"SashWhip","floor":6.0,"key":"SMITH"},{"data":"BowlingBash","floor":11.0,"key":"SMITH"},{"data":"Vigilance","floor":15.0,"key":"SMITH"},{"data":"Wallop","floor":23.0,"key":"SMITH"},{"data":"Nirvana","floor":25.0,"key":"SMITH"},{"floor":32.0,"key":"REST"},{"floor":40,"key":"REST"},{"floor":42,"key":"REST"},{"data":"TalkToTheHand","floor":47,"key":"SMITH"},{"data":"Protect","floor":49,"key":"SMITH"}],"circlet_count":0,"master_deck":["Defend_P","Vigilance+1","CutThroughFate","BowlingBash+1","SashWhip+1","Vault","ReachHeaven","ThirdEye","Protect","Ragnarok","Wallop+1","Consecrate","Protect+1","TalkToTheHand+1","Nirvana+1","FollowUp","MasterReality","Study","CutThroughFate+1","Devotion","EmptyBody+1","DevaForm+1","Wireheading","Devotion","JustLucky+1","JustLucky+1","BattleHymn+1"],"relics":["PureWater","Yang","Dream Catcher","Singing Bowl","Boot","Golden Idol","Thread and Needle","Philosopher\u0027s Stone","HornCleat","Shuriken","Gremlin Horn","Oddly Smooth Stone","Astrolabe","DollysMirror","GoldenEye","Shovel","Bird Faced Urn"],"acts_visited":["Exordium","TheCity","TheBeyond"],"potions_floor_usage":[45],"damage_taken":[{"damage":0.0,"enemies":"Small Slimes","floor":1.0,"turns":3.0},{"damage":0.0,"enemies":"2 Louse","floor":4.0,"turns":2.0},{"damage":13.0,"enemies":"3 Sentries","floor":7.0,"turns":8.0},{"damage":0.0,"enemies":"Jaw Worm","floor":8.0,"turns":5.0},{"damage":14.0,"enemies":"Lagavulin","floor":10.0,"turns":5.0},{"damage":8.0,"enemies":"Looter","floor":12.0,"turns":3.0},{"damage":12.0,"enemies":"Gremlin Nob","floor":14.0,"turns":4.0},{"damage":6.0,"enemies":"The Guardian","floor":16.0,"turns":12.0},{"damage":0.0,"enemies":"3 Byrds","floor":18.0,"turns":4.0},{"damage":0.0,"enemies":"Spheric Guardian","floor":20.0,"turns":2.0},{"damage":1.0,"enemies":"3 Cultists","floor":22.0,"turns":5.0},{"damage":45.0,"enemies":"Gremlin Leader","floor":24.0,"turns":6.0},{"damage":19.0,"enemies":"Slavers","floor":28.0,"turns":6.0},{"damage":0.0,"enemies":"Shelled Parasite and Fungi","floor":29.0,"turns":5.0},{"damage":0.0,"enemies":"Snake Plant","floor":30.0,"turns":4.0},{"damage":0.0,"enemies":"Sentry and Sphere","floor":31.0,"turns":6.0},{"damage":17.0,"enemies":"Automaton","floor":33.0,"turns":9.0},{"damage":37,"enemies":"Orb Walker","floor":35,"turns":5},{"damage":29,"enemies":"3 Darklings","floor":38,"turns":5},{"damage":0,"enemies":"Giant Head","floor":41,"turns":7},{"damage":0,"enemies":"Spire Growth","floor":44,"turns":6},{"damage":44,"enemies":"Nemesis","floor":45,"turns":8},{"damage":0,"enemies":"Giant Head","floor":48,"turns":7},{"damage":86,"enemies":"Awakened One","floor":50,"turns":9}],"seed_played":"4795483547236906682","potions_obtained":[{"floor":7.0,"key":"Energy Potion"},{"floor":10.0,"key":"Weak Potion"},{"floor":14.0,"key":"DistilledChaos"},{"floor":20.0,"key":"GamblersBrew"},{"floor":28.0,"key":"Swift Potion"},{"floor":29.0,"key":"EssenceOfSteel"},{"floor":35,"key":"FearPotion"},{"floor":41,"key":"SmokeBomb"},{"floor":48,"key":"FairyPotion"}],"is_trial":false,"path_per_floor":["M","?","$","M","?","R","E","M","T","E","R","M","?","E","R","B",null,"M","$","M","?","M","R","E","R","T","$","E","M","M","M","R","B",null,"M","$","?","M","$","R","E","R","T","M","E","?","R","E","R","B",null],"character_chosen":"WATCHER","items_purchased":["BowlingBash","Yang","Wallop","Gremlin Horn","Wireheading","DollysMirror","AttackPotion"],"campfire_rested":3,"item_purchase_floors":[3,3,19,27,36,36,39],"current_hp_per_floor":[65,65,65,65,70,70,57,57,57,43,43,35,35,25,25,19,67,69,69,69,69,68,68,23,23,23,23,4,6,6,8,29,12,73,38,38,38,11,11,34,36,59,59,61,17,81,81,83,83,28],"gold":186,"neow_bonus":"TWO_FIFTY_GOLD","is_daily":false,"chose_seed":false,"campfire_upgraded":7,"win_rate":0.0,"timestamp":1612727378,"path_taken":["M","?","$","M","?","R","E","M","T","E","R","M","?","E","R","BOSS","M","$","M","?","M","R","E","R","T","$","E","M","M","M","R","BOSS","M","$","?","M","$","R","E","R","T","M","E","?","R","E","R","BOSS"],"items_purchased_type":["Card","Relic","Card","Relic","Card","Relic","Potion"],"build_version":"2020-12-22","purchased_purges":1,"victory":true,"max_hp_per_floor":[65,65,65,65,70,70,70,70,70,70,70,70,65,67,67,67,67,69,69,69,69,69,69,69,69,69,69,69,71,71,73,73,73,73,75,75,75,77,77,77,79,79,79,81,81,81,81,83,83,83],"card_choices":[{"not_picked":["PathToVictory","JustLucky"],"picked":"CutThroughFate","floor":1.0},{"not_picked":["PathToVictory","ClearTheMind"],"picked":"SashWhip","floor":4.0},{"not_picked":["FollowUp","Halt"],"picked":"Vault","floor":7.0},{"not_picked":["Evaluate","Crescendo"],"picked":"ReachHeaven","floor":8.0},{"not_picked":["Evaluate","DeceiveReality"],"picked":"ThirdEye","floor":10.0},{"not_picked":["Meditate","PathToVictory"],"picked":"Protect","floor":12.0},{"not_picked":["WreathOfFlame","CarveReality","Study"],"picked":"Singing Bowl","floor":14.0},{"not_picked":["SpiritShield","DeusExMachina"],"picked":"Ragnarok","floor":16.0},{"not_picked":["Study","Crescendo","PathToVictory+1"],"picked":"Singing Bowl","floor":18.0},{"not_picked":["ThirdEye","Omniscience"],"picked":"Consecrate","floor":20.0},{"not_picked":["WreathOfFlame+1","BowlingBash"],"picked":"Nirvana","floor":22.0},{"not_picked":["Consecrate","Worship"],"picked":"FollowUp","floor":24.0},{"not_picked":["JustLucky","Omniscience"],"picked":"MasterReality","floor":28.0},{"not_picked":["CrushJoints","PathToVictory","Pray"],"picked":"Singing Bowl","floor":29.0},{"not_picked":["Consecrate","Prostrate"],"picked":"Study","floor":30.0},{"not_picked":["ClearTheMind","FlyingSleeves","Halt+1"],"picked":"Singing Bowl","floor":31.0},{"not_picked":["Fasting2","CrushJoints"],"picked":"CutThroughFate+1","floor":32.0},{"not_picked":["Ragnarok","Brilliance"],"picked":"Devotion","floor":33.0},{"not_picked":["ForeignInfluence","ClearTheMind+1","FollowUp"],"picked":"Singing Bowl","floor":35},{"not_picked":["FlyingSleeves","PathToVictory","Indignation+1"],"picked":"Singing Bowl","floor":38},{"not_picked":["SpiritShield","Halt+1"],"picked":"JustLucky+1","floor":40},{"not_picked":["Halt","DeceiveReality+1","Swivel"],"picked":"Singing Bowl","floor":41},{"not_picked":["EmptyMind+1","Crescendo+1"],"picked":"JustLucky+1","floor":42},{"not_picked":["FollowUp","Evaluate","SashWhip+1"],"picked":"Singing Bowl","floor":44},{"not_picked":["EmptyBody","Prostrate+1"],"picked":"BattleHymn+1","floor":45},{"not_picked":["BowlingBash+1","LessonLearned","Perseverance"],"picked":"Singing Bowl","floor":48}],"player_experience":939949,"relics_obtained":[{"floor":7.0,"key":"Dream Catcher"},{"floor":9.0,"key":"Singing Bowl"},{"floor":10.0,"key":"Boot"},{"floor":14.0,"key":"Thread and Needle"},{"floor":24.0,"key":"HornCleat"},{"floor":26.0,"key":"Shuriken"},{"floor":28.0,"key":"Oddly Smooth Stone"},{"floor":41,"key":"GoldenEye"},{"floor":45,"key":"Shovel"},{"floor":48,"key":"Bird Faced Urn"}],"event_choices":[{"cards_removed":["Strike_P"],"damage_healed":0.0,"max_hp_gain":0.0,"max_hp_loss":0.0,"gold_gain":0.0,"event_name":"The Cleric","player_choice":"Card Removal","floor":2.0,"gold_loss":50.0,"damage_taken":0.0},{"damage_healed":0.0,"max_hp_gain":5.0,"max_hp_loss":0.0,"gold_gain":0.0,"event_name":"Big Fish","player_choice":"Donut","floor":5.0,"gold_loss":0.0,"damage_taken":0.0},{"damage_healed":0.0,"max_hp_gain":0.0,"max_hp_loss":5.0,"gold_gain":0.0,"event_name":"Golden Idol","player_choice":"Lose Max HP","floor":13.0,"gold_loss":0.0,"damage_taken":0.0,"relics_obtained":["Golden Idol"]},{"damage_healed":0.0,"max_hp_gain":0.0,"max_hp_loss":0.0,"gold_gain":0.0,"cards_transformed":["Strike_P","Strike_P"],"event_name":"Drug Dealer","player_choice":"Became Test Subject","floor":21.0,"gold_loss":0.0,"damage_taken":0.0,"cards_obtained":["Protect","TalkToTheHand"]},{"cards_removed":["Eruption"],"damage_healed":0,"gold_gain":0,"player_choice":"Removed Attack","damage_taken":0,"max_hp_gain":0,"max_hp_loss":0,"event_name":"Falling","floor":37,"gold_loss":0},{"cards_removed":["Conclude"],"damage_healed":64,"gold_gain":0,"player_choice":"Offered Uncommon","damage_taken":0,"max_hp_gain":0,"max_hp_loss":0,"event_name":"Bonfire Elementals","floor":46,"gold_loss":0}],"is_beta":false,"boss_relics":[{"not_picked":["SacredBark","Velvet Choker"],"picked":"Philosopher\u0027s Stone"},{"not_picked":["HolyWater","Calling Bell"],"picked":"Astrolabe"}],"items_purged_floors":[19],"is_endless":false,"potions_floor_spawned":[7,10,14,20,28,29,35,41,48],"ascension_level":3}}