{"host":"q0qnzbgdx8oqogg9","time":1612664069,"event":{"mods":["BaseMod","Minty Spire (QoL Compilation)","StSLib"],"gold_per_floor":[115,135,40,40,53,80,157,157,181,181,192,220,237,255,255,360,360,376,301,401,4,20,49,49,49,94,126,142,157,256,283,283,382,382,401,451,451,496,30,64,77,102,102,102,102,102],"floor_reached":45,"language":"ENG","playtime":1330,"items_purged":["Strike_B","Strike_B","Electrodynamics+1"],"score":1023,"play_id":"957a6708-e649-4418-8c85-49614e4c21ee","local_time":"20210206211429","is_ascension_mode":true,"campfire_choices":[{"floor":8.0,"key":"REST"},{"data":"Hyperbeam","floor":15.0,"key":"SMITH"},{"floor":24.0,"key":"DIG"},{"data":"Spot Weakness","floor":32.0,"key":"SMITH"}],"circlet_count":0,"master_deck":["AscendersBane","Defend_B+1","Defend_B+1","Defend_B+1","Defend_B+1","Dualcast","Steam Power","Rebound","FTL","Beam Cell","Rip and Tear","Hyperbeam+1","Sunder","Go for the Eyes","Buffer","Gash","Reinforced Body+1","FollowUp","Shame","Consecrate+1","Spot Weakness+1","Echo Form","Streamline+1","Hello World+1","Beam Cell","Dual Wield","Self Repair"],"relics":["Cracked Core","NeowsBlessing","Bag of Preparation","Bottled Flame","Orichalcum","PreservedInsect","Cursed Key","Oddly Smooth Stone","PrismaticShard","Shovel","Akabeko","Bronze Scales","Omamori","Pantograph","Astrolabe","TungstenRod","Potion Belt","Calipers","Toy Ornithopter","DataDisk","MealTicket"],"acts_visited":["Exordium","TheCity","TheBeyond"],"potions_floor_usage":[33,33,33,33,42,44,44],"damage_taken":[{"damage":0.0,"enemies":"Small Slimes","floor":1.0,"turns":1.0},{"damage":0.0,"enemies":"2 Louse","floor":2.0,"turns":1.0},{"damage":0.0,"enemies":"Jaw Worm","floor":5.0,"turns":1.0},{"damage":44.0,"enemies":"3 Sentries","floor":6.0,"turns":6.0},{"damage":6.0,"enemies":"Exordium Thugs","floor":11.0,"turns":2.0},{"damage":0.0,"enemies":"Gremlin Nob","floor":12.0,"turns":2.0},{"damage":0.0,"enemies":"3 Louse","floor":13.0,"turns":1.0},{"damage":6.0,"enemies":"Exordium Wildlife","floor":14.0,"turns":2.0},{"damage":50.0,"enemies":"The Guardian","floor":16.0,"turns":10.0},{"damage":2.0,"enemies":"2 Thieves","floor":18.0,"turns":2.0},{"damage":0.0,"enemies":"Chosen","floor":22.0,"turns":3.0},{"damage":0.0,"enemies":"Slavers","floor":23.0,"turns":2.0},{"damage":20.0,"enemies":"Gremlin Leader","floor":27.0,"turns":4.0},{"damage":0.0,"enemies":"Centurion and Healer","floor":28.0,"turns":1.0},{"damage":0.0,"enemies":"Chosen and Byrds","floor":29.0,"turns":3.0},{"damage":8.0,"enemies":"Book of Stabbing","floor":31.0,"turns":2.0},{"damage":43,"enemies":"Collector","floor":33,"turns":12},{"damage":0,"enemies":"3 Shapes","floor":35,"turns":1},{"damage":0,"enemies":"Mind Bloom Boss Battle","floor":36,"turns":6},{"damage":41,"enemies":"Giant Head","floor":40,"turns":6},{"damage":10,"enemies":"Orb Walker","floor":41,"turns":3},{"damage":0,"enemies":"Nemesis","floor":42,"turns":3},{"damage":9,"enemies":"Giant Head","floor":44,"turns":5},{"damage":42,"enemies":"Transient","floor":45,"turns":4}],"seed_played":"-6446258853777267034","potions_obtained":[{"floor":1.0,"key":"EntropicBrew"},{"floor":5.0,"key":"SteroidPotion"},{"floor":31.0,"key":"Dexterity Potion"},{"floor":33,"key":"SmokeBomb"},{"floor":36,"key":"DuplicationPotion"},{"floor":40,"key":"Strength Potion"},{"floor":41,"key":"Energy Potion"},{"floor":42,"key":"FearPotion"}],"is_trial":false,"path_per_floor":["M","M","$","?","M","E","?","R","T","?","M","E","M","M","R","B",null,"M","$","?","$","M","E","R","?","T","E","M","M","?","E","R","B",null,"M","?","?","T","$","E","M","E","T","E","M"],"character_chosen":"DEFECT","items_purchased":["FTL","Beam Cell","Oddly Smooth Stone","PrismaticShard","Calipers","Beam Cell"],"campfire_rested":1,"item_purchase_floors":[3,3,21,21,39,39],"current_hp_per_floor":[68,68,68,65,65,21,21,43,43,68,62,62,62,56,56,6,58,56,56,56,56,56,56,56,56,56,36,36,36,36,28,28,10,59,59,75,71,71,71,30,20,25,25,33,0,0],"gold":102,"neow_bonus":"THREE_ENEMY_KILL","is_daily":false,"chose_seed":false,"campfire_upgraded":2,"win_rate":0.0,"timestamp":1612664069,"path_taken":["M","M","$","?","M","E","?","R","T","?","M","E","M","M","R","BOSS","M","$","?","?","M","E","R","?","T","E","M","?","?","E","R","BOSS","M","?","?","?","$","E","?","E","T","E","M"],"items_purchased_type":["Card","Card","Relic","Relic","Relic","Card"],"build_version":"2020-12-22","purchased_purges":3,"victory":false,"max_hp_per_floor":[75,75,75,75,75,75,75,75,75,75,75,75,75,75,75,75,75,75,75,75,75,75,75,75,75,75,75,75,75,75,75,75,75,75,75,75,71,71,71,71,71,71,71,71,71,71],"card_choices":[{"not_picked":["Turbo","Auto Shields"],"picked":"Steam Power","floor":1.0},{"not_picked":["Stack","Lockon"],"picked":"Rebound","floor":2.0},{"not_picked":["Chill","Streamline"],"picked":"Rip and Tear","floor":5.0},{"not_picked":["Rebound","Rip and Tear"],"picked":"Hyperbeam","floor":6.0},{"not_picked":["Ball Lightning","Streamline"],"picked":"Sunder","floor":11.0},{"not_picked":["Hello World","Tempest"],"picked":"Go for the Eyes","floor":12.0},{"not_picked":["Leap","Beam Cell","BootSequence"],"picked":"SKIP","floor":13.0},{"not_picked":["Hologram","Redo","Compile Driver"],"picked":"SKIP","floor":14.0},{"not_picked":["Echo Form","Hyperbeam"],"picked":"Buffer","floor":16.0},{"not_picked":["Cold Snap","Hello World+1"],"picked":"Gash","floor":18.0},{"not_picked":["Dash","Wallop"],"picked":"Reinforced Body+1","floor":22.0},{"not_picked":["Clothesline","Gash+1"],"picked":"FollowUp","floor":23.0},{"not_picked":["Blasphemy","Cold Snap"],"picked":"Consecrate+1","floor":27.0},{"not_picked":["Flex","FlurryOfBlows","Coolheaded"],"picked":"SKIP","floor":28.0},{"not_picked":["Stack","EmptyFist","Combust"],"picked":"SKIP","floor":29.0},{"not_picked":["Brilliance","ReachHeaven"],"picked":"Spot Weakness","floor":31.0},{"not_picked":["Seek","Fiend Fire"],"picked":"Echo Form","floor":33},{"not_picked":["Feel No Pain+1","Body Slam+1","Turbo+1"],"picked":"SKIP","floor":35},{"not_picked":["Escape Plan","Sweeping Beam+1"],"picked":"Dual Wield","floor":40},{"not_picked":["Pommel Strike","FollowUp","Mind Blast"],"picked":"SKIP","floor":41},{"not_picked":["Redo+1","Flex"],"picked":"Self Repair","floor":42}],"player_experience":340623,"relics_obtained":[{"floor":6.0,"key":"Bottled Flame"},{"floor":9.0,"key":"Orichalcum"},{"floor":12.0,"key":"PreservedInsect"},{"floor":23.0,"key":"Shovel"},{"floor":24.0,"key":"Akabeko"},{"floor":26.0,"key":"Bronze Scales"},{"floor":27.0,"key":"Omamori"},{"floor":31.0,"key":"Pantograph"},{"floor":36,"key":"TungstenRod"},{"floor":38,"key":"Potion Belt"},{"floor":40,"key":"Toy Ornithopter"},{"floor":42,"key":"DataDisk"},{"floor":43,"key":"MealTicket"}],"event_choices":[{"damage_healed":0.0,"max_hp_gain":0.0,"max_hp_loss":0.0,"gold_gain":0.0,"event_name":"Scrap Ooze","player_choice":"Success","floor":4.0,"gold_loss":0.0,"damage_taken":3.0,"relics_obtained":["Bag of Preparation"]},{"damage_healed":0.0,"max_hp_gain":0.0,"max_hp_loss":0.0,"gold_gain":77.0,"event_name":"Golden Wing","player_choice":"Gained Gold","floor":7.0,"gold_loss":0.0,"damage_taken":0.0},{"damage_healed":25.0,"max_hp_gain":0.0,"max_hp_loss":0.0,"gold_gain":0.0,"event_name":"Big Fish","player_choice":"Banana","floor":10.0,"gold_loss":0.0,"damage_taken":0.0},{"damage_healed":0.0,"max_hp_gain":0.0,"max_hp_loss":0.0,"gold_gain":100.0,"event_name":"Golden Shrine","player_choice":"Pray","floor":20.0,"gold_loss":0.0,"damage_taken":0.0},{"damage_healed":0.0,"max_hp_gain":0.0,"max_hp_loss":0.0,"gold_gain":0.0,"event_name":"Back to Basics","player_choice":"Simplicity","floor":25.0,"gold_loss":0.0,"damage_taken":0.0,"cards_upgraded":["Strike_B","Strike_B","Defend_B","Defend_B","Defend_B","Defend_B"]},{"damage_healed":0.0,"max_hp_gain":0.0,"max_hp_loss":0.0,"gold_gain":99.0,"event_name":"Nest","player_choice":"Stole From Cult","floor":30.0,"gold_loss":0.0,"damage_taken":0.0},{"damage_healed":0,"gold_gain":0,"player_choice":"Fight","damage_taken":0,"max_hp_gain":0,"max_hp_loss":0,"event_name":"MindBloom","floor":36,"gold_loss":0},{"damage_healed":0,"gold_gain":0,"player_choice":"Max HP","damage_taken":0,"max_hp_gain":0,"max_hp_loss":4,"event_name":"Winding Halls","floor":37,"gold_loss":0}],"is_beta":false,"boss_relics":[{"not_picked":["Runic Dome","FrozenCore"],"picked":"Cursed Key"},{"not_picked":["Pandora\u0027s Box","Busted Crown"],"picked":"Astrolabe"}],"items_purged_floors":[19,21,39],"is_endless":false,"potions_floor_spawned":[1,5,11,13,16,27,28,29,31,33,36,40,41,42],"killed_by":"Transient","ascension_level":11}}