{"host":"mydft8i2zzydgggw","time":1612669990,"event":{"mods":["AchievementEnabler","BaseMod","Colored Map","Colored Powertips","DeckTracker","Keyboard Shortcuts","Minty Spire (QoL Compilation)","Rare Cards Sparkle","StSLib","SuperFastMode","everything is the same but u backflip on backflip"],"gold_per_floor":[119,129,147,167,180,180,199,199,199,225,325,345,356,376,376,475,475,492,67,86,86,86,117,117,117],"floor_reached":24,"language":"KOR","playtime":541,"items_purged":["Combust"],"score":322,"play_id":"e1565a2b-e608-4c70-923a-b06d78eb19f2","local_time":"20210207125310","is_ascension_mode":true,"campfire_choices":[{"data":"Demon Form","floor":6,"key":"SMITH"},{"data":"Bash","floor":8,"key":"SMITH"},{"data":"True Grit","floor":15,"key":"SMITH"}],"circlet_count":0,"master_deck":["Bash+1","Clothesline","Feel No Pain","Demon Form+1","Wild Strike","Carnage","True Grit+1","Fiend Fire","Shrug It Off","Ghostly Armor","Corruption","Disarm","Cleave","Pummel","Perfected Strike","True Grit","Sentinel+1","Entrench"],"relics":["Burning Blood","Anchor","Red Skull","Boot","Pandora\u0027s Box","Gremlin Horn","Art of War"],"acts_visited":["Exordium","TheCity"],"potions_floor_usage":[5,5,10,16,23,23],"damage_taken":[{"damage":0,"enemies":"2 Louse","floor":1,"turns":2},{"damage":5,"enemies":"Cultist","floor":2,"turns":4},{"damage":7,"enemies":"Jaw Worm","floor":3,"turns":4},{"damage":35,"enemies":"Gremlin Gang","floor":4,"turns":6},{"damage":23,"enemies":"3 Louse","floor":5,"turns":6},{"damage":0,"enemies":"Large Slime","floor":7,"turns":5},{"damage":25,"enemies":"3 Sentries","floor":10,"turns":7},{"damage":4,"enemies":"Looter","floor":12,"turns":4},{"damage":9,"enemies":"3 Louse","floor":13,"turns":4},{"damage":13,"enemies":"Exordium Thugs","floor":14,"turns":4},{"damage":33,"enemies":"Hexaghost","floor":16,"turns":7},{"damage":18,"enemies":"Chosen","floor":18,"turns":6},{"damage":22,"enemies":"Shell Parasite","floor":20,"turns":5},{"damage":83,"enemies":"Slavers","floor":23,"turns":9},{"damage":26,"enemies":"Masked Bandits","floor":24,"turns":3}],"seed_played":"3273445604121102955","potions_obtained":[{"floor":1,"key":"Regen Potion"},{"floor":2,"key":"Regen Potion"},{"floor":7,"key":"BlessingOfTheForge"},{"floor":10,"key":"SkillPotion"},{"floor":13,"key":"GamblersBrew"},{"floor":16,"key":"BloodPotion"}],"is_trial":false,"path_per_floor":["M","M","M","M","M","R","M","R","T","E","?","M","M","M","R","B",null,"M","$","M","?","$","E","?"],"character_chosen":"IRONCLAD","items_purchased":["Gremlin Horn","FairyPotion"],"campfire_rested":0,"item_purchase_floors":[19,19],"current_hp_per_floor":[78,79,78,49,59,59,65,65,65,46,46,48,45,38,38,11,63,51,51,35,35,35,17,0,0],"gold":117,"neow_bonus":"RANDOM_COMMON_RELIC","is_daily":false,"chose_seed":false,"campfire_upgraded":3,"win_rate":0.0,"timestamp":1612669990,"path_taken":["M","M","M","M","M","R","M","R","T","E","?","M","M","?","R","BOSS","M","$","M","?","?","E","?"],"items_purchased_type":["Relic","Potion"],"build_version":"2020-12-22","purchased_purges":1,"victory":false,"max_hp_per_floor":[80,80,80,80,80,80,80,80,80,80,80,80,80,80,80,80,80,80,80,80,80,80,80,80,80],"card_choices":[{"not_picked":["Disarm","Twin Strike"],"picked":"Clothesline","floor":1},{"not_picked":["Havoc","Metallicize","Sever Soul"],"picked":"SKIP","floor":2},{"not_picked":["Fire Breathing","Ghostly Armor"],"picked":"Feel No Pain","floor":3},{"not_picked":["Rupture","Reckless Charge","Heavy Blade"],"picked":"SKIP","floor":4},{"not_picked":["Sword Boomerang","Pommel Strike"],"picked":"Demon Form","floor":5},{"not_picked":["Headbutt","Clash"],"picked":"Wild Strike","floor":7},{"not_picked":["Pommel Strike","Double Tap"],"picked":"Carnage","floor":10},{"not_picked":["Dual Wield","Flex"],"picked":"True Grit","floor":12},{"not_picked":["True Grit","Flex","Havoc"],"picked":"SKIP","floor":13},{"not_picked":["Perfected Strike","Carnage","Anger"],"picked":"SKIP","floor":14},{"not_picked":["Juggernaut","Exhume"],"picked":"Fiend Fire","floor":16},{"not_picked":["True Grit","Thunderclap+1","Anger"],"picked":"SKIP","floor":18},{"not_picked":["Thunderclap+1","Anger"],"picked":"True Grit","floor":18},{"not_picked":["Anger","Wild Strike+1"],"picked":"Sentinel+1","floor":20},{"not_picked":["Perfected Strike","Rupture"],"picked":"Entrench","floor":23}],"player_experience":243406,"relics_obtained":[{"floor":9,"key":"Red Skull"},{"floor":10,"key":"Boot"},{"floor":23,"key":"Art of War"}],"event_choices":[{"damage_healed":0,"gold_gain":100,"player_choice":"Pray","damage_taken":0,"max_hp_gain":0,"max_hp_loss":0,"event_name":"Golden Shrine","floor":11,"gold_loss":0},{"cards_removed":["Hemokinesis"],"damage_healed":0,"gold_gain":0,"player_choice":"Purged","damage_taken":0,"max_hp_gain":0,"max_hp_loss":0,"event_name":"Purifier","floor":21,"gold_loss":0},{"damage_healed":0,"gold_gain":0,"player_choice":"Fought Bandits","damage_taken":0,"max_hp_gain":0,"max_hp_loss":0,"event_name":"Masked Bandits","floor":24,"gold_loss":0}],"is_beta":false,"boss_relics":[{"not_picked":["Coffee Dripper","Velvet Choker"],"picked":"Pandora\u0027s Box"}],"items_purged_floors":[19],"is_endless":false,"potions_floor_spawned":[1,2,7,10,13,16],"killed_by":"Masked Bandits","ascension_level":9}}