{"host":"i2ntsfwoh5q5m216","time":1612731202,"event":{"mods":["BaseMod","Colored Map","Downfall","Minty Spire (QoL Compilation)","StSLib"],"gold_per_floor":[109,109,120,120,15,43,43,43,43,43,75,75,85,119,119,217,217,228,228,62,82,94,94,94],"floor_reached":23,"language":"ENG","playtime":624,"items_purged":[],"score":270,"play_id":"10a134fe-12d9-4065-b9b5-638cc9e94264","local_time":"20210207145322","is_ascension_mode":true,"campfire_choices":[{"data":"Noxious Fumes","floor":7,"key":"SMITH"},{"floor":12,"key":"REST"},{"data":"Deadly Poison","floor":15,"key":"SMITH"}],"circlet_count":0,"master_deck":["Strike_G","Strike_G+1","Strike_G","Strike_G","Strike_G","Defend_G","Defend_G","Defend_G","Defend_G","Defend_G","Survivor+1","Neutralize+1","PiercingWail","Deflect","Noxious Fumes+1","Dash+1","Backflip","Deadly Poison+1","Corpse Explosion","Bouncing Flask","Flash of Steel","Bouncing Flask+1","Venomology"],"relics":["Ring of the Serpent","StoneCalendar","Blue Candle","Incense Burner","Omamori","Kunai"],"acts_visited":["Exordium","TheCity"],"potions_floor_usage":[16,22,23,23],"damage_taken":[{"damage":0,"enemies":"2 Louse","floor":1,"turns":3},{"damage":0,"enemies":"Jaw Worm","floor":3,"turns":7},{"damage":5,"enemies":"Lagavulin","floor":6,"turns":7},{"damage":1,"enemies":"3 Sentries","floor":11,"turns":7},{"damage":0,"enemies":"Small Slimes","floor":13,"turns":4},{"damage":11,"enemies":"Lagavulin","floor":14,"turns":6},{"damage":0,"enemies":"Hexaghost","floor":16,"turns":7},{"damage":16,"enemies":"2 Thieves","floor":18,"turns":3},{"damage":5,"enemies":"Spheric Guardian","floor":21,"turns":4},{"damage":11,"enemies":"3 Cultists","floor":22,"turns":4},{"damage":45,"enemies":"Gremlin Leader","floor":23,"turns":4}],"seed_played":"-8295139048848159148","potions_obtained":[{"floor":3,"key":"LiquidMemories"},{"floor":6,"key":"Block Potion"},{"floor":14,"key":"Guardian:BlockOnCardUsePotion"},{"floor":16,"key":"BlessingOfTheForge"}],"is_trial":false,"path_per_floor":["M","?","M","?","$","E","R","?","T","$","E","R","M","E","R","B",null,"M","?","$","M","M","E"],"character_chosen":"THE_SILENT","items_purchased":["Noxious Fumes","Dash","Bouncing Flask","Flash of Steel"],"campfire_rested":1,"item_purchase_floors":[5,5,20,20],"current_hp_per_floor":[49,49,49,49,49,44,44,30,30,30,29,50,50,39,39,39,70,54,54,54,49,38,0,0],"gold":94,"neow_bonus":"ONE_RARE_RELIC","is_daily":false,"chose_seed":false,"campfire_upgraded":2,"win_rate":0.0,"timestamp":1612731202,"path_taken":["M","?","M","?","$","E","R","?","T","$","E","R","M","E","R","BOSS","M","?","$","M","M","E"],"items_purchased_type":["Card","Card","Card","Card"],"build_version":"2020-12-22","purchased_purges":0,"victory":false,"max_hp_per_floor":[70,70,70,70,70,70,70,70,70,70,70,70,70,70,70,70,70,70,70,70,70,70,70,70],"card_choices":[{"not_picked":["Backflip","Underhanded Strike"],"picked":"PiercingWail","floor":1},{"not_picked":["Underhanded Strike","Terror"],"picked":"Deflect","floor":3},{"not_picked":["Bane","Quick Slash","Flechettes"],"picked":"SKIP","floor":6},{"not_picked":["Eviscerate","Blade Dance"],"picked":"Backflip","floor":11},{"not_picked":["Terror","Dodge and Roll"],"picked":"Deadly Poison","floor":13},{"not_picked":["Terror","Riddle With Holes","Dagger Spray"],"picked":"SKIP","floor":14},{"not_picked":["Wraith Form v2","A Thousand Cuts"],"picked":"Corpse Explosion","floor":16},{"not_picked":["Deflect","Bane","Sucker Punch"],"picked":"SKIP","floor":18},{"not_picked":["Dagger Spray","Eviscerate"],"picked":"Bouncing Flask+1","floor":21},{"not_picked":["Escape Plan","Skewer+1"],"picked":"Venomology","floor":22}],"player_experience":51727,"relics_obtained":[{"floor":6,"key":"Blue Candle"},{"floor":9,"key":"Incense Burner"},{"floor":11,"key":"Omamori"},{"floor":14,"key":"Kunai"}],"event_choices":[{"damage_healed":0,"gold_gain":0,"player_choice":"Ignored","damage_taken":0,"max_hp_gain":0,"max_hp_loss":0,"event_name":"Liars Game","floor":2,"gold_loss":0},{"damage_healed":0,"gold_gain":0,"player_choice":"Grow","damage_taken":0,"max_hp_gain":0,"max_hp_loss":0,"event_name":"Living Wall","floor":4,"gold_loss":0,"cards_upgraded":["Neutralize"]},{"damage_healed":0,"gold_gain":0,"player_choice":"Entered Light","damage_taken":14,"max_hp_gain":0,"max_hp_loss":0,"event_name":"Shining Light","floor":8,"gold_loss":0,"cards_upgraded":["Survivor","Strike_G"]},{"damage_healed":0,"gold_gain":0,"player_choice":"Upgraded","damage_taken":0,"max_hp_gain":0,"max_hp_loss":0,"event_name":"Upgrade Shrine","floor":19,"gold_loss":0,"cards_upgraded":["Dash"]}],"is_beta":false,"boss_relics":[{"not_picked":["Sozu","SlaversCollar"],"picked":"Ring of the Serpent"}],"items_purged_floors":[],"is_endless":false,"potions_floor_spawned":[3,6,14,16,18,21],"killed_by":"Gremlin Leader","ascension_level":1}}