{"host":"g3eueebv62qighx3","time":1612666866,"event":{"mods":["AchievementEnabler","BaseMod","BetterRewards","Colored Map","Downfall","Duelist Mod","Hermit","Hubris","Infinite Spire","Marisa????????","Minty Spire (QoL Compilation)","Remilia??????","Replay The Spire","StSLib","The Animator","The Bug Knight","The Construct","The Cursed","The Necromancer","The Runesmith","The Servant 0.9.4"],"gold_per_floor":[116,44,44,122,134,134,134,134,161,176,176,188,188,217,217,217,217],"floor_reached":16,"language":"ENG","playtime":621,"items_purged":[],"score":98,"play_id":"ecee876a-cad2-48ee-9d71-a6a879ee397b","local_time":"20210206220106","is_ascension_mode":false,"campfire_choices":[{"data":"hermit:Malice","floor":6,"key":"SMITH"},{"data":"ReplayTheSpireMod:Necrogeddon","floor":8,"key":"SMITH"},{"data":"hermit:Covet","floor":11,"key":"SMITH"},{"floor":13,"key":"REST"},{"floor":15,"key":"REST"}],"circlet_count":0,"master_deck":["hermit:Strike_Hermit","hermit:Strike_Hermit","hermit:Strike_Hermit","hermit:Strike_Hermit","hermit:Defend_Hermit","hermit:Defend_Hermit","hermit:Defend_Hermit","hermit:Defend_Hermit","hermit:Snapshot","hermit:Covet+1","ReplayTheSpireMod:Faulty Equipment","ReplayTheSpireMod:Necrogeddon+1","hermit:Malice+1","hermit:FromBeyond","hermit:Gestalt","hermit:Showdown","hermit:SprayPray","hermit:Shortfuse"],"relics":["hermit:Momento","hubris:Towel","hermit:RyeStalk","hubris:ToyBattleship"],"acts_visited":["Exordium"],"potions_floor_usage":[],"damage_taken":[{"damage":0,"enemies":"Cultist","floor":1,"turns":3},{"damage":6,"enemies":"Jaw Worm","floor":5,"turns":3},{"damage":2,"enemies":"2 Louse","floor":10,"turns":3},{"damage":10,"enemies":"2 Fungi Beasts","floor":12,"turns":4},{"damage":37,"enemies":"3 Sentries","floor":14,"turns":7},{"damage":66,"enemies":"Slime Boss","floor":16,"turns":9}],"seed_played":"435391824007661565","potions_obtained":[{"floor":1,"key":"Strength Potion"},{"floor":14,"key":"Fire Potion"}],"is_trial":false,"path_per_floor":["M","$","?","?","M","R","?","R","T","M","R","M","R","E","R","B"],"character_chosen":"HERMIT","items_purchased":["hermit:FromBeyond"],"campfire_rested":2,"item_purchase_floors":[2],"current_hp_per_floor":[75,75,75,75,69,69,69,69,69,67,67,57,75,38,60,0,0],"gold":217,"neow_bonus":"RANDOM_COLORLESS_2","is_daily":false,"chose_seed":false,"campfire_upgraded":3,"win_rate":0.0,"timestamp":1612666866,"path_taken":["M","?","?","?","M","R","?","R","T","M","R","M","R","E","R","BOSS"],"items_purchased_type":["Card"],"build_version":"2020-12-22","purchased_purges":0,"victory":false,"max_hp_per_floor":[75,75,75,75,75,75,75,75,75,75,75,75,75,75,75,75,75],"card_choices":[{"not_picked":["theDuelist:OrbMetronome","Master of Strategy"],"picked":"ReplayTheSpireMod:Necrogeddon","floor":0},{"not_picked":["hermit:Ricochet","hermit:DeadMansHand"],"picked":"hermit:Malice","floor":1},{"not_picked":["hermit:FlashPowder","hermit:FullyLoaded"],"picked":"hermit:Gestalt","floor":5},{"not_picked":["hermit:HighCaliber","hermit:Glare"],"picked":"hermit:Showdown","floor":10},{"not_picked":["hermit:HeroicBravado","hermit:Vantage"],"picked":"hermit:SprayPray","floor":12},{"not_picked":["hermit:Quickdraw","hermit:Headshot"],"picked":"hermit:Shortfuse","floor":14}],"player_experience":132123,"relics_obtained":[{"floor":9,"key":"hermit:RyeStalk"},{"floor":14,"key":"hubris:ToyBattleship"}],"event_choices":[{"damage_healed":0,"gold_gain":78,"player_choice":"Gained Gold","damage_taken":0,"max_hp_gain":0,"max_hp_loss":0,"event_name":"Golden Wing","floor":4,"gold_loss":0}],"is_beta":false,"boss_relics":[],"items_purged_floors":[],"is_endless":false,"potions_floor_spawned":[1,14],"killed_by":"Slime Boss","ascension_level":0}}