{"host":"cijhj3091wf4aho3","time":1612667425,"event":{"mods":["BaseMod","Colored Map","Colored Powertips","Downfall","Friendly Minions","GifTheSpireLib","Highlight Path","Minty Spire (QoL Compilation)","Permanent Neow","Random Character Button","Relic Sorter","Relic Stats","StSLib","everything is the same but u backflip on backflip","slay the spire mod where everything is the same but ironclad has a cowboy hat"],"gold_per_floor":[99,109,94,111,130,30,30,49,78,78,91,116,16,41,53,128,128,128,147,163,181,191,224,224,224,224,224,236,77,77,93,105,179,179,79,93,107,107,107,127,151,151,185,19,37,37,282,282,295,295,295,320,48,48,48,48],"floor_reached":57,"language":"ENG","playtime":3156,"items_purged":["Guardian:Strike_Guardian","Guardian:Strike_Guardian","Guardian:Strike_Guardian"],"score":1910,"play_id":"950e365e-08e8-4091-b2fd-a2fa96922e24","local_time":"20210206191025","is_ascension_mode":true,"campfire_choices":[{"floor":1.0,"key":"RECALL"},{"data":"Guardian:TwinSlam","floor":6.0,"key":"SMITH"},{"data":"Guardian:WalkerClaw","floor":10.0,"key":"SMITH"},{"data":"Guardian:DonusPower","floor":13.0,"key":"SMITH"},{"floor":18.0,"key":"REST"},{"floor":30.0,"key":"REST"},{"floor":35.0,"key":"REST"},{"floor":42.0,"key":"REST"},{"floor":46.0,"key":"REST"},{"floor":54.0,"key":"REST"}],"circlet_count":0,"master_deck":["AscendersBane","Guardian:Defend_Guardian","Guardian:Defend_Guardian","Guardian:Defend_Guardian","Guardian:Defend_Guardian","Guardian:CurlUp","Guardian:TwinSlam+1","Guardian:DonusPower+1","Guardian:PrimingBeam","Guardian:WalkerClaw+1","Guardian:ExploitGems","Guardian:ChargeUp","Guardian:FuturePlans","Guardian:RevengeProtocol","Guardian:ChargeUp+1","Guardian:VentSteam","Guardian:PolyBeam+1","Guardian:ChargeUp+1","Ghostly+1","Ghostly","Ghostly","Ghostly","Ghostly","Guardian:TemporalShield+1","Guardian:AncientConstruct","expansioncontent:InvincibleStrength","expansioncontent:YouAreMine","expansioncontent:Hexaburn","Guardian:ExploitGems","Guardian:FloatingOrbs"],"relics":["Guardian:ModeShifter","Guardian:PocketSentry","downfall:HeartBlessingRed","Prayer Wheel","Pantograph","MealTicket","downfall:HeartBlessingGreen","Regal Pillow","Fusion Hammer","Kunai","MutagenicStrength","Black Star","downfall:HeartBlessingBlue","Bag of Preparation","Centennial Puzzle","Anchor","champ:Barbells","downfall:TeleportStone","Boot","Blue Candle","Guardian:StasisUpgradeRelic"],"acts_visited":["Exordium","TheCity","TheBeyond","TheEnding"],"potions_floor_usage":[56,56],"damage_taken":[{"damage":1.0,"enemies":"Cultist","floor":2.0,"turns":4.0},{"damage":10.0,"enemies":"downfall:FleeingMerchant","floor":3.0,"turns":4.0},{"damage":4.0,"enemies":"Jaw Worm","floor":4.0,"turns":3.0},{"damage":0.0,"enemies":"Small Slimes","floor":5.0,"turns":3.0},{"damage":1.0,"enemies":"Blue Slaver","floor":8.0,"turns":4.0},{"damage":5.0,"enemies":"3 Sentries","floor":9.0,"turns":5.0},{"damage":6.0,"enemies":"Lots of Slimes","floor":11.0,"turns":4.0},{"damage":5.0,"enemies":"Lagavulin","floor":12.0,"turns":5.0},{"damage":14.0,"enemies":"3 Sentries","floor":14.0,"turns":5.0},{"damage":0.0,"enemies":"2 Fungi Beasts","floor":15.0,"turns":2.0},{"damage":24.0,"enemies":"DF_ARCHETYPE_STREAMLINE","floor":16.0,"turns":6.0},{"damage":0.0,"enemies":"3 Byrds","floor":19.0,"turns":3.0},{"damage":11.0,"enemies":"Spheric Guardian","floor":20.0,"turns":3.0},{"damage":15.0,"enemies":"Centurion and Healer","floor":21.0,"turns":5.0},{"damage":6.0,"enemies":"3 Cultists","floor":22.0,"turns":5.0},{"damage":6.0,"enemies":"Gremlin Leader","floor":23.0,"turns":5.0},{"damage":2.0,"enemies":"Chosen and Byrds","floor":28.0,"turns":6.0},{"damage":0.0,"enemies":"downfall:FleeingMerchant","floor":29.0,"turns":4.0},{"damage":0.0,"enemies":"Sentry and Sphere","floor":31.0,"turns":4.0},{"damage":0.0,"enemies":"Snake Plant","floor":32.0,"turns":4.0},{"damage":0.0,"enemies":"IC_MUSHROOM_ARCHETYPE","floor":33.0,"turns":7.0},{"damage":4.0,"enemies":"3 Shapes","floor":36.0,"turns":5.0},{"damage":2.0,"enemies":"3 Darklings","floor":37.0,"turns":6.0},{"damage":10.0,"enemies":"Spire Growth","floor":40.0,"turns":5.0},{"damage":0.0,"enemies":"Nemesis","floor":43.0,"turns":7.0},{"damage":10.0,"enemies":"downfall:FleeingMerchant","floor":44.0,"turns":4.0},{"damage":0.0,"enemies":"Transient","floor":45.0,"turns":5.0},{"damage":0.0,"enemies":"downfall:FleeingMerchant","floor":47.0,"turns":3.0},{"damage":0.0,"enemies":"Sphere and 2 Shapes","floor":49.0,"turns":3.0},{"damage":10.0,"enemies":"WA_ARCHETYPE_DIVINITY","floor":50.0,"turns":8.0},{"damage":41.0,"enemies":"downfall:CharBossMerchant","floor":52.0,"turns":9.0},{"damage":27,"enemies":"downfall:NeowBoss","floor":55,"turns":13},{"damage":13,"enemies":"downfall:NeowBossFinal","floor":56,"turns":9}],"seed_played":"4145650958487238665","potions_obtained":[{"floor":2.0,"key":"Ancient Potion"},{"floor":4.0,"key":"Explosive Potion"},{"floor":11.0,"key":"hexamod:SoulburnPotion"},{"floor":14.0,"key":"Swift Potion"},{"floor":15.0,"key":"Strength Potion"},{"floor":19.0,"key":"bronze:BurnAndBuffPotion"},{"floor":23.0,"key":"LiquidMemories"},{"floor":32.0,"key":"Energy Potion"},{"floor":33.0,"key":"FearPotion"}],"is_trial":false,"path_per_floor":["R","M","$","M","M","R","T","M","E","R","M","E","R","E","M","B",null,"R","M","M","M","M","E","T","?","?","?","M","$","R","M","M","B",null,"R","M","M","?","?","M","T","R","E","$","M","R","$","?","M","B",null,"E","$","R","B","B",null],"character_chosen":"GUARDIAN","items_purchased":["Guardian:Gem_Orange","champ:Barbells","Guardian:StasisUpgradeRelic"],"campfire_rested":6,"item_purchase_floors":[29,44,53],"current_hp_per_floor":[72,71,61,57,57,57,57,56,51,51,45,40,40,26,26,27,67,80,80,69,54,48,42,42,42,42,40,38,40,40,40,40,40,40,50,46,44,34,34,24,24,50,50,40,40,50,50,50,50,40,48,7,22,50,23,35],"gold":48,"neow_bonus":"RANDOM_COMMON_RELIC","is_daily":false,"chose_seed":false,"campfire_upgraded":3,"win_rate":0.0,"timestamp":1612667425,"path_taken":["R","M","$","M","M","R","T","M","E","R","M","E","R","E","M","BOSS","R","M","M","M","M","E","T","?","?","?","?","?","R","M","M","BOSS","R","M","M","?","?","?","T","R","E","$","M","R","$","?","M","BOSS","E","$","R","BOSS","BOSS"],"items_purchased_type":["Card","Relic","Relic"],"build_version":"2020-12-22","purchased_purges":3,"victory":true,"max_hp_per_floor":[80,80,80,80,80,80,80,80,80,80,80,80,80,80,80,80,80,80,80,80,80,80,80,80,80,80,40,40,40,40,40,40,40,40,50,50,50,50,50,50,50,50,50,50,50,50,50,50,50,50,50,50,50,50,50,50],"relic_stats":{"Regal Pillow":24,"Centennial Puzzle":[15],"counters":[33,168],"Pantograph":50,"Blue Candle":[7],"Prayer Wheel":15,"MealTicket":17,"Black Star":2,"Bag of Preparation":[18],"Kunai":[43],"Boot":[3],"obtain_stats":[{"champ:Barbells":44,"Regal Pillow":14,"downfall:HeartBlessingRed":6,"Blue Candle":52,"Guardian:ModeShifter":0,"downfall:HeartBlessingGreen":13,"downfall:TeleportStone":48,"Guardian:PocketSentry":0,"Bag of Preparation":41,"Boot":52,"Guardian:StasisUpgradeRelic":53,"Centennial Puzzle":43,"Anchor":43,"downfall:HeartBlessingBlue":35,"Pantograph":9,"MutagenicStrength":26,"Prayer Wheel":7,"MealTicket":12,"Fusion Hammer":17,"Black Star":34,"Kunai":23},{"champ:Barbells":26,"Regal Pillow":9,"downfall:HeartBlessingRed":4,"Blue Candle":31,"Guardian:ModeShifter":0,"downfall:HeartBlessingGreen":8,"downfall:TeleportStone":28,"Guardian:PocketSentry":0,"Bag of Preparation":24,"Boot":31,"Guardian:StasisUpgradeRelic":31,"Centennial Puzzle":25,"Anchor":25,"downfall:HeartBlessingBlue":21,"Pantograph":6,"MutagenicStrength":16,"Prayer Wheel":4,"MealTicket":8,"Fusion Hammer":11,"Black Star":21,"Kunai":16},{"champ:Barbells":118,"Regal Pillow":37,"downfall:HeartBlessingRed":14,"Blue Candle":146,"Guardian:ModeShifter":0,"downfall:HeartBlessingGreen":32,"downfall:TeleportStone":126,"Guardian:PocketSentry":0,"Bag of Preparation":107,"Boot":146,"Guardian:StasisUpgradeRelic":146,"Centennial Puzzle":114,"Anchor":114,"downfall:HeartBlessingBlue":91,"Pantograph":23,"MutagenicStrength":66,"Prayer Wheel":14,"MealTicket":32,"Fusion Hammer":45,"Black Star":91,"Kunai":66}]},"card_choices":[{"not_picked":["Guardian:SentryBeam","Guardian:TemporalStrike"],"picked":"Guardian:Gem_Fragmented","floor":2.0},{"not_picked":["Guardian:ShieldSpikes","Guardian:Recover"],"picked":"Guardian:Gem_Fragmented","floor":3.0},{"not_picked":["Guardian:Planning","Guardian:Gem_Lightblue"],"picked":"Guardian:DonusPower","floor":4.0},{"not_picked":["Guardian:BodySlam","Guardian:PiercingHide"],"picked":"Guardian:PrimingBeam","floor":5.0},{"not_picked":["Guardian:Planning","Guardian:Orbwalk"],"picked":"Guardian:WalkerClaw","floor":8.0},{"not_picked":["Guardian:TemporalStrike","Guardian:Gem_Lightblue","Guardian:Gem_Green"],"picked":"SKIP","floor":8.0},{"not_picked":["Guardian:Harden","Guardian:Planning","Guardian:Preprogram"],"picked":"SKIP","floor":9.0},{"not_picked":["Guardian:SpikerProtocol","Guardian:ShieldCharger"],"picked":"Guardian:ExploitGems","floor":11.0},{"not_picked":["Guardian:PiercingHide","Guardian:DonusPower","Guardian:PrismaticBeam"],"picked":"SKIP","floor":11.0},{"not_picked":["Guardian:WalkerClaw","Guardian:ChargeCore"],"picked":"Guardian:ChargeUp","floor":12.0},{"not_picked":["Guardian:Orbwalk","Guardian:WalkerClaw"],"picked":"Guardian:Gem_White","floor":14.0},{"not_picked":["Guardian:Gem_Lightblue","Guardian:Suspension"],"picked":"Guardian:Gem_Purple","floor":15.0},{"not_picked":["Guardian:WalkerClaw","Guardian:BodySlam"],"picked":"Guardian:FuturePlans","floor":15.0},{"not_picked":["Guardian:SphericShield","Guardian:TimeSifter"],"picked":"Guardian:Gem_Orange","floor":16.0},{"not_picked":["Guardian:CrystalBeam","Guardian:ShieldCharger","Guardian:Harden"],"picked":"SKIP","floor":19.0},{"not_picked":["Guardian:Gem_Yellow","Guardian:TemporalStrike","Guardian:SpikerProtocol"],"picked":"SKIP","floor":19.0},{"not_picked":["Guardian:TemporalStrike","Guardian:Gem_Cyan"],"picked":"Guardian:RevengeProtocol","floor":20.0},{"not_picked":["Guardian:ShieldCharger","Guardian:EvasiveProtocol","Guardian:ArmoredProtocol"],"picked":"SKIP","floor":20.0},{"not_picked":["Guardian:RefractedBeam","Guardian:Planning"],"picked":"Guardian:ChargeUp+1","floor":21.0},{"not_picked":["Guardian:PrismaticBeam","Guardian:WalkerClaw"],"picked":"Guardian:VentSteam","floor":21.0},{"not_picked":["Guardian:Gem_Lightblue","Guardian:Recover"],"picked":"Guardian:PolyBeam+1","floor":22.0},{"not_picked":["Guardian:Recover","Guardian:Gem_Lightblue","Guardian:PrimingBeam"],"picked":"SKIP","floor":22.0},{"not_picked":["Guardian:StasisEngine","Guardian:WalkerClaw"],"picked":"Guardian:ChargeUp","floor":23.0},{"not_picked":["Guardian:WalkerClaw","Guardian:CrystalBeam"],"picked":"Guardian:TemporalShield+1","floor":28.0},{"not_picked":["Guardian:Emergency","Guardian:CrystalBeam","Guardian:RollAttack"],"picked":"SKIP","floor":28.0},{"not_picked":["Guardian:RollAttack","Guardian:TemporalStrike"],"picked":"Guardian:Gem_Red","floor":29.0},{"not_picked":["Guardian:VentSteam","Guardian:ChargeCore","Guardian:ArmoredProtocol"],"picked":"SKIP","floor":31.0},{"not_picked":["Guardian:Emergency","Guardian:Gem_Purple","Guardian:TemporalStrike"],"picked":"SKIP","floor":31.0},{"not_picked":["Guardian:PrismaticBeam","Guardian:Gem_Red"],"picked":"Guardian:AncientConstruct","floor":32.0},{"not_picked":["Guardian:ArmoredProtocol","Guardian:Reroute","Guardian:TemporalStrike"],"picked":"SKIP","floor":32.0},{"not_picked":["Guardian:VentSteam+1","Guardian:Incinerate","Guardian:PrimingBeam"],"picked":"SKIP","floor":36.0},{"not_picked":["Guardian:PrimingBeam+1","Guardian:TemporalShield+1","Guardian:EvasiveProtocol+1"],"picked":"SKIP","floor":36.0},{"not_picked":["Guardian:Gem_Lightblue","Guardian:SentryBeam","Guardian:ChargeCore"],"picked":"SKIP","floor":37.0},{"not_picked":["Guardian:BronzeOrb","Guardian:WalkerClaw","Guardian:CrystalBeam"],"picked":"SKIP","floor":37.0},{"not_picked":["expansioncontent:PrepareCrush","expansioncontent:HyperBeam"],"picked":"expansioncontent:InvincibleStrength","floor":38.0},{"not_picked":["expansioncontent:Hexaburn","expansioncontent:LastStand"],"picked":"expansioncontent:YouAreMine","floor":38.0},{"not_picked":["expansioncontent:PolyBeam","expansioncontent:AwakenDeath"],"picked":"expansioncontent:Hexaburn","floor":38.0},{"not_picked":["Guardian:ShieldSpikes+1","Guardian:WalkerClaw"],"picked":"Guardian:FloatingOrbs","floor":40.0},{"not_picked":["Guardian:Planning","Guardian:SentryBeam","Guardian:Repulse"],"picked":"SKIP","floor":40.0},{"not_picked":["Guardian:ChargeCore","Guardian:Recover","Guardian:ShieldCharger"],"picked":"SKIP","floor":43.0},{"not_picked":["Guardian:TemporalStrike","Guardian:ChargeCore","Guardian:SentryBeam"],"picked":"SKIP","floor":44.0},{"not_picked":["Guardian:TemporalShield+1","Guardian:Suspension","Guardian:Repulse"],"picked":"SKIP","floor":45.0},{"not_picked":["Guardian:Recover+1","Guardian:Gem_Yellow","Guardian:Orbwalk+1"],"picked":"SKIP","floor":45.0},{"not_picked":["Guardian:Reroute","Guardian:Gem_Red","Guardian:GatlingBeam"],"picked":"SKIP","floor":47.0},{"not_picked":["Guardian:CrystalBeam","Guardian:WalkerClaw","Guardian:Reroute"],"picked":"SKIP","floor":49.0},{"not_picked":["Guardian:Gem_Blue","Guardian:PrismaticBarrier","Guardian:ChargeCore+1"],"picked":"SKIP","floor":49.0},{"not_picked":["Guardian:Gem_Red","Guardian:Gem_Cyan","Guardian:BronzeOrb"],"picked":"SKIP","floor":52.0}],"player_experience":565112,"relics_obtained":[{"floor":7.0,"key":"Prayer Wheel"},{"floor":9.0,"key":"Pantograph"},{"floor":12.0,"key":"MealTicket"},{"floor":14.0,"key":"Regal Pillow"},{"floor":23.0,"key":"Kunai"},{"floor":41.0,"key":"Bag of Preparation"},{"floor":43.0,"key":"Centennial Puzzle"},{"floor":43.0,"key":"Anchor"},{"floor":52.0,"key":"Boot"},{"floor":52.0,"key":"Blue Candle"}],"event_choices":[{"damage_healed":0.0,"max_hp_gain":0.0,"max_hp_loss":0.0,"gold_gain":0.0,"event_name":"Drug Dealer","player_choice":"Inject Mutagens","floor":26.0,"gold_loss":0.0,"damage_taken":0.0,"relics_obtained":["MutagenicStrength"]},{"damage_healed":0.0,"max_hp_gain":0.0,"max_hp_loss":40.0,"gold_gain":0.0,"event_name":"Ghosts","player_choice":"Became a Ghost","floor":27.0,"gold_loss":0.0,"damage_taken":0.0,"cards_obtained":["Ghostly","Ghostly","Ghostly","Ghostly","Ghostly"]}],"is_beta":false,"boss_relics":[{"not_picked":["Tiny House","SlaversCollar"],"picked":"Fusion Hammer"},{"not_picked":["Empty Cage","Calling Bell"],"picked":"Black Star"}],"items_purged_floors":[29,47,53],"is_endless":false,"potions_floor_spawned":[2,4,11,14,15,19,23,32,33,43,45,49],"ascension_level":13}}