{"host":"xp27heuvanyklt0b","time":1612702298,"event":{"mods":["BaseMod","Minty Spire (QoL Compilation)","Prisma Mod","StSLib"],"gold_per_floor":[109,119,119,75,75,105,105,124,149,149,180,41,70,82,82,177,177,196,196,212,27,47,47,66,66,66,66,83,98,98,98],"floor_reached":30,"language":"KOR","playtime":1674,"items_purged":[],"score":300,"play_id":"bd3eb991-e95e-4fdd-a198-e2d6901b1bc7","local_time":"20210207215138","is_ascension_mode":false,"campfire_choices":[{"data":"PrismaMod:IllyaCheapChannelAttack","floor":7,"key":"SMITH"},{"data":"PrismaMod:IllyaTestament","floor":10,"key":"SMITH"},{"data":"PrismaMod:IllyaUncommonAttack","floor":15,"key":"SMITH"},{"floor":23,"key":"RECALL"},{"data":"PrismaMod:IllyaUncommonDefend","floor":25,"key":"SMITH"},{"floor":27,"key":"REST"}],"circlet_count":0,"master_deck":["PrismaMod:IllyaCommonAttack","PrismaMod:IllyaCommonDefend+1","PrismaMod:IllyaCommonAttack","PrismaMod:IllyaCommonDefend","PrismaMod:IllyaCommonAttack","PrismaMod:IllyaCommonDefend+1","PrismaMod:IllyaCommonAttack","PrismaMod:IllyaCommonDefend","PrismaMod:IllyaCommonAttack","PrismaMod:IllyaCommonDefend","PrismaMod:IllyaUncommonAttack+1","PrismaMod:IllyaUncommonDefend+1","PrismaMod:IllyaTestament+1","PrismaMod:IllyaCheapChannelAttack+1","PrismaMod:IllyaInstallShielder","PrismaMod:IllyaAOECommonAttack","PrismaMod:IllyaGrail+1","PrismaMod:IllyaInstallMoonCancer","PrismaMod:IllyaUpgradeOrbs+1","PrismaMod:IllyaSaphire+1","PrismaMod:IllyaZwei+1","PrismaMod:IllyaGrailKun+1","PrismaMod:IllyaCheapChannelPoison+1","PrismaMod:IllyaUncommonDefend+1","PrismaMod:IllyaCheapChannelPoison+1","PrismaMod:IllyaBride+1","PrismaMod:IllyaCheapAttack","PrismaMod:IllyaCarnivalAttack"],"relics":["PrismaMod:PrismaRuby","NeowsBlessing","War Paint","Toxic Egg 2","Regal Pillow","Philosopher\u0027s Stone","Nunchaku","Turnip"],"acts_visited":["Exordium","TheCity"],"potions_floor_usage":[],"damage_taken":[{"damage":0,"enemies":"Jaw Worm","floor":1,"turns":1},{"damage":0,"enemies":"Small Slimes","floor":2,"turns":2},{"damage":0,"enemies":"Gremlin Nob","floor":6,"turns":1},{"damage":4,"enemies":"2 Louse","floor":8,"turns":4},{"damage":0,"enemies":"3 Sentries","floor":11,"turns":10},{"damage":6,"enemies":"Gremlin Nob","floor":13,"turns":6},{"damage":0,"enemies":"Blue Slaver","floor":14,"turns":4},{"damage":18,"enemies":"The Guardian","floor":16,"turns":14},{"damage":12,"enemies":"3 Byrds","floor":18,"turns":7},{"damage":0,"enemies":"Chosen","floor":20,"turns":4},{"damage":13,"enemies":"Snake Plant","floor":22,"turns":5},{"damage":3,"enemies":"Sentry and Sphere","floor":24,"turns":6},{"damage":29,"enemies":"Chosen and Byrds","floor":28,"turns":6},{"damage":25,"enemies":"Snake Plant","floor":29,"turns":6},{"damage":3,"enemies":"Colosseum Slavers","floor":30,"turns":4},{"damage":37,"enemies":"Colosseum Nobs","floor":30,"turns":3}],"seed_played":"-5576288054941904158","potions_obtained":[{"floor":2,"key":"Strength Potion"},{"floor":8,"key":"GamblersBrew"},{"floor":14,"key":"EntropicBrew"}],"is_trial":false,"path_per_floor":["M","M","?","?","?","E","R","M","T","R","E","$","E","M","R","B",null,"M","?","M","$","M","R","M","R","T","R","M","M","?"],"character_chosen":"ILLYA","items_purchased":["PrismaMod:IllyaInstallMoonCancer","Nunchaku","PrismaMod:IllyaUncommonDefend+1"],"campfire_rested":1,"item_purchase_floors":[12,21,21],"current_hp_per_floor":[75,75,75,75,80,80,80,76,76,76,80,80,74,74,74,61,80,73,73,73,73,65,65,67,67,67,80,51,31,0,0],"gold":98,"neow_bonus":"THREE_ENEMY_KILL","is_daily":false,"chose_seed":false,"campfire_upgraded":4,"win_rate":0.0,"timestamp":1612702298,"path_taken":["M","M","?","?","?","E","R","M","T","R","E","$","E","M","R","BOSS","M","?","M","$","?","R","M","R","T","R","M","M","?"],"items_purchased_type":["Card","Relic","Card"],"build_version":"2020-12-22","purchased_purges":0,"victory":false,"max_hp_per_floor":[75,75,75,75,80,80,80,80,80,80,80,80,80,80,80,80,80,80,80,80,80,80,80,80,80,80,80,80,80,80,80],"card_choices":[{"not_picked":["PrismaMod:IllyaFriendMaker","PrismaMod:IllyaCheapChannelDefend"],"picked":"PrismaMod:IllyaTestament","floor":1},{"not_picked":["PrismaMod:IllyaFeed","PrismaMod:IllyaFriendMaker"],"picked":"PrismaMod:IllyaCheapChannelAttack","floor":2},{"not_picked":["PrismaMod:IllyaCarnivalDefend","PrismaMod:IllyaPartialInstallAssassin"],"picked":"PrismaMod:IllyaInstallShielder","floor":6},{"not_picked":["PrismaMod:IllyaFriendMaker","PrismaMod:IllyaBlindPoisonToss"],"picked":"PrismaMod:IllyaAOECommonAttack","floor":8},{"not_picked":["PrismaMod:IllyaPoisoningPhantasm","PrismaMod:IllyaDualEvoke"],"picked":"PrismaMod:IllyaGrail+1","floor":11},{"not_picked":["PrismaMod:IllyaBoysLove+1","PrismaMod:IllyaReinForce+1"],"picked":"PrismaMod:IllyaUpgradeOrbs+1","floor":13},{"not_picked":["PrismaMod:IllyaBoysLove+1","PrismaMod:IllyaRubysPotion+1"],"picked":"PrismaMod:IllyaSaphire+1","floor":14},{"not_picked":["PrismaMod:IllyaCarnivalOrbs+1","PrismaMod:IllyaInstallLancer"],"picked":"PrismaMod:IllyaZwei+1","floor":16},{"not_picked":["PrismaMod:IllyaCheapChannelPoison+1","PrismaMod:IllyaSaphire+1"],"picked":"PrismaMod:IllyaGrailKun+1","floor":18},{"not_picked":["PrismaMod:IllyaPoisonBlock+1","PrismaMod:IllyaCommonEvoke+1"],"picked":"PrismaMod:IllyaCheapChannelPoison+1","floor":20},{"not_picked":["PrismaMod:IllyaRussianRoulette+1","PrismaMod:IllyaHassanGift+1"],"picked":"PrismaMod:IllyaCheapChannelPoison+1","floor":22},{"not_picked":["PrismaMod:IllyaHassanGift+1","PrismaMod:IllyaPartialInstallAssassin+1"],"picked":"PrismaMod:IllyaBride+1","floor":24},{"not_picked":["PrismaMod:IllyaRussianRoulette+1","PrismaMod:IllyaBoysLove+1"],"picked":"PrismaMod:IllyaCheapAttack","floor":28},{"not_picked":["PrismaMod:IllyaTestament","PrismaMod:IllyaBlindPoisonToss+1"],"picked":"PrismaMod:IllyaCarnivalAttack","floor":29}],"player_experience":155428,"relics_obtained":[{"floor":6,"key":"War Paint"},{"floor":11,"key":"Toxic Egg 2"},{"floor":13,"key":"Regal Pillow"},{"floor":26,"key":"Turnip"}],"event_choices":[{"damage_healed":0,"gold_gain":0,"player_choice":"Ignored","damage_taken":0,"max_hp_gain":0,"max_hp_loss":0,"event_name":"Golden Wing","floor":3,"gold_loss":0},{"damage_healed":0,"gold_gain":0,"player_choice":"Left Gold","damage_taken":0,"max_hp_gain":0,"max_hp_loss":0,"event_name":"World of Goop","floor":4,"gold_loss":44},{"damage_healed":0,"gold_gain":0,"player_choice":"Donut","damage_taken":0,"max_hp_gain":5,"max_hp_loss":0,"event_name":"Big Fish","floor":5,"gold_loss":0},{"damage_healed":0,"gold_gain":0,"player_choice":"Ignored","damage_taken":0,"max_hp_gain":0,"max_hp_loss":0,"event_name":"NoteForYourself","floor":19,"gold_loss":0},{"damage_healed":0,"gold_gain":0,"player_choice":"Fight","damage_taken":0,"max_hp_gain":0,"max_hp_loss":0,"event_name":"Colosseum","floor":30,"gold_loss":0},{"damage_healed":0,"gold_gain":0,"player_choice":"Fought Nobs","damage_taken":0,"max_hp_gain":0,"max_hp_loss":0,"event_name":"Colosseum","floor":30,"gold_loss":0}],"is_beta":false,"boss_relics":[{"not_picked":["Coffee Dripper","Runic Dome"],"picked":"Philosopher\u0027s Stone"}],"items_purged_floors":[],"is_endless":false,"potions_floor_spawned":[2,8,14,20,28,29],"killed_by":"Colosseum Nobs","ascension_level":0}}