{"host":"wbs0wzz0alz01mnq","time":1612736402,"event":{"mods":["BaseMod","Googly Eyes","Highlight Path","Minty Spire (QoL Compilation)","Robot Space Explorer","StSLib"],"gold_per_floor":[116,116,116,132,158,176,195,118,118,44,76,76,96,115,115,212,212,228,246,345,370,370,370,370,370],"floor_reached":24,"language":"ENG","playtime":751,"items_purged":[],"score":196,"play_id":"81f3ab36-86a8-4c1e-97eb-1dba2820197b","local_time":"20210207172002","is_ascension_mode":false,"campfire_choices":[{"data":"RobotSpaceExplorer:Accelerator","floor":12,"key":"SMITH"},{"floor":15,"key":"REST"},{"data":"RobotSpaceExplorer:ExhaustFan","floor":23,"key":"SMITH"}],"circlet_count":0,"master_deck":["RobotSpaceExplorer:Strike+1","RobotSpaceExplorer:Strike","RobotSpaceExplorer:Strike","RobotSpaceExplorer:Strike","RobotSpaceExplorer:Defend","RobotSpaceExplorer:Defend","RobotSpaceExplorer:Defend","RobotSpaceExplorer:Defend","RobotSpaceExplorer:Scan","RobotSpaceExplorer:MiniLasers","RobotSpaceExplorer:FrostMissile","RobotSpaceExplorer:Electropulse+1","RobotSpaceExplorer:ExhaustFan+1","RobotSpaceExplorer:MiniDrones","RobotSpaceExplorer:SelfCleaning","RobotSpaceExplorer:Discharger","RobotSpaceExplorer:StarLightning","RobotSpaceExplorer:Accelerator+1","RobotSpaceExplorer:PowerGlove","RobotSpaceExplorer:Probe+1","RobotSpaceExplorer:StarLightning","RobotSpaceExplorer:HighVoltage","RobotSpaceExplorer:ShockKick+1","RobotSpaceExplorer:SurgingShield+1"],"relics":["RobotSpaceExplorer:RoboCore","Bronze Scales","Dream Catcher","White Beast Statue","Toy Ornithopter","RobotSpaceExplorer:Reprocessor","Whetstone","Frozen Egg 2"],"acts_visited":["Exordium","TheCity"],"potions_floor_usage":[14,19,19],"damage_taken":[{"damage":4,"enemies":"Cultist","floor":1,"turns":3},{"damage":5,"enemies":"Jaw Worm","floor":4,"turns":2},{"damage":9,"enemies":"2 Louse","floor":6,"turns":1},{"damage":6,"enemies":"Exordium Thugs","floor":7,"turns":3},{"damage":19,"enemies":"Gremlin Nob","floor":11,"turns":4},{"damage":0,"enemies":"Large Slime","floor":13,"turns":4},{"damage":6,"enemies":"3 Louse","floor":14,"turns":3},{"damage":5,"enemies":"Hexaghost","floor":16,"turns":7},{"damage":28,"enemies":"2 Thieves","floor":18,"turns":4},{"damage":0,"enemies":"Spheric Guardian","floor":19,"turns":3},{"damage":58,"enemies":"Gremlin Leader","floor":24,"turns":6}],"seed_played":"-3993390239889485219","potions_obtained":[{"floor":6,"key":"FearPotion"},{"floor":11,"key":"AttackPotion"},{"floor":13,"key":"FearPotion"},{"floor":14,"key":"FearPotion"},{"floor":16,"key":"RobotSpaceExplorer:PlasmaFlask"},{"floor":19,"key":"Dexterity Potion"}],"is_trial":false,"path_per_floor":["M","?","?","M","T","M","M","$","T","$","E","R","M","M","R","B",null,"M","M","?","T","?","R","E"],"character_chosen":"RobotSpaceExplorer","items_purchased":["RobotSpaceExplorer:Discharger","RobotSpaceExplorer:StarLightning"],"campfire_rested":1,"item_purchase_floors":[8,10],"current_hp_per_floor":[71,53,53,48,48,39,33,33,33,33,14,14,14,13,35,30,75,47,57,57,57,57,57,0,0],"gold":370,"neow_bonus":"THREE_CARDS","is_daily":false,"chose_seed":false,"campfire_upgraded":2,"win_rate":0.0,"timestamp":1612736402,"path_taken":["M","?","?","M","?","M","?","$","T","$","E","R","M","M","R","BOSS","M","M","?","?","?","R","E"],"items_purchased_type":["Card","Card"],"build_version":"2020-12-22","purchased_purges":0,"victory":false,"max_hp_per_floor":[75,75,75,75,75,75,75,75,75,75,75,75,75,75,75,75,75,75,75,75,75,75,75,75,75],"card_choices":[{"not_picked":["RobotSpaceExplorer:DualCore","RobotSpaceExplorer:PowerCollector"],"picked":"RobotSpaceExplorer:FrostMissile","floor":0},{"not_picked":["RobotSpaceExplorer:Probe","RobotSpaceExplorer:StunGrenade"],"picked":"RobotSpaceExplorer:Electropulse","floor":1},{"not_picked":["RobotSpaceExplorer:Ammunition","RobotSpaceExplorer:SwiftStep"],"picked":"RobotSpaceExplorer:ExhaustFan","floor":4},{"not_picked":["RobotSpaceExplorer:SlimeMissile","RobotSpaceExplorer:StunGrenade"],"picked":"RobotSpaceExplorer:MiniDrones","floor":6},{"not_picked":["RobotSpaceExplorer:Ammunition","RobotSpaceExplorer:SwiftStep"],"picked":"RobotSpaceExplorer:SelfCleaning","floor":7},{"not_picked":["RobotSpaceExplorer:SwiftStep","RobotSpaceExplorer:SurgingStrike"],"picked":"RobotSpaceExplorer:Accelerator","floor":11},{"not_picked":["RobotSpaceExplorer:SwiftStep","RobotSpaceExplorer:SelfCleaning"],"picked":"RobotSpaceExplorer:PowerGlove","floor":13},{"not_picked":["RobotSpaceExplorer:PlasmaMissile","RobotSpaceExplorer:ShovelStrike"],"picked":"RobotSpaceExplorer:Probe","floor":14},{"not_picked":["RobotSpaceExplorer:BigMissile","RobotSpaceExplorer:GearShield"],"picked":"RobotSpaceExplorer:StarLightning","floor":15},{"not_picked":["RobotSpaceExplorer:Explosion","RobotSpaceExplorer:Multitool"],"picked":"RobotSpaceExplorer:HighVoltage","floor":16},{"not_picked":["RobotSpaceExplorer:FreezingShield","RobotSpaceExplorer:FranticSearch+1"],"picked":"RobotSpaceExplorer:ShockKick+1","floor":18},{"not_picked":["RobotSpaceExplorer:Blitz","RobotSpaceExplorer:Ammunition+1"],"picked":"RobotSpaceExplorer:SurgingShield+1","floor":19}],"player_experience":11024,"relics_obtained":[{"floor":5,"key":"Dream Catcher"},{"floor":9,"key":"White Beast Statue"},{"floor":11,"key":"Toy Ornithopter"},{"floor":21,"key":"Whetstone"}],"event_choices":[{"damage_healed":0,"gold_gain":0,"player_choice":"Success","damage_taken":18,"relics_obtained":["Bronze Scales"],"max_hp_gain":0,"max_hp_loss":0,"event_name":"Scrap Ooze","floor":2,"gold_loss":0},{"damage_healed":0,"gold_gain":0,"player_choice":"Grow","damage_taken":0,"max_hp_gain":0,"max_hp_loss":0,"event_name":"Living Wall","floor":3,"gold_loss":0,"cards_upgraded":["RobotSpaceExplorer:Electropulse"]},{"damage_healed":0,"gold_gain":99,"player_choice":"Stole From Cult","damage_taken":0,"max_hp_gain":0,"max_hp_loss":0,"event_name":"Nest","floor":20,"gold_loss":0},{"damage_healed":0,"gold_gain":0,"player_choice":"Opened","damage_taken":0,"relics_obtained":["Frozen Egg 2"],"max_hp_gain":0,"max_hp_loss":0,"event_name":"The Mausoleum","floor":22,"gold_loss":0}],"is_beta":false,"boss_relics":[{"not_picked":["Fusion Hammer","Runic Dome"],"picked":"RobotSpaceExplorer:Reprocessor"}],"items_purged_floors":[],"is_endless":false,"potions_floor_spawned":[6,11,13,14,16,18,19],"killed_by":"Gremlin Leader","ascension_level":0}}