{"host":"92wx9z21c4p52du4","time":1612659456,"event":{"mods":["Arknights","BaseMod","Infinite Spire","Lobotomy","Minty Spire (QoL Compilation)","Reliquary","Robot Space Explorer","StSLib","The Blue Laboratory","The Disciple","The Jungle","The Runesmith","TheSurvivalist"],"gold_per_floor":[113,127,138,17,32,32,57,57,57,77,77,97,108,108,108,238,238,263,263,284,284,284,284],"floor_reached":22,"language":"ENG","playtime":1672,"items_purged":[],"score":188,"play_id":"3d0eaae5-55a5-4abc-8c01-3a2c2007f299","local_time":"20210206185736","is_ascension_mode":false,"campfire_choices":[{"data":"Runesmith:Fortify","floor":6,"key":"SMITH"},{"data":"Runesmith:Reinforce","floor":8,"key":"SMITH"},{"data":"Runesmith:OneForEveryone","floor":15,"key":"SMITH"}],"circlet_count":0,"master_deck":["Runesmith:Strike_RS","Runesmith:Strike_RS","Runesmith:Strike_RS","Runesmith:Strike_RS","Runesmith:Defend_RS","Runesmith:Defend_RS","Runesmith:Defend_RS","Runesmith:Defend_RS","Runesmith:CraftFirestone","Runesmith:Fortify+1","ShyLook","Runesmith:Attraction","SpiderBud","Runesmith:CraftSpiculum","LongBird","Runesmith:CraftProtectio","Runesmith:CraftObretio","Runesmith:CraftMagma","Runesmith:Reinforce+1","NakedNest","Runesmith:Attraction","Runesmith:OneForEveryone+1","Runesmith:CraftSpiculum","Runesmith:Discharge","Runesmith:Duplicate","VoidDream","Runesmith:Accelerate+1","Runesmith:Repurpose+1","Parasite","Injury","infinitespire:Collect"],"relics":["Runesmith:BrokenRuby","CogitoBucket","Singing Bowl","Runesmith:Locket","Golden Idol","infinitespire:Cupcake","BehaviorAdjustment"],"acts_visited":["Exordium","Exordium"],"potions_floor_usage":[],"damage_taken":[{"damage":0,"enemies":"Cultist","floor":1,"turns":3},{"damage":1,"enemies":"Jaw Worm","floor":2,"turns":4},{"damage":0,"enemies":"Small Slimes","floor":3,"turns":3},{"damage":12,"enemies":"Gremlin Gang","floor":5,"turns":5},{"damage":17,"enemies":"3 Sentries","floor":7,"turns":9},{"damage":5,"enemies":"3 Louse","floor":10,"turns":6},{"damage":4,"enemies":"2 Fungi Beasts","floor":12,"turns":4},{"damage":9,"enemies":"Looter","floor":13,"turns":3},{"damage":11,"enemies":"The Guardian","floor":16,"turns":11},{"damage":11,"enemies":"theJungle:5_Spyders","floor":18,"turns":8},{"damage":41,"enemies":"theJungle:MUSHROOMGANG","floor":20,"turns":8},{"damage":14,"enemies":"theJungle:JungleHuntersEncounter","floor":22,"turns":2}],"seed_played":"2698693648474796082","potions_obtained":[{"floor":1,"key":"blueLaboratory:BottleOfRum"},{"floor":2,"key":"blueLaboratory:BottleOfRum"},{"floor":3,"key":"blueLaboratory:HeartbeatPotion"}],"is_trial":false,"path_per_floor":["M","M","M","$","M","R","E","R","T","M","$","M","M","?","R","B",null,"M","?","M","?","M"],"character_chosen":"RUNESMITH_CLASS","items_purchased":["Runesmith:CraftObretio","Runesmith:CraftMagma"],"campfire_rested":0,"item_purchase_floors":[4,4],"current_hp_per_floor":[70,69,69,69,57,57,40,40,40,35,35,31,22,22,22,11,65,54,54,13,13,0,0],"gold":284,"neow_bonus":"","is_daily":false,"chose_seed":false,"campfire_upgraded":3,"win_rate":0.0,"timestamp":1612659456,"path_taken":["M","M","M","?","M","R","E","R","T","?","?","?","M","?","R","BOSS","M","?","?","?","M"],"items_purchased_type":["Card","Card"],"build_version":"2020-12-22","purchased_purges":0,"victory":false,"max_hp_per_floor":[70,70,70,70,70,70,70,70,70,70,70,70,70,65,65,65,65,65,65,65,65,65,65],"card_choices":[{"not_picked":["WallGazer","SingingMachine"],"picked":"ShyLook","floor":1},{"not_picked":["Runesmith:HammerThrow","Runesmith:CraftReservo"],"picked":"Runesmith:Attraction","floor":1},{"not_picked":["MeatLantern","BigBadWolf"],"picked":"SpiderBud","floor":2},{"not_picked":["Runesmith:ChaoticBlast","Runesmith:BackupBattery"],"picked":"Runesmith:CraftSpiculum","floor":2},{"not_picked":["CENSORED","MeatLantern","BeautyBeast"],"picked":"Singing Bowl","floor":3},{"not_picked":["UniverseFragment","DreamingCurrent"],"picked":"LongBird","floor":3},{"not_picked":["Runesmith:MakeshiftArmor","Runesmith:EarthShield"],"picked":"Runesmith:CraftProtectio","floor":3},{"not_picked":["FieryBird","MHz","Wellcheers"],"picked":"Singing Bowl","floor":5},{"not_picked":["Runesmith:StaticCage","Runesmith:Repurpose"],"picked":"Runesmith:Reinforce","floor":5},{"not_picked":["Scorched","MeatLantern","CrumblingArmor"],"picked":"Singing Bowl","floor":7},{"not_picked":["PunishingBird","QueenOfHatred"],"picked":"NakedNest","floor":7},{"not_picked":["Runesmith:HeatExchange","Runesmith:FieryHammer"],"picked":"Runesmith:Attraction","floor":7},{"not_picked":["Runesmith:CraftMagma","Runesmith:Firewall"],"picked":"Runesmith:OneForEveryone","floor":10},{"not_picked":["Scorched","OSAHOGD","Murderer"],"picked":"Singing Bowl","floor":10},{"not_picked":["BigBadWolf","OldLady","WallGazer"],"picked":"Singing Bowl","floor":12},{"not_picked":["Runesmith:CraftObretio","Runesmith:Overpower"],"picked":"Runesmith:CraftSpiculum","floor":12},{"not_picked":["Runesmith:HeatExchange","Runesmith:CraftMedicinae"],"picked":"Runesmith:Discharge","floor":13},{"not_picked":["Runesmith:CraftMedicinae","Runesmith:GrandSlam"],"picked":"Runesmith:Duplicate","floor":16},{"not_picked":["QueenBee","FieryBird","HeroicMonk"],"picked":"Singing Bowl","floor":18},{"not_picked":["MeatLantern","NothingThere"],"picked":"VoidDream","floor":18},{"not_picked":["Runesmith:ShiftingStrike+1","Runesmith:Grindstone"],"picked":"Runesmith:Accelerate+1","floor":18},{"not_picked":["Runesmith:EnergizedChisel","Runesmith:CraftSpiculum+1"],"picked":"Runesmith:Repurpose+1","floor":20},{"not_picked":["infinitespire:FinalStrike","infinitespire:Menacing"],"picked":"infinitespire:Collect","floor":21}],"player_experience":191575,"relics_obtained":[{"floor":7,"key":"Singing Bowl"},{"floor":9,"key":"Runesmith:Locket"}],"event_choices":[{"damage_healed":0,"gold_gain":0,"player_choice":"Lose Max HP","damage_taken":0,"relics_obtained":["Golden Idol"],"max_hp_gain":0,"max_hp_loss":5,"event_name":"Golden Idol","floor":14,"gold_loss":0},{"damage_healed":0,"gold_gain":0,"player_choice":"Bought 0 Potions","damage_taken":0,"max_hp_gain":0,"max_hp_loss":0,"event_name":"The Woman in Blue","floor":19,"gold_loss":0}],"is_beta":false,"boss_relics":[{"not_picked":["reliquary:WritOfMandamus","reliquary:KinkedSpring"],"picked":"infinitespire:Cupcake"}],"items_purged_floors":[],"is_endless":false,"potions_floor_spawned":[1,2,3,12,13],"killed_by":"theJungle:JungleHuntersEncounter","ascension_level":0}}