{"host":"3498uni0c31c9bdm","time":1612699562,"event":{"mods":["BaseMod","Better Match","Better Note","Better Sensory Stone","Better Skull","Better Third Choice","Colored Map","Minty Spire (QoL Compilation)","Quick Restart","RNG Fix","Random Character Button","Replay The Spire","Shop Mod","Smile Girya","StSLib","Unceasing Turn Reminder"],"gold_per_floor":[14,27,7,7,7,32,32,46,46,46,65,65,65,77,77,178,178,191,191,191,146,176,176,196,225,225,225,238,254,254,254,254,359,359,374,480,530,64,64,96,96,468,493,547,547,609,609,644,644,644,644,644,112,191,191,191],"floor_reached":55,"language":"ENG","playtime":2314,"items_purged":["Strike_B"],"score":1492,"play_id":"196d7b15-3d10-4561-84ac-69f3859f949a","local_time":"20210207230602","is_ascension_mode":true,"campfire_choices":[{"floor":10.0,"key":"RECALL"},{"floor":13.0,"key":"REST"},{"floor":15.0,"key":"DIG"},{"floor":23,"key":"REST"},{"floor":27,"key":"REST"},{"floor":30,"key":"REST"},{"floor":32,"key":"DIG"},{"data":"Beam Cell","floor":41,"key":"SMITH"},{"floor":45,"key":"REST"},{"data":"ReplayTheSpireMod:Omega Cannon","floor":49,"key":"SMITH"},{"data":"ReplaySolidLightProjector","floor":52,"key":"SMITH"}],"circlet_count":0,"master_deck":["AscendersBane","Strike_B","Strike_B","Defend_B","Defend_B","Defend_B","Defend_B","Zap","Dualcast","Stack","Go for the Eyes","Conserve Battery","Lockon+1","Compile Driver+1","Redo","Redo","FTL","ReplaySolidLightProjector+1","Barrage","ReplayGash","Clumsy","ReplayTheSpireMod:Splinters","betterMatch:CurseCard","Capacitor","Melter+1","ReplayGash","Voices","Writhe","Tempest","Stack+1","Core Surge","Self Repair","Cold Snap+1","Cold Snap","Conserve Battery+1","Sweeping Beam+1","Beam Cell","ReplayTheSpireMod:Omega Cannon+1","Redo+1","Aggregate","ReplayTheSpireMod:Splinters","Tempest","Cold Snap+1","Blizzard","Self Repair","Coolheaded+1","Beam Cell+1","All For One","ReplayGash","Turbo","Redo+1","BasicCrystalCard+1","Streamline","FIFO Queue","Force Field","Chrysalis","ReplayTheSpireMod:IOU","ReplayTheSpireMod:IOU","ReplayTheSpireMod:IOU","Melter+1","Lockon","Lockon","Creative AI"],"relics":["Cracked Core","Prayer Wheel","betterThird:SlimedRelic","Replay:Bottled Flurry","Letter Opener","Ornamental Fan","Blue Doll","Bag of Marbles","Onion Ring","Du-Vu Doll","ReplayTheSpireMod:Ring of Exchange","ReplayTheSpireMod:Ring of Challenge","ReplayTheSpireMod:CursedCoin","MerchantsRug","Pear","Art of War","Torii","TungstenRod","SlaversCollar","FossilizedHelix","Replay:Wax Seal","Divine Protection","Replay:Baseball","Pondfish Scales","Strawberry","Lizard Tail","Anchor","Calipers"],"acts_visited":["Exordium","TheCity","TheBeyond","TheEnding"],"potions_floor_usage":[44,53,54,54],"damage_taken":[{"damage":8.0,"enemies":"Jaw Worm","floor":1.0,"turns":4.0},{"damage":0.0,"enemies":"2 Louse","floor":2.0,"turns":3.0},{"damage":14.0,"enemies":"Replay:BlueRogue","floor":6.0,"turns":8.0},{"damage":0.0,"enemies":"Cultist","floor":8.0,"turns":3.0},{"damage":5.0,"enemies":"Exordium Thugs","floor":11.0,"turns":5.0},{"damage":0.0,"enemies":"Lots of Slimes","floor":14.0,"turns":4.0},{"damage":24.0,"enemies":"Slime Boss","floor":16.0,"turns":9.0},{"damage":12,"enemies":"Spheric Guardian","floor":18,"turns":4},{"damage":25,"enemies":"3 Byrds","floor":22,"turns":5},{"damage":16,"enemies":"Shelled Parasite and Fungi","floor":24,"turns":5},{"damage":35,"enemies":"Book of Stabbing","floor":25,"turns":4},{"damage":18,"enemies":"Chosen and Byrds","floor":28,"turns":6},{"damage":0,"enemies":"Centurion and Healer","floor":29,"turns":5},{"damage":48,"enemies":"Champ","floor":33,"turns":13},{"damage":10,"enemies":"Orb Walker","floor":35,"turns":2},{"damage":0,"enemies":"Mind Bloom Boss Battle","floor":37,"turns":3},{"damage":0,"enemies":"Nemesis","floor":40,"turns":3},{"damage":43,"enemies":"R_Hoarder","floor":42,"turns":7},{"damage":0,"enemies":"2 Orb Walkers","floor":44,"turns":2},{"damage":12,"enemies":"3 Darklings","floor":46,"turns":3},{"damage":0,"enemies":"Reptomancer","floor":48,"turns":6},{"damage":66,"enemies":"Time Eater","floor":50,"turns":9},{"damage":103,"enemies":"Shield and Spear","floor":54,"turns":6},{"damage":37,"enemies":"The Heart","floor":55,"turns":6}],"seed_played":"-6092400090457613062","potions_obtained":[{"floor":2.0,"key":"Toxic Potion"},{"floor":8.0,"key":"Energy Potion"},{"floor":11.0,"key":"FocusPotion"},{"floor":24,"key":"DuplicationPotion"},{"floor":46,"key":"Flashbang"}],"is_trial":false,"path_per_floor":["M","M","?","?","$","E","?","M","T","R","M","?","R","M","R_BF","B",null,"M","?","?","$","M","R","M","E","T","R","M","M","R","?","R_BF","B",null,"M","?","?","$","T","E","R","E","T","?","R","M","?","E","R","B",null,"R","$","E","B"],"character_chosen":"DEFECT","items_purchased":["ReplayTheSpireMod:CursedCoin","MerchantsRug","Pear","Replay:Wax Seal","Coolheaded+1","Beam Cell","All For One","Divine Protection","Lizard Tail","FIFO Queue","Force Field","Chrysalis","Fruit Juice","Weak Potion","Melter+1","Lockon"],"campfire_rested":5,"item_purchase_floors":[21,21,21,38,38,38,38,38,53,53,53,53,53,53,53,53],"current_hp_per_floor":[60,60,49,49,49,35,35,35,35,35,30,30,52,52,52,28,63,51,51,51,61,36,61,45,17,17,42,31,38,63,63,63,22,69,59,59,59,59,59,66,66,37,37,44,69,57,57,71,71,19,74,74,79,33,0,0],"gold":191,"neow_bonus":"ONE_RARE_RELIC","is_daily":false,"chose_seed":false,"campfire_upgraded":3,"win_rate":0.0,"timestamp":1612699562,"path_taken":["M","M","?","?","$","E","?","M","T","R","?","?","R","M","R_BF","BOSS","M","?","?","$","?","R","M","E","T","R","M","?","R","?","R_BF","BOSS","M","?","?","$","?","E","R","E","T","?","R","M","?","E","R","BOSS","R","$","E","BOSS"],"items_purchased_type":["Relic","Relic","Relic","Relic","Card","Card","Card","Relic","Relic","Card","Card","Card","Potion","Potion","Card","Card"],"build_version":"2020-12-22","purchased_purges":1,"victory":false,"max_hp_per_floor":[75,75,75,75,75,75,75,75,75,75,75,75,75,75,75,75,75,75,75,75,85,85,85,85,85,85,85,85,85,85,85,85,85,85,85,85,85,85,85,85,85,85,85,85,85,85,85,92,92,92,92,92,97,97,97,97],"card_choices":[{"not_picked":["Time Bomb","Steam"],"picked":"Stack","floor":1.0},{"not_picked":["Conserve Battery","BasicCrystalCard"],"picked":"Go for the Eyes","floor":1.0},{"not_picked":["Hologram","Sweeping Beam"],"picked":"Capacitor","floor":2.0},{"not_picked":["Leap","Panic Button"],"picked":"Conserve Battery","floor":2.0},{"not_picked":["BasicCrystalCard","Go for the Eyes"],"picked":"Compile Driver","floor":6.0},{"not_picked":["Chaos","Steam Power"],"picked":"Redo","floor":8.0},{"not_picked":["Undo","ReplayTheSpireMod:GoodbyeWorld"],"picked":"Redo","floor":8.0},{"not_picked":["ReplayTheSpireMod:Repulse","Coolheaded"],"picked":"FTL","floor":11.0},{"not_picked":["Skim","Panic Button"],"picked":"ReplaySolidLightProjector","floor":11.0},{"not_picked":["Skim","Seek"],"picked":"Barrage","floor":14.0},{"not_picked":["Stack","BasicCrystalCard"],"picked":"ReplayGash","floor":14.0},{"not_picked":["Creative AI","Machine Learning"],"picked":"ReplayTheSpireMod:Fabricate Wheel","floor":16.0},{"not_picked":["Decay","Amnesia"],"picked":"Clumsy","floor":17},{"not_picked":["Pain","Doubt"],"picked":"ReplayTheSpireMod:Splinters","floor":17},{"not_picked":["AbeCurse","Normality"],"picked":"betterMatch:CurseCard","floor":17},{"not_picked":["Chaos","Gash"],"picked":"Capacitor","floor":18},{"not_picked":["ReplayTheSpireMod:GoodbyeWorld","Genetic Algorithm"],"picked":"Melter+1","floor":18},{"not_picked":["Sweeping Beam","Compile Driver"],"picked":"ReplayGash","floor":18},{"not_picked":["Recycle","Force Field"],"picked":"Tempest","floor":22},{"not_picked":["Rebound","BasicCrystalCard"],"picked":"Stack+1","floor":22},{"not_picked":["Leap","Rebound"],"picked":"Core Surge","floor":24},{"not_picked":["ReplayTheSpireMod:Reroute Power","Rebound+1"],"picked":"Self Repair","floor":24},{"not_picked":["Stack","ReplayTheSpireMod:Repulse"],"picked":"Cold Snap+1","floor":25},{"not_picked":["Steam Power+1","Go for the Eyes"],"picked":"Cold Snap","floor":28},{"not_picked":["Stack+1","Doom and Gloom"],"picked":"Conserve Battery+1","floor":28},{"not_picked":["Reinforced Body+1","Hologram+1"],"picked":"Sweeping Beam+1","floor":29},{"not_picked":["Redo","Streamline"],"picked":"Beam Cell","floor":29},{"not_picked":["ReplayRNGCard","ReplayTheSpireMod:Fabricate Wheel"],"picked":"ReplayTheSpireMod:Omega Cannon","floor":33},{"not_picked":["Leap","Barrage+1"],"picked":"Redo+1","floor":35},{"not_picked":["Hologram+1","Stack+1"],"picked":"Aggregate","floor":35},{"not_picked":["FIFO Queue","Panic Button"],"picked":"Tempest","floor":36},{"not_picked":["FTL+1","Coolheaded+1"],"picked":"Cold Snap+1","floor":36},{"not_picked":["Panic Button","BasicCrystalCard"],"picked":"Blizzard","floor":36},{"not_picked":["Steam Power+1","Beam Cell"],"picked":"Self Repair","floor":37},{"not_picked":["Ball Lightning","Steam Power+1"],"picked":"ReplayGash","floor":40},{"not_picked":["Panic Button","Hologram+1"],"picked":"Turbo","floor":42},{"not_picked":["Steam","Melter+1"],"picked":"Redo+1","floor":44},{"not_picked":["Capacitor","Sweeping Beam"],"picked":"BasicCrystalCard+1","floor":46},{"not_picked":["Leap","Barrage"],"picked":"Streamline","floor":46},{"not_picked":["ReplayTheSpireMod:GoodbyeWorld+1","Reprogram","Rebound"],"picked":"SKIP","floor":48},{"not_picked":["Blizzard+1","ReplayRNGCard"],"picked":"Creative AI","floor":54}],"player_experience":846114,"relics_obtained":[{"floor":6.0,"key":"Replay:Bottled Flurry"},{"floor":7.0,"key":"Letter Opener"},{"floor":9.0,"key":"Ornamental Fan"},{"floor":15.0,"key":"Blue Doll"},{"floor":19,"key":"ReplayTheSpireMod:Ring of Exchange"},{"floor":19,"key":"ReplayTheSpireMod:Ring of Challenge"},{"floor":25,"key":"Art of War"},{"floor":26,"key":"Torii"},{"floor":32,"key":"TungstenRod"},{"floor":37,"key":"FossilizedHelix"},{"floor":40,"key":"Replay:Baseball"},{"floor":42,"key":"Old Coin"},{"floor":43,"key":"Omamori"},{"floor":44,"key":"Pondfish Scales"},{"floor":48,"key":"Strawberry"},{"floor":54,"key":"Anchor"},{"floor":54,"key":"Calipers"}],"event_choices":[{"damage_healed":0.0,"max_hp_gain":0.0,"max_hp_loss":0.0,"gold_gain":0.0,"event_name":"betterThird:BetterGoop","player_choice":"Slimed","floor":3.0,"gold_loss":20.0,"damage_taken":11.0},{"damage_healed":0.0,"max_hp_gain":0.0,"max_hp_loss":0.0,"gold_gain":0.0,"event_name":"Wheel of Change","player_choice":"Relic","floor":7.0,"gold_loss":0.0,"damage_taken":0.0},{"damage_healed":0,"gold_gain":0,"player_choice":"Ignored","damage_taken":0,"max_hp_gain":0,"max_hp_loss":0,"event_name":"Vampires","floor":20,"gold_loss":0},{"damage_healed":0,"gold_gain":0,"player_choice":"Fight","damage_taken":0,"max_hp_gain":0,"max_hp_loss":0,"event_name":"MindBloom","floor":37,"gold_loss":0},{"damage_healed":0,"gold_gain":0,"player_choice":"Fight","damage_taken":0,"max_hp_gain":0,"max_hp_loss":0,"event_name":"Mysterious Sphere","floor":44,"gold_loss":0},{"cards_removed":["Capacitor"],"damage_healed":0,"gold_gain":0,"player_choice":"Removed Power","damage_taken":0,"max_hp_gain":0,"max_hp_loss":0,"event_name":"Falling","floor":47,"gold_loss":0}],"is_beta":false,"boss_relics":[{"not_picked":["Tiny House","Empty Cage"],"picked":"Replay:Ancient Bell"},{"not_picked":["Pen Nib","Tiny Chest"],"picked":"Bag of Marbles"},{"not_picked":["Chameleon Ring","Shuriken"],"picked":"Onion Ring"},{"not_picked":["Emotion Chip","Ginger"],"picked":"Du-Vu Doll"},{"not_picked":["Medical Kit","Guide Book"],"picked":"SlaversCollar"}],"items_purged_floors":[53],"is_endless":false,"potions_floor_spawned":[2,8,11,24,25,28,33,35,42,46],"killed_by":"The Heart","ascension_level":11}}