{"host":"5uuadjc5gi6cs0xs","time":1612729291,"event":{"mods":["2.2 Compatiblity","Abigail Mod","AchievementEnabler","Act Like it!","BaseMod","BetterRewards","Chen","FTL Soundtrack","Friendly Minions","Hero for Fun","KinomotoSakuraMod(????)","Kiyohime????","Koishi","Marisa????????","Minty Spire (QoL Compilation)","Onozuka Komachi Mod","Permanent Neow","Prisma Mod","Quick Restart","Railgun Mod","Rare Cards Sparkle","Relic Stats","Remilia??????","StSLib","The Administrix","The Animator","The Exalted","The Gatherer","TheSwordswoman","Waifu the Spire","WarShipGirlsR/????R mod","Yohane!","Yuri Mod","Yuyuko"],"gold_per_floor":[129,140,215,215,237,262,278,319,319,22,59,59,59,234,234,334,334,332,353,123,145,43,90,114,138,138,164,176,200,235,155,155,292,292,315,315,315,333,105,105,105],"floor_reached":40,"language":"DEU","playtime":3966,"items_purged":["Doubt"],"score":516,"play_id":"96ac15e8-823c-44b8-9c65-21d8879766c0","local_time":"20210207212131","is_ascension_mode":true,"campfire_choices":[{"floor":12,"key":"REST"},{"floor":15,"key":"REST"},{"floor":24,"key":"REST"},{"floor":28,"key":"REST"},{"floor":32,"key":"REST"}],"circlet_count":0,"master_deck":["animator:Strike_Konosuba","animator:Defend_Konosuba","animator:Strike","animator:Defend","animator:Defend","animator:Defend","animator:Kazuma","animator:Aqua+1","animator:Emonzaemon","animator:Mitsurugi","animator:Darkness","animator:Priestess","animator:Fredrika+1","animator:GuildGirl","animator:WinryRockbell","animator:PandorasActor+1","animator:ChaikaTrabant+1","animator:Chris+1","animator:Entoma+2","animator:Witch+1","animator:Tyuule+1","animator:YunYun+1","animator:Kuribayashi+1","animator:CowGirl+1","animator:Giselle+1","animator:Demiurge+1","animator:Layla+1","animator:DwarfShaman+1","animator:Vanir+1","animator:HigakiRinne+1","animator:Wiz+1","animator:HigakiRinne+1","animator:Cocytus+1","animator:Darkness+1","animator:RoryMercury+1","animator:AcuraAkari+1","animator:YaoHaDucy+1","animator:Tyuule+1","animator:Eris+1"],"relics":["animator:VividPicture","animator:TheMissingPiece","Bronze Scales","Toxic Egg 2","Shuriken","Dream Catcher","Strawberry","Molten Egg 2","animator:WornHelmet","Bag of Marbles","animator:CursedGlyph","Toy Ornithopter","Du-Vu Doll","Astrolabe","Membership Card"],"acts_visited":["Exordium","TheCity","TheBeyond"],"potions_floor_usage":[6,11,16,30,33,33,40],"damage_taken":[{"damage":0,"enemies":"Jaw Worm","floor":1,"turns":7},{"damage":0,"enemies":"Small Slimes","floor":2,"turns":3},{"damage":0,"enemies":"2 Louse","floor":5,"turns":3},{"damage":13,"enemies":"Gremlin Nob","floor":6,"turns":4},{"damage":8,"enemies":"Large Slime","floor":7,"turns":7},{"damage":41,"enemies":"3 Sentries","floor":8,"turns":15},{"damage":6,"enemies":"Gremlin Nob","floor":11,"turns":4},{"damage":8,"enemies":"Hexaghost","floor":16,"turns":13},{"damage":7,"enemies":"2 Thieves","floor":18,"turns":4},{"damage":0,"enemies":"Chosen","floor":19,"turns":5},{"damage":21,"enemies":"Snake Plant","floor":21,"turns":4},{"damage":25,"enemies":"Slavers","floor":23,"turns":5},{"damage":13,"enemies":"Snecko","floor":25,"turns":4},{"damage":0,"enemies":"Chosen and Byrds","floor":27,"turns":4},{"damage":5,"enemies":"Centurion and Healer","floor":29,"turns":4},{"damage":24,"enemies":"Book of Stabbing","floor":30,"turns":4},{"damage":30,"enemies":"Automaton","floor":33,"turns":6},{"damage":29,"enemies":"Orb Walker","floor":35,"turns":5},{"damage":0,"enemies":"3 Shapes","floor":38,"turns":3},{"damage":72,"enemies":"Reptomancer","floor":40,"turns":4}],"seed_played":"2265187405821340864","potions_obtained":[{"floor":2,"key":"SteroidPotion"},{"floor":5,"key":"Fire Potion"},{"floor":8,"key":"Swift Potion"},{"floor":11,"key":"Block Potion"},{"floor":18,"key":"Swift Potion"},{"floor":19,"key":"DuplicationPotion"},{"floor":25,"key":"Block Potion"},{"floor":38,"key":"animator:FalseLifePotion"}],"is_trial":false,"path_per_floor":["M","M","?","?","M","E","M","E","T","$","E","R","?","?","R","B",null,"M","M","$","M","$","E","R","M","T","M","R","M","E","?","R","B",null,"M","?","?","M","$","E"],"character_chosen":"THE_ANIMATOR","items_purchased":["Dream Catcher","Strawberry","animator:WornHelmet","animator:Tyuule+1","animator:YunYun+1","Membership Card","animator:Eris+1"],"campfire_rested":5,"item_purchase_floors":[10,10,20,22,22,39,39],"current_hp_per_floor":[66,66,55,66,66,54,49,10,10,17,13,35,32,32,54,50,76,72,75,75,58,58,38,61,48,48,48,70,70,55,55,78,56,78,49,49,49,52,52,0,0],"gold":105,"neow_bonus":"ONE_RANDOM_RARE_CARD","is_daily":false,"chose_seed":false,"campfire_upgraded":0,"win_rate":0.0,"timestamp":1612729291,"path_taken":["M","M","?","?","M","E","M","E","T","$","E","R","?","?","R","BOSS","M","M","$","M","$","E","R","M","T","M","R","M","E","?","R","BOSS","M","?","?","?","$","E"],"items_purchased_type":["Relic","Relic","Relic","Card","Card","Relic","Card"],"build_version":"2020-12-22","purchased_purges":1,"victory":false,"max_hp_per_floor":[66,66,66,66,66,67,68,68,68,75,75,75,75,75,75,76,76,76,76,76,77,77,79,79,75,75,75,75,77,78,78,78,78,78,78,78,78,78,78,78,78],"relic_stats":{"Dream Catcher":5,"counters":[20,106],"Shuriken":[17],"Bronze Scales":[300],"Astrolabe":["animator:HigakiRinne","animator:Cocytus","animator:Darkness"],"obtain_stats":[{"animator:CursedGlyph":25,"animator:TheMissingPiece":0,"Astrolabe":34,"animator:WornHelmet":20,"Du-Vu Doll":30,"Dream Catcher":10,"Shuriken":9,"Bronze Scales":6,"Strawberry":10,"Molten Egg 2":11,"animator:LivingPicture":0,"Bag of Marbles":23,"Membership Card":39,"Toxic Egg 2":8,"animator:VividPicture":17,"Toy Ornithopter":26},{"animator:CursedGlyph":13,"animator:TheMissingPiece":0,"Astrolabe":17,"animator:WornHelmet":10,"Du-Vu Doll":16,"Dream Catcher":6,"Shuriken":6,"Bronze Scales":4,"Strawberry":6,"Molten Egg 2":7,"animator:LivingPicture":0,"Bag of Marbles":12,"Membership Card":19,"Toxic Egg 2":6,"animator:VividPicture":8,"Toy Ornithopter":13},{"animator:CursedGlyph":77,"animator:TheMissingPiece":0,"Astrolabe":95,"animator:WornHelmet":65,"Du-Vu Doll":89,"Dream Catcher":39,"Shuriken":39,"Bronze Scales":17,"Strawberry":39,"Molten Egg 2":43,"animator:LivingPicture":0,"Bag of Marbles":74,"Membership Card":102,"Toxic Egg 2":39,"animator:VividPicture":56,"Toy Ornithopter":77}],"Toy Ornithopter":15},"card_choices":[{"not_picked":["animator:LizardPriest","animator:GuildGirl"],"picked":"animator:Spearman","floor":1},{"not_picked":["animator:TsurugaMeisai","animator:Konayuki"],"picked":"animator:Emonzaemon","floor":2},{"not_picked":["animator:Emonzaemon","animator:LeleiLaLalena"],"picked":"animator:Mitsurugi","floor":5},{"not_picked":["animator:Aqua","animator:Kazuma"],"picked":"animator:Darkness","floor":6},{"not_picked":["animator:MaesHughes","animator:TukaLunaMarceau"],"picked":"animator:Priestess","floor":7},{"not_picked":["animator:Emonzaemon","animator:Azekura+1"],"picked":"animator:Fredrika+1","floor":8},{"not_picked":["animator:CowGirl+1","animator:Aqua+1"],"picked":"animator:GuildGirl","floor":11},{"not_picked":["animator:Darkness","animator:Gluttony+1"],"picked":"animator:WinryRockbell","floor":12},{"not_picked":["animator:ElricAlphonse+1","animator:TukaLunaMarceau+1"],"picked":"animator:PandorasActor+1","floor":15},{"not_picked":["animator:HigakiRinne+1","animator:ItamiYouji+1"],"picked":"animator:ChaikaTrabant+1","floor":16},{"not_picked":["animator:Mitsurugi+1","animator:Darkness"],"picked":"animator:Chris+1","floor":18},{"not_picked":["animator:Arpeggio","animator:Bozes+1"],"picked":"animator:Entoma+1","floor":19},{"not_picked":["animator:Shichika+1","animator:Evileye+1"],"picked":"animator:Witch+1","floor":21},{"not_picked":["animator:Entoma+1","animator:Kazuma+1"],"picked":"animator:Kuribayashi+1","floor":23},{"not_picked":["animator:AcuraTooru+1","animator:Cocytus+1"],"picked":"animator:CowGirl+1","floor":24},{"not_picked":["animator:Kuribayashi+1","animator:YaoHaDucy+1"],"picked":"animator:Giselle","floor":25},{"not_picked":["animator:Entoma+1","animator:TsurugaMeisai+1"],"picked":"animator:Demiurge+1","floor":27},{"not_picked":["animator:Sebas+1","animator:YaoHaDucy+1"],"picked":"animator:Layla+1","floor":28},{"not_picked":["animator:Konayuki+1","animator:Azekura+1"],"picked":"animator:DwarfShaman+1","floor":29},{"not_picked":["animator:Gluttony+1","animator:Darkness"],"picked":"animator:Vanir+1","floor":30},{"not_picked":["animator:Tyuule+1","animator:NarberalGamma+1"],"picked":"animator:HigakiRinne+1","floor":32},{"not_picked":["animator:Biyorigo","animator:Envy"],"picked":"animator:Wiz+1","floor":33},{"not_picked":["animator:Tyuule+1","animator:LeleiLaLalena+1"],"picked":"animator:RoryMercury+1","floor":35},{"not_picked":["animator:Entoma+1","animator:ZankiKiguchi+1"],"picked":"animator:Tyuule+1","floor":38}],"player_experience":396147,"relics_obtained":[{"floor":6,"key":"Bronze Scales"},{"floor":8,"key":"Toxic Egg 2"},{"floor":9,"key":"Shuriken"},{"floor":11,"key":"Molten Egg 2"},{"floor":23,"key":"Bag of Marbles"},{"floor":25,"key":"animator:CursedGlyph"},{"floor":26,"key":"Toy Ornithopter"},{"floor":30,"key":"Du-Vu Doll"}],"event_choices":[{"damage_healed":0,"gold_gain":75,"player_choice":"Gather Gold","damage_taken":11,"max_hp_gain":0,"max_hp_loss":0,"event_name":"World of Goop","floor":3,"gold_loss":0},{"damage_healed":22,"gold_gain":0,"player_choice":"Banana","damage_taken":0,"max_hp_gain":0,"max_hp_loss":0,"event_name":"Big Fish","floor":4,"gold_loss":0},{"damage_healed":0,"gold_gain":175,"player_choice":"AGREE","damage_taken":0,"max_hp_gain":0,"max_hp_loss":0,"event_name":"Liars Game","floor":14,"gold_loss":0,"cards_obtained":["Doubt"]},{"damage_healed":0,"gold_gain":0,"player_choice":"Ignored","damage_taken":0,"max_hp_gain":0,"max_hp_loss":0,"event_name":"Tomb of Lord Red Mask","floor":36,"gold_loss":0},{"damage_healed":0,"gold_gain":0,"player_choice":"2 cards matched","damage_taken":0,"max_hp_gain":0,"max_hp_loss":0,"event_name":"Match and Keep!","floor":37,"gold_loss":0,"cards_obtained":["animator:AcuraAkari","animator:YaoHaDucy"]}],"is_beta":false,"boss_relics":[{"not_picked":["SacredBark","Mark of Pain"],"picked":"animator:VividPicture"},{"not_picked":["Bromod:ArcaneGrace","Bromod:ArcaneEnergize"],"picked":"Astrolabe"}],"items_purged_floors":[20],"is_endless":false,"potions_floor_spawned":[2,5,8,11,18,19,25,27,38],"killed_by":"Reptomancer","ascension_level":1}}