{"host":"Jinnai","time":1612672784,"event":{"mods":["BaseMod","Bestiary","Block Reminder","Colored Map","Colored Powertips","Curses Come First","Highlight Path","Minty Spire (QoL Compilation)","Permanent Neow","Potion Indicator Mod","Quick Restart","Relic Stats","Slay-I","StSLib","ojb\u0027s Info Mod"],"gold_per_floor":[110,130,130,130,140,140,160,160,195,76,97,108,132,159,159,237,237,255,272,272,283,298,298,298],"floor_reached":23,"language":"ENG","playtime":826,"items_purged":["Writhe"],"score":386,"play_id":"99af5017-5e5d-48d0-8b2b-9ae5808fe609","local_time":"20210206233944","is_ascension_mode":true,"campfire_choices":[{"data":"Bane","floor":6,"key":"SMITH"},{"floor":15,"key":"REST"}],"circlet_count":0,"master_deck":["AscendersBane","Strike_G","Strike_G","Strike_G","Strike_G","Strike_G","Defend_G","Defend_G","Defend_G","Defend_G","Defend_G","Survivor","Neutralize","Corpse Explosion","Dash","Poisoned Stab","Bane+1","Flying Knee","Blade Dance","Blade Dance","Bane","After Image","PiercingWail","Acrobatics","Cloak And Dagger+1","Grand Finale"],"relics":["Ring of the Snake","MawBank","Odd Mushroom","Akabeko","Snake Skull","Runic Pyramid"],"acts_visited":["Exordium","TheCity"],"potions_floor_usage":[16,22],"damage_taken":[{"damage":0,"enemies":"2 Louse","floor":1,"turns":3},{"damage":3,"enemies":"Cultist","floor":2,"turns":5},{"damage":4,"enemies":"Small Slimes","floor":5,"turns":4},{"damage":9,"enemies":"Looter","floor":7,"turns":3},{"damage":9,"enemies":"The Mushroom Lair","floor":11,"turns":3},{"damage":5,"enemies":"Large Slime","floor":12,"turns":3},{"damage":30,"enemies":"Gremlin Nob","floor":14,"turns":4},{"damage":18,"enemies":"Hexaghost","floor":16,"turns":9},{"damage":12,"enemies":"Spheric Guardian","floor":18,"turns":5},{"damage":27,"enemies":"Shell Parasite","floor":19,"turns":3},{"damage":18,"enemies":"3 Cultists","floor":21,"turns":3},{"damage":24,"enemies":"Snake Plant","floor":22,"turns":4},{"damage":45,"enemies":"Gremlin Leader","floor":23,"turns":7}],"seed_played":"8031505033931549978","potions_obtained":[{"floor":5,"key":"ColorlessPotion"},{"floor":7,"key":"Strength Potion"},{"floor":16,"key":"EssenceOfSteel"}],"is_trial":false,"path_per_floor":["M","M","?","?","M","R","M","?","T","$","?","M","T","E","R","B",null,"M","M","?","M","M","E"],"character_chosen":"THE_SILENT","items_purchased":["Blade Dance"],"campfire_rested":1,"item_purchase_floors":[10],"current_hp_per_floor":[59,56,61,61,57,57,48,48,48,48,39,34,34,4,25,7,55,43,16,71,53,29,0,0],"gold":298,"neow_bonus":"THREE_RARE_CARDS","is_daily":false,"chose_seed":false,"campfire_upgraded":1,"win_rate":0.0,"timestamp":1612672784,"path_taken":["M","M","?","?","M","R","M","?","T","$","?","M","?","E","R","BOSS","M","M","?","M","M","E"],"items_purchased_type":["Card"],"build_version":"2020-12-18","purchased_purges":1,"victory":false,"max_hp_per_floor":[66,66,71,71,71,71,71,71,71,71,71,71,71,71,71,71,71,71,71,71,71,71,71,71],"relic_stats":{"counters":[13,56],"Snake Skull":[11],"MawBank":24,"obtain_stats":[{"Snake Skull":14,"Odd Mushroom":11,"MawBank":8,"Akabeko":13,"Ring of the Snake":0,"Runic Pyramid":17},{"Snake Skull":7,"Odd Mushroom":5,"MawBank":4,"Akabeko":6,"Ring of the Snake":0,"Runic Pyramid":8},{"Snake Skull":25,"Odd Mushroom":18,"MawBank":15,"Akabeko":21,"Ring of the Snake":0,"Runic Pyramid":34}],"Ring of the Snake":[26]},"card_choices":[{"not_picked":["Bullet Time","Unload"],"picked":"Corpse Explosion","floor":0},{"not_picked":["Dagger Throw","Accuracy"],"picked":"Dash","floor":1},{"not_picked":["Deadly Poison","Prepared"],"picked":"Poisoned Stab","floor":2},{"not_picked":["Slice","Deadly Poison"],"picked":"Bane","floor":5},{"not_picked":["Crippling Poison","Accuracy"],"picked":"Flying Knee","floor":7},{"not_picked":["Prepared","Riddle With Holes"],"picked":"Blade Dance","floor":11},{"not_picked":["Infinite Blades","Quick Slash","Prepared"],"picked":"SKIP","floor":12},{"not_picked":["Sucker Punch","Eviscerate"],"picked":"Bane","floor":14},{"not_picked":["Tools of the Trade","Glass Knife"],"picked":"After Image","floor":16},{"not_picked":["Poisoned Stab","Prepared"],"picked":"PiercingWail","floor":18},{"not_picked":["PiercingWail","Dash"],"picked":"Acrobatics","floor":19},{"not_picked":["Sucker Punch+1","Blur"],"picked":"Cloak And Dagger+1","floor":21},{"not_picked":["Slice+1","Dagger Throw"],"picked":"Grand Finale","floor":22}],"player_experience":1670961,"relics_obtained":[{"floor":11,"key":"Odd Mushroom"},{"floor":13,"key":"Akabeko"},{"floor":14,"key":"Snake Skull"}],"event_choices":[{"damage_healed":0,"gold_gain":0,"player_choice":"Donut","damage_taken":0,"max_hp_gain":5,"max_hp_loss":0,"event_name":"Big Fish","floor":3,"gold_loss":0},{"damage_healed":0,"gold_gain":0,"player_choice":"Ignored","damage_taken":0,"max_hp_gain":0,"max_hp_loss":0,"event_name":"Liars Game","floor":4,"gold_loss":0},{"damage_healed":0,"gold_gain":0,"player_choice":"Searched \u00271\u0027 times","damage_taken":0,"relics_obtained":["MawBank"],"max_hp_gain":0,"max_hp_loss":0,"event_name":"Dead Adventurer","floor":8,"gold_loss":0},{"damage_healed":0,"gold_gain":0,"player_choice":"Fought Mushrooms","damage_taken":0,"max_hp_gain":0,"max_hp_loss":0,"event_name":"Mushrooms","floor":11,"gold_loss":0},{"damage_healed":55,"gold_gain":0,"player_choice":"Full Heal","damage_taken":0,"max_hp_gain":0,"max_hp_loss":0,"event_name":"Wheel of Change","floor":20,"gold_loss":0}],"is_beta":true,"boss_relics":[{"not_picked":["Sozu","SlaversCollar"],"picked":"Runic Pyramid"}],"items_purged_floors":[10],"is_endless":false,"potions_floor_spawned":[5,7,16,18,21],"killed_by":"Gremlin Leader","ascension_level":20}}