{"host":"roto7j7840a50pxh","time":1612691013,"event":{"mods":["Act Like it!","BaseMod","Better Altar","Better Note","Better Sensory Stone","Better Skull","Better Third Choice","BetterRewards","Colored Map","Colored Powertips","Downfall","Elementarium","Hermit","Highlight Path","Hubris","Infinite Spire","Minty Spire (QoL Compilation)","Replay The Spire","Robot Space Explorer","Shade Mod","Spicy Shops","StSLib","The Construct","The Cursed","The Dragon Tamer","The Hierophant","The Jungle","The Necromancer","The Runesmith","The Servant 0.9.4","TheVacant"],"gold_per_floor":[119,119,199,218,231,261,261,291,362,388,403,422,440,457,457,554,554,566,581,594,594,604,604,617,629,655,303,303,332,332,332,332,332,332],"floor_reached":33,"language":"ENG","playtime":3492,"items_purged":["Shade:SpectralStrikes+1"],"score":645,"play_id":"ec98b042-67ec-478c-aa29-c8d047acbcc6","local_time":"20210207044333","is_ascension_mode":true,"campfire_choices":[{"data":"Shade:SpectralStrikes","floor":7.0,"key":"SMITH"},{"floor":23.0,"key":"REST"},{"floor":28.0,"key":"REST"},{"floor":32.0,"key":"REST"}],"circlet_count":0,"master_deck":["Shade:Strike_Shade","Shade:Strike_Shade","Shade:Strike_Shade","Shade:Strike_Shade","Shade:Defend_Shade","Shade:Defend_Shade","Shade:Defend_Shade+1","Shade:Defend_Shade","Shade:AnimateDead+1","Shade:CarefulCut+1","Shade:FreshBones+1","Shade:OpenGraves+1","Shade:Brains","Shade:FingerOfDeath","Shade:DangerousRitual","Shade:Brains","Shade:FuneraryArmor","Shade:Frenzy","Good Instincts","Shade:ScuttlingHand","Shade:FleshLikeOak","Shade:ClawBack","Pot Of Greed+1","Pot Of Greed","Shade:AuraOfUnlife","Pot Of Greed","ReplayTheSpireMod:Splinters","Shade:FeralStrike","Shade:ExtraLimbs","Shade:ScuttlingHand","Shade:FuneraryArmor","Shade:Frenzy","Shade:DarkOfNight","Shade:ClawBack+1","Shade:FuneraryArmor+1","Shade:AncientSpear","construct:PowerUp","Shade:ExtraLimbs","Pot Of Greed+1","Shade:FleshToFlesh","Shade:Bonestorm+1","Shade:WallOfFlesh","Shade:DarkOfNight"],"relics":["Shade:YorickSkull","Membership Card","champ:Barbells","Counterbalance","Grinning Jar","bronze:DecasWashers","Shovel","hubris:Backtick","hubris:Potato","Lantern","Mummified Hand","ClockworkSouvenir","FossilizedHelix","Singing Bowl","HornCleat"],"acts_visited":["Exordium","TheCity"],"potions_floor_usage":[33,33],"damage_taken":[{"damage":2.0,"enemies":"Jaw Worm","floor":1.0,"turns":5.0},{"damage":0.0,"enemies":"2 Louse","floor":4.0,"turns":3.0},{"damage":0.0,"enemies":"Small Slimes","floor":5.0,"turns":3.0},{"damage":0.0,"enemies":"Lagavulin","floor":6.0,"turns":4.0},{"damage":1.0,"enemies":"3 Sentries","floor":8.0,"turns":8.0},{"damage":7.0,"enemies":"Gremlin Gang","floor":11.0,"turns":4.0},{"damage":9.0,"enemies":"Exordium Thugs","floor":12.0,"turns":4.0},{"damage":0.0,"enemies":"Blue Slaver","floor":13.0,"turns":3.0},{"damage":0.0,"enemies":"3 Louse","floor":14.0,"turns":4.0},{"damage":0.0,"enemies":"Fading Forest","floor":16.0,"turns":11.0},{"damage":0.0,"enemies":"Shell Parasite","floor":18.0,"turns":3.0},{"damage":10.0,"enemies":"2 Thieves","floor":19.0,"turns":4.0},{"damage":9.0,"enemies":"Snake Plant","floor":20.0,"turns":5.0},{"damage":33.0,"enemies":"Shelled Parasite and Fungi","floor":22.0,"turns":9.0},{"damage":12.0,"enemies":"Centurion and Healer","floor":24.0,"turns":7.0},{"damage":10.0,"enemies":"Chosen and Byrds","floor":25.0,"turns":7.0},{"damage":6.0,"enemies":"Gremlin Leader","floor":29.0,"turns":8.0},{"damage":0.0,"enemies":"Nightmare","floor":31.0,"turns":1.0},{"damage":42,"enemies":"Collector","floor":33,"turns":7}],"seed_played":"-7773372877807330672","potions_obtained":[{"floor":1.0,"key":"Fire Potion"},{"floor":5.0,"key":"Adrenaline Potion"},{"floor":12.0,"key":"PowerPotion"},{"floor":14.0,"key":"bronze:BurnAndBuffPotion"},{"floor":16.0,"key":"Fire Potion"},{"floor":22.0,"key":"DuplicationPotion"},{"floor":24.0,"key":"SmokeBomb"}],"is_trial":false,"path_per_floor":["M","?","?","M","M","E","R","E","T","?","M","M","M","M","R_BF","B",null,"M","M","M","?","M","R","M","M","T","$","R","E","T","NM","R_BF","B"],"character_chosen":"SHADE","items_purchased":["Membership Card","Shade:FreshBones+1","champ:Barbells","Shade:OpenGraves","Shade:Brains","Shade:FingerOfDeath","Shade:SpectralStrikes","Shade:DangerousRitual","Shade:Brains","Shade:FuneraryArmor","Mummified Hand","ClockworkSouvenir","FossilizedHelix","Shade:WallOfFlesh"],"campfire_rested":3,"item_purchase_floors":[0,0,0,0,0,0,0,0,0,0,27,27,27,27],"current_hp_per_floor":[34,34,34,34,34,34,34,33,33,33,26,17,17,17,36,36,58,58,48,39,39,6,25,13,3,3,3,22,16,16,16,35,0,0],"gold":332,"neow_bonus":"","is_daily":false,"chose_seed":false,"campfire_upgraded":1,"win_rate":0.0,"timestamp":1612691013,"path_taken":["M","?","?","M","M","E","R","E","T","?","M","M","M","M","R_BF","BOSS","M","M","M","?","?","R","M","M","T","$","R","E","?","NM","R_BF","BOSS"],"items_purchased_type":["Relic","Card","Relic","Card","Card","Card","Card","Card","Card","Card","Relic","Relic","Relic","Card"],"build_version":"2020-12-22","purchased_purges":1,"victory":false,"max_hp_per_floor":[65,65,65,65,65,65,65,65,65,65,65,65,65,65,65,65,65,65,65,65,65,65,65,65,65,65,65,65,65,65,65,65,65,65],"card_choices":[{"not_picked":["Shade:FingerOfDeath","Shade:Premonition"],"picked":"Shade:Frenzy","floor":1.0},{"not_picked":["Shade:FreshBones","Shade:Brains"],"picked":"Shade:ScuttlingHand","floor":4.0},{"not_picked":["Shade:AncientSpear","Shade:BoneShards"],"picked":"Shade:FleshLikeOak","floor":5.0},{"not_picked":["Shade:Brains","Shade:PotionOfRestlessness"],"picked":"Shade:ClawBack","floor":6.0},{"not_picked":["Shade:Coordination","Shade:SoulToxin"],"picked":"Shade:AuraOfUnlife","floor":8.0},{"not_picked":["Shade:ClawBack","Shade:LyeBath"],"picked":"Shade:FeralStrike","floor":10.0},{"not_picked":["Shade:Brains","Shade:CommandSoldier"],"picked":"Shade:ExtraLimbs","floor":11.0},{"not_picked":["Shade:TouchOfTheGrave","Shade:SkeletonHug"],"picked":"Shade:ScuttlingHand","floor":12.0},{"not_picked":["Shade:SanguineRitual","Shade:SelfBurial"],"picked":"Shade:FuneraryArmor","floor":13.0},{"not_picked":["Shade:PotionOfRestlessness","Shade:PoundOfFlesh"],"picked":"Shade:Frenzy","floor":14.0},{"not_picked":["Shade:SelfBurial","Shade:Consume"],"picked":"Shade:DarkOfNight","floor":16.0},{"not_picked":["Shade:CommandSoldier","Shade:Awaken+1"],"picked":"Shade:ClawBack+1","floor":18.0},{"not_picked":["Shade:OpenGraves","Shade:BoneShards"],"picked":"Shade:FuneraryArmor+1","floor":19.0},{"not_picked":["Shade:ScuttlingHand","Shade:FleshToFlesh+1"],"picked":"Shade:AncientSpear","floor":20.0},{"not_picked":["Shade:FuneraryArmor","Shade:BoneShards"],"picked":"Shade:ExtraLimbs","floor":22.0},{"not_picked":["Shade:CallOfTheGrave","Shade:FleshLikeOak+1"],"picked":"Shade:FleshToFlesh","floor":24.0},{"not_picked":["Shade:ScuttlingHand","Shade:Brains+1"],"picked":"Shade:Bonestorm+1","floor":25.0},{"not_picked":["Shade:Excise","Shade:FeralStrike"],"picked":"Shade:DarkOfNight","floor":29.0}],"player_experience":1901980,"relics_obtained":[{"floor":6.0,"key":"Counterbalance"},{"floor":8.0,"key":"Grinning Jar"},{"floor":9.0,"key":"bronze:DecasWashers"},{"floor":10.0,"key":"Shovel"},{"floor":26.0,"key":"Lantern"},{"floor":29.0,"key":"Singing Bowl"},{"floor":30.0,"key":"HornCleat"}],"event_choices":[{"damage_healed":0.0,"max_hp_gain":0.0,"max_hp_loss":0.0,"gold_gain":0.0,"cards_transformed":["Magnetism"],"event_name":"Living Wall","player_choice":"Change","floor":2.0,"gold_loss":0.0,"damage_taken":0.0,"cards_obtained":["Good Instincts"]},{"cards_removed":["Shade:SpectralStrikes"],"damage_healed":0.0,"max_hp_gain":0.0,"max_hp_loss":0.0,"gold_gain":0.0,"event_name":"betterNote:BetterNote","player_choice":"Take \u0026 Give","floor":21.0,"gold_loss":0.0,"damage_taken":0.0,"cards_obtained":["construct:PowerUp"]}],"is_beta":false,"boss_relics":[{"not_picked":["hubris:ScarierMask","hubris:HollowSoul"],"picked":"hubris:Backtick"}],"items_purged_floors":[27],"is_endless":false,"potions_floor_spawned":[1,5,12,14,16,22,24,29,31],"killed_by":"Collector","ascension_level":5}}