{"host":"utqe55yv0jihe4d6","time":1612670956,"event":{"mods":["2.2 Compatiblity","AchievementEnabler","BaseMod","Block Reminder","Colored Map","Colored Powertips","Minty Spire (QoL Compilation)","Quick Restart","Rare Cards Sparkle","Relic Stats","SuperFastMode"],"gold_per_floor":[137,137,24,24,72,134,134,163,163,163,223,243,259,269,269,377,377,424,442,3,46,46,111,111,169,169,184,184,184,240,280,280,382,382,426,701,748,748,56,115,160,172,195,285,358,431,431,472,472,472,472,472,472,7,41,41,41],"floor_reached":56,"language":"ENG","playtime":3598,"items_purged":["Strike_P+1","Strike_P+1"],"score":1978,"play_id":"af5fc48b-14e7-4dab-b78d-0bd917cc5f71","local_time":"20210206230916","is_ascension_mode":true,"campfire_choices":[{"data":"Vault","floor":7.0,"key":"SMITH"},{"data":"Wireheading","floor":10.0,"key":"SMITH"},{"data":"Wallop","floor":15.0,"key":"SMITH"},{"floor":24.0,"key":"REST"},{"data":"Wallop","floor":28.0,"key":"SMITH"},{"floor":32.0,"key":"REST"},{"floor":47.0,"key":"RECALL"},{"floor":49.0,"key":"REST"},{"data":"DevaForm","floor":53.0,"key":"SMITH"}],"circlet_count":0,"master_deck":["AscendersBane","Strike_P+1","Strike_P+1","Defend_P+1","Defend_P+1","Defend_P+1","Defend_P+1","Eruption+1","Vigilance","Wish+1","Wireheading+1","CutThroughFate+1","FlyingSleeves","Vault+1","ClearTheMind","Tantrum","Wallop+1","FearNoEvil","Wallop+1","Brilliance","Fasting2+1","FlurryOfBlows","EmptyBody+1","Prostrate+1","Weave","InnerPeace+1","DevaForm+1","Vengeance+1","Prostrate+1","Wish+1","Fasting2","WaveOfTheHand+1","MentalFortress","Wish+1","CutThroughFate","Fasting2","TalkToTheHand"],"relics":["HolyWater","Eternal Feather","Vajra","Damaru","Whetstone","Runic Pyramid","Toxic Egg 2","Bag of Marbles","Omamori","Oddly Smooth Stone","Smiling Mask","Shuriken","Lee\u0027s Waffle","Ginger","Lantern","Bronze Scales","Ice Cream","Art of War"],"acts_visited":["Exordium","TheCity","TheBeyond","TheEnding"],"potions_floor_usage":[56],"damage_taken":[{"damage":11.0,"enemies":"Jaw Worm","floor":1.0,"turns":6.0},{"damage":0.0,"enemies":"2 Louse","floor":5.0,"turns":2.0},{"damage":11.0,"enemies":"Lagavulin","floor":6.0,"turns":6.0},{"damage":11.0,"enemies":"Gremlin Nob","floor":8.0,"turns":4.0},{"damage":19.0,"enemies":"Lagavulin","floor":11.0,"turns":8.0},{"damage":0.0,"enemies":"Cultist","floor":12.0,"turns":3.0},{"damage":0.0,"enemies":"Blue Slaver","floor":13.0,"turns":3.0},{"damage":0.0,"enemies":"Exordium Wildlife","floor":14.0,"turns":2.0},{"damage":30.0,"enemies":"The Guardian","floor":16.0,"turns":13.0},{"damage":6.0,"enemies":"Spheric Guardian","floor":18.0,"turns":3.0},{"damage":7.0,"enemies":"Chosen","floor":19.0,"turns":4.0},{"damage":5.0,"enemies":"Centurion and Healer","floor":21.0,"turns":6.0},{"damage":10.0,"enemies":"Book of Stabbing","floor":23.0,"turns":5.0},{"damage":10.0,"enemies":"Slavers","floor":25.0,"turns":6.0},{"damage":0.0,"enemies":"Chosen and Byrds","floor":27.0,"turns":6.0},{"damage":35.0,"enemies":"Gremlin Leader","floor":30.0,"turns":7.0},{"damage":18.0,"enemies":"Sentry and Sphere","floor":31.0,"turns":7.0},{"damage":30.0,"enemies":"Champ","floor":33.0,"turns":9.0},{"damage":0.0,"enemies":"3 Shapes","floor":35.0,"turns":6.0},{"damage":4.0,"enemies":"3 Darklings","floor":37.0,"turns":5.0},{"damage":16.0,"enemies":"Reptomancer","floor":40.0,"turns":5.0},{"damage":19.0,"enemies":"Jaw Worm Horde","floor":41.0,"turns":7.0},{"damage":9.0,"enemies":"Writhing Mass","floor":42.0,"turns":6.0},{"damage":4.0,"enemies":"Giant Head","floor":44.0,"turns":5.0},{"damage":0.0,"enemies":"Transient","floor":45.0,"turns":7.0},{"damage":0.0,"enemies":"Sphere and 2 Shapes","floor":46.0,"turns":8.0},{"damage":25.0,"enemies":"3 Darklings","floor":48.0,"turns":4.0},{"damage":12.0,"enemies":"Time Eater","floor":50.0,"turns":11.0},{"damage":42.0,"enemies":"Awakened One","floor":51.0,"turns":8.0},{"damage":25.0,"enemies":"Shield and Spear","floor":55.0,"turns":5.0},{"damage":45,"enemies":"The Heart","floor":56,"turns":5}],"seed_played":"-4034701069267132603","potions_obtained":[{"floor":1.0,"key":"BlessingOfTheForge"},{"floor":6.0,"key":"Block Potion"},{"floor":8.0,"key":"Energy Potion"},{"floor":21.0,"key":"BottledMiracle"},{"floor":23.0,"key":"LiquidMemories"},{"floor":31.0,"key":"LiquidBronze"},{"floor":35.0,"key":"Strength Potion"},{"floor":37.0,"key":"PowerPotion"}],"is_trial":false,"path_per_floor":["M","?","$","?","M","E","R","E","T","R","E","M","M","M","R","B",null,"M","M","$","M","?","E","R","E","T","M","R","?","E","M","R","B",null,"M","?","M","?","$","E","M","M","T","E","M","M","R","M","R","B","B",null,"R","$","E","B"],"character_chosen":"WATCHER","items_purchased":["CutThroughFate","AttackPotion","Toxic Egg 2","Bag of Marbles","Wish+1","Shuriken","Lee\u0027s Waffle","Fasting2","Fasting2","Ice Cream","Strength Potion"],"campfire_rested":3,"item_purchase_floors":[3,3,20,20,39,39,39,39,54,54,54],"current_hp_per_floor":[50,50,50,50,50,39,48,37,37,46,27,27,27,27,39,9,49,43,36,36,31,31,21,54,44,44,44,59,59,24,6,39,9,49,49,49,45,45,69,53,34,25,25,21,21,21,42,17,58,46,4,53,69,69,44,0,0],"gold":41,"neow_bonus":"THREE_RARE_CARDS","is_daily":false,"chose_seed":false,"campfire_upgraded":5,"win_rate":0.0,"timestamp":1612670956,"path_taken":["M","?","$","?","M","E","R","E","T","R","E","M","M","?","R","BOSS","M","M","$","M","?","E","R","E","T","M","R","?","E","M","R","BOSS","M","?","?","?","$","E","?","M","T","E","M","M","R","M","R","BOSS","BOSS","R","$","E","BOSS"],"items_purchased_type":["Card","Potion","Relic","Relic","Card","Relic","Relic","Card","Card","Relic","Potion"],"build_version":"2020-12-22","purchased_purges":2,"victory":false,"max_hp_per_floor":[62,62,62,62,62,62,62,62,62,62,62,62,62,62,62,62,62,62,62,62,62,62,62,62,62,62,62,62,62,62,62,62,62,62,62,62,62,62,69,69,69,69,69,69,69,69,69,69,69,69,69,69,69,69,69,69,69],"relic_stats":{"Lee\u0027s Waffle":24,"counters":[31,182],"Shuriken":[33],"Bronze Scales":[193],"Eternal Feather":133,"Art of War":[2],"Whetstone":["Strike_P","Eruption"],"Ginger":[11],"Smiling Mask":75,"obtain_stats":[{"Ice Cream":54,"Lee\u0027s Waffle":39,"Lantern":43,"Vajra":8,"Damaru":9,"Oddly Smooth Stone":25,"Eternal Feather":6,"Omamori":23,"Whetstone":11,"Ginger":40,"Smiling Mask":30,"Shuriken":39,"Bronze Scales":44,"HolyWater":34,"Bag of Marbles":20,"Art of War":55,"PureWater":0,"Toxic Egg 2":20,"Runic Pyramid":17},{"Ice Cream":29,"Lee\u0027s Waffle":20,"Lantern":23,"Vajra":4,"Damaru":4,"Oddly Smooth Stone":14,"Eternal Feather":3,"Omamori":13,"Whetstone":5,"Ginger":21,"Smiling Mask":16,"Shuriken":20,"Bronze Scales":24,"HolyWater":18,"Bag of Marbles":11,"Art of War":30,"PureWater":0,"Toxic Egg 2":11,"Runic Pyramid":9},{"Ice Cream":172,"Lee\u0027s Waffle":111,"Lantern":129,"Vajra":18,"Damaru":18,"Oddly Smooth Stone":71,"Eternal Feather":14,"Omamori":65,"Whetstone":26,"Ginger":116,"Smiling Mask":84,"Shuriken":111,"Bronze Scales":134,"HolyWater":100,"Bag of Marbles":54,"Art of War":177,"PureWater":0,"Toxic Egg 2":54,"Runic Pyramid":47}]},"card_choices":[{"not_picked":["Omniscience","Judgement"],"picked":"Wish","floor":0.0},{"not_picked":["Nirvana","JustLucky"],"picked":"Wireheading","floor":1.0},{"not_picked":["Fasting2","InnerPeace"],"picked":"FlyingSleeves","floor":5.0},{"not_picked":["Indignation","EmptyFist"],"picked":"Vault","floor":6.0},{"not_picked":["LikeWater","JustLucky"],"picked":"ClearTheMind","floor":8.0},{"not_picked":["ThirdEye","EmptyBody"],"picked":"Tantrum","floor":11.0},{"not_picked":["ClearTheMind","Nirvana"],"picked":"Wallop","floor":12.0},{"not_picked":["Nirvana","SashWhip"],"picked":"FearNoEvil","floor":13.0},{"not_picked":["EmptyMind","Halt"],"picked":"Wallop","floor":14.0},{"not_picked":["Judgement","ConjureBlade"],"picked":"Brilliance","floor":16.0},{"not_picked":["Evaluate","Prostrate"],"picked":"Fasting2+1","floor":18.0},{"not_picked":["CrushJoints","Evaluate"],"picked":"FlurryOfBlows","floor":19.0},{"not_picked":["JustLucky","FollowUp"],"picked":"EmptyBody+1","floor":21.0},{"not_picked":["Alpha+1","ForeignInfluence+1"],"picked":"Prostrate+1","floor":23.0},{"not_picked":["Halt+1","FearNoEvil"],"picked":"Weave","floor":25.0},{"not_picked":["PathToVictory+1","FollowUp","EmptyBody+1"],"picked":"SKIP","floor":27.0},{"not_picked":["Perseverance+1","Crescendo+1"],"picked":"InnerPeace+1","floor":30.0},{"not_picked":["JustLucky","EmptyBody+1","CrushJoints"],"picked":"SKIP","floor":31.0},{"not_picked":["Omniscience+1","Blasphemy+1"],"picked":"DevaForm","floor":33.0},{"not_picked":["FlyingSleeves","Crescendo+1"],"picked":"Vengeance+1","floor":35.0},{"not_picked":["FlurryOfBlows","JustLucky+1"],"picked":"Prostrate+1","floor":37.0},{"not_picked":["Consecrate","CutThroughFate"],"picked":"WaveOfTheHand+1","floor":40.0},{"not_picked":["FlurryOfBlows","ClearTheMind+1"],"picked":"MentalFortress","floor":41.0},{"not_picked":["Sanctity+1","BowlingBash","Halt+1"],"picked":"SKIP","floor":42.0},{"not_picked":["Adaptation","EmptyFist","Weave"],"picked":"SKIP","floor":44.0},{"not_picked":["SandsOfTime+1","Evaluate+1","Crescendo+1"],"picked":"SKIP","floor":45.0},{"not_picked":["FlyingSleeves","SashWhip"],"picked":"Wish+1","floor":46.0},{"not_picked":["Crescendo+1","SashWhip"],"picked":"CutThroughFate","floor":48.0},{"not_picked":["Prostrate+1","DeceiveReality+1"],"picked":"TalkToTheHand","floor":55.0}],"player_experience":3038123,"relics_obtained":[{"floor":6.0,"key":"Eternal Feather"},{"floor":8.0,"key":"Vajra"},{"floor":9.0,"key":"Damaru"},{"floor":11.0,"key":"Whetstone"},{"floor":23.0,"key":"Omamori"},{"floor":25.0,"key":"Oddly Smooth Stone"},{"floor":30.0,"key":"Smiling Mask"},{"floor":40.0,"key":"Ginger"},{"floor":43.0,"key":"Lantern"},{"floor":44.0,"key":"Bronze Scales"},{"floor":55.0,"key":"Art of War"}],"event_choices":[{"damage_healed":0.0,"max_hp_gain":0.0,"max_hp_loss":0.0,"gold_gain":0.0,"event_name":"Living Wall","player_choice":"Grow","floor":2.0,"gold_loss":0.0,"damage_taken":0.0,"cards_upgraded":["Wish"]},{"damage_healed":0.0,"max_hp_gain":0.0,"max_hp_loss":0.0,"gold_gain":0.0,"event_name":"Upgrade Shrine","player_choice":"Upgraded","floor":4.0,"gold_loss":0.0,"damage_taken":0.0,"cards_upgraded":["CutThroughFate"]},{"damage_healed":0.0,"max_hp_gain":0.0,"max_hp_loss":0.0,"gold_gain":0.0,"event_name":"Back to Basics","player_choice":"Simplicity","floor":22.0,"gold_loss":0.0,"damage_taken":0.0,"cards_upgraded":["Strike_P","Strike_P","Strike_P","Defend_P","Defend_P","Defend_P","Defend_P"]},{"damage_healed":0.0,"max_hp_gain":0.0,"max_hp_loss":0.0,"gold_gain":0.0,"event_name":"Ghosts","player_choice":"Ignored","floor":29.0,"gold_loss":0.0,"damage_taken":0.0},{"damage_healed":0.0,"max_hp_gain":0.0,"max_hp_loss":0.0,"gold_gain":275.0,"event_name":"Golden Shrine","player_choice":"Desecrate","floor":36.0,"gold_loss":0.0,"damage_taken":0.0,"cards_obtained":["Regret"]},{"damage_healed":0.0,"max_hp_gain":0.0,"max_hp_loss":0.0,"gold_gain":0.0,"event_name":"Lab","player_choice":"Got Potions","floor":38.0,"gold_loss":0.0,"damage_taken":0.0}],"is_beta":false,"boss_relics":[{"not_picked":["Empty Cage","VioletLotus"],"picked":"Runic Pyramid"},{"not_picked":["Coffee Dripper","Pandora\u0027s Box"],"picked":"HolyWater"}],"items_purged_floors":[39,54],"is_endless":false,"potions_floor_spawned":[1,6,8,12,13,18,21,23,31,35,37,42,44,48],"killed_by":"The Heart","ascension_level":20}}