{"host":"ewn058xs2vaj5uc6","time":1612705212,"event":{"mods":["ATMod(??Mod)","Act Like it!","Aspiration","BaseMod","BetterRewards","Colored Map","Colored Powertips","Downfall","Highlight Path","Minty Spire (QoL Compilation)","Quick Restart","Relic Filter Mod","Reliquary","Replay The Spire","Shop Mod","StSLib","SuperFastMode","TestMod","UnlockEverythingMod","[IsaacMod]????","??????REMEMod","????"],"gold_per_floor":[99,99,199,199,199,0,27,127,227,248,258,286,297,321,341,438,438,0,37,63,63,263,363,390,390,450,46,46,46,46,83,151,151,151,151],"floor_reached":33,"language":"ZHS","playtime":1912,"items_purged":["downfall:Malfunctioning","Slimebound:Defend_Slimebound","downfall:Haunted"],"score":405,"play_id":"1fc718ed-a98e-4804-a80a-681fabaa6796","local_time":"20210207214012","is_ascension_mode":true,"campfire_choices":[{"floor":1.0,"key":"RECALL"},{"floor":29.0,"key":"REST"}],"circlet_count":0,"master_deck":["Slimebound:Strike_Slimebound","Slimebound:Strike_Slimebound","Slimebound:Strike_Slimebound","Slimebound:Tackle","Slimebound:Defend_Slimebound","Slimebound:Defend_Slimebound+1","Slimebound:Defend_Slimebound+1","Slimebound:Split","Slimebound:CorrosiveSpit","REME_HeartOfCthun+1","Slimebound:Schlurp","Slimebound:LeechingTouch","Slimebound:AcidTongue","Slimebound:Darklings","Slimebound:MegaLick","Necronomicurse","Slimebound:Dissolve","Slimebound:HauntingLick+1","Slimebound:Schlurp+1"],"relics":["Slimebound:AbsorbEndCombat","testmod-TestBox","AT_ATBox","HushsDoor","REME_ComplimentaryCards","MaYiHuaBei","downfall:HeartsMalice","downfall:HeartBlessingRed","ClockworkSouvenir","downfall:GremlinWheel","Odd Mushroom","Garlic","reliquary:PorcupineQuills","Akabeko","AT_MibuBalloonWealth","downfall:HeartBlessingGreen","downfall:HeartBlessingBlue","MerchantsRug","Sling","WingedGreaves","Bag of Marbles","Necronomicon","Shuriken","aspiration:Stabinomicon","reliquary:RoseTintedGlasses","Strange Spoon","aspiration:RitualStick"],"acts_visited":["Exordium","TheCity"],"potions_floor_usage":[33],"damage_taken":[{"damage":0.0,"enemies":"2 Louse","floor":2.0,"turns":1.0},{"damage":0.0,"enemies":"Small Slimes","floor":5.0,"turns":1.0},{"damage":0.0,"enemies":"Small Slimes","floor":8.0,"turns":1.0},{"damage":0.0,"enemies":"The Mushroom Lair","floor":10.0,"turns":1.0},{"damage":0.0,"enemies":"Jaw Worm","floor":11.0,"turns":1.0},{"damage":5.0,"enemies":"3 Sentries","floor":12.0,"turns":4.0},{"damage":0.0,"enemies":"Exordium Wildlife","floor":13.0,"turns":1.0},{"damage":3.0,"enemies":"Exordium Thugs","floor":15.0,"turns":3.0},{"damage":9.0,"enemies":"IC_STATUS_ARCHETYPE","floor":16.0,"turns":9.0},{"damage":17.0,"enemies":"Chosen","floor":19.0,"turns":4.0},{"damage":20.0,"enemies":"Slavers","floor":23.0,"turns":5.0},{"damage":7.0,"enemies":"Book of Stabbing","floor":26.0,"turns":3.0},{"damage":0.0,"enemies":"downfall:FleeingMerchant","floor":27.0,"turns":4.0},{"damage":0.0,"enemies":"Snake Plant","floor":31.0,"turns":2.0},{"damage":0.0,"enemies":"Centurion and Healer","floor":32.0,"turns":1.0},{"damage":48,"enemies":"SI_MIRROR_ARCHETYPE","floor":33,"turns":1}],"seed_played":"4303298134009170794","potions_obtained":[{"floor":8.0,"key":"PowerPotion"},{"floor":10.0,"key":"AttackPotion"},{"floor":13.0,"key":"CultistPotion"},{"floor":15.0,"key":"Adrenaline Potion"},{"floor":19.0,"key":"champ:CounterPotion"},{"floor":32.0,"key":"Death Potion"}],"is_trial":false,"path_per_floor":["R_BF","M","?","?","M","R","T","?","?","?","M","E","M","T","M","B",null,"R","M","T","?","?","E","T","?","E","$","R","R","?","M","M","B"],"character_chosen":"SLIMEBOUND","items_purchased":["ClockworkSouvenir","MerchantsRug","Sling","WingedGreaves","reliquary:RoseTintedGlasses","Strange Spoon"],"campfire_rested":1,"item_purchase_floors":[6,18,18,18,27,27],"current_hp_per_floor":[65,65,65,65,65,65,65,65,65,65,65,64,64,64,64,62,65,75,60,60,44,44,30,30,30,31,35,35,57,42,44,46,0,0,0],"gold":151,"neow_bonus":"THREE_ENEMY_KILL","is_daily":false,"chose_seed":false,"campfire_upgraded":0,"win_rate":0.0,"timestamp":1612705212,"path_taken":["R_BF","M","?","?","?","R","T","?","?","?","M","E","M","?","M","BOSS","R","M","?","?","?","E","T","?","E","$","R","R","?","M","M","BOSS"],"items_purchased_type":["Relic","Relic","Relic","Relic","Relic","Relic"],"build_version":"2020-12-22","purchased_purges":3,"victory":false,"max_hp_per_floor":[65,65,65,65,65,65,65,65,65,65,65,65,65,65,65,65,65,75,75,75,75,75,75,75,75,75,75,75,75,75,75,75,75,75,75],"card_choices":[{"not_picked":["Slimebound:FinishingTackle","Slimebound:RollThrough"],"picked":"Slimebound:Schlurp","floor":2.0},{"not_picked":["Slimebound:SplitSpecialist","Slimebound:SelfFormingGoo","Slimebound:ComboTackle"],"picked":"SKIP","floor":5.0},{"not_picked":["Slimebound:HauntingLick","Slimebound:ItLooksTasty"],"picked":"Slimebound:LeechingTouch","floor":10.0},{"not_picked":["Slimebound:LivingWall","Slimebound:LeechingTouch"],"picked":"Slimebound:AcidTongue","floor":11.0},{"not_picked":["Slimebound:SelfFormingGoo","Slimebound:SlimeTap","Slimebound:SplitBruiser"],"picked":"SKIP","floor":12.0},{"not_picked":["Slimebound:HauntingLick","Slimebound:FinishingTackle","Slimebound:SplitAcid"],"picked":"SKIP","floor":13.0},{"not_picked":["Slimebound:ProtectTheBoss","Slimebound:ComboTackle"],"picked":"Bomb","floor":15.0},{"not_picked":["Slimebound:PrepareCrush","Slimebound:OneTwoCombo"],"picked":"Slimebound:Darklings","floor":16.0},{"not_picked":["Slimebound:GoopSpray","Slimebound:SplitMire"],"picked":"Slimebound:MegaLick","floor":19.0},{"not_picked":["Slimebound:TongueLash","Slimebound:GrowthPunch","Slimebound:HauntingLick"],"picked":"SKIP","floor":23.0},{"not_picked":["Slimebound:DisruptingSlam","Slimebound:CheckThePlaybook"],"picked":"Slimebound:Dissolve","floor":26.0},{"not_picked":["Slimebound:Chomp","Slimebound:SplitAcid"],"picked":"Slimebound:HauntingLick+1","floor":27.0},{"not_picked":["Slimebound:Grow+1","Slimebound:SamplingLick"],"picked":"Slimebound:Schlurp+1","floor":31.0},{"not_picked":["Slimebound:ItLooksTasty","Slimebound:AcidTongue","Slimebound:GoopTackle"],"picked":"SKIP","floor":32.0}],"player_experience":112357,"relics_obtained":[{"floor":8.0,"key":"downfall:GremlinWheel"},{"floor":10.0,"key":"Odd Mushroom"},{"floor":12.0,"key":"Garlic"},{"floor":14.0,"key":"reliquary:PorcupineQuills"},{"floor":17.0,"key":"Akabeko"},{"floor":17.0,"key":"AT_MibuBalloonWealth"},{"floor":20.0,"key":"Bag of Marbles"},{"floor":21.0,"key":"Necronomicon"},{"floor":23.0,"key":"Shuriken"},{"floor":24.0,"key":"reliquary:PartyBalloon"},{"floor":26.0,"key":"aspiration:Stabinomicon"}],"event_choices":[{"damage_healed":0.0,"max_hp_gain":0.0,"max_hp_loss":0.0,"gold_gain":0.0,"event_name":"Mushrooms","player_choice":"Fought Mushrooms","floor":10.0,"gold_loss":0.0,"damage_taken":0.0}],"is_beta":false,"boss_relics":[{"not_picked":["testmod-Recursion","REME_DemonsWealth"],"picked":"REME_LowDesire"},{"not_picked":[]}],"items_purged_floors":[6,18,27],"is_endless":false,"potions_floor_spawned":[8,10,13,15,19,32],"killed_by":"SI_MIRROR_ARCHETYPE","ascension_level":2}}