{"host":"i2ntsfwoh5q5m216","time":1612665138,"event":{"mods":["BaseMod","Colored Map","Downfall","Minty Spire (QoL Compilation)","StSLib"],"gold_per_floor":[114,134,134,145,160,186,361,361,409,409,34,45,73,91,91,194,194,207,207,219,66,86,86,113,113,137,97,117,217,268,278,278,278,278],"floor_reached":33,"language":"ENG","playtime":738,"items_purged":[],"score":316,"play_id":"ff5d81de-4e26-4805-a8ba-685ef5bc0455","local_time":"20210206203218","is_ascension_mode":true,"campfire_choices":[{"data":"Dramatic Entrance","floor":8,"key":"SMITH"},{"data":"Metallicize","floor":15,"key":"SMITH"},{"data":"Corruption","floor":23,"key":"SMITH"},{"data":"Dropkick","floor":25,"key":"SMITH"},{"data":"Immolate","floor":32,"key":"SMITH"}],"circlet_count":0,"master_deck":["Strike_R","Strike_R","Strike_R","Strike_R","Strike_R","Defend_R","Defend_R","Defend_R+1","Defend_R","Bash","Dramatic Entrance+1","Clash+1","Thunderclap+1","Clothesline","Power Through","Dropkick+1","Metallicize+1","Intimidate+1","Clash","Second Wind","Wild Strike","Corruption+1","True Grit+1","Spot Weakness+1","Entrench+1","Clash+1","Clash+1","Immolate+1","Intimidate+1"],"relics":["Burning Blood","Gremlin Horn","PreservedInsect","HandDrill","Boot","Sozu","War Paint","Ornamental Fan","Dream Catcher","Incense Burner","Meat on the Bone","Toy Ornithopter"],"acts_visited":["Exordium","TheCity"],"potions_floor_usage":[6,6,16,24,33],"damage_taken":[{"damage":0,"enemies":"2 Louse","floor":1,"turns":2},{"damage":0,"enemies":"Small Slimes","floor":2,"turns":2},{"damage":0,"enemies":"Cultist","floor":4,"turns":2},{"damage":11,"enemies":"Exordium Wildlife","floor":5,"turns":2},{"damage":16,"enemies":"Lagavulin","floor":6,"turns":4},{"damage":0,"enemies":"Lots of Slimes","floor":12,"turns":1},{"damage":4,"enemies":"Gremlin Nob","floor":13,"turns":3},{"damage":0,"enemies":"Blue Slaver","floor":14,"turns":2},{"damage":43,"enemies":"Hexaghost","floor":16,"turns":9},{"damage":5,"enemies":"Shell Parasite","floor":18,"turns":2},{"damage":3,"enemies":"3 Byrds","floor":20,"turns":4},{"damage":5,"enemies":"Centurion and Healer","floor":22,"turns":3},{"damage":26,"enemies":"Book of Stabbing","floor":24,"turns":5},{"damage":11,"enemies":"Snake Plant","floor":28,"turns":3},{"damage":4,"enemies":"Colosseum Slavers","floor":29,"turns":3},{"damage":3,"enemies":"Colosseum Nobs","floor":29,"turns":3},{"damage":0,"enemies":"Shelled Parasite and Fungi","floor":31,"turns":2},{"damage":79,"enemies":"Champ","floor":33,"turns":12}],"seed_played":"1669820841489929564","potions_obtained":[{"floor":2,"key":"ColorlessPotion"},{"floor":4,"key":"ColorlessPotion"},{"floor":13,"key":"LiquidBronze"},{"floor":14,"key":"DuplicationPotion"},{"floor":16,"key":"ColorlessPotion"}],"is_trial":false,"path_per_floor":["M","M","?","M","M","E","?","R","T","?","$","M","E","M","R","B",null,"M","$","M","$","M","R","E","R","T","?","M","?","T","M","R","B"],"character_chosen":"IRONCLAD","items_purchased":["Dropkick","Metallicize","Intimidate","HandDrill","War Paint"],"campfire_rested":0,"item_purchase_floors":[11,11,11,11,21],"current_hp_per_floor":[80,80,85,85,80,70,70,70,70,70,70,76,78,84,84,47,85,85,85,85,85,85,85,65,65,65,65,60,65,65,71,71,0,0],"gold":278,"neow_bonus":"RANDOM_COLORLESS","is_daily":false,"chose_seed":false,"campfire_upgraded":5,"win_rate":0.0,"timestamp":1612665138,"path_taken":["M","M","?","M","M","E","?","R","T","?","$","?","E","M","R","BOSS","M","$","M","$","M","R","E","R","T","?","?","?","?","M","R","BOSS"],"items_purchased_type":["Card","Card","Card","Relic","Relic"],"build_version":"2020-12-22","purchased_purges":0,"victory":false,"max_hp_per_floor":[80,80,85,85,85,85,85,85,85,85,85,85,85,85,85,85,85,85,85,85,85,85,85,85,85,85,85,85,85,85,85,85,85,85],"card_choices":[{"not_picked":["Impatience","Madness"],"picked":"Dramatic Entrance","floor":0},{"not_picked":["Cleave","Wild Strike"],"picked":"Clash","floor":1},{"not_picked":["Warcry","Reckless Charge"],"picked":"Thunderclap","floor":2},{"not_picked":["Anger","Thunderclap","Shockwave"],"picked":"SKIP","floor":4},{"not_picked":["Pommel Strike","Armaments"],"picked":"Clothesline","floor":5},{"not_picked":["Blood for Blood","Limit Break"],"picked":"Power Through","floor":6},{"not_picked":["Entrench","Thunderclap"],"picked":"Clash","floor":12},{"not_picked":["Rage","Cleave"],"picked":"Second Wind","floor":13},{"not_picked":["Twin Strike","Sword Boomerang"],"picked":"Wild Strike","floor":14},{"not_picked":["Reaper","Impervious"],"picked":"Corruption","floor":16},{"not_picked":["Wild Strike","Warcry+1"],"picked":"True Grit+1","floor":18},{"not_picked":["Dropkick","Armaments"],"picked":"Spot Weakness+1","floor":20},{"not_picked":["Armaments","Clothesline"],"picked":"Entrench+1","floor":22},{"not_picked":["Dual Wield","Second Wind"],"picked":"Clash+1","floor":24},{"not_picked":["Whirlwind","Clothesline+1"],"picked":"Clash+1","floor":28},{"not_picked":["Cleave","Perfected Strike"],"picked":"Immolate","floor":29},{"not_picked":["Cleave","Perfected Strike"],"picked":"Intimidate+1","floor":31}],"player_experience":39017,"relics_obtained":[{"floor":6,"key":"Gremlin Horn"},{"floor":9,"key":"PreservedInsect"},{"floor":13,"key":"Boot"},{"floor":24,"key":"Ornamental Fan"},{"floor":26,"key":"Dream Catcher"},{"floor":29,"key":"Incense Burner"},{"floor":29,"key":"Meat on the Bone"},{"floor":30,"key":"Toy Ornithopter"}],"event_choices":[{"damage_healed":0,"gold_gain":0,"player_choice":"Donut","damage_taken":0,"max_hp_gain":5,"max_hp_loss":0,"event_name":"Big Fish","floor":3,"gold_loss":0},{"damage_healed":0,"gold_gain":175,"player_choice":"AGREE","damage_taken":0,"max_hp_gain":0,"max_hp_loss":0,"event_name":"Liars Game","floor":7,"gold_loss":0,"cards_obtained":["Doubt"]},{"cards_removed":["Doubt"],"damage_healed":0,"gold_gain":0,"player_choice":"Removed Curses","damage_taken":0,"max_hp_gain":0,"max_hp_loss":0,"event_name":"Fountain of Cleansing","floor":10,"gold_loss":0},{"damage_healed":0,"gold_gain":0,"player_choice":"Upgraded Two","damage_taken":0,"max_hp_gain":0,"max_hp_loss":0,"event_name":"Designer","floor":27,"gold_loss":40,"cards_upgraded":["Clash","Thunderclap"]},{"damage_healed":0,"gold_gain":0,"player_choice":"Fight","damage_taken":0,"max_hp_gain":0,"max_hp_loss":0,"event_name":"Colosseum","floor":29,"gold_loss":0},{"damage_healed":0,"gold_gain":0,"player_choice":"Fought Nobs","damage_taken":0,"max_hp_gain":0,"max_hp_loss":0,"event_name":"Colosseum","floor":29,"gold_loss":0}],"is_beta":false,"boss_relics":[{"not_picked":["Busted Crown","Astrolabe"],"picked":"Sozu"}],"items_purged_floors":[],"is_endless":false,"potions_floor_spawned":[2,4,13,14,16,20,29,29,31],"killed_by":"Champ","ascension_level":1}}