{"host":"fmtvje4mks8zli8e","time":1612724456,"event":{"mods":["AchievementEnabler","AlwaysNeverKeys","BaseMod","BetterRewards","Challenge The Spire","Minty Spire (QoL Compilation)","READ ME - Guardian Mod","Remove Card Discount Mod","StSLib","The Cursed","The Druid","The Servant 0.9.4","The Wild Card"],"gold_per_floor":[119,194,194,208,220,252,252,252,252],"floor_reached":8,"language":"ENG","playtime":417,"items_purged":[],"score":98,"play_id":"428c42e9-baeb-40df-839d-005851866b6b","local_time":"20210207130056","is_ascension_mode":true,"campfire_choices":[{"data":"After Image","floor":7,"key":"SMITH"}],"circlet_count":0,"master_deck":["AscendersBane","Strike_G","Strike_G","Strike_G","Strike_G","Strike_G","Defend_G","Defend_G","Defend_G","Defend_G","Defend_G","Survivor","Neutralize","Cloak And Dagger","Poisoned Stab","After Image+1"],"relics":["Ring of the Snake","Ornamental Fan","The Courier"],"acts_visited":["Exordium"],"potions_floor_usage":[6],"damage_taken":[{"damage":2,"enemies":"Jaw Worm","floor":1,"turns":8},{"damage":0,"enemies":"Small Slimes","floor":4,"turns":3},{"damage":0,"enemies":"2 Louse","floor":5,"turns":2},{"damage":32,"enemies":"3 Sentries","floor":6,"turns":14},{"damage":11,"enemies":"Lagavulin","floor":8,"turns":8}],"seed_played":"-7873675502061247722","potions_obtained":[{"floor":4,"key":"SkillPotion"}],"is_trial":false,"path_per_floor":["M","?","?","M","M","E","R","E"],"character_chosen":"THE_SILENT","items_purchased":["Ornamental Fan"],"campfire_rested":0,"item_purchase_floors":[0],"current_hp_per_floor":[50,39,39,39,39,7,7,0,0],"gold":252,"neow_bonus":"","is_daily":false,"chose_seed":false,"campfire_upgraded":1,"win_rate":0.0,"timestamp":1612724456,"path_taken":["M","?","?","?","M","E","R","E"],"items_purchased_type":["Relic"],"build_version":"2020-12-22","purchased_purges":0,"victory":false,"max_hp_per_floor":[66,66,66,66,66,66,66,66,66],"card_choices":[{"not_picked":["PiercingWail","All Out Attack"],"picked":"Cloak And Dagger","floor":1},{"not_picked":["Dagger Throw","Quick Slash"],"picked":"Poisoned Stab","floor":4},{"not_picked":["Quick Slash","Dagger Throw","Bane"],"picked":"SKIP","floor":5},{"not_picked":["Backstab","Tactician"],"picked":"After Image","floor":6}],"player_experience":3062917,"relics_obtained":[{"floor":6,"key":"The Courier"}],"event_choices":[{"damage_healed":0,"gold_gain":75,"player_choice":"Gather Gold","damage_taken":11,"max_hp_gain":0,"max_hp_loss":0,"event_name":"World of Goop","floor":2,"gold_loss":0},{"damage_healed":0,"gold_gain":0,"player_choice":"Ignored","damage_taken":0,"max_hp_gain":0,"max_hp_loss":0,"event_name":"Golden Wing","floor":3,"gold_loss":0}],"is_beta":false,"boss_relics":[],"items_purged_floors":[],"is_endless":false,"potions_floor_spawned":[4],"killed_by":"Lagavulin","ascension_level":15}}