{"host":"ydh61a5ftgdajrbo","time":1612707515,"event":{"mods":["BaseMod","Colored Map","DeckTracker","Downfall","HololiveMod","Minty Spire (QoL Compilation)","Spire Arcade","StSLib","The Alterego","The Cursed","The Gatherer","The Hierophant","The Mystic","The Servant 0.9.4","?¯d¤§ª«"],"gold_per_floor":[79,97,272,287,237,268,268,268,293,326,65,65,85,99,99,201,201,217,217,132,146,164,199,210,135,135,152,152,52,63,94,94,198,198,221,239,256,166,184,226,243,243,267,286,303,31,42,72,72,74],"floor_reached":51,"language":"ZHS","playtime":3016,"items_purged":["Hololive_Strike","Hololive_Defend","Hololive_Defend"],"score":863,"play_id":"addea96c-86a6-48be-810b-6179159eaee9","local_time":"20210207221835","is_ascension_mode":false,"campfire_choices":[{"data":"Hololive_Breathe","floor":12.0,"key":"SMITH"},{"data":"Hololive_Rebound","floor":15.0,"key":"SMITH"},{"data":"Hololive_BeCareful","floor":28,"key":"SMITH"},{"data":"Hololive_StrengthChampion","floor":32,"key":"SMITH"},{"data":"Hololive_StrengthChampion+1","floor":42,"key":"SMITH"},{"floor":49,"key":"REST"}],"circlet_count":0,"master_deck":["Hololive_Strike","Hololive_Strike","Hololive_Defend","Hololive_Defend","Hololive_LuckPotion","Hololive_Trident+1","Hololive_Breathe+1","Hololive_Psychosis","Hololive_LuckPotion","Hololive_HuntDinosaur","Hololive_Drill","Hololive_OvertimeWork","Hololive_Trident","Hololive_Rebound+1","Hololive_FlyingPonyTail","Hololive_StrengthChampion+2","Hololive_AWSL","Hololive_LuckPotion","Hololive_CandyCastle","Hololive_Rebound","Hololive_Thief","CurseOfTheBell","Hololive_Breathe","Hololive_Breathe","Hololive_BeCareful+1","Hololive_RevenueBasedLive+1","Hololive_DurableLive","Hololive_HuntDinosaur+1","Hololive_CocoNews","Hololive_StrengthChampion+1"],"relics":["Hololive_TheStar","Hololive_Peko","Slimebound:StickyStick","Akabeko","Strawberry","Eternal Feather","Calling Bell","Anchor","Gremlin Horn","Mango","Nilry\u0027s Codex","Mercury Hourglass","Blue Candle","Bottled Flame","Guardian:GemstoneGun","Philosopher\u0027s Stone","CeramicFish","sneckomod:BlankCard","Art of War","hexamod:Sixitude"],"acts_visited":["Exordium","TheCity","TheBeyond"],"potions_floor_usage":[50,50],"damage_taken":[{"damage":0.0,"enemies":"2 Louse","floor":1.0,"turns":3.0},{"damage":0.0,"enemies":"Small Slimes","floor":2.0,"turns":3.0},{"damage":0.0,"enemies":"Cultist","floor":4.0,"turns":2.0},{"damage":7.0,"enemies":"Lagavulin","floor":6.0,"turns":5.0},{"damage":0.0,"enemies":"3 Sentries","floor":10.0,"turns":5.0},{"damage":0.0,"enemies":"Looter","floor":13.0,"turns":2.0},{"damage":2.0,"enemies":"Exordium Wildlife","floor":14.0,"turns":4.0},{"damage":7.0,"enemies":"Hexaghost","floor":16.0,"turns":6.0},{"damage":0.0,"enemies":"Chosen","floor":18.0,"turns":3.0},{"damage":0.0,"enemies":"3 Byrds","floor":21.0,"turns":3.0},{"damage":0.0,"enemies":"Snake Plant","floor":22.0,"turns":3.0},{"damage":8.0,"enemies":"Slavers","floor":23.0,"turns":4.0},{"damage":0,"enemies":"Chosen and Byrds","floor":24,"turns":3},{"damage":0,"enemies":"3 Cultists","floor":27,"turns":4},{"damage":0,"enemies":"Sentry and Sphere","floor":30,"turns":3},{"damage":0,"enemies":"Book of Stabbing","floor":31,"turns":3},{"damage":18,"enemies":"Collector","floor":33,"turns":5},{"damage":0,"enemies":"3 Shapes","floor":35,"turns":2},{"damage":0,"enemies":"3 Darklings","floor":36,"turns":3},{"damage":14,"enemies":"Sphere and 2 Shapes","floor":37,"turns":4},{"damage":0,"enemies":"Maw","floor":39,"turns":4},{"damage":28,"enemies":"Nemesis","floor":40,"turns":7},{"damage":0,"enemies":"Jaw Worm Horde","floor":41,"turns":3},{"damage":0,"enemies":"Spire Growth","floor":44,"turns":3},{"damage":12,"enemies":"3 Darklings","floor":45,"turns":6},{"damage":0,"enemies":"Sphere and 2 Shapes","floor":47,"turns":2},{"damage":20,"enemies":"Reptomancer","floor":48,"turns":5},{"damage":87,"enemies":"Donu and Deca","floor":50,"turns":8}],"seed_played":"-4481972177203586321","potions_obtained":[{"floor":4.0,"key":"Fire Potion"},{"floor":6.0,"key":"Weak Potion"},{"floor":10.0,"key":"Ancient Potion"},{"floor":13.0,"key":"FairyPotion"},{"floor":41,"key":"CultistPotion"}],"is_trial":false,"path_per_floor":["M","M","?","M","?","E","?","?","T","E","$","R","M","M","R","B",null,"M","?","?","M","M","E","M","$","T","M","R","$","M","E","R","B",null,"M","M","M","?","M","E","M","R","T","M","M","$","M","E","R","B",null],"character_chosen":"Hololive_HololiveCharacter","items_purchased":["Eternal Feather","Art of War"],"campfire_rested":1,"item_purchase_floors":[11,46],"current_hp_per_floor":[38,38,38,38,38,31,31,31,31,39,39,46,47,46,48,42,63,63,47,47,48,49,42,42,42,42,43,58,58,59,60,69,52,70,71,72,59,59,60,33,34,52,52,53,42,42,43,24,66,4],"gold":74,"neow_bonus":"TEN_PERCENT_HP_BONUS","is_daily":false,"chose_seed":false,"campfire_upgraded":5,"win_rate":0.0,"timestamp":1612707515,"path_taken":["M","M","?","M","?","E","?","?","T","E","$","R","M","?","R","BOSS","M","?","?","M","M","E","M","?","T","M","R","$","?","E","R","BOSS","M","M","M","?","M","E","M","R","T","?","M","$","M","E","R","BOSS"],"items_purchased_type":["Relic","Relic"],"build_version":"2020-12-22","purchased_purges":3,"victory":true,"max_hp_per_floor":[38,38,38,38,38,38,38,38,38,46,46,46,47,48,48,49,63,63,63,63,64,65,66,66,66,66,67,67,67,68,69,69,70,70,71,72,73,73,74,75,76,76,76,77,78,78,79,80,80,81],"card_choices":[{"not_picked":["Hololive_CallAiraniIofifteen","Hololive_CocoNews","Hololive_CallMurasakiShion"],"picked":"Hololive_Breathe","floor":1.0},{"not_picked":["Hololive_CallTokinoSora","Hololive_CallAyundaRisu","Hololive_Sequa"],"picked":"Hololive_Psychosis","floor":2.0},{"not_picked":["Hololive_CallCivia","Hololive_ManjiGathering","Hololive_CallArtia"],"picked":"Hololive_LuckPotion","floor":4.0},{"not_picked":["Hololive_Rebirth","Hololive_CallNakiriAyame","Hololive_LuckPotion"],"picked":"Hololive_HuntDinosaur","floor":6.0},{"not_picked":["Hololive_FlyingPonyTail","Hololive_CallTokoyamiTowa","Hololive_Trident"],"picked":"Hololive_LuckPotion","floor":10.0},{"not_picked":["Hololive_Drill","Hololive_CocoNews","Hololive_HuntDinosaur"],"picked":"Hololive_CandyCastle","floor":13.0},{"not_picked":["Hololive_CallOmaruPolka","Hololive_CallYogiri","Hololive_OvertimeWork"],"picked":"Hololive_Rebound","floor":14.0},{"not_picked":["Hololive_DiamondStrike","Hololive_Recruit","Hololive_IdolExercise"],"picked":"Hololive_Thief","floor":16.0},{"not_picked":["Hololive_RevenueBasedLive+1","Hololive_Rebound+1","Hololive_CocoNews+1"],"picked":"Hololive_Breathe","floor":18.0},{"not_picked":["Hololive_CallInugamiKorone","Hololive_Sequa","Hololive_Trident"],"picked":"Hololive_Breathe","floor":21.0},{"not_picked":["Hololive_StrengthChampion","Hololive_CallYukihanaLamy","Hololive_CallNatsuiroMatsuri","Hololive_FlyingPonyTail"],"picked":"SKIP","floor":22.0},{"not_picked":["Hololive_CallTokoyamiTowa","Hololive_LuckPotion+1","Hololive_FlareMind","Hololive_Breathe"],"picked":"SKIP","floor":23.0},{"not_picked":["Hololive_CallNekomataOkayu+1","Hololive_Sequa","Hololive_RevenueBasedLive"],"picked":"Hololive_BeCareful","floor":24},{"not_picked":["Hololive_CallShishiroBotan+1","Hololive_CallOzoraSubaru+1","Hololive_CallNatsuiroMatsuri","Hololive_Breathe"],"picked":"SKIP","floor":27},{"not_picked":["Hololive_CocoNews","Hololive_LuckPotion","Hololive_Sequa","Hololive_FlyingPonyTail+1"],"picked":"SKIP","floor":30},{"not_picked":["Hololive_Recruit","Hololive_Sequa+1","Hololive_LuckPotion"],"picked":"Hololive_RevenueBasedLive+1","floor":31},{"not_picked":["Hololive_Recruit","Hololive_ASMR","Hololive_AWSL"],"picked":"Hololive_DurableLive","floor":33},{"not_picked":["Hololive_OvertimeWork","Hololive_Breathe","Hololive_CallAmaneKanata","Hololive_Sequa"],"picked":"SKIP","floor":35},{"not_picked":["Hololive_FlyingPonyTail","Hololive_CallRoboco+1","Hololive_LuckPotion"],"picked":"Hololive_HuntDinosaur+1","floor":36},{"not_picked":["Hololive_CallMinatoAqua+1","Hololive_CallUsadaPekora+1","Hololive_Breathe","Hololive_Psychosis"],"picked":"SKIP","floor":37},{"not_picked":["Hololive_CallMinatoAqua+1","Hololive_Psychosis","Hololive_OvertimeWork+1"],"picked":"Hololive_CocoNews","floor":39},{"not_picked":["Hololive_RevenueBasedLive+1","Hololive_Sequa","Hololive_SoulCatcher+1"],"picked":"Hololive_StrengthChampion+1","floor":40},{"not_picked":["Hololive_StrengthChampion","Hololive_CallAkiRosenthal+1","Hololive_LuckPotion+1","Hololive_Drill+1"],"picked":"SKIP","floor":41},{"not_picked":["Hololive_MaximGun","Hololive_Trident","Hololive_StrengthChampion+1","Hololive_Watashimo+1"],"picked":"SKIP","floor":44},{"not_picked":["Hololive_Drill+1","Hololive_CallNatsuiroMatsuri","Hololive_Psychosis+1","Hololive_LuckPotion+1"],"picked":"SKIP","floor":45},{"not_picked":["Hololive_CocoNews+1","Hololive_FlyingPonyTail","Hololive_Rebound+1","Hololive_StrengthChampion"],"picked":"SKIP","floor":47},{"not_picked":["Hololive_CallYuzukiChoco+1","Hololive_CallShirakamiFubuki+1","Hololive_CocoNews","Hololive_CallUsadaPekora"],"picked":"SKIP","floor":48}],"player_experience":361112,"relics_obtained":[{"floor":6.0,"key":"Slimebound:StickyStick"},{"floor":9.0,"key":"Akabeko"},{"floor":10.0,"key":"Strawberry"},{"floor":17.0,"key":"Anchor"},{"floor":17.0,"key":"Gremlin Horn"},{"floor":17.0,"key":"Mango"},{"floor":19.0,"key":"Nilry\u0027s Codex"},{"floor":23.0,"key":"Blue Candle"},{"floor":26,"key":"Bottled Flame"},{"floor":31,"key":"Guardian:GemstoneGun"},{"floor":40,"key":"CeramicFish"},{"floor":43,"key":"sneckomod:BlankCard"},{"floor":48,"key":"hexamod:Sixitude"}],"event_choices":[{"damage_healed":0.0,"max_hp_gain":0.0,"max_hp_loss":0.0,"gold_gain":175.0,"event_name":"Liars Game","player_choice":"AGREE","floor":3.0,"gold_loss":0.0,"damage_taken":0.0,"cards_obtained":["Doubt"]},{"cards_removed":["Doubt"],"damage_healed":0.0,"max_hp_gain":0.0,"max_hp_loss":0.0,"gold_gain":0.0,"event_name":"The Cleric","player_choice":"Card Removal","floor":5.0,"gold_loss":50.0,"damage_taken":0.0},{"damage_healed":0.0,"max_hp_gain":0.0,"max_hp_loss":0.0,"gold_gain":0.0,"event_name":"Match and Keep!","player_choice":"2 cards matched","floor":8.0,"gold_loss":0.0,"damage_taken":0.0,"cards_obtained":["Hololive_StrengthChampion","Hololive_AWSL"]},{"damage_healed":0.0,"max_hp_gain":0.0,"max_hp_loss":0.0,"gold_gain":0.0,"event_name":"Cursed Tome","player_choice":"Obtained Book","floor":19.0,"gold_loss":0.0,"damage_taken":16.0},{"damage_healed":0.0,"max_hp_gain":0.0,"max_hp_loss":0.0,"gold_gain":0.0,"event_name":"Addict","player_choice":"Obtained Relic","floor":20.0,"gold_loss":85.0,"damage_taken":0.0,"relics_obtained":["Mercury Hourglass"]},{"cards_removed":["Hololive_Strike"],"damage_healed":0,"gold_gain":0,"player_choice":"Upgrade and Remove","damage_taken":0,"max_hp_gain":0,"max_hp_loss":0,"event_name":"Designer","floor":38,"gold_loss":90,"cards_upgraded":["Hololive_Trident"]}],"is_beta":false,"boss_relics":[{"not_picked":["SlaversCollar","sneckomod:SneckoTalon"],"picked":"Calling Bell"},{"not_picked":["Pandora\u0027s Box","Hololive_TopUpMoneyS"],"picked":"Philosopher\u0027s Stone"}],"items_purged_floors":[25,29,46],"is_endless":false,"potions_floor_spawned":[4,6,10,13,14,18,22,30,35,41,44,47],"ascension_level":0}}