{"host":"jjunaul04msmo6r1","time":1612679986,"event":{"mods":["BaseMod","Better Third Choice","Booster Modes","Colored Map","Downfall","Minty Spire (QoL Compilation)","Relic Stats","StSLib","UnlockEverythingMod","everything is the same but u backflip on backflip"],"gold_per_floor":[99,118,79,93,104,133,160,260,279,305,45,110,139,159,179,283,283,83,103,13,27,37,69,69,101,151,165,192,177,77,127,146,241,241,241,251,263,221,239,266,289,316,366,392,410,410,48,73,90,90,90,118,68,68,68,68],"floor_reached":57,"language":"ENG","playtime":9127,"items_purged":["champ:Defend","champ:Defend","champ:Strike+1","champ:Strike+1"],"score":1677,"play_id":"8b78dc52-8df8-4bfc-aa60-71f6112ecdbc","local_time":"20210206233946","is_ascension_mode":true,"campfire_choices":[{"floor":1,"key":"RECALL"},{"data":"champ:Lariat","floor":18,"key":"SMITH"},{"data":"champ:Improvising","floor":30,"key":"SMITH"},{"data":"champ:HoldFirm","floor":35,"key":"SMITH"},{"floor":46,"key":"REST"},{"data":"champ:HoldFirm","floor":54,"key":"SMITH"}],"circlet_count":0,"master_deck":["champ:Strike+1","champ:Strike+1","champ:Defend+1","champ:Defend+1","champ:Execute+1","champ:Taunt+1","champ:DefensiveShout+1","champ:VampiricStrike+1","champ:ShieldSigil+1","champ:Circumvent+1","champ:Lariat+1","champ:CrownThrow+1","champ:DefensiveStyle+1","champ:FocusedDefense+1","champ:FlashCut+1","champ:TornadoPunch+1","champ:FlashCut+1","champ:Circumvent+1","champ:SteelEdge+1","champ:Improvising+1","champ:PreemptiveStrike+1","champ:StrikeOfGenius+1","champ:RageSigil+1","champ:HoldFirm+1","champ:Circumvent+1","champ:ShieldSigil+1","champ:FocusedDefense+1","champ:TripleStrike","champ:SteelEdge","champ:HoldFirm+1","champ:Parry+1"],"relics":["champ:ChampionCrownUpgraded","Dream Catcher","MealTicket","downfall:CloakOfManyFaces","CultistMask","NlothsMask","GremlinMask","SsserpentHead","Matryoshka","PreservedInsect","Boot","Juzu Bracelet","Frozen Egg 2","Omamori","Nloth\u0027s Gift","Centennial Puzzle","sneckomod:BabySnecko","Cursed Key","bronze:DonusWashers","Happy Flower","Smiling Mask","Guardian:PocketSentry","champ:DefensiveTrainingManual","Pear","Ginger","ClockworkSouvenir","Pantograph","Anchor"],"acts_visited":["Exordium","TheCity","TheBeyond","TheEnding"],"potions_floor_usage":[10,14,20,21,28,29,33,48,56,56],"damage_taken":[{"damage":10,"enemies":"Cultist","floor":2,"turns":3},{"damage":25,"enemies":"downfall:FleeingMerchant","floor":3,"turns":4},{"damage":2,"enemies":"Jaw Worm","floor":4,"turns":2},{"damage":15,"enemies":"Small Slimes","floor":5,"turns":3},{"damage":18,"enemies":"Gremlin Nob","floor":6,"turns":4},{"damage":38,"enemies":"downfall:FaceTrader","floor":8,"turns":11},{"damage":4,"enemies":"2 Fungi Beasts","floor":9,"turns":3},{"damage":40,"enemies":"3 Sentries","floor":10,"turns":4},{"damage":10,"enemies":"downfall:FleeingMerchant","floor":11,"turns":4},{"damage":0,"enemies":"Gremlin Gang","floor":12,"turns":4},{"damage":38,"enemies":"Lagavulin","floor":13,"turns":6},{"damage":13,"enemies":"Exordium Thugs","floor":14,"turns":3},{"damage":0,"enemies":"Large Slime","floor":15,"turns":3},{"damage":30,"enemies":"DF_ARCHETYPE_STREAMLINE","floor":16,"turns":11},{"damage":30,"enemies":"Spheric Guardian","floor":19,"turns":4},{"damage":40,"enemies":"downfall:FleeingMerchant","floor":20,"turns":4},{"damage":55,"enemies":"Chosen and Byrds","floor":21,"turns":6},{"damage":10,"enemies":"Centurion and Healer","floor":22,"turns":5},{"damage":20,"enemies":"Gremlin Leader","floor":23,"turns":6},{"damage":40,"enemies":"Book of Stabbing","floor":25,"turns":5},{"damage":38,"enemies":"Snake Plant","floor":27,"turns":3},{"damage":16,"enemies":"Slavers","floor":28,"turns":4},{"damage":39,"enemies":"downfall:FleeingMerchant","floor":29,"turns":4},{"damage":26,"enemies":"Cultist and Chosen","floor":32,"turns":5},{"damage":113,"enemies":"SI_MIRROR_ARCHETYPE","floor":33,"turns":8},{"damage":25,"enemies":"Orb Walker","floor":36,"turns":2},{"damage":32,"enemies":"3 Shapes","floor":37,"turns":3},{"damage":15,"enemies":"downfall:FleeingMerchant","floor":38,"turns":4},{"damage":10,"enemies":"Maw","floor":39,"turns":6},{"damage":83,"enemies":"Reptomancer","floor":40,"turns":5},{"damage":38,"enemies":"Giant Head","floor":42,"turns":6},{"damage":6,"enemies":"Reptomancer","floor":44,"turns":3},{"damage":30,"enemies":"4 Shapes","floor":45,"turns":1},{"damage":104,"enemies":"Nemesis","floor":48,"turns":7},{"damage":60,"enemies":"3 Darklings","floor":49,"turns":3},{"damage":25,"enemies":"WA_ARCHETYPE_DIVINITY","floor":50,"turns":9},{"damage":60,"enemies":"downfall:CharBossMerchant","floor":52,"turns":5},{"damage":35,"enemies":"downfall:NeowBoss","floor":55,"turns":14},{"damage":70,"enemies":"downfall:NeowBossFinal","floor":56,"turns":12}],"seed_played":"-921666040324670453","potions_obtained":[{"floor":5,"key":"Strength Potion"},{"floor":8,"key":"Slimebound:ThreeZeroPotion"},{"floor":9,"key":"PowerPotion"},{"floor":14,"key":"champ:UltimateStancePotion"},{"floor":16,"key":"BlessingOfTheForge"},{"floor":21,"key":"AttackPotion"},{"floor":23,"key":"Explosive Potion"},{"floor":28,"key":"sneckomod:MuddlingPotion"},{"floor":36,"key":"Dexterity Potion"},{"floor":40,"key":"SneckoOil"},{"floor":42,"key":"DuplicationPotion"},{"floor":44,"key":"Fire Potion"},{"floor":49,"key":"SmokeBomb"},{"floor":52,"key":"Block Potion"}],"is_trial":false,"path_per_floor":["R","M","$","M","M","E","T","?","M","E","$","M","E","M","M","B",null,"R","M","$","M","M","E","T","E","?","M","E","$","R","?","M","B",null,"R","M","M","$","M","E","T","E","?","E","M","R","$","E","M","B",null,"E","$","R","B","B",null],"character_chosen":"THE_CHAMP","items_purchased":["champ:ShieldSigil","champ:FocusedDefense","champ:FlashCut","PreservedInsect","bronze:DonusWashers","Happy Flower","ClockworkSouvenir","champ:SteelEdge"],"campfire_rested":1,"item_purchase_floors":[3,11,11,11,38,38,47,47],"current_hp_per_floor":[90,90,85,83,78,70,70,57,54,55,71,72,60,48,49,30,98,108,109,110,106,102,103,103,94,94,76,70,81,81,81,75,32,114,114,114,102,114,114,76,76,83,83,77,77,111,114,95,95,114,114,114,114,114,114,84],"gold":68,"neow_bonus":"RANDOM_COMMON_RELIC","is_daily":false,"chose_seed":false,"campfire_upgraded":4,"win_rate":0.0,"timestamp":1612679986,"path_taken":["R","M","?","M","M","E","T","?","M","E","$","?","E","M","M","BOSS","R","M","$","M","M","E","T","E","?","M","E","$","R","?","M","BOSS","R","M","M","$","M","E","T","E","?","E","M","R","$","E","M","BOSS","E","$","R","BOSS","BOSS"],"items_purchased_type":["Card","Card","Card","Relic","Relic","Relic","Relic","Card"],"build_version":"2020-12-22","purchased_purges":4,"victory":true,"max_hp_per_floor":[90,90,90,90,90,90,90,90,91,92,93,94,95,96,97,98,98,108,109,110,111,112,113,113,114,114,114,114,114,114,114,114,114,114,114,114,114,114,114,114,114,124,114,114,114,114,114,114,114,114,114,114,114,114,114,114],"relic_stats":{"Happy Flower":[23],"counters":[39,199],"PreservedInsect":573,"Juzu Bracelet":1,"Ginger":[35],"Boot":[52],"Cursed Key":1,"Smiling Mask":175,"SsserpentHead":200,"Dream Catcher":1,"Centennial Puzzle":[51],"Pantograph":19,"MealTicket":45,"Nloth\u0027s Gift":4,"obtain_stats":[{"champ:ChampionCrown":0,"GremlinMask":8,"downfall:HeartBlessingGreen":30,"Juzu Bracelet":23,"Ginger":44,"Boot":13,"Cursed Key":34,"Smiling Mask":40,"ClockworkSouvenir":47,"SsserpentHead":8,"Dream Catcher":0,"Centennial Puzzle":28,"Matryoshka":10,"FaceOfCleric":8,"downfall:HeartBlessingBlue":18,"champ:DefensiveTrainingManual":41,"Pantograph":48,"MealTicket":6,"downfall:CloakOfManyFaces":8,"bronze:DonusWashers":38,"Pear":42,"downfall:HeartBlessingRed":18,"Happy Flower":38,"PreservedInsect":11,"champ:ChampionCrownUpgraded":17,"Omamori":25,"Guardian:PocketSentry":41,"Frozen Egg 2":24,"sneckomod:BabySnecko":31,"Anchor":52,"CultistMask":8,"Nloth\u0027s Gift":26,"NlothsMask":8},{"champ:ChampionCrown":0,"GremlinMask":6,"downfall:HeartBlessingGreen":23,"Juzu Bracelet":19,"Ginger":32,"Boot":11,"Cursed Key":25,"Smiling Mask":30,"ClockworkSouvenir":33,"SsserpentHead":6,"Dream Catcher":0,"Centennial Puzzle":22,"Matryoshka":8,"FaceOfCleric":6,"downfall:HeartBlessingBlue":14,"champ:DefensiveTrainingManual":30,"Pantograph":34,"MealTicket":5,"downfall:CloakOfManyFaces":6,"bronze:DonusWashers":28,"Pear":31,"downfall:HeartBlessingRed":14,"Happy Flower":28,"PreservedInsect":9,"champ:ChampionCrownUpgraded":14,"Omamori":20,"Guardian:PocketSentry":30,"Frozen Egg 2":19,"sneckomod:BabySnecko":23,"Anchor":37,"CultistMask":6,"Nloth\u0027s Gift":20,"NlothsMask":6},{"champ:ChampionCrown":0,"GremlinMask":27,"downfall:HeartBlessingGreen":106,"Juzu Bracelet":90,"Ginger":148,"Boot":48,"Cursed Key":119,"Smiling Mask":139,"ClockworkSouvenir":149,"SsserpentHead":27,"Dream Catcher":0,"Centennial Puzzle":102,"Matryoshka":34,"FaceOfCleric":27,"downfall:HeartBlessingBlue":65,"champ:DefensiveTrainingManual":139,"Pantograph":156,"MealTicket":16,"downfall:CloakOfManyFaces":27,"bronze:DonusWashers":128,"Pear":145,"downfall:HeartBlessingRed":65,"Happy Flower":128,"PreservedInsect":38,"champ:ChampionCrownUpgraded":65,"Omamori":95,"Guardian:PocketSentry":139,"Frozen Egg 2":90,"sneckomod:BabySnecko":106,"Anchor":173,"CultistMask":27,"Nloth\u0027s Gift":95,"NlothsMask":27}]},"card_choices":[{"not_picked":["champ:PreciseThrust","champ:Backstep"],"picked":"champ:DefensiveShout","floor":2},{"not_picked":["champ:CalledShot","champ:Endure"],"picked":"champ:VampiricStrike","floor":3},{"not_picked":["champ:BerserkersShout","champ:DefensiveShout"],"picked":"champ:Circumvent","floor":4},{"not_picked":["champ:BladeFlurry","champ:Haymaker"],"picked":"champ:Lariat","floor":5},{"not_picked":["champ:PerfectedStrike","champ:Backstep"],"picked":"champ:CrownThrow","floor":6},{"not_picked":["champ:EndlessRage","champ:CrownThrow","champ:ViciousMockery"],"picked":"SKIP","floor":9},{"not_picked":["champ:GutPunch","champ:BladeFlurry","champ:FanOfKnives"],"picked":"SKIP","floor":10},{"not_picked":["champ:EnchantCrown","champ:Backstep"],"picked":"champ:DefensiveStyle","floor":11},{"not_picked":["champ:SetATrap","champ:BladeFlurry"],"picked":"champ:TornadoPunch","floor":12},{"not_picked":["champ:Shatter","champ:BringItOn"],"picked":"champ:FlashCut","floor":13},{"not_picked":["champ:Duel","champ:BringItOn","champ:FancyFootwork"],"picked":"SKIP","floor":14},{"not_picked":["champ:GutPunch","champ:PerfectedStrike"],"picked":"champ:Circumvent","floor":15},{"not_picked":["champ:VampiricStrike","champ:CheapShot"],"picked":"champ:SteelEdge","floor":16},{"not_picked":["champ:CrownThrow","champ:EnGarde","champ:GutPunch"],"picked":"SKIP","floor":19},{"not_picked":["champ:Backstep","champ:Shatter","champ:PerfectedStrike"],"picked":"SKIP","floor":20},{"not_picked":["champ:Haymaker+1","champ:BerserkersShout"],"picked":"champ:Improvising","floor":21},{"not_picked":["champ:Haymaker+1","champ:Endure","champ:CalledShot"],"picked":"SKIP","floor":22},{"not_picked":["champ:TornadoPunch","champ:BerserkersShout","champ:Backstep+1"],"picked":"SKIP","floor":23},{"not_picked":["champ:BerserkerStyle+1","champ:FlashCut","champ:FancyFootwork+1"],"picked":"SKIP","floor":25},{"not_picked":["champ:PreciseThrust","champ:EnchantCrown","champ:Backstep"],"picked":"SKIP","floor":27},{"not_picked":["champ:Circumvent+1","champ:CrownThrow+1"],"picked":"champ:PreemptiveStrike+1","floor":28},{"not_picked":["champ:CrownThrow","champ:DefensiveShout"],"picked":"champ:StrikeOfGenius+1","floor":29},{"not_picked":["champ:LastStand+1","champ:Duel"],"picked":"champ:RageSigil","floor":32},{"not_picked":["champ:ShieldThrow","champ:TripleStrike"],"picked":"champ:HoldFirm","floor":33},{"not_picked":["champ:FaceSlap","champ:RecklessLeap+1"],"picked":"champ:Circumvent+1","floor":36},{"not_picked":["champ:EnragedBash","champ:LastStand+1","champ:BerserkerStyle+1"],"picked":"SKIP","floor":37},{"not_picked":["champ:Parry","champ:PreciseThrust+1"],"picked":"champ:ShieldSigil","floor":38},{"not_picked":["champ:StanceDance+1","champ:CheapShot","champ:CrownThrow"],"picked":"SKIP","floor":39},{"not_picked":["champ:BladeFlurry+1","champ:Backstep"],"picked":"champ:FocusedDefense+1","floor":40},{"not_picked":["champ:RecklessLeap+1","champ:EnchantSword","champ:IronFortress+1"],"picked":"SKIP","floor":42},{"not_picked":["champ:SwordSigil+1","champ:FocusedBerserking"],"picked":"champ:TripleStrike","floor":44},{"not_picked":["champ:HeartStrike+1","champ:BladeFlurry","champ:ViciousMockery+1"],"picked":"SKIP","floor":45},{"not_picked":["champ:TornadoPunch","champ:SwordSigil"],"picked":"champ:HoldFirm","floor":48},{"not_picked":["champ:Shatter","champ:GutPunch+1","champ:BerserkersShout+1"],"picked":"SKIP","floor":49},{"not_picked":["champ:EnragedBash","champ:BerserkerStyle+1"],"picked":"champ:Parry+1","floor":52}],"player_experience":548994,"relics_obtained":[{"floor":6,"key":"MealTicket"},{"floor":8,"key":"downfall:CloakOfManyFaces"},{"floor":10,"key":"Matryoshka"},{"floor":13,"key":"Boot"},{"floor":23,"key":"Juzu Bracelet"},{"floor":24,"key":"Frozen Egg 2"},{"floor":25,"key":"Omamori"},{"floor":28,"key":"Centennial Puzzle"},{"floor":40,"key":"Smiling Mask"},{"floor":41,"key":"Guardian:PocketSentry"},{"floor":41,"key":"champ:DefensiveTrainingManual"},{"floor":42,"key":"Pear"},{"floor":44,"key":"Ginger"},{"floor":48,"key":"Pantograph"},{"floor":52,"key":"Anchor"}],"event_choices":[],"is_beta":false,"boss_relics":[{"not_picked":["Fusion Hammer","Pandora\u0027s Box"],"picked":"champ:ChampionCrownUpgraded"},{"not_picked":["Sozu","Velvet Choker"],"picked":"Cursed Key"}],"items_purged_floors":[20,38,47,53],"is_endless":false,"potions_floor_spawned":[5,8,9,14,16,21,23,27,28,36,40,42,44,49,52],"ascension_level":3}}