{"host":"ttgbaqegq96hv5uv","time":1612707644,"event":{"mods":["2.2 Compatiblity","AchievementEnabler","Aspiration","BaseMod","Beaked The Cultist","Better Synergies","Better Vampires","BetterRewards","ChefMod","Clawfect","Colored Map","Colored Powertips","Conspire","Defuse TimeMaze Blight","Displayed Cursed Tome","Emptier Cage","Friendly Minions","Gold Saver","Hermit","Hubris","Infinite Spire","JesterMod","Marked Mod","Minty Spire (QoL Compilation)","Poor People Problems","QueenMod","Relic Stats","Replay The Spire","Robot Space Explorer","Shop Mod","Spicy Shops","StSLib","The Blackbeard","The Bladedancer","The Cursed","The Dragon Tamer","The Juggle","The Marked","The Mystic","The Saiyan","TheHero","TheVacant","Unceasing Turn Reminder","egg"],"gold_per_floor":[926,940,554,568,568,568,598,616,664,664,681,681,694,710,710,815,815,827,842,842,861,879,879,889,899,899,448,467,479,499,276,276,276,276],"floor_reached":33,"language":"ENG","playtime":3018,"items_purged":["blademaster:Strike","blademaster:Strike"],"score":257,"play_id":"db4153a7-f18f-4858-8056-736432cfff4f","local_time":"20210207142044","is_ascension_mode":false,"campfire_choices":[{"data":"blademaster:AspectOfWind","floor":6,"key":"SMITH"},{"floor":10,"key":"REST"},{"data":"blademaster:AspectOfLightning","floor":15,"key":"SMITH"},{"floor":23,"key":"REST"},{"data":"blademaster:Sharpen","floor":32,"key":"SMITH"}],"circlet_count":0,"master_deck":["blademaster:Strike","blademaster:Strike+1","blademaster:Defend","blademaster:Defend","blademaster:Defend","blademaster:Defend","blademaster:RagingBlow","blademaster:HighVoltage+1","blademaster:AspectOfWind+1","blademaster:Sharpen+1","blademaster:Vortex","blademaster:AirSlash","blademaster:ColdBlood","blademaster:AirSlash","blademaster:AspectOfLightning+1","blademaster:WindSlash","blademaster:TraverseCut","blademaster:FuryOfTheElements","blademaster:DaggerAndCloak","Pain","blademaster:Cut+1","blademaster:IcyWind","blademaster:ThunderSlash","blademaster:ParryingStrike"],"relics":["blademaster:DancersAmulet","Ice Cream","Akabeko","Smiling Mask","hubris:Backtick","hubris:Potato","WarpedTongs","Bottled Tornado","Happy Flower","hubris:PeanutButter","beaked:ShinyBauble"],"acts_visited":["Exordium","TheCity"],"potions_floor_usage":[16,16,25,28,28,33],"damage_taken":[{"damage":0,"enemies":"2 Louse","floor":1,"turns":3},{"damage":0,"enemies":"conspire:RoseBush","floor":2,"turns":4},{"damage":0,"enemies":"Cultist","floor":4,"turns":3},{"damage":26,"enemies":"3 Sentries","floor":7,"turns":9},{"damage":4,"enemies":"Gremlin Gang","floor":8,"turns":3},{"damage":0,"enemies":"3 Louse","floor":11,"turns":2},{"damage":7,"enemies":"Red Slaver","floor":13,"turns":4},{"damage":0,"enemies":"Exordium Thugs","floor":14,"turns":2},{"damage":6,"enemies":"The Guardian","floor":16,"turns":7},{"damage":14,"enemies":"Shell Parasite","floor":18,"turns":3},{"damage":4,"enemies":"Chosen","floor":19,"turns":5},{"damage":21,"enemies":"Snake Plant","floor":21,"turns":5},{"damage":10,"enemies":"Cultist and Chosen","floor":22,"turns":3},{"damage":26,"enemies":"Snecko","floor":24,"turns":5},{"damage":16,"enemies":"conspire:HollyBat","floor":25,"turns":7},{"damage":0,"enemies":"3 Cultists","floor":28,"turns":2},{"damage":0,"enemies":"Cultist and Chosen","floor":29,"turns":4},{"damage":5,"enemies":"Centurion and Healer","floor":30,"turns":6},{"damage":16,"enemies":"hubris:MusketHawk","floor":33,"turns":4}],"seed_played":"2095853353855151610","potions_obtained":[{"floor":2,"key":"ColorlessPotion"},{"floor":4,"key":"AttackPotion"},{"floor":12,"key":"DistilledChaos"},{"floor":21,"key":"SpeedPotion"},{"floor":24,"key":"Swift Potion"},{"floor":29,"key":"Energy Potion"}],"is_trial":false,"path_per_floor":["M","M","$","M","?","R","E","M","T","R","M","?","M","M","R_BF","B",null,"M","M","?","M","M","R","M","M","T","$","M","M","M","$","R_BF","B"],"character_chosen":"THE_BLADEMASTER","items_purchased":["Ice Cream","blademaster:Vortex","Happy Flower","hubris:PeanutButter","beaked:ShinyBauble","blademaster:ParryingStrike"],"campfire_rested":2,"item_purchase_floors":[3,3,27,27,31,31],"current_hp_per_floor":[82,82,82,82,66,66,40,36,36,60,60,60,53,53,53,47,82,68,64,64,43,33,57,31,15,15,15,15,15,10,10,10,0,0],"gold":276,"neow_bonus":"TEN_PERCENT_HP_BONUS","is_daily":false,"chose_seed":false,"campfire_upgraded":3,"win_rate":0.0,"timestamp":1612707644,"path_taken":["M","M","$","M","?","R","E","M","T","R","M","?","?","M","R_BF","BOSS","M","?","?","M","M","R","?","M","T","?","?","M","?","$","R_BF","BOSS"],"items_purchased_type":["Relic","Card","Relic","Relic","Relic","Card"],"build_version":"2020-12-22","purchased_purges":2,"victory":false,"max_hp_per_floor":[82,82,82,82,82,82,82,82,82,82,82,82,82,82,82,82,82,82,82,82,82,82,82,82,82,82,82,82,82,82,82,82,82,82],"relic_stats":{"Happy Flower":[5],"counters":[19,81],"Smiling Mask":75,"obtain_stats":[{"Ice Cream":3,"beaked:ShinyBauble":31,"hubris:Backtick":17,"Happy Flower":27,"hubris:PeanutButter":27,"blademaster:RandomBladePerk":7,"blademaster:DancersAmulet":0,"Bottled Tornado":26,"Smiling Mask":9,"Akabeko":7,"hubris:Potato":17,"WarpedTongs":20},{"Ice Cream":2,"beaked:ShinyBauble":18,"hubris:Backtick":9,"Happy Flower":15,"hubris:PeanutButter":15,"blademaster:RandomBladePerk":4,"blademaster:DancersAmulet":0,"Bottled Tornado":15,"Smiling Mask":5,"Akabeko":4,"hubris:Potato":9,"WarpedTongs":11},{"Ice Cream":7,"beaked:ShinyBauble":77,"hubris:Backtick":37,"Happy Flower":65,"hubris:PeanutButter":65,"blademaster:RandomBladePerk":19,"blademaster:DancersAmulet":0,"Bottled Tornado":65,"Smiling Mask":22,"Akabeko":19,"hubris:Potato":37,"WarpedTongs":45}],"WarpedTongs":[36]},"card_choices":[{"not_picked":["blademaster:SlyStabs","blademaster:Stability"],"picked":"blademaster:AspectOfWind","floor":1},{"not_picked":["blademaster:Stability","blademaster:Stormstrike"],"picked":"blademaster:Sharpen","floor":2},{"not_picked":["blademaster:Quickness","blademaster:EyeOfTheTornado"],"picked":"blademaster:AirSlash","floor":4},{"not_picked":["blademaster:AwakeningDefend","blademaster:ThreePointStrike"],"picked":"blademaster:ColdBlood","floor":7},{"not_picked":["blademaster:BloodyBlow","blademaster:Rupture"],"picked":"blademaster:AirSlash","floor":8},{"not_picked":["blademaster:DaggerAndCloak","blademaster:Overcharge"],"picked":"blademaster:AspectOfLightning","floor":11},{"not_picked":["blademaster:Breeze","blademaster:AwakeningDefend"],"picked":"blademaster:WindSlash","floor":13},{"not_picked":["blademaster:Vortex","blademaster:DancingEdge"],"picked":"blademaster:TraverseCut","floor":14},{"not_picked":["blademaster:EnchantedCuirass","blademaster:StanceMastery"],"picked":"blademaster:FuryOfTheElements","floor":16},{"not_picked":["blademaster:Safeguard","blademaster:Bloodbath"],"picked":"blademaster:DaggerAndCloak","floor":18},{"not_picked":["blademaster:ThreePointStrike","blademaster:Quickstep","blademaster:OneTrickPony"],"picked":"SKIP","floor":19},{"not_picked":["blademaster:BloodyBlow+1","blademaster:Sunder"],"picked":"blademaster:Cut+1","floor":21},{"not_picked":["blademaster:SharpBlades+1","blademaster:CombatPrep","blademaster:Slice"],"picked":"SKIP","floor":22},{"not_picked":["blademaster:Frenzy","blademaster:OneTrickPony+1","blademaster:Discharge+1"],"picked":"SKIP","floor":24},{"not_picked":["blademaster:ParryingStrike","blademaster:AncestralHealing"],"picked":"blademaster:IcyWind","floor":25},{"not_picked":["blademaster:EyeOfTheStorm","blademaster:AspectOfWind"],"picked":"blademaster:ThunderSlash","floor":28},{"not_picked":["blademaster:Cut","blademaster:Slice","blademaster:ParryingStrike+1"],"picked":"SKIP","floor":29},{"not_picked":["blademaster:LightningCrash","blademaster:CullingStrike+1","blademaster:AspectOfWind"],"picked":"SKIP","floor":30}],"player_experience":661203,"relics_obtained":[{"floor":7,"key":"Akabeko"},{"floor":7,"key":"blademaster:RandomBladePerk"},{"floor":9,"key":"Smiling Mask"},{"floor":26,"key":"Bottled Tornado"}],"event_choices":[{"damage_healed":0,"gold_gain":0,"player_choice":"Entered Light","damage_taken":16,"max_hp_gain":0,"max_hp_loss":0,"event_name":"Shining Light","floor":5,"gold_loss":0,"cards_upgraded":["blademaster:Strike","blademaster:HighVoltage"]},{"damage_healed":0,"gold_gain":0,"player_choice":"Got Potions","damage_taken":0,"max_hp_gain":0,"max_hp_loss":0,"event_name":"Lab","floor":12,"gold_loss":0},{"damage_healed":0,"gold_gain":0,"player_choice":"Rummage","damage_taken":0,"relics_obtained":["WarpedTongs"],"max_hp_gain":0,"max_hp_loss":0,"event_name":"Accursed Blacksmith","floor":20,"gold_loss":0,"cards_obtained":["Pain"]}],"is_beta":false,"boss_relics":[{"not_picked":["Coffee Dripper","aspiration:WatcherSkillbook"],"picked":"hubris:Backtick"}],"items_purged_floors":[27,31],"is_endless":false,"potions_floor_spawned":[2,4,8,13,21,24,29],"killed_by":"hubris:MusketHawk","ascension_level":0}}