{"host":"j9610sde00vfp93k","time":1612691576,"event":{"mods":["AchievementEnabler","BaseMod","Minty Spire (QoL Compilation)","StSLib","SuperFastMode"],"gold_per_floor":[111,111,129,152,167,207,172,203,226,271,283,1,15,31,31,157,157,175,175,191,38,38,38],"floor_reached":22,"language":"ENG","playtime":907,"items_purged":[],"score":206,"play_id":"d5a05c0e-5199-4465-9b0f-e002aefbc850","local_time":"20210207175256","is_ascension_mode":false,"campfire_choices":[{"data":"TalkToTheHand","floor":11,"key":"SMITH"},{"floor":15,"key":"REST"}],"circlet_count":0,"master_deck":["Strike_P+1","Strike_P","Strike_P","Strike_P","Defend_P","Defend_P","Defend_P","Defend_P","Eruption+1","Vigilance","EmptyFist+1","SandsOfTime","PathToVictory","Consecrate","Halt","Halt","TalkToTheHand+1","PathToVictory","FollowUp","BowlingBash","DevaForm","SandsOfTime"],"relics":["PureWater","Golden Idol","Anchor","Whetstone","MawBank","Blood Vial","Kunai","VioletLotus","Oddly Smooth Stone"],"acts_visited":["Exordium","TheCity"],"potions_floor_usage":[6,10,10,22],"damage_taken":[{"damage":0,"enemies":"Small Slimes","floor":1,"turns":3},{"damage":0,"enemies":"2 Louse","floor":3,"turns":3},{"damage":0,"enemies":"Cultist","floor":4,"turns":2},{"damage":0,"enemies":"3 Louse","floor":5,"turns":2},{"damage":25,"enemies":"3 Sentries","floor":6,"turns":7},{"damage":8,"enemies":"Gremlin Nob","floor":8,"turns":3},{"damage":15,"enemies":"Lagavulin","floor":10,"turns":5},{"damage":0,"enemies":"Lots of Slimes","floor":13,"turns":4},{"damage":0,"enemies":"Blue Slaver","floor":14,"turns":2},{"damage":28,"enemies":"The Guardian","floor":16,"turns":7},{"damage":42,"enemies":"Spheric Guardian","floor":18,"turns":6},{"damage":9,"enemies":"Shell Parasite","floor":20,"turns":6},{"damage":21,"enemies":"Snake Plant","floor":22,"turns":3}],"seed_played":"-2105400600622200721","potions_obtained":[{"floor":1,"key":"Strength Potion"},{"floor":3,"key":"GamblersBrew"},{"floor":4,"key":"Block Potion"},{"floor":8,"key":"Strength Potion"},{"floor":16,"key":"Swift Potion"},{"floor":18,"key":"GamblersBrew"}],"is_trial":false,"path_per_floor":["M","?","M","M","M","E","?","E","T","E","R","$","M","M","R","B",null,"M","?","M","$","M"],"character_chosen":"WATCHER","items_purchased":["PathToVictory","Kunai","Oddly Smooth Stone"],"campfire_rested":1,"item_purchase_floors":[12,12,21],"current_hp_per_floor":[72,54,54,54,54,29,47,39,39,24,24,24,26,28,49,23,72,30,23,16,16,0,0],"gold":38,"neow_bonus":"UPGRADE_CARD","is_daily":false,"chose_seed":false,"campfire_upgraded":1,"win_rate":0.0,"timestamp":1612691576,"path_taken":["M","?","M","M","M","E","?","E","T","E","R","$","M","M","R","BOSS","M","?","M","$","?"],"items_purchased_type":["Card","Relic","Relic"],"build_version":"2020-12-22","purchased_purges":0,"victory":false,"max_hp_per_floor":[72,72,72,72,72,72,72,72,72,72,72,72,72,72,72,72,72,72,72,72,72,72,72],"card_choices":[{"not_picked":["Crescendo","SashWhip"],"picked":"EmptyFist","floor":1},{"not_picked":["FlurryOfBlows","CutThroughFate"],"picked":"SandsOfTime","floor":3},{"not_picked":["LessonLearned","WheelKick"],"picked":"PathToVictory","floor":4},{"not_picked":["EmptyFist","Crescendo"],"picked":"Consecrate","floor":5},{"not_picked":["FollowUp","Meditate"],"picked":"Halt","floor":6},{"not_picked":["FlyingSleeves","ClearTheMind"],"picked":"Halt","floor":8},{"not_picked":["Omniscience","Indignation"],"picked":"TalkToTheHand","floor":10},{"not_picked":["CutThroughFate","Evaluate"],"picked":"FollowUp","floor":13},{"not_picked":["CrushJoints","CutThroughFate"],"picked":"BowlingBash","floor":14},{"not_picked":["DeusExMachina","Vault"],"picked":"DevaForm","floor":16},{"not_picked":["Weave","WaveOfTheHand+1","Nirvana"],"picked":"SKIP","floor":18},{"not_picked":["JustLucky+1","SashWhip"],"picked":"SandsOfTime","floor":20}],"player_experience":207978,"relics_obtained":[{"floor":6,"key":"Anchor"},{"floor":8,"key":"Whetstone"},{"floor":9,"key":"MawBank"},{"floor":10,"key":"Blood Vial"}],"event_choices":[{"damage_healed":0,"gold_gain":0,"player_choice":"Take Damage","damage_taken":18,"relics_obtained":["Golden Idol"],"max_hp_gain":0,"max_hp_loss":0,"event_name":"Golden Idol","floor":2,"gold_loss":0},{"damage_healed":18,"gold_gain":0,"player_choice":"Healed","damage_taken":0,"max_hp_gain":0,"max_hp_loss":0,"event_name":"The Cleric","floor":7,"gold_loss":35},{"damage_healed":0,"gold_gain":0,"player_choice":"Damaged","damage_taken":7,"max_hp_gain":0,"max_hp_loss":0,"event_name":"Wheel of Change","floor":19,"gold_loss":0}],"is_beta":false,"boss_relics":[{"not_picked":["Snecko Eye","Runic Pyramid"],"picked":"VioletLotus"}],"items_purged_floors":[],"is_endless":false,"potions_floor_spawned":[1,3,4,8,16,18],"killed_by":"Snake Plant","ascension_level":0}}