{"host":"6p0attdrtjqaih7v","time":1612736816,"event":{"mods":["2.2 Compatiblity","AchievementEnabler","Bard","BaseMod","Better Skull","Better Third Choice","Colored Powertips","Hermit","Highlight Path","Key Reminder","Minty Spire (QoL Compilation)","Permanent Neow","Quick Restart","Random Character Button","Relic Stats","Reliquary","Replay The Spire","Robot Space Explorer","StSLib","The Hayseed","The Witch"],"gold_per_floor":[110,126,142,67,12,47,65,65,65,100,117,117,131,131,131,210,210,228,239,89,89,107,107,107,107],"floor_reached":24,"language":"ENG","playtime":1396,"items_purged":["Strike_G"],"score":416,"play_id":"172860bc-bcf4-4ba4-ae2a-af5478ab6ed5","local_time":"20210207172656","is_ascension_mode":true,"campfire_choices":[{"data":"Predator","floor":8,"key":"SMITH"},{"data":"Crippling Poison","floor":12,"key":"SMITH"},{"data":"Footwork","floor":15,"key":"SMITH"},{"data":"Envenom","floor":23,"key":"SMITH"}],"circlet_count":0,"master_deck":["AscendersBane","Strike_G","Strike_G+1","Strike_G","Defend_G+1","Defend_G+1","Defend_G+2","Defend_G+3","Survivor","Neutralize","Predator+1","Blade Dance","Dagger Spray","Well Laid Plans+1","Crippling Poison+1","Footwork+1","Envenom+1","CurseOfTheBell","Backstab","Footwork","Deadly Poison"],"relics":["Ring of the Snake","ReplayTheSpireMod:Lightbulb","ReplayTheSpireMod:TigerMarble","Eternal Feather","Calling Bell","Pocketwatch","Simple Rune","Replay:Bottled Eggs"],"acts_visited":["Exordium","TheCity"],"potions_floor_usage":[6,7,13,22,24,24],"damage_taken":[{"damage":5,"enemies":"Jaw Worm","floor":1,"turns":6},{"damage":1,"enemies":"2 Louse","floor":2,"turns":4},{"damage":1,"enemies":"Small Slimes","floor":3,"turns":3},{"damage":27,"enemies":"3 Sentries","floor":6,"turns":9},{"damage":0,"enemies":"3 Louse","floor":7,"turns":2},{"damage":6,"enemies":"Gremlin Nob","floor":10,"turns":3},{"damage":3,"enemies":"Looter","floor":11,"turns":3},{"damage":3,"enemies":"Large Slime","floor":13,"turns":6},{"damage":6,"enemies":"The Guardian","floor":16,"turns":11},{"damage":12,"enemies":"3 Byrds","floor":18,"turns":6},{"damage":1,"enemies":"Spheric Guardian","floor":19,"turns":12},{"damage":2,"enemies":"Cultist and Chosen","floor":22,"turns":10},{"damage":48,"enemies":"Book of Stabbing","floor":24,"turns":8}],"seed_played":"2815873283240832276","potions_obtained":[{"floor":1,"key":"Milkshake"},{"floor":3,"key":"SkillPotion"},{"floor":6,"key":"Swift Potion"},{"floor":10,"key":"Swift Potion"},{"floor":13,"key":"SpeedPotion"},{"floor":22,"key":"SneckoOil"}],"is_trial":false,"path_per_floor":["M","M","M","?","$","E","M","R","T","E","M","R","M","?","R","B",null,"M","M","$","?","M","R","E"],"character_chosen":"THE_SILENT","items_purchased":["Block Potion","Footwork"],"campfire_rested":0,"item_purchase_floors":[5,20],"current_hp_per_floor":[54,53,52,52,52,25,25,25,25,19,16,25,22,32,41,35,58,46,45,45,35,33,45,0,0],"gold":107,"neow_bonus":"REMOVE_CARD","is_daily":false,"chose_seed":false,"campfire_upgraded":4,"win_rate":0.0,"timestamp":1612736816,"path_taken":["M","M","M","?","$","E","M","R","T","E","M","R","M","?","R","BOSS","M","M","$","?","M","R","E"],"items_purchased_type":["Potion","Card"],"build_version":"2020-12-22","purchased_purges":1,"victory":false,"max_hp_per_floor":[66,66,66,66,66,66,66,66,66,66,66,66,66,66,66,66,66,66,66,66,66,66,66,66,66],"relic_stats":{"counters":[13,83],"Eternal Feather":30,"obtain_stats":[{"Calling Bell":17,"Eternal Feather":10,"Simple Rune":17,"ReplayTheSpireMod:TigerMarble":9,"Replay:Bottled Eggs":17,"ReplayTheSpireMod:Lightbulb":6,"Ring of the Snake":0,"Pocketwatch":17},{"Calling Bell":9,"Eternal Feather":6,"Simple Rune":9,"ReplayTheSpireMod:TigerMarble":5,"Replay:Bottled Eggs":9,"ReplayTheSpireMod:Lightbulb":4,"Ring of the Snake":0,"Pocketwatch":9},{"Calling Bell":47,"Eternal Feather":27,"Simple Rune":47,"ReplayTheSpireMod:TigerMarble":24,"Replay:Bottled Eggs":47,"ReplayTheSpireMod:Lightbulb":22,"Ring of the Snake":0,"Pocketwatch":47}],"Ring of the Snake":[26],"Pocketwatch":[72]},"card_choices":[{"not_picked":["Leg Sweep","Footwork"],"picked":"Predator","floor":1},{"not_picked":["Terror","Flying Knee"],"picked":"Blade Dance","floor":2},{"not_picked":["Sucker Punch","Deflect","Cloak And Dagger"],"picked":"SKIP","floor":3},{"not_picked":["Prepared","ReplayTheSpireMod:Scrap Shanks"],"picked":"Dagger Spray","floor":6},{"not_picked":["Infinite Blades","Escape Plan","Underhanded Strike"],"picked":"SKIP","floor":7},{"not_picked":["All Out Attack","Slice"],"picked":"Well Laid Plans","floor":10},{"not_picked":["Skewer","Choke"],"picked":"Crippling Poison","floor":11},{"not_picked":["Slice","Blade Dance"],"picked":"Footwork","floor":13},{"not_picked":["Wraith Form v2","Unload"],"picked":"Envenom","floor":16},{"not_picked":["Sucker Punch","Slice","Deflect"],"picked":"SKIP","floor":18},{"not_picked":["Cloak And Dagger","Prepared"],"picked":"Backstab","floor":19},{"not_picked":["Quick Slash","Dagger Spray"],"picked":"Deadly Poison","floor":22}],"player_experience":1068282,"relics_obtained":[{"floor":6,"key":"ReplayTheSpireMod:Lightbulb"},{"floor":9,"key":"ReplayTheSpireMod:TigerMarble"},{"floor":10,"key":"Eternal Feather"},{"floor":17,"key":"Pocketwatch"},{"floor":17,"key":"Simple Rune"},{"floor":17,"key":"Replay:Bottled Eggs"}],"event_choices":[{"cards_removed":["Defend_G"],"damage_healed":0,"gold_gain":0,"player_choice":"Card Removal","damage_taken":0,"max_hp_gain":0,"max_hp_loss":0,"event_name":"The Cleric","floor":4,"gold_loss":75}],"is_beta":false,"boss_relics":[{"not_picked":["Velvet Choker","reliquary:RedCape"],"picked":"Calling Bell"}],"items_purged_floors":[20],"is_endless":false,"potions_floor_spawned":[1,3,6,10,13,22],"killed_by":"Book of Stabbing","ascension_level":20}}