{"host":"oigynbtg272c19pw","time":1612710202,"event":{"mods":["BaseMod","Colored Map","Minty Spire (QoL Compilation)","Relic Stats","Slay the Relics Exporter","StSLib"],"gold_per_floor":[118,118,33,33,50,50,61,61,61],"floor_reached":8,"playtime":258,"items_purged":[],"score":92,"play_id":"21c75379-879a-4a72-9938-3ede63b99dc6","local_time":"20210207160322","is_ascension_mode":true,"campfire_choices":[{"floor":6,"key":"REST"}],"circlet_count":0,"master_deck":["AscendersBane","Strike_P","Strike_P","Strike_P","Defend_P","Defend_P","Defend_P+1","Defend_P","Eruption","Vigilance+1","ClearTheMind+1","ReachHeaven","FlurryOfBlows","LessonLearned"],"relics":["PureWater","Du-Vu Doll"],"acts_visited":["Exordium"],"potions_floor_usage":[],"damage_taken":[{"damage":2,"enemies":"Jaw Worm","floor":1,"turns":5},{"damage":2,"enemies":"2 Louse","floor":5,"turns":3},{"damage":2,"enemies":"Small Slimes","floor":7,"turns":3},{"damage":15,"enemies":"3 Sentries","floor":8,"turns":4}],"seed_played":"-5786732903285557784","potions_obtained":[{"floor":7,"key":"SteroidPotion"}],"is_trial":false,"path_per_floor":["M","?","$","?","M","R","M","E"],"character_chosen":"WATCHER","items_purchased":["ReachHeaven"],"campfire_rested":1,"item_purchase_floors":[3],"current_hp_per_floor":[41,21,21,14,12,32,30,15,15],"gold":61,"neow_bonus":"ONE_RARE_RELIC","is_daily":false,"chose_seed":false,"campfire_upgraded":0,"win_rate":0.0,"timestamp":1612710202,"path_taken":["M","?","$","?","M","R","M","E"],"items_purchased_type":["Card"],"build_version":"2020-12-13","purchased_purges":0,"victory":false,"max_hp_per_floor":[68,68,68,68,68,68,68,68,68],"relic_stats":{"counters":[4,15],"obtain_stats":[{"Du-Vu Doll":0,"PureWater":0},{"Du-Vu Doll":0,"PureWater":0},{"Du-Vu Doll":0,"PureWater":0}]},"card_choices":[{"not_picked":["Evaluate","Study"],"picked":"ClearTheMind","floor":1},{"not_picked":["CutThroughFate","WaveOfTheHand"],"picked":"FlurryOfBlows","floor":5},{"not_picked":["ForeignInfluence","Study"],"picked":"LessonLearned","floor":7}],"player_experience":1559510,"relics_obtained":[],"event_choices":[{"damage_healed":0,"gold_gain":0,"player_choice":"Entered Light","damage_taken":20,"max_hp_gain":0,"max_hp_loss":0,"event_name":"Shining Light","floor":2,"gold_loss":0,"cards_upgraded":["Defend_P","Vigilance"]},{"cards_removed":["Strike_P"],"damage_healed":0,"gold_gain":0,"player_choice":"Card Removal","damage_taken":7,"max_hp_gain":0,"max_hp_loss":0,"event_name":"Golden Wing","floor":4,"gold_loss":0}],"is_beta":false,"boss_relics":[],"items_purged_floors":[],"is_endless":false,"potions_floor_spawned":[7],"killed_by":"3 Sentries","ascension_level":20}}