{"host":"fortuna","time":1612709629,"event":{"mods":["100% Spire Juice","Act Like it!","Arknights","BaseMod","CapriCore","Gensokyo","Hallownest","Koishi","Minty Spire (QoL Compilation)","Reimu£®≤©¿ˆ¡È√Œ£©","Relic Stats","StSLib","The Administrix","The Animator","The Bug Knight","The Immortal","Waifu the Spire","WarShipGirlsR/’ΩΩ¢…Ÿ≈ÆR mod","Yakumo Yukari mod"],"gold_per_floor":[119,93,93,103,118,118,137,176,176,191,207,207,172,202,202,300,300,342,360,360,374,392,392,425,425,452,476,519,300,316,351,351,463,463,474,491,491,529,529,559,559,595,595,644,644,659,671,708,708,712,712,712,712,53,92,96,96],"floor_reached":56,"language":"ZHS","playtime":4301,"items_purged":["animator:Strike","animator:Strike"],"score":911,"play_id":"c7d3c742-4ddb-494f-9511-e8de1c40612d","local_time":"20210207225349","is_ascension_mode":false,"campfire_choices":[{"data":"animator:Darkness","floor":6.0,"key":"SMITH"},{"floor":12.0,"key":"REST"},{"data":"animator:Megumin","floor":15.0,"key":"SMITH"},{"floor":23.0,"key":"REST"},{"floor":25.0,"key":"RECALL"},{"floor":32.0,"key":"REST"},{"floor":41.0,"key":"REST"},{"floor":45.0,"key":"REST"},{"floor":49.0,"key":"REST"},{"floor":52.0,"key":"REST"}],"circlet_count":0,"master_deck":["animator:Strike_Konosuba","animator:Defend_Konosuba","animator:Defend","animator:Defend","animator:Kazuma","animator:Aqua","animator:TukaLunaMarceau","animator:Berserker","animator:Darkness+1","animator:KyokoSakura","animator:Vanir","animator:Hans","animator:SuzuneAmano","animator:DolaStephanie","animator:Megumin+19","animator:AcuraShin","animator:YunYun+1","animator:OrikoMikuni+1","animator:Kazuma+1","animator:Darkness","animator:Chris","animator:ChaikaBohdan+1","animator:Sora","animator:KyokoSakura","animator:Lancer+1","animator:YaoHaDucy+1","animator:IrohaTamaki","animator:Tyuule","animator:Zero","animator:Zero","animator:ItamiYouji","animator:Lu+1","animator:DolaSchwi","animator:Tyuule","animator:Aisha+1","animator:Kuribayashi+1","animator:Darkness","animator:Emilia","animator:Hans","animator:Zero","animator:Mitsurugi"],"relics":["animator:LivingPicture","animator:TheMissingPiece","NeowsBlessing","Centennial Puzzle","Letter Opener","Ornamental Fan","Torii","Fusion Hammer","Bottled Tornado","HollowMod:LifeEnderRelic","Anchor","RuthlessExorcism:ReiMu","animator:HolyGrailRelic","Nunchaku","Dream Catcher","animator:ShionDessert","CloakClasp","animator:WornHelmet","Paper Crane"],"acts_visited":["Exordium","TheCity","TheBeyond","TheEnding"],"potions_floor_usage":[],"damage_taken":[{"damage":0.0,"enemies":"Jaw Worm","floor":1.0,"turns":1.0},{"damage":0.0,"enemies":"2 Louse","floor":4.0,"turns":1.0},{"damage":0.0,"enemies":"Small Slimes","floor":5.0,"turns":1.0},{"damage":0.0,"enemies":"Blue Slaver","floor":7.0,"turns":5.0},{"damage":36.0,"enemies":"Gremlin Nob","floor":8.0,"turns":5.0},{"damage":17.0,"enemies":"Exordium Thugs","floor":10.0,"turns":5.0},{"damage":6.0,"enemies":"Red Slaver","floor":11.0,"turns":5.0},{"damage":0.0,"enemies":"HollowMod:MossKnight","floor":14.0,"turns":7.0},{"damage":15.0,"enemies":"Hexaghost","floor":16.0,"turns":8.0},{"damage":17.0,"enemies":"Spheric Guardian","floor":18.0,"turns":4.0},{"damage":10.0,"enemies":"Shell Parasite","floor":19.0,"turns":4.0},{"damage":2.0,"enemies":"Cultist and Chosen","floor":21.0,"turns":4.0},{"damage":16.0,"enemies":"Snake Plant","floor":22.0,"turns":5.0},{"damage":3.0,"enemies":"animator:HornedBat","floor":24.0,"turns":6.0},{"damage":8.0,"enemies":"Centurion and Healer","floor":27.0,"turns":4.0},{"damage":3.0,"enemies":"Book of Stabbing","floor":28.0,"turns":5.0},{"damage":7.0,"enemies":"Sentry and Sphere","floor":30.0,"turns":4.0},{"damage":13.0,"enemies":"Gremlin Leader","floor":31.0,"turns":5.0},{"damage":39.0,"enemies":"Automaton","floor":33.0,"turns":9.0},{"damage":9.0,"enemies":"3 Darklings","floor":35.0,"turns":3.0},{"damage":0.0,"enemies":"3 Shapes","floor":36.0,"turns":3.0},{"damage":1.0,"enemies":"Maw","floor":38.0,"turns":6.0},{"damage":20.0,"enemies":"HollowMod:StalkingDevout","floor":40.0,"turns":6.0},{"damage":30.0,"enemies":"Giant Head","floor":42.0,"turns":7.0},{"damage":14.0,"enemies":"Reptomancer","floor":44.0,"turns":4.0},{"damage":0.0,"enemies":"Jaw Worm Horde","floor":46.0,"turns":2.0},{"damage":0.0,"enemies":"Sphere and 2 Shapes","floor":47.0,"turns":3.0},{"damage":22.0,"enemies":"Jaw Worm Horde","floor":48.0,"turns":3.0},{"damage":50.0,"enemies":"Donu and Deca","floor":50.0,"turns":7.0},{"damage":2,"enemies":"Shield and Spear","floor":55,"turns":5},{"damage":109,"enemies":"The Heart","floor":56,"turns":8}],"seed_played":"-5005092844003216792","potions_obtained":[{"floor":5.0,"key":"CultistPotion"},{"floor":7.0,"key":"LiquidBronze"},{"floor":11.0,"key":"animator:FalseLifePotion"}],"is_trial":false,"path_per_floor":["M","?","?","M","M","R","M","E","T","M","M","R","?","E","R","B",null,"M","M","?","M","M","R","E","R","T","M","E","$","M","E","R","B",null,"M","M","?","M","?","E","R","E","T","E","R","M","M","M","R","B",null,"R","??","$","E","B"],"character_chosen":"THE_ANIMATOR","items_purchased":["Anchor","animator:Emilia","animator:Hans","animator:Zero","animator:WornHelmet"],"campfire_rested":7,"item_purchase_floors":[29,54,54,54,54],"current_hp_per_floor":[66,66,66,66,66,66,67,33,33,18,14,34,50,53,53,40,68,51,43,43,43,29,49,50,50,50,44,43,43,38,27,48,11,78,75,80,80,80,70,57,81,56,56,50,76,76,82,67,89,44,87,87,87,87,83,0,0],"gold":96,"neow_bonus":"THREE_ENEMY_KILL","is_daily":false,"chose_seed":false,"campfire_upgraded":2,"win_rate":0.0,"timestamp":1612709629,"path_taken":["M","?","?","M","?","R","M","E","T","M","M","R","?","E","R","BOSS","M","M","?","M","?","R","E","R","T","M","E","?","M","E","R","BOSS","M","M","?","?","?","E","R","E","T","E","R","M","M","M","R","BOSS","R","??","$","E","BOSS"],"items_purchased_type":["Relic","Card","Card","Card","Relic"],"build_version":"2020-12-18","purchased_purges":2,"victory":false,"max_hp_per_floor":[66,66,66,66,66,66,67,67,67,67,67,67,67,68,68,68,68,68,68,68,68,68,68,70,70,70,70,70,70,70,70,70,70,78,81,83,83,80,80,82,82,85,85,87,87,84,87,89,89,87,87,87,87,87,84,81,81],"relic_stats":{"Centennial Puzzle":[69],"Nunchaku":[9],"Dream Catcher":3,"Torii":102,"counters":[31,145],"Ornamental Fan":[160],"CloakClasp":[102],"Letter Opener":[319],"obtain_stats":[{"animator:ShionDessert":43,"HollowMod:LifeEnderRelic":28,"NeowsBlessing":0,"Torii":14,"animator:TheMissingPiece":0,"CloakClasp":44,"Letter Opener":8,"Bottled Tornado":24,"animator:WornHelmet":54,"Paper Crane":55,"Centennial Puzzle":3,"Anchor":29,"animator:HolyGrailRelic":34,"Nunchaku":40,"Dream Catcher":42,"Ornamental Fan":9,"animator:LivingPicture":0,"Fusion Hammer":17,"RuthlessExorcism:ReiMu":31},{"animator:ShionDessert":24,"HollowMod:LifeEnderRelic":16,"NeowsBlessing":0,"Torii":8,"animator:TheMissingPiece":0,"CloakClasp":25,"Letter Opener":5,"Bottled Tornado":14,"animator:WornHelmet":29,"Paper Crane":30,"Centennial Puzzle":1,"Anchor":16,"animator:HolyGrailRelic":19,"Nunchaku":23,"Dream Catcher":24,"Ornamental Fan":5,"animator:LivingPicture":0,"Fusion Hammer":9,"RuthlessExorcism:ReiMu":18},{"animator:ShionDessert":113,"HollowMod:LifeEnderRelic":70,"NeowsBlessing":0,"Torii":30,"animator:TheMissingPiece":0,"CloakClasp":117,"Letter Opener":13,"Bottled Tornado":61,"animator:WornHelmet":132,"Paper Crane":137,"Centennial Puzzle":1,"Anchor":70,"animator:HolyGrailRelic":88,"Nunchaku":106,"Dream Catcher":113,"Ornamental Fan":13,"animator:LivingPicture":0,"Fusion Hammer":38,"RuthlessExorcism:ReiMu":79}]},"card_choices":[{"not_picked":["animator:Illya","animator:AcuraAkari","animator:Rider"],"picked":"SKIP","floor":1.0},{"not_picked":[],"picked":"animator:TukaLunaMarceau","floor":2.0},{"not_picked":[],"picked":"animator:Berserker","floor":2.0},{"not_picked":[],"picked":"animator:Darkness","floor":2.0},{"not_picked":["animator:Kazuma","animator:DolaSchwi"],"picked":"animator:KyokoSakura","floor":4.0},{"not_picked":["animator:Illya","animator:AcuraAkari","animator:Berserker"],"picked":"SKIP","floor":5.0},{"not_picked":["animator:Aqua","animator:Verdia"],"picked":"animator:Vanir","floor":7.0},{"not_picked":["animator:Berserker","animator:YaoHaDucy"],"picked":"animator:Hans","floor":8.0},{"not_picked":["animator:Layla","animator:OrikoMikuni"],"picked":"animator:SuzuneAmano","floor":10.0},{"not_picked":["animator:DolaRiku","animator:Rider"],"picked":"animator:DolaStephanie","floor":11.0},{"not_picked":["animator:Darkness","animator:YunYun"],"picked":"animator:Megumin","floor":14.0},{"not_picked":["animator:Kyubey","animator:Shiro"],"picked":"animator:AcuraShin","floor":16.0},{"not_picked":["animator:Darkness","animator:Caster"],"picked":"animator:YunYun+1","floor":18.0},{"not_picked":["animator:IrohaTamaki","animator:Ara"],"picked":"animator:OrikoMikuni+1","floor":19.0},{"not_picked":["animator:Ciel","animator:YaoHaDucy"],"picked":"animator:Kazuma+1","floor":21.0},{"not_picked":["animator:YunYun","animator:Vanir"],"picked":"animator:Darkness","floor":22.0},{"not_picked":["animator:Archer","animator:ChaikaBohdan"],"picked":"animator:Chris","floor":24.0},{"not_picked":["animator:Assassin+1","animator:Rider+1"],"picked":"animator:ChaikaBohdan+1","floor":27.0},{"not_picked":["animator:Assassin+1","animator:ShinjiMatou"],"picked":"animator:Sora","floor":28.0},{"not_picked":["animator:SuzuneAmano","animator:MamiTomoe"],"picked":"animator:KyokoSakura","floor":30.0},{"not_picked":["animator:RoryMercury","animator:Jibril"],"picked":"animator:Lancer+1","floor":31.0},{"not_picked":["animator:ChaikaTrabant","animator:Hans"],"picked":"animator:Eris","floor":33.0},{"not_picked":["animator:Assassin+1","animator:Vanir+1"],"picked":"animator:YaoHaDucy+1","floor":35.0},{"not_picked":["animator:Elsword+1","animator:Verdia"],"picked":"animator:IrohaTamaki","floor":36.0},{"not_picked":["animator:YaoHaDucy","animator:Bozes"],"picked":"animator:Tyuule","floor":38.0},{"not_picked":["animator:IchigoKurosaki","animator:Kuroyukihime"],"picked":"animator:Zero","floor":39.0},{"not_picked":["animator:MisakiNakahara","animator:IchigoKurosaki"],"picked":"animator:Zero","floor":39.0},{"not_picked":["animator:RinTohsaka","animator:RoryMercury","animator:AcuraAkari+1"],"picked":"SKIP","floor":40.0},{"not_picked":["animator:DolaStephanie+1","animator:TukaLunaMarceau+1"],"picked":"animator:ItamiYouji","floor":42.0},{"not_picked":["animator:Raven+1","animator:Alexander"],"picked":"animator:Lu+1","floor":44.0},{"not_picked":["animator:Guy","animator:SakuraMatou+1"],"picked":"animator:DolaSchwi","floor":45.0},{"not_picked":["animator:RoryMercury","animator:Kuribayashi"],"picked":"animator:Tyuule","floor":46.0},{"not_picked":["animator:ChaikaBohdan+1","animator:Ara+1"],"picked":"animator:Aisha+1","floor":47.0},{"not_picked":["animator:DolaRiku+1","animator:Raven"],"picked":"animator:Kuribayashi+1","floor":48.0},{"not_picked":["animator:Guy+1","animator:Kuribayashi+1"],"picked":"animator:Darkness","floor":52.0},{"not_picked":["animator:DolaRiku+1","animator:Tyuule"],"picked":"animator:Mitsurugi","floor":55}],"player_experience":327598,"relics_obtained":[{"floor":3.0,"key":"Centennial Puzzle"},{"floor":8.0,"key":"Letter Opener"},{"floor":9.0,"key":"Ornamental Fan"},{"floor":14.0,"key":"Torii"},{"floor":24.0,"key":"Bottled Tornado"},{"floor":28.0,"key":"HollowMod:LifeEnderRelic"},{"floor":31.0,"key":"RuthlessExorcism:ReiMu"},{"floor":40.0,"key":"Nunchaku"},{"floor":42.0,"key":"Dream Catcher"},{"floor":43.0,"key":"animator:ShionDessert"},{"floor":44.0,"key":"CloakClasp"},{"floor":55,"key":"Paper Crane"}],"event_choices":[{"damage_healed":0.0,"max_hp_gain":0.0,"max_hp_loss":0.0,"gold_gain":0.0,"event_name":"Wheel of Change","player_choice":"Relic","floor":3.0,"gold_loss":0.0,"damage_taken":0.0},{"damage_healed":16.0,"max_hp_gain":0.0,"max_hp_loss":0.0,"gold_gain":0.0,"event_name":"The Cleric","player_choice":"Healed","floor":13.0,"gold_loss":35.0,"damage_taken":0.0},{"cards_removed":["animator:Strike"],"damage_healed":0.0,"max_hp_gain":0.0,"max_hp_loss":0.0,"gold_gain":0.0,"event_name":"Purifier","player_choice":"Purged","floor":20.0,"gold_loss":0.0,"damage_taken":0.0},{"cards_removed":["animator:Defend"],"damage_healed":0.0,"max_hp_gain":0.0,"max_hp_loss":0.0,"gold_gain":0.0,"event_name":"Bonfire Elementals","player_choice":"Offered Basic","floor":37.0,"gold_loss":0.0,"damage_taken":0.0},{"damage_healed":0.0,"max_hp_gain":0.0,"max_hp_loss":0.0,"gold_gain":0.0,"event_name":"SensoryStone","player_choice":"Memory 3","floor":39.0,"gold_loss":0.0,"damage_taken":10.0}],"is_beta":true,"boss_relics":[{"not_picked":["RedLine:ReiMu","Velvet Choker"],"picked":"Fusion Hammer"},{"not_picked":["Runic Dome","SlaversCollar"],"picked":"animator:HolyGrailRelic"}],"items_purged_floors":[29,54],"is_endless":false,"potions_floor_spawned":[5,7,11,18,19,30,36,38,40,47],"killed_by":"The Heart","ascension_level":0}}