{"host":"p0hktren06injwdf","time":1612717432,"event":{"mods":["AchievementEnabler","BaseMod","Colored Map","DeckTracker","Minty Spire (QoL Compilation)","Permanent Neow","StSLib","SuperFastMode"],"gold_per_floor":[12,12,32,32,32,70,70,90,90,90,121,121,157,175,175,269,269,283,208,133,157,157,157,157],"floor_reached":23,"language":"KOR","playtime":465,"items_purged":["Defend_P"],"score":414,"play_id":"c82099d5-da5c-472b-84f2-ffbcf36a4a1b","local_time":"20210208020352","is_ascension_mode":true,"campfire_choices":[{"data":"Eruption","floor":7.0,"key":"SMITH"},{"data":"Consecrate","floor":10.0,"key":"SMITH"},{"floor":12.0,"key":"REST"},{"data":"MentalFortress","floor":15.0,"key":"SMITH"}],"circlet_count":0,"master_deck":["AscendersBane","Strike_P+1","Strike_P","Strike_P","Defend_P","Eruption+1","Vigilance","FearNoEvil","InnerPeace","Consecrate+1","MentalFortress+1","Halt+1","LessonLearned","DeusExMachina+1","Adaptation"],"relics":["PureWater","Incense Burner","Bloody Idol","Potion Belt","Orichalcum","Toxic Egg 2","Question Card","Nunchaku","Empty Cage"],"acts_visited":["Exordium","TheCity"],"potions_floor_usage":[],"damage_taken":[{"damage":9.0,"enemies":"Jaw Worm","floor":1.0,"turns":7.0},{"damage":3.0,"enemies":"2 Louse","floor":3.0,"turns":4.0},{"damage":32.0,"enemies":"Gremlin Nob","floor":6.0,"turns":4.0},{"damage":0.0,"enemies":"Cultist","floor":8.0,"turns":4.0},{"damage":14.0,"enemies":"Lagavulin","floor":11.0,"turns":6.0},{"damage":6.0,"enemies":"3 Sentries","floor":13.0,"turns":7.0},{"damage":0.0,"enemies":"Large Slime","floor":14.0,"turns":8.0},{"damage":8.0,"enemies":"The Guardian","floor":16.0,"turns":14.0},{"damage":4.0,"enemies":"Chosen","floor":18.0,"turns":5.0},{"damage":10.0,"enemies":"2 Thieves","floor":21.0,"turns":5.0},{"damage":28,"enemies":"Slavers","floor":23,"turns":4}],"seed_played":"5327918044813000148","potions_obtained":[{"floor":1.0,"key":"SpeedPotion"},{"floor":6.0,"key":"ColorlessPotion"},{"floor":8.0,"key":"Fruit Juice"},{"floor":13.0,"key":"Swift Potion"},{"floor":14.0,"key":"Regen Potion"},{"floor":18.0,"key":"BottledMiracle"}],"is_trial":false,"path_per_floor":["M","?","M","?","?","E","R","M","T","R","E","R","E","M","R","B",null,"M","?","$","M","?","E"],"character_chosen":"WATCHER","items_purchased":[],"campfire_rested":1,"item_purchase_floors":[],"current_hp_per_floor":[52,52,49,49,49,17,17,22,22,22,8,28,22,22,22,29,58,54,54,54,44,44,16,16],"gold":157,"neow_bonus":"ONE_RARE_RELIC","is_daily":false,"chose_seed":false,"campfire_upgraded":3,"win_rate":0.0,"timestamp":1612717432,"path_taken":["M","?","M","?","?","E","R","M","T","R","E","R","E","?","R","BOSS","M","?","$","M","?","E"],"items_purchased_type":[],"build_version":"2020-12-22","purchased_purges":1,"victory":false,"max_hp_per_floor":[68,62,62,62,62,62,62,67,67,67,67,67,67,67,67,67,67,67,67,67,67,67,67,67],"card_choices":[{"not_picked":["DeceiveReality","Halt"],"picked":"FearNoEvil","floor":1.0},{"not_picked":["WindmillStrike","Perseverance"],"picked":"InnerPeace","floor":3.0},{"not_picked":["WindmillStrike","JustLucky","Protect"],"picked":"SKIP","floor":6.0},{"not_picked":["Worship","Weave"],"picked":"Consecrate","floor":8.0},{"not_picked":["SashWhip","ClearTheMind+1"],"picked":"MentalFortress","floor":11.0},{"not_picked":["EmptyFist","FlyingSleeves","SandsOfTime"],"picked":"Halt+1","floor":13.0},{"not_picked":["TalkToTheHand","Worship+1","BowlingBash"],"picked":"LessonLearned","floor":14.0},{"not_picked":["DevaForm","Judgement+1","Blasphemy+1"],"picked":"DeusExMachina+1","floor":16.0},{"not_picked":["CutThroughFate","Fasting2","FollowUp"],"picked":"Adaptation","floor":18.0},{"not_picked":["Indignation+1","BowlingBash","CrushJoints","Protect+1"],"picked":"SKIP","floor":21.0}],"player_experience":1024359,"relics_obtained":[{"floor":5.0,"key":"Potion Belt"},{"floor":6.0,"key":"Orichalcum"},{"floor":9.0,"key":"Toxic Egg 2"},{"floor":11.0,"key":"Question Card"},{"floor":13.0,"key":"Nunchaku"}],"event_choices":[{"damage_healed":0.0,"max_hp_gain":0.0,"max_hp_loss":6.0,"gold_gain":0.0,"event_name":"Golden Idol","player_choice":"Lose Max HP","floor":2.0,"gold_loss":0.0,"damage_taken":0.0,"relics_obtained":["Golden Idol"]},{"damage_healed":0.0,"max_hp_gain":0.0,"max_hp_loss":0.0,"gold_gain":0.0,"event_name":"Liars Game","player_choice":"Ignored","floor":4.0,"gold_loss":0.0,"damage_taken":0.0},{"damage_healed":0.0,"max_hp_gain":0.0,"max_hp_loss":0.0,"gold_gain":0.0,"event_name":"Wheel of Change","player_choice":"Relic","floor":5.0,"gold_loss":0.0,"damage_taken":0.0},{"cards_removed":["Strike_P"],"damage_healed":0.0,"max_hp_gain":0.0,"max_hp_loss":0.0,"gold_gain":0.0,"event_name":"Beggar","player_choice":"Gave Gold","floor":19.0,"gold_loss":75.0,"damage_taken":0.0},{"damage_healed":0.0,"max_hp_gain":0.0,"max_hp_loss":0.0,"gold_gain":0.0,"event_name":"Forgotten Altar","player_choice":"Gave Idol","floor":22.0,"relics_lost":["Golden Idol"],"gold_loss":0.0,"damage_taken":0.0,"relics_obtained":["Bloody Idol"]}],"is_beta":false,"boss_relics":[{"not_picked":["Philosopher\u0027s Stone","Runic Dome"],"picked":"Empty Cage"}],"items_purged_floors":[20],"is_endless":false,"potions_floor_spawned":[1,6,8,13,14,18],"killed_by":"Slavers","ascension_level":20}}