{"host":"2js2pxuugveqjuf7","time":1612668418,"event":{"mods":["BaseMod","Colored Map","Minty Spire (QoL Compilation)","Quick Restart","Random Character Button","Relic Stats","StSLib"],"gold_per_floor":[216,227,246,23,40,40,56,56,80,80,80,80,90,90,90],"floor_reached":14,"language":"ENG","playtime":898,"items_purged":[],"score":115,"play_id":"bed68c4d-0f91-4332-ba03-357aedf64424","local_time":"20210206212658","is_ascension_mode":true,"campfire_choices":[{"data":"FTL","floor":6.0,"key":"SMITH"},{"data":"Coolheaded","floor":8.0,"key":"SMITH"}],"circlet_count":0,"master_deck":["Strike_B","Strike_B","Strike_B","Defend_B","Defend_B","Defend_B","Defend_B","Zap","Dualcast","FTL+1","Go for the Eyes","Tempest","All For One","All For One","Rebound","Coolheaded+1","Redo","Scrape"],"relics":["Cracked Core","DollysMirror","MealTicket","Bag of Preparation"],"acts_visited":["Exordium"],"potions_floor_usage":[13,14],"damage_taken":[{"damage":7.0,"enemies":"Jaw Worm","floor":1.0,"turns":3.0},{"damage":7.0,"enemies":"Small Slimes","floor":2.0,"turns":3.0},{"damage":1.0,"enemies":"Cultist","floor":3.0,"turns":3.0},{"damage":0.0,"enemies":"2 Fungi Beasts","floor":5.0,"turns":2.0},{"damage":15.0,"enemies":"Exordium Thugs","floor":7.0,"turns":4.0},{"damage":4,"enemies":"Blue Slaver","floor":13,"turns":2},{"damage":36,"enemies":"Lagavulin","floor":14,"turns":6}],"seed_played":"-5902581213848239587","potions_obtained":[{"floor":2.0,"key":"BlessingOfTheForge"},{"floor":7.0,"key":"DuplicationPotion"},{"floor":12.0,"key":"EssenceOfSteel"}],"is_trial":false,"path_per_floor":["M","M","M","$","M","R","M","R","T","?","?","?","M","E"],"character_chosen":"DEFECT","items_purchased":["All For One","DollysMirror"],"campfire_rested":0,"item_purchase_floors":[4,4],"current_hp_per_floor":[61,54,53,53,53,53,38,38,38,31,31,31,27,0,0],"gold":90,"neow_bonus":"HUNDRED_GOLD","is_daily":false,"chose_seed":false,"campfire_upgraded":2,"win_rate":0.0,"timestamp":1612668418,"path_taken":["M","M","M","$","M","R","M","R","T","?","?","?","?","E"],"items_purchased_type":["Card","Relic"],"build_version":"2020-12-22","purchased_purges":0,"victory":false,"max_hp_per_floor":[75,75,75,75,75,75,75,75,75,75,75,75,75,75,75],"relic_stats":{"counters":[7,23],"MealTicket":0,"Bag of Preparation":[4],"obtain_stats":[{"DollysMirror":4,"MealTicket":9,"Bag of Preparation":10,"Cracked Core":0},{"DollysMirror":3,"MealTicket":5,"Bag of Preparation":5,"Cracked Core":0},{"DollysMirror":9,"MealTicket":15,"Bag of Preparation":15,"Cracked Core":0}]},"card_choices":[{"not_picked":["Turbo","Steam"],"picked":"FTL","floor":1.0},{"not_picked":["Redo","Barrage"],"picked":"Go for the Eyes","floor":2.0},{"not_picked":["Redo","Sweeping Beam"],"picked":"Tempest","floor":3.0},{"not_picked":["Barrage","Thunder Strike"],"picked":"Rebound","floor":5.0},{"not_picked":["Stack","White Noise"],"picked":"Coolheaded","floor":7.0},{"not_picked":["Beam Cell","Turbo"],"picked":"Scrape","floor":13}],"player_experience":387524,"relics_obtained":[{"floor":9.0,"key":"MealTicket"}],"event_choices":[{"damage_healed":0.0,"max_hp_gain":0.0,"max_hp_loss":0.0,"gold_gain":0.0,"event_name":"Scrap Ooze","player_choice":"Success","floor":10.0,"gold_loss":0.0,"damage_taken":7.0,"relics_obtained":["Bag of Preparation"]},{"damage_healed":0.0,"max_hp_gain":0.0,"max_hp_loss":0.0,"gold_gain":0.0,"cards_transformed":["Strike_B"],"event_name":"Living Wall","player_choice":"Change","floor":11.0,"gold_loss":0.0,"damage_taken":0.0,"cards_obtained":["Redo"]},{"damage_healed":0.0,"max_hp_gain":0.0,"max_hp_loss":0.0,"gold_gain":0.0,"event_name":"Lab","player_choice":"Got Potions","floor":12.0,"gold_loss":0.0,"damage_taken":0.0}],"is_beta":false,"boss_relics":[],"items_purged_floors":[],"is_endless":false,"potions_floor_spawned":[2,7],"killed_by":"Lagavulin","ascension_level":8}}