{"host":"1v3mnj67s3trvm6y","time":1612731943,"event":{"mods":["BaseMod","Challenge The Spire","Downfall","Minty Spire (QoL Compilation)","StSLib"],"gold_per_floor":[199,216,216,228,247,247,547,579,594,605,632,632,647,674,692,789,789,789,804,804,814,829,847,847,847,647,663,695,695,695,730,748,748,748,748],"floor_reached":33,"language":"ENG","playtime":2093,"items_purged":[],"score":301,"play_id":"6ee7a020-b9cb-4de7-83a4-ad628c61bddb","local_time":"20210208060543","is_ascension_mode":false,"campfire_choices":[{"data":"sneckomod:TailWhip","floor":1,"key":"SMITH"},{"floor":12,"key":"REST"},{"floor":18,"key":"RECALL"},{"floor":26,"key":"REST"}],"circlet_count":0,"master_deck":["sneckomod:Strike","sneckomod:Defend","sneckomod:Defend","sneckomod:Defend","sneckomod:TailWhip+1","sneckomod:SnekBite","sneckomod:Unknown","sneckomod:DiceBoulder","sneckomod:WideSting","sneckomod:UnknownExhaust","sneckomod:DefensiveFlair","sneckomod:SoulCleanse","sneckomod:UnknownUncommonAttack","sneckomod:UnknownRarePower+1","sneckomod:CheapStock","sneckomod:UnknownWeak","sneckomod:QuickMove","sneckomod:UnknownBoss","sneckomod:QuickBite+1","sneckomod:UnknownClassGREEN","sneckomod:SlitherStrike","sneckomod:UnknownClassGUARDIAN","sneckomod:SoulDraw","sneckomod:SlitherStrike","sneckomod:SerpentIdol","Neutralize"],"relics":["sneckomod:SneckoSoul","Old Coin","Pen Nib","Odd Mushroom","Meat on the Bone","Sozu","PreservedInsect","downfall:HeartBlessingRed","downfall:HeartBlessingBlue","Bottled Lightning","Centennial Puzzle"],"acts_visited":["Exordium","TheCity"],"potions_floor_usage":[11,14,16,21],"damage_taken":[{"damage":0,"enemies":"2 Louse","floor":2,"turns":1},{"damage":6,"enemies":"Jaw Worm","floor":4,"turns":3},{"damage":0,"enemies":"Cultist","floor":5,"turns":2},{"damage":12,"enemies":"Gremlin Nob","floor":8,"turns":3},{"damage":8,"enemies":"2 Fungi Beasts","floor":9,"turns":3},{"damage":3,"enemies":"Large Slime","floor":10,"turns":5},{"damage":11,"enemies":"The Mushroom Lair","floor":11,"turns":3},{"damage":13,"enemies":"Exordium Wildlife","floor":13,"turns":4},{"damage":7,"enemies":"Lagavulin","floor":14,"turns":4},{"damage":3,"enemies":"Exordium Thugs","floor":15,"turns":3},{"damage":20,"enemies":"DF_ARCHETYPE_STREAMLINE","floor":16,"turns":8},{"damage":2,"enemies":"Spheric Guardian","floor":19,"turns":4},{"damage":15,"enemies":"Chosen and Byrds","floor":21,"turns":3},{"damage":36,"enemies":"Sentry and Sphere","floor":22,"turns":4},{"damage":12,"enemies":"Snake Plant","floor":23,"turns":4},{"damage":1,"enemies":"Centurion and Healer","floor":27,"turns":5},{"damage":28,"enemies":"Gremlin Leader","floor":28,"turns":5},{"damage":39,"enemies":"Book of Stabbing","floor":31,"turns":4},{"damage":23,"enemies":"Shelled Parasite and Fungi","floor":32,"turns":3},{"damage":59,"enemies":"IC_MUSHROOM_ARCHETYPE","floor":33,"turns":7}],"seed_played":"3437685000680466558","potions_obtained":[{"floor":2,"key":"LiquidBronze"},{"floor":8,"key":"Ancient Potion"},{"floor":10,"key":"Ancient Potion"},{"floor":11,"key":"SkillPotion"},{"floor":14,"key":"ColorlessPotion"}],"is_trial":false,"path_per_floor":["R","M","?","M","M","?","T","E","M","M","?","R","M","E","M","B",null,"R","M","?","M","M","M","T","?","R","M","E","?","?","E","M","B"],"character_chosen":"THE_SNECKO","items_purchased":[],"campfire_rested":2,"item_purchase_floors":[],"current_hp_per_floor":[90,90,90,84,84,84,84,72,64,61,50,77,64,57,54,46,90,90,88,88,73,49,49,49,41,81,80,52,85,85,58,47,0,0,0],"gold":748,"neow_bonus":"HUNDRED_GOLD","is_daily":false,"chose_seed":false,"campfire_upgraded":1,"win_rate":0.0,"timestamp":1612731943,"path_taken":["R","M","?","M","M","?","T","E","M","?","?","R","M","E","M","BOSS","R","M","?","M","M","M","T","?","R","?","E","?","?","E","M","BOSS"],"items_purchased_type":[],"build_version":"2020-12-22","purchased_purges":0,"victory":false,"max_hp_per_floor":[90,90,90,90,90,90,90,90,90,90,90,90,90,90,90,90,90,90,90,90,90,90,90,90,90,100,100,100,100,100,100,100,100,100,100],"card_choices":[{"not_picked":["sneckomod:Unknown1Cost","sneckomod:SoulRoll"],"picked":"sneckomod:DiceBoulder","floor":2},{"not_picked":["sneckomod:SnakeSap","sneckomod:QuickBite"],"picked":"sneckomod:WideSting","floor":4},{"not_picked":["sneckomod:WideSting","sneckomod:SoulRoll"],"picked":"sneckomod:UnknownExhaust","floor":5},{"not_picked":["sneckomod:SoulRoll","sneckomod:UnknownWeak"],"picked":"sneckomod:DefensiveFlair","floor":8},{"not_picked":["sneckomod:PureSnecko","sneckomod:UnknownDraw"],"picked":"sneckomod:SoulCleanse","floor":9},{"not_picked":["sneckomod:UnknownCommonSkill","sneckomod:UnknownBlock"],"picked":"sneckomod:UnknownUncommonAttack","floor":10},{"not_picked":["sneckomod:UnendingSupply","sneckomod:QuickMove"],"picked":"sneckomod:UnknownRarePower","floor":11},{"not_picked":["sneckomod:UnknownCommonSkill","sneckomod:SoulCleanse"],"picked":"sneckomod:CheapStock","floor":13},{"not_picked":["sneckomod:UnknownCommonAttack","sneckomod:Unknown2Cost"],"picked":"sneckomod:UnknownWeak","floor":14},{"not_picked":["sneckomod:QuickBite","sneckomod:IronFang"],"picked":"sneckomod:QuickMove","floor":15},{"not_picked":["sneckomod:DangerNoodle","sneckomod:SerpentMind"],"picked":"sneckomod:UnknownBoss","floor":16},{"not_picked":["sneckomod:MasterEye+1","sneckomod:UnknownClassGUARDIAN"],"picked":"sneckomod:QuickBite+1","floor":19},{"not_picked":["sneckomod:UnknownCommonAttack","sneckomod:SoulRoll+1"],"picked":"sneckomod:UnknownClassGREEN","floor":21},{"not_picked":["sneckomod:WideSting","sneckomod:IronFang"],"picked":"sneckomod:SlitherStrike","floor":22},{"not_picked":["sneckomod:SnakeSap+1","sneckomod:DiceCrush"],"picked":"sneckomod:UnknownClassGUARDIAN","floor":23},{"not_picked":["sneckomod:SnekBeam","sneckomod:UnknownVulnerable+1"],"picked":"sneckomod:SoulDraw","floor":27},{"not_picked":["sneckomod:SerpentMind","sneckomod:SoulDraw+1"],"picked":"sneckomod:SlitherStrike","floor":28},{"not_picked":["sneckomod:Unknown2Cost","sneckomod:WideSting+1"],"picked":"sneckomod:SerpentIdol","floor":31},{"not_picked":["sneckomod:SerpentIdol","sneckomod:UnknownExhaust"],"picked":"sneckomod:Memorize+1","floor":32}],"player_experience":1745643,"relics_obtained":[{"floor":7,"key":"Old Coin"},{"floor":8,"key":"Pen Nib"},{"floor":11,"key":"Odd Mushroom"},{"floor":14,"key":"Meat on the Bone"},{"floor":28,"key":"Bottled Lightning"},{"floor":31,"key":"Centennial Puzzle"}],"event_choices":[{"damage_healed":0,"gold_gain":0,"player_choice":"Fought Mushrooms","damage_taken":0,"max_hp_gain":0,"max_hp_loss":0,"event_name":"Mushrooms","floor":11,"gold_loss":0},{"damage_healed":33,"gold_gain":0,"player_choice":"Heal","damage_taken":0,"max_hp_gain":0,"max_hp_loss":0,"event_name":"The Library","floor":29,"gold_loss":0}],"is_beta":false,"boss_relics":[{"not_picked":["Coffee Dripper","Astrolabe"],"picked":"Sozu"}],"items_purged_floors":[],"is_endless":false,"potions_floor_spawned":[2,8,10,11,14,19,21,23,31],"killed_by":"IC_MUSHROOM_ARCHETYPE","ascension_level":0}}