{"host":"824exx23qlyrdtjz","time":1612677196,"event":{"mods":["BaseMod","Colored Map","Downfall","Minty Spire (QoL Compilation)","StSLib"],"gold_per_floor":[99,99,99,99,24,24,24,24,48,48,33,44,44,144,159,264,264,214,234,250,250,262,276,276,35,54,88,38,38,50,50,50,50],"floor_reached":31,"language":"ENG","playtime":925,"items_purged":["downfall:Malfunctioning"],"score":266,"play_id":"0ddf4b79-0804-43f1-ae97-2654d435eaad","local_time":"20210207005316","is_ascension_mode":false,"campfire_choices":[{"data":"Slimebound:Split","floor":1,"key":"SMITH"},{"data":"Slimebound:ProtectTheBoss","floor":10,"key":"SMITH"},{"data":"Slimebound:SlimeBarrage","floor":13,"key":"SMITH"},{"data":"Slimebound:FirmFortitude","floor":18,"key":"SMITH"},{"floor":28,"key":"REST"}],"circlet_count":0,"master_deck":["Slimebound:Strike_Slimebound","Slimebound:Strike_Slimebound","Slimebound:Strike_Slimebound","Slimebound:Tackle+1","Slimebound:Defend_Slimebound","Slimebound:Defend_Slimebound","Slimebound:Defend_Slimebound","Slimebound:Defend_Slimebound+1","Slimebound:Split+1","Slimebound:CorrosiveSpit+1","Slimebound:GoopSpray","Slimebound:PressTheAttack","Slimebound:SamplingLick","Slimebound:ProtectTheBoss+1","Slimebound:LivingWall","Slimebound:SlimeBarrage+1","Slimebound:FirmFortitude+1","Slimebound:SplitAcid","Slimebound:SamplingLick","Parasite","Slimebound:Overexert","Slimebound:SplitAcid+1"],"relics":["Slimebound:AbsorbEndCombat","downfall:HeartsMalice","Singing Bowl","Slimebound:GreedOozeRelic","Letter Opener","Odd Mushroom","Cursed Key","Oddly Smooth Stone","Nloth\u0027s Gift"],"acts_visited":["Exordium","TheCity"],"potions_floor_usage":[16,22,23,26,27],"damage_taken":[{"damage":0,"enemies":"Small Slimes","floor":4,"turns":1},{"damage":0,"enemies":"Jaw Worm","floor":6,"turns":1},{"damage":0,"enemies":"2 Louse","floor":8,"turns":1},{"damage":19,"enemies":"The Mushroom Lair","floor":9,"turns":4},{"damage":0,"enemies":"downfall:FleeingMerchant","floor":11,"turns":4},{"damage":0,"enemies":"Exordium Wildlife","floor":12,"turns":3},{"damage":0,"enemies":"Blue Slaver","floor":15,"turns":3},{"damage":25,"enemies":"IC_STATUS_ARCHETYPE","floor":16,"turns":8},{"damage":18,"enemies":"Shell Parasite","floor":19,"turns":5},{"damage":5,"enemies":"Spheric Guardian","floor":20,"turns":3},{"damage":30,"enemies":"Shelled Parasite and Fungi","floor":22,"turns":5},{"damage":14,"enemies":"Snake Plant","floor":23,"turns":3},{"damage":9,"enemies":"downfall:FleeingMerchant","floor":25,"turns":4},{"damage":4,"enemies":"Chosen and Byrds","floor":26,"turns":4},{"damage":19,"enemies":"Book of Stabbing","floor":27,"turns":5},{"damage":18,"enemies":"3 Cultists","floor":30,"turns":3},{"damage":24,"enemies":"Snake Plant","floor":31,"turns":3}],"seed_played":"4049462662669986291","potions_obtained":[{"floor":12,"key":"LiquidBronze"},{"floor":19,"key":"Swift Potion"},{"floor":22,"key":"Regen Potion"},{"floor":23,"key":"LiquidMemories"},{"floor":26,"key":"ColorlessPotion"}],"is_trial":false,"path_per_floor":["R","?","T","M","?","M","T","M","?","R","$","M","R","?","M","B",null,"R","M","M","?","M","M","T","$","M","E","R","?","M","M"],"character_chosen":"SLIMEBOUND","items_purchased":["Oddly Smooth Stone"],"campfire_rested":1,"item_purchase_floors":[25],"current_hp_per_floor":[65,65,65,65,65,65,65,65,51,51,57,61,61,61,67,48,67,67,55,50,50,24,23,23,18,18,12,36,36,20,0,0,0],"gold":50,"neow_bonus":"THREE_ENEMY_KILL","is_daily":false,"chose_seed":false,"campfire_upgraded":4,"win_rate":0.0,"timestamp":1612677196,"path_taken":["R","?","?","M","?","M","T","M","?","R","$","?","R","?","M","BOSS","R","M","M","?","M","?","T","$","M","E","R","?","M","?"],"items_purchased_type":["Relic"],"build_version":"2020-12-22","purchased_purges":1,"victory":false,"max_hp_per_floor":[65,65,65,65,65,65,65,65,65,65,65,65,65,65,67,67,67,67,69,69,69,69,71,71,71,71,80,80,80,82,82,82,82],"card_choices":[{"not_picked":["Slimebound:ComboTackle","Slimebound:SplitBruiser"],"picked":"Slimebound:GoopSpray","floor":4},{"not_picked":["Slimebound:SplitBruiser","Slimebound:FormOfPuddle"],"picked":"Slimebound:PressTheAttack","floor":6},{"not_picked":["Slimebound:LivingWall","Slimebound:Chomp"],"picked":"Slimebound:SamplingLick","floor":8},{"not_picked":["Slimebound:PressTheAttack","Slimebound:LeadByExample"],"picked":"Slimebound:ProtectTheBoss","floor":9},{"not_picked":["Slimebound:ComboTackle","Slimebound:SamplingLick"],"picked":"Slimebound:LivingWall","floor":11},{"not_picked":["Slimebound:SlimeSpikes","Slimebound:ComboTackle"],"picked":"Slimebound:SlimeBarrage","floor":12},{"not_picked":["Slimebound:SplitMire","Slimebound:SplitAcid","Slimebound:GoopTackle"],"picked":"Singing Bowl","floor":15},{"not_picked":["Slimebound:Teamwork","Slimebound:MassFeed"],"picked":"Slimebound:FirmFortitude","floor":16},{"not_picked":["Slimebound:Dissolve","Slimebound:Equalize+1","Slimebound:LeechingTouch"],"picked":"Singing Bowl","floor":19},{"not_picked":["Slimebound:PressTheAttack","Slimebound:LeechingTouch+1"],"picked":"Slimebound:SplitAcid","floor":20},{"not_picked":["Slimebound:ItLooksTasty","Slimebound:LeechEnergy+1"],"picked":"Slimebound:SamplingLick","floor":22},{"not_picked":["Slimebound:LivingWall","Slimebound:Teamwork","Slimebound:GoopTackle+1"],"picked":"Singing Bowl","floor":23},{"not_picked":["Slimebound:HauntingLick","Slimebound:SlimeTap+1"],"picked":"Slimebound:Overexert","floor":25},{"not_picked":["Slimebound:FormOfPuddle","Slimebound:ProtectTheBoss"],"picked":"Slimebound:SplitAcid+1","floor":26},{"not_picked":["Slimebound:Nibble+1","Slimebound:GoopTackle","Slimebound:CheckThePlaybook"],"picked":"Singing Bowl","floor":27},{"not_picked":["Slimebound:SplitBruiser","Slimebound:Gluttony","Slimebound:Chomp"],"picked":"Singing Bowl","floor":30}],"player_experience":197443,"relics_obtained":[{"floor":3,"key":"Singing Bowl"},{"floor":7,"key":"Letter Opener"},{"floor":9,"key":"Odd Mushroom"},{"floor":27,"key":"Strawberry"}],"event_choices":[{"damage_healed":0,"gold_gain":0,"player_choice":"Fought Mushrooms","damage_taken":0,"max_hp_gain":0,"max_hp_loss":0,"event_name":"Mushrooms","floor":9,"gold_loss":0},{"damage_healed":0,"gold_gain":0,"player_choice":"Ignored","damage_taken":0,"max_hp_gain":0,"max_hp_loss":0,"event_name":"NoteForYourself","floor":21,"gold_loss":0}],"is_beta":false,"boss_relics":[{"not_picked":["Empty Cage","Black Star"],"picked":"Cursed Key"}],"items_purged_floors":[25],"is_endless":false,"potions_floor_spawned":[12,19,22,23,26],"killed_by":"Snake Plant","ascension_level":0}}