{"host":"mal0jdk4f6ubgyb8","time":1612663204,"event":{"mods":["100% Spire Juice","Act Like it!","Aspiration","BaseMod","CapriCore","Gensokyo","KinomotoSakuraMod(ƒæ÷Æ±æ”£)","Koishi","Luminous","Marisa£®ÏF”Í°°ƒß¿Ì…≥£©","Minty Spire (QoL Compilation)","Pale of the Ancients","Quick Restart","Reimu£®≤©¿ˆ¡È√Œ£©","Relic Stats","Reliquary","Remilia£®¿Ÿ√◊¿Ú—«£©","Replay The Spire","Spicy Shops","StSLib","The Immortal","WarShipGirlsR/’ΩΩ¢…Ÿ≈ÆR mod","Yakumo Yukari mod","Youmu£®ªÍ∆«—˝√Œ£©","Yuri Mod","Yuyuko"],"gold_per_floor":[116,116,116,140,140,140,140,140],"floor_reached":7,"language":"ZHS","playtime":695,"items_purged":[],"score":41,"play_id":"1e7813a6-6a98-4b2f-92ad-a9cbd3fd1639","local_time":"20210207100004","is_ascension_mode":true,"campfire_choices":[{"floor":6.0,"key":"RECALL"}],"circlet_count":0,"master_deck":["Koishi:BasicStrike","Koishi:BasicStrike","Koishi:BasicStrike","Koishi:BasicDefend","Koishi:BasicDefend","Koishi:BasicDefend","Koishi:Provoke","Koishi:HauntingSlash+1","Koishi:UnconsciousUrges","Koishi:PredatoryInstincts"],"relics":["Koishi:ImaginaryFriend","Golden Idol"],"acts_visited":["Exordium"],"potions_floor_usage":[],"damage_taken":[{"damage":2.0,"enemies":"2 Louse","floor":1.0,"turns":3.0},{"damage":3.0,"enemies":"Small Slimes","floor":4.0,"turns":4.0},{"damage":40,"enemies":"Gremlin Nob","floor":7,"turns":4}],"seed_played":"-8527742853844494419","potions_obtained":[{"floor":1.0,"key":"Milkshake"}],"is_trial":false,"path_per_floor":["M","?","?","M","?","R","E"],"character_chosen":"KOISHI","items_purchased":[],"campfire_rested":0,"item_purchase_floors":[],"current_hp_per_floor":[60,53,38,39,39,39,0,0],"gold":140,"neow_bonus":"UPGRADE_CARD","is_daily":false,"chose_seed":false,"campfire_upgraded":0,"win_rate":0.0,"timestamp":1612663204,"path_taken":["M","?","?","M","?","R","E"],"items_purchased_type":[],"build_version":"2020-12-22","purchased_purges":0,"victory":false,"max_hp_per_floor":[60,60,60,60,60,60,60,60],"relic_stats":{"counters":[3,11],"Golden Idol":5,"obtain_stats":[{"Golden Idol":3,"Koishi:ImaginaryFriend":0},{"Golden Idol":1,"Koishi:ImaginaryFriend":0},{"Golden Idol":3,"Koishi:ImaginaryFriend":0}]},"card_choices":[{"not_picked":["Koishi:FreudianInstinct","Koishi:HeartfeltFancy"],"picked":"Koishi:UnconsciousUrges","floor":1.0},{"not_picked":["Koishi:ParalyzingFear","Koishi:UnansweredLove"],"picked":"Koishi:PredatoryInstincts","floor":4.0}],"player_experience":395055,"relics_obtained":[],"event_choices":[{"cards_removed":["Koishi:BasicDefend"],"damage_healed":0.0,"max_hp_gain":0.0,"max_hp_loss":0.0,"gold_gain":0.0,"event_name":"Golden Wing","player_choice":"Card Removal","floor":2.0,"gold_loss":0.0,"damage_taken":7.0},{"damage_healed":0.0,"max_hp_gain":0.0,"max_hp_loss":0.0,"gold_gain":0.0,"event_name":"Golden Idol","player_choice":"Take Damage","floor":3.0,"gold_loss":0.0,"damage_taken":15.0,"relics_obtained":["Golden Idol"]}],"is_beta":false,"boss_relics":[],"items_purged_floors":[],"is_endless":false,"potions_floor_spawned":[1],"killed_by":"Gremlin Nob","ascension_level":1}}