{"host":"2ty4h143nj8vwezc","time":1612733768,"event":{"mods":["BaseMod","Colored Map","Googly Eyes","Highlight Path","Minty Spire (QoL Compilation)","Quick Restart","StSLib"],"gold_per_floor":[110,125,74,87,98,131,131,160,160,160,170,170,184,203,203,203,203],"floor_reached":16,"language":"ENG","playtime":832,"items_purged":[],"score":228,"play_id":"65a59357-6f2a-4ba4-a0fa-69c0ee648fd6","local_time":"20210207163608","is_ascension_mode":true,"campfire_choices":[{"floor":7.0,"key":"REST"},{"floor":12.0,"key":"REST"},{"floor":15,"key":"RECALL"}],"circlet_count":0,"master_deck":["AscendersBane","Strike_G","Strike_G","Strike_G","Strike_G","Strike_G","Defend_G","Defend_G","Defend_G","Defend_G","Defend_G","Survivor","Neutralize","Dagger Spray","Dagger Throw","Backstab","Prepared","All Out Attack","Unload","Terror","Dagger Throw"],"relics":["HoveringKite","HornCleat","Ninja Scroll","Mummified Hand"],"acts_visited":["Exordium"],"potions_floor_usage":[],"damage_taken":[{"damage":1.0,"enemies":"Cultist","floor":1.0,"turns":5.0},{"damage":0.0,"enemies":"2 Louse","floor":2.0,"turns":2.0},{"damage":4.0,"enemies":"Small Slimes","floor":4.0,"turns":4.0},{"damage":6.0,"enemies":"3 Louse","floor":5.0,"turns":3.0},{"damage":16.0,"enemies":"3 Sentries","floor":6.0,"turns":8.0},{"damage":28.0,"enemies":"Lagavulin","floor":8.0,"turns":7.0},{"damage":0.0,"enemies":"Large Slime","floor":11.0,"turns":4.0},{"damage":0.0,"enemies":"Lots of Slimes","floor":13.0,"turns":1.0},{"damage":0,"enemies":"Blue Slaver","floor":14,"turns":1},{"damage":39,"enemies":"The Guardian","floor":16,"turns":9}],"seed_played":"-5443815508411944592","potions_obtained":[{"floor":2.0,"key":"AttackPotion"},{"floor":5.0,"key":"PowerPotion"},{"floor":6.0,"key":"ColorlessPotion"},{"floor":13.0,"key":"SpeedPotion"}],"is_trial":false,"path_per_floor":["M","M","$","M","M","E","R","E","T","T","M","R","M","M","R","B"],"character_chosen":"THE_SILENT","items_purchased":["Dagger Throw"],"campfire_rested":2,"item_purchase_floors":[3],"current_hp_per_floor":[58,58,58,54,48,32,51,23,23,23,23,42,42,42,42,3,3],"gold":203,"neow_bonus":"BOSS_RELIC","is_daily":false,"chose_seed":false,"campfire_upgraded":0,"win_rate":0.0,"timestamp":1612733768,"path_taken":["M","M","?","M","M","E","R","E","T","?","M","R","M","M","R","BOSS"],"items_purchased_type":["Card"],"build_version":"2020-12-22","purchased_purges":0,"victory":false,"max_hp_per_floor":[66,66,66,66,66,66,66,66,66,66,66,66,66,66,66,66,66],"card_choices":[{"not_picked":["Quick Slash","Flying Knee","Flechettes"],"picked":"SKIP","floor":1.0},{"not_picked":["Deflect","Slice"],"picked":"Dagger Spray","floor":2.0},{"not_picked":["Poisoned Stab","Dagger Spray"],"picked":"Backstab","floor":4.0},{"not_picked":["Outmaneuver","Finisher","Dagger Spray"],"picked":"SKIP","floor":5.0},{"not_picked":["Cloak And Dagger","Blade Dance"],"picked":"Prepared","floor":6.0},{"not_picked":["Dash","Sucker Punch"],"picked":"All Out Attack","floor":8.0},{"not_picked":["Endless Agony","Leg Sweep"],"picked":"Unload","floor":11.0},{"not_picked":["Poisoned Stab","Dagger Spray"],"picked":"Terror","floor":13.0},{"not_picked":["Bane","Cloak And Dagger"],"picked":"Dagger Throw","floor":14}],"player_experience":363270,"relics_obtained":[{"floor":6.0,"key":"HornCleat"},{"floor":8.0,"key":"Ninja Scroll"},{"floor":9.0,"key":"Mummified Hand"}],"event_choices":[],"is_beta":false,"boss_relics":[],"items_purged_floors":[],"is_endless":false,"potions_floor_spawned":[2,5,6,13],"killed_by":"The Guardian","ascension_level":20}}