{"host":"qc8p2flj7wsy3zpg","time":1612741452,"event":{"mods":["BaseMod","Highlight Path","Minty Spire (QoL Compilation)","Monster List Patch","Relic Stats","StSLib"],"gold_per_floor":[113,28,28,45,60,94,94,94,94,94,128,147,164,191,191,268,268,284,174,21,36,36,64,75,102,102,115,115,149,149,179,179,256,256,267,280,16,70,84,84,100,125,151,151,151,451,472,515,515,515,515],"floor_reached":50,"language":"ENG","playtime":2773,"items_purged":["Strike_G","Strike_G"],"score":1231,"play_id":"20636eb4-3c34-434e-884d-0c6804633094","local_time":"20210207174412","is_ascension_mode":true,"campfire_choices":[{"floor":7,"key":"REST"},{"data":"Malaise","floor":15,"key":"SMITH"},{"floor":28,"key":"REST"},{"floor":30,"key":"REST"},{"data":"Bouncing Flask","floor":32,"key":"SMITH"},{"floor":40,"key":"REST"},{"floor":44,"key":"REST"},{"floor":49,"key":"RECALL"}],"circlet_count":0,"master_deck":["AscendersBane","Strike_G","Strike_G+1","Strike_G","Defend_G","Defend_G","Defend_G","Defend_G","Defend_G","Survivor","Neutralize","Malaise+1","Dagger Spray","Die Die Die+1","Flying Knee+1","Deadly Poison","Glass Knife+1","Dash","Corpse Explosion+1","Caltrops","After Image","Deadly Poison+1","Deflect","Prepared+1","Calculated Gamble","PiercingWail","Bouncing Flask+1","Wraith Form v2","Dodge and Roll+1","Bullet Time","Predator","After Image"],"relics":["Ring of the Snake","Mercury Hourglass","Pantograph","Centennial Puzzle","PreservedInsect","SlaversCollar","StrikeDummy","Snake Skull","Anchor","Red Mask","Sozu","OrangePellets","Turnip","CeramicFish","Lantern","Whetstone"],"acts_visited":["Exordium","TheCity","TheBeyond"],"potions_floor_usage":[11,12,13,14,21,25,25,31,33],"damage_taken":[{"damage":2,"enemies":"2 Louse","floor":1,"turns":4},{"damage":1,"enemies":"Cultist","floor":4,"turns":5},{"damage":0,"enemies":"Small Slimes","floor":5,"turns":2},{"damage":42,"enemies":"3 Sentries","floor":6,"turns":9},{"damage":2,"enemies":"Lagavulin","floor":11,"turns":6},{"damage":1,"enemies":"Looter","floor":12,"turns":3},{"damage":0,"enemies":"Red Slaver","floor":13,"turns":2},{"damage":14,"enemies":"Gremlin Nob","floor":14,"turns":4},{"damage":12,"enemies":"The Guardian","floor":16,"turns":9},{"damage":18,"enemies":"2 Thieves","floor":18,"turns":2},{"damage":6,"enemies":"Spheric Guardian","floor":21,"turns":4},{"damage":17,"enemies":"Book of Stabbing","floor":23,"turns":5},{"damage":0,"enemies":"3 Cultists","floor":24,"turns":2},{"damage":4,"enemies":"Slavers","floor":25,"turns":2},{"damage":9,"enemies":"Snecko","floor":27,"turns":5},{"damage":10,"enemies":"Book of Stabbing","floor":29,"turns":4},{"damage":0,"enemies":"Masked Bandits","floor":31,"turns":2},{"damage":35,"enemies":"Collector","floor":33,"turns":8},{"damage":0,"enemies":"3 Shapes","floor":35,"turns":3},{"damage":9,"enemies":"Orb Walker","floor":36,"turns":3},{"damage":0,"enemies":"2 Orb Walkers","floor":38,"turns":4},{"damage":36,"enemies":"Maw","floor":39,"turns":8},{"damage":0,"enemies":"Jaw Worm Horde","floor":41,"turns":3},{"damage":17,"enemies":"Giant Head","floor":42,"turns":7},{"damage":6,"enemies":"3 Darklings","floor":47,"turns":4},{"damage":18,"enemies":"Nemesis","floor":48,"turns":5},{"damage":59,"enemies":"Time Eater","floor":50,"turns":16}],"seed_played":"-7006138474011190180","potions_obtained":[{"floor":1,"key":"SpeedPotion"},{"floor":6,"key":"Explosive Potion"},{"floor":11,"key":"SpeedPotion"},{"floor":13,"key":"Block Potion"},{"floor":14,"key":"Explosive Potion"},{"floor":21,"key":"Explosive Potion"},{"floor":29,"key":"SteroidPotion"},{"floor":31,"key":"FearPotion"},{"floor":33,"key":"Energy Potion"}],"is_trial":false,"path_per_floor":["M","$","?","M","M","E","R","?","T","?","E","M","M","E","R","B",null,"M","?","$","M","$","E","M","E","T","M","R","E","R","?","R","B",null,"M","M","$","?","M","R","M","E","T","R","?","?","M","E","R","B"],"character_chosen":"THE_SILENT","items_purchased":["Die Die Die","Deflect","Strength Potion","OrangePellets"],"campfire_rested":5,"item_purchase_floors":[2,20,20,37],"current_hp_per_floor":[57,57,57,56,56,14,33,33,33,33,31,30,30,16,16,29,57,39,39,39,33,33,16,16,12,12,3,22,12,31,31,31,21,55,55,46,46,46,10,29,29,12,12,31,54,54,48,30,30,0,0],"gold":515,"neow_bonus":"THREE_RARE_CARDS","is_daily":false,"chose_seed":false,"campfire_upgraded":2,"win_rate":0.0,"timestamp":1612741452,"path_taken":["M","$","?","M","?","E","R","?","T","?","E","M","M","E","R","BOSS","M","?","?","?","$","E","M","E","T","?","R","E","R","?","R","BOSS","M","M","$","?","M","R","M","E","T","R","?","?","?","E","R","BOSS"],"items_purchased_type":["Card","Card","Potion","Relic"],"build_version":"2020-12-22","purchased_purges":2,"victory":false,"max_hp_per_floor":[66,66,66,66,66,66,66,66,66,66,66,66,66,66,66,66,66,66,66,66,66,66,66,66,66,66,66,66,66,66,66,66,66,66,66,66,66,66,66,66,66,66,66,66,54,54,54,54,54,54,54],"relic_stats":{"counters":[27,130],"CeramicFish":18,"PreservedInsect":305,"Snake Skull":[78],"Whetstone":["Flying Knee","Strike_G"],"Mercury Hourglass":[374],"Sozu":3,"OrangePellets":[7],"Centennial Puzzle":[48],"Pantograph":74,"Turnip":[9],"obtain_stats":[{"Lantern":43,"CeramicFish":42,"PreservedInsect":14,"Snake Skull":25,"Whetstone":48,"Mercury Hourglass":6,"Sozu":34,"SlaversCollar":17,"OrangePellets":37,"Centennial Puzzle":11,"Anchor":29,"Pantograph":9,"Turnip":38,"Red Mask":31,"StrikeDummy":23,"Ring of the Snake":0},{"Lantern":24,"CeramicFish":24,"PreservedInsect":8,"Snake Skull":14,"Whetstone":26,"Mercury Hourglass":4,"Sozu":18,"SlaversCollar":9,"OrangePellets":20,"Centennial Puzzle":5,"Anchor":16,"Pantograph":4,"Turnip":21,"Red Mask":17,"StrikeDummy":12,"Ring of the Snake":0},{"Lantern":105,"CeramicFish":105,"PreservedInsect":35,"Snake Skull":59,"Whetstone":114,"Mercury Hourglass":20,"Sozu":77,"SlaversCollar":44,"OrangePellets":83,"Centennial Puzzle":26,"Anchor":68,"Pantograph":20,"Turnip":87,"Red Mask":69,"StrikeDummy":55,"Ring of the Snake":0}],"Ring of the Snake":[54]},"card_choices":[{"not_picked":["Tools of the Trade","Envenom"],"picked":"Malaise","floor":0},{"not_picked":["Prepared","Sucker Punch"],"picked":"Dagger Spray","floor":1},{"not_picked":["Cloak And Dagger","Heel Hook"],"picked":"Flying Knee","floor":4},{"not_picked":["Dash","Flying Knee"],"picked":"Deadly Poison","floor":5},{"not_picked":["Setup","Footwork"],"picked":"Glass Knife","floor":6},{"not_picked":["Quick Slash","Dodge and Roll"],"picked":"Dash","floor":12},{"not_picked":["Dagger Spray","Quick Slash"],"picked":"Corpse Explosion","floor":13},{"not_picked":["Sucker Punch","Concentrate"],"picked":"Caltrops","floor":14},{"not_picked":["Corpse Explosion","Glass Knife"],"picked":"After Image","floor":16},{"not_picked":["Well Laid Plans+1","Bane"],"picked":"Deadly Poison+1","floor":18},{"not_picked":["Blade Dance","Dagger Spray"],"picked":"Prepared+1","floor":21},{"not_picked":["Deadly Poison","Outmaneuver"],"picked":"Calculated Gamble","floor":24},{"not_picked":["Slice","Flying Knee+1"],"picked":"PiercingWail","floor":27},{"not_picked":["Eviscerate","Flechettes"],"picked":"Bouncing Flask","floor":29},{"not_picked":["Bullet Time","Glass Knife"],"picked":"Wraith Form v2","floor":33},{"not_picked":["Prepared","Backflip"],"picked":"Dodge and Roll+1","floor":38},{"not_picked":["Dagger Throw","Prepared"],"picked":"Bullet Time","floor":41},{"not_picked":["Blade Dance+1","Skewer"],"picked":"Predator","floor":47},{"not_picked":["Distraction+1","Leg Sweep"],"picked":"After Image","floor":48}],"player_experience":2332932,"relics_obtained":[{"floor":6,"key":"Mercury Hourglass"},{"floor":9,"key":"Pantograph"},{"floor":11,"key":"Centennial Puzzle"},{"floor":14,"key":"PreservedInsect"},{"floor":23,"key":"StrikeDummy"},{"floor":25,"key":"Snake Skull"},{"floor":29,"key":"Anchor"},{"floor":31,"key":"Red Mask"},{"floor":38,"key":"Turnip"},{"floor":42,"key":"CeramicFish"},{"floor":43,"key":"Lantern"},{"floor":48,"key":"Whetstone"}],"event_choices":[{"damage_healed":0,"gold_gain":0,"player_choice":"Forge","damage_taken":0,"max_hp_gain":0,"max_hp_loss":0,"event_name":"Accursed Blacksmith","floor":3,"gold_loss":0,"cards_upgraded":["Die Die Die"]},{"damage_healed":0,"gold_gain":0,"player_choice":"Ignored","damage_taken":0,"max_hp_gain":0,"max_hp_loss":0,"event_name":"Liars Game","floor":8,"gold_loss":0},{"damage_healed":0,"gold_gain":0,"player_choice":"Upgraded","damage_taken":0,"max_hp_gain":0,"max_hp_loss":0,"event_name":"Upgrade Shrine","floor":10,"gold_loss":0,"cards_upgraded":["Glass Knife"]},{"cards_removed":["Normality"],"damage_healed":0,"gold_gain":0,"player_choice":"Upgrade and Remove","damage_taken":0,"max_hp_gain":0,"max_hp_loss":0,"event_name":"Designer","floor":19,"gold_loss":110,"cards_upgraded":["Corpse Explosion"]},{"damage_healed":0,"gold_gain":0,"player_choice":"Fought Bandits","damage_taken":0,"max_hp_gain":0,"max_hp_loss":0,"event_name":"Masked Bandits","floor":31,"gold_loss":0},{"damage_healed":0,"gold_gain":0,"player_choice":"Fight","damage_taken":0,"max_hp_gain":0,"max_hp_loss":0,"event_name":"Mysterious Sphere","floor":38,"gold_loss":0},{"damage_healed":54,"gold_gain":0,"player_choice":"Heal","damage_taken":0,"max_hp_gain":0,"max_hp_loss":12,"event_name":"The Moai Head","floor":45,"gold_loss":0},{"damage_healed":0,"gold_gain":300,"player_choice":"Gold","damage_taken":0,"max_hp_gain":0,"max_hp_loss":0,"event_name":"Wheel of Change","floor":46,"gold_loss":0}],"is_beta":false,"boss_relics":[{"not_picked":["Busted Crown","Astrolabe"],"picked":"SlaversCollar"},{"not_picked":["WristBlade","Calling Bell"],"picked":"Sozu"}],"items_purged_floors":[20,37],"is_endless":false,"potions_floor_spawned":[1,6,11,13,14,21,24,29,31,33,35,36,42],"killed_by":"Time Eater","ascension_level":20}}