{"host":"t4s40kl3r64vu0u6","time":1612712221,"event":{"mods":["BaseMod","Colored Map","Googly Eyes","Highlight Path","Minty Spire (QoL Compilation)","READ ME - Snecko Mod","StSLib","slay the spire mod where everything is the same but ironclad has a cowboy hat"],"gold_per_floor":[119,136,154,164,184,184,209,209,209,238,261,320,89,89,89,188,188,207,227,246,246,12,12,28,61,85,85,96,96,129,129,129,224,274,293,344,354,372,372,372,401,401,401,432,442,458,458,478,478,478],"floor_reached":51,"language":"ENG","playtime":4213,"items_purged":["Strike_R","Clash"],"score":978,"play_id":"654a4719-d424-4d70-b4bb-f9676f25012c","local_time":"20210207103701","is_ascension_mode":true,"campfire_choices":[{"data":"Feed","floor":6,"key":"SMITH"},{"data":"Rage","floor":8,"key":"SMITH"},{"data":"Anger","floor":15,"key":"SMITH"},{"data":"Fire Breathing","floor":23,"key":"SMITH"},{"data":"Feel No Pain","floor":29,"key":"SMITH"},{"floor":32,"key":"REST"},{"data":"Wild Strike","floor":40,"key":"SMITH"},{"data":"Evolve","floor":47,"key":"SMITH"},{"floor":49,"key":"REST"}],"circlet_count":0,"master_deck":["Strike_R","Strike_R","Strike_R","Strike_R","Defend_R","Defend_R","Defend_R","Defend_R","Bash","Feed+1","Wild Strike+1","Pummel+1","Rage+1","Havoc","Anger+1","Rage+1","Power Through+1","Immolate","Pummel","Fire Breathing+1","Pummel","Warcry+1","Feel No Pain+1","Necronomicurse","True Grit+1","Burning Pact+1","Power Through+1","Wild Strike+1","Shrug It Off+1","Power Through+1","Intimidate+1","Pummel+1","Infernal Blade+1","Disarm+1","Evolve+1","Armaments+1"],"relics":["Burning Blood","Toxic Egg 2","Matryoshka","Tiny Chest","Odd Mushroom","HornCleat","PreservedInsect","Mark of Pain","Smiling Mask","StoneCalendar","Oddly Smooth Stone","Bag of Preparation","MealTicket","Happy Flower","Necronomicon","TungstenRod","Tiny House","Gambling Chip","Bronze Scales","Du-Vu Doll","InkBottle","Charon\u0027s Ashes"],"acts_visited":["Exordium","TheCity","TheBeyond"],"potions_floor_usage":[7,12,12,16,16,30,33,50,50,50],"damage_taken":[{"damage":9,"enemies":"2 Louse","floor":1,"turns":3},{"damage":3,"enemies":"Small Slimes","floor":2,"turns":3},{"damage":1,"enemies":"Cultist","floor":3,"turns":4},{"damage":6,"enemies":"3 Louse","floor":4,"turns":2},{"damage":16,"enemies":"Looter","floor":5,"turns":3},{"damage":22,"enemies":"Lagavulin","floor":7,"turns":8},{"damage":16,"enemies":"Gremlin Nob","floor":10,"turns":4},{"damage":7,"enemies":"The Mushroom Lair","floor":11,"turns":3},{"damage":16,"enemies":"Lagavulin Event","floor":12,"turns":4},{"damage":52,"enemies":"Slime Boss","floor":16,"turns":16},{"damage":7,"enemies":"2 Thieves","floor":18,"turns":4},{"damage":19,"enemies":"Spheric Guardian","floor":19,"turns":4},{"damage":45,"enemies":"Cultist and Chosen","floor":20,"turns":7},{"damage":20,"enemies":"3 Cultists","floor":24,"turns":5},{"damage":2,"enemies":"Gremlin Leader","floor":25,"turns":4},{"damage":21,"enemies":"Centurion and Healer","floor":28,"turns":4},{"damage":0,"enemies":"Slavers","floor":30,"turns":3},{"damage":53,"enemies":"Automaton","floor":33,"turns":7},{"damage":0,"enemies":"3 Darklings","floor":35,"turns":3},{"damage":16,"enemies":"2 Orb Walkers","floor":36,"turns":5},{"damage":0,"enemies":"Orb Walker","floor":37,"turns":3},{"damage":64,"enemies":"Writhing Mass","floor":38,"turns":7},{"damage":15,"enemies":"Reptomancer","floor":41,"turns":4},{"damage":17,"enemies":"Nemesis","floor":44,"turns":5},{"damage":0,"enemies":"Maw","floor":45,"turns":7},{"damage":0,"enemies":"Transient","floor":46,"turns":5},{"damage":0,"enemies":"Jaw Worm Horde","floor":48,"turns":4},{"damage":18,"enemies":"Time Eater","floor":50,"turns":11}],"seed_played":"-92040207070161690","potions_obtained":[{"floor":2,"key":"Weak Potion"},{"floor":10,"key":"Fire Potion"},{"floor":11,"key":"FearPotion"},{"floor":12,"key":"BloodPotion"},{"floor":14,"key":"SteroidPotion"},{"floor":14,"key":"Block Potion"},{"floor":18,"key":"PowerPotion"},{"floor":19,"key":"Swift Potion"},{"floor":33,"key":"BloodPotion"},{"floor":34,"key":"Ancient Potion"},{"floor":35,"key":"SpeedPotion"},{"floor":46,"key":"Dexterity Potion"}],"is_trial":false,"path_per_floor":["M","M","M","M","M","R","E","R","T","E","?","?","$","?","R","B",null,"M","M","M","T","$","R","M","E","T","?","M","R","E","?","R","B",null,"M","?","M","M","T","R","E","?","T","E","M","M","R","M","R","B",null],"character_chosen":"IRONCLAD","items_purchased":["PreservedInsect","Oddly Smooth Stone","Pummel"],"campfire_rested":2,"item_purchase_floors":[13,22,22],"current_hp_per_floor":[56,62,67,70,60,60,48,48,48,38,41,35,35,35,35,9,101,104,95,60,60,60,60,50,54,54,38,23,23,33,33,69,22,126,126,116,122,64,64,64,55,55,55,44,50,56,56,66,105,119],"gold":478,"neow_bonus":"THREE_RARE_CARDS","is_daily":false,"chose_seed":false,"campfire_upgraded":7,"win_rate":0.0,"timestamp":1612712221,"path_taken":["M","M","M","M","M","R","E","R","T","E","?","?","$","?","R","BOSS","M","M","M","?","$","R","M","E","T","?","M","R","E","?","R","BOSS","M","?","M","M","?","R","E","?","T","E","M","M","R","M","R","BOSS"],"items_purchased_type":["Relic","Relic","Card"],"build_version":"2020-12-22","purchased_purges":2,"victory":true,"max_hp_per_floor":[83,86,86,89,89,89,93,93,93,93,97,101,101,101,101,101,101,105,109,113,113,113,113,117,117,117,117,117,117,121,121,121,121,126,126,126,126,126,126,126,126,126,126,126,126,126,126,130,130,130],"card_choices":[{"not_picked":["Bludgeon","Corruption"],"picked":"Feed","floor":0},{"not_picked":["Whirlwind","Twin Strike"],"picked":"Wild Strike","floor":1},{"not_picked":["Flex","Pommel Strike"],"picked":"Pummel","floor":2},{"not_picked":["Flex","Entrench"],"picked":"Rage","floor":3},{"not_picked":["Perfected Strike","Body Slam"],"picked":"Havoc","floor":4},{"not_picked":["Whirlwind","Headbutt"],"picked":"Clash","floor":5},{"not_picked":["Blood for Blood","Berserk","Combust"],"picked":"SKIP","floor":7},{"not_picked":["Demon Form","Disarm+1"],"picked":"Anger","floor":10},{"not_picked":["Entrench+1","Disarm+1"],"picked":"Rage+1","floor":11},{"not_picked":["Clothesline","Armaments+1"],"picked":"Power Through+1","floor":12},{"not_picked":["Corruption","Reaper"],"picked":"Immolate","floor":16},{"not_picked":["Flex+1","Clothesline"],"picked":"Pummel","floor":18},{"not_picked":["Heavy Blade+1","Burning Pact+1"],"picked":"Fire Breathing","floor":19},{"not_picked":["Pommel Strike","Bludgeon","Body Slam"],"picked":"SKIP","floor":20},{"not_picked":["True Grit+1","Iron Wave"],"picked":"Warcry+1","floor":24},{"not_picked":["Armaments+1","Clash+1"],"picked":"Feel No Pain","floor":25},{"not_picked":["Demon Form","Flex+1"],"picked":"True Grit+1","floor":28},{"not_picked":["Barricade","Rampage"],"picked":"Burning Pact+1","floor":30},{"not_picked":["Twin Strike","Heavy Blade+1"],"picked":"Power Through+1","floor":34},{"not_picked":["Searing Blow+1","Intimidate+1"],"picked":"Wild Strike+1","floor":35},{"not_picked":["Clash","Whirlwind+1"],"picked":"Shrug It Off+1","floor":36},{"not_picked":["Heavy Blade+1","Iron Wave"],"picked":"Power Through+1","floor":37},{"not_picked":["Thunderclap","Pommel Strike"],"picked":"Intimidate+1","floor":38},{"not_picked":["Havoc+1","Infernal Blade+1"],"picked":"Pummel+1","floor":41},{"not_picked":["Carnage+1","Burning Pact+1"],"picked":"Infernal Blade+1","floor":44},{"not_picked":["Body Slam","Flex+1"],"picked":"Disarm+1","floor":45},{"not_picked":["Headbutt","Entrench+1"],"picked":"Evolve","floor":46},{"not_picked":["Flex+1","Fiend Fire"],"picked":"Armaments+1","floor":48}],"player_experience":249152,"relics_obtained":[{"floor":7,"key":"Toxic Egg 2"},{"floor":9,"key":"Matryoshka"},{"floor":10,"key":"Tiny Chest"},{"floor":11,"key":"Odd Mushroom"},{"floor":12,"key":"HornCleat"},{"floor":21,"key":"Smiling Mask"},{"floor":21,"key":"StoneCalendar"},{"floor":25,"key":"Bag of Preparation"},{"floor":26,"key":"MealTicket"},{"floor":26,"key":"Happy Flower"},{"floor":27,"key":"Necronomicon"},{"floor":30,"key":"TungstenRod"},{"floor":36,"key":"Gambling Chip"},{"floor":39,"key":"Bronze Scales"},{"floor":41,"key":"Du-Vu Doll"},{"floor":43,"key":"InkBottle"},{"floor":44,"key":"Charon\u0027s Ashes"}],"event_choices":[{"damage_healed":0,"gold_gain":0,"player_choice":"Fought Mushrooms","damage_taken":0,"max_hp_gain":0,"max_hp_loss":0,"event_name":"Mushrooms","floor":11,"gold_loss":0},{"damage_healed":0,"gold_gain":30,"player_choice":"Searched \u00273\u0027 times","damage_taken":0,"max_hp_gain":0,"max_hp_loss":0,"event_name":"Dead Adventurer","floor":12,"gold_loss":0},{"damage_healed":0,"gold_gain":0,"player_choice":"Got Potions","damage_taken":0,"max_hp_gain":0,"max_hp_loss":0,"event_name":"Lab","floor":14,"gold_loss":0},{"damage_healed":0,"gold_gain":0,"player_choice":"Obtained Book","damage_taken":16,"max_hp_gain":0,"max_hp_loss":0,"event_name":"Cursed Tome","floor":27,"gold_loss":0},{"damage_healed":0,"gold_gain":0,"player_choice":"Ignored","damage_taken":0,"max_hp_gain":0,"max_hp_loss":0,"event_name":"Vampires","floor":31,"gold_loss":0},{"damage_healed":0,"gold_gain":0,"player_choice":"Fight","damage_taken":0,"max_hp_gain":0,"max_hp_loss":0,"event_name":"Mysterious Sphere","floor":36,"gold_loss":0},{"damage_healed":0,"gold_gain":0,"player_choice":"Ignored","damage_taken":0,"max_hp_gain":0,"max_hp_loss":0,"event_name":"SecretPortal","floor":42,"gold_loss":0}],"is_beta":false,"boss_relics":[{"not_picked":["SlaversCollar","Runic Pyramid"],"picked":"Mark of Pain"},{"not_picked":["Pandora\u0027s Box","Black Star"],"picked":"Tiny House"}],"items_purged_floors":[13,22],"is_endless":false,"potions_floor_spawned":[2,10,11,12,18,19,20,33,35,41,46],"ascension_level":4}}