{"host":"dmtlrev5pkc1867p","time":1612665802,"event":{"mods":["BaseMod","Colored Map","Downfall","Hermit","Marisa¡]Ãú«B¡@Å]²z¨F¡^","Minty Spire (QoL Compilation)","Replay The Spire","StSLib","SuperFastMode","The Cursed","The Disciple","The Necromancer","The Runesmith","The Servant 0.9.4"],"gold_per_floor":[210,229,249,262,342,367,440,455,475,674,692,710,510,25,25,125,125,140,155,155,155,174,186,186,205,113,113,113,113],"floor_reached":28,"language":"ZHS","playtime":1607,"items_purged":[],"score":367,"play_id":"bb8ec5b9-040b-4495-b800-5740f5feee02","local_time":"20210207104322","is_ascension_mode":true,"campfire_choices":[{"floor":13.0,"key":"REST"},{"floor":15.0,"key":"RECALL"}],"circlet_count":0,"master_deck":["Strike_W+1","Strike_W+1","Strike_W+1","Strike_W+1","Defend_W+1","Defend_W+1","Defend_W+1","Defend_W+1","Negative_Energy_Arrows","Bone_Wall+1","Blood_for_Blood","Toxic_Smoke_Screen+1","Bone_Armory","Finger_Of_Death","Corrupt","Life_Drain","Summon_Undead_Army","Strike_from_Beyond","Negative_Energy_Sphere","Vampiric_Strike","Cloudkill","Summon_Undead_Army","Plague_Bolt+1","Summon_Death_Knight","Negative_Energy_Mist","Cloudkill","Necrotic_Claws","Blood_Is_Power","Negative_Energy_Mist","Negative_Energy_Mist","Requiem","Summon_Undead_Army","Bone_Spikes","Shade_Step+1","Uncharnel","Bone_Prison","Bone_Shift","Bone_Armory"],"relics":["Vampire_Amulet","Du-Vu Doll","downfall:HeartBlessingBlue","downfall:HeartBlessingGreen","Vajra","Orrery","Philosopher\u0027s Stone","War Paint","Nilry\u0027s Codex"],"acts_visited":["Exordium","TheCity"],"potions_floor_usage":[28],"damage_taken":[{"damage":1.0,"enemies":"Jaw Worm","floor":1.0,"turns":5.0},{"damage":2.0,"enemies":"2 Louse","floor":2.0,"turns":4.0},{"damage":2.0,"enemies":"Small Slimes","floor":3.0,"turns":4.0},{"damage":22.0,"enemies":"Exordium Wildlife","floor":4.0,"turns":10.0},{"damage":33.0,"enemies":"Gremlin Nob","floor":6.0,"turns":6.0},{"damage":3.0,"enemies":"Blue Slaver","floor":8.0,"turns":6.0},{"damage":4.0,"enemies":"Large Slime","floor":9.0,"turns":7.0},{"damage":10.0,"enemies":"Exordium Wildlife","floor":11.0,"turns":4.0},{"damage":15.0,"enemies":"Exordium Thugs","floor":12.0,"turns":6.0},{"damage":0.0,"enemies":"downfall:FleeingMerchant","floor":14.0,"turns":4.0},{"damage":19.0,"enemies":"SI_SHIV_ARCHETYPE","floor":16.0,"turns":7.0},{"damage":28.0,"enemies":"Spheric Guardian","floor":18.0,"turns":5.0},{"damage":4.0,"enemies":"Chosen","floor":19.0,"turns":5.0},{"damage":16.0,"enemies":"Snecko","floor":22.0,"turns":4.0},{"damage":28.0,"enemies":"3 Cultists","floor":23.0,"turns":4.0},{"damage":22.0,"enemies":"Centurion and Healer","floor":25.0,"turns":5.0},{"damage":2.0,"enemies":"downfall:FleeingMerchant","floor":26.0,"turns":5.0},{"damage":0,"enemies":"Sentry and Sphere","floor":28,"turns":2}],"seed_played":"1846852685612122794","potions_obtained":[{"floor":2.0,"key":"Block Potion"},{"floor":3.0,"key":"champ:CounterPotion"},{"floor":12.0,"key":"Elixir"},{"floor":16.0,"key":"SteroidPotion"},{"floor":22.0,"key":"SpeedPotion"},{"floor":23.0,"key":"Energy Potion"}],"is_trial":false,"path_per_floor":["M","M","M","M","?","E","T","M","M","?","M","M","R","$","R","B",null,"M","M","?","?","M","M","T","M","$","?","M"],"character_chosen":"NECROMANCER","items_purchased":["Summon_Undead_Army","Plague_Bolt+1","Vajra","Orrery","Negative_Energy_Mist","Bone_Armory"],"campfire_rested":1,"item_purchase_floors":[14,14,14,14,14,26],"current_hp_per_floor":[75,75,75,56,56,25,25,24,36,36,36,35,70,78,78,61,85,65,69,69,69,57,35,35,17,23,7,9,9],"gold":113,"neow_bonus":"HUNDRED_GOLD","is_daily":false,"chose_seed":false,"campfire_upgraded":0,"win_rate":0.0,"timestamp":1612665802,"path_taken":["M","M","M","M","?","E","T","M","M","?","M","M","R","$","R","BOSS","BOSS","M","M","?","?","M","M","T","M","$","?","M"],"items_purchased_type":["Card","Card","Relic","Relic","Card","Card"],"build_version":"2020-12-22","purchased_purges":0,"victory":false,"max_hp_per_floor":[75,75,75,75,75,75,75,75,75,75,75,75,85,85,85,85,85,85,85,85,85,85,85,85,85,85,85,85,85],"card_choices":[{"not_picked":["Bone_Spikes","Exploit"],"picked":"Blood_for_Blood","floor":1.0},{"not_picked":["Bone_Spikes","Blood_Whip"],"picked":"Toxic_Smoke_Screen","floor":2.0},{"not_picked":["Toxic_Smoke_Screen","Chill_Blood"],"picked":"Bone_Armory","floor":3.0},{"not_picked":["Chill_Blood","Negative_Energy_Shield"],"picked":"Finger_Of_Death","floor":4.0},{"not_picked":["Violent_Necrosis","Toxic_Smoke_Screen"],"picked":"Corrupt","floor":6.0},{"not_picked":["Negative_Energy_Burst","Bone_Bullets"],"picked":"Life_Drain","floor":8.0},{"not_picked":["Bone_Shift","Blood_Curse"],"picked":"Summon_Undead_Army","floor":9.0},{"not_picked":["Negative_Energy_Shield","Epidemic"],"picked":"Strike_from_Beyond","floor":10.0},{"not_picked":["Death_Coil","Vampiric_Strike"],"picked":"Negative_Energy_Sphere","floor":11.0},{"not_picked":["Scare","Violent_Necrosis"],"picked":"Vampiric_Strike","floor":12.0},{"not_picked":["Deaths_Shadow","Vampiric_Strike"],"picked":"Cloudkill","floor":14.0},{"not_picked":["Plague_Bolt","Blood_Curse"],"picked":"Summon_Death_Knight","floor":14.0},{"not_picked":["Negative_Energy_Javelin","Bone_Spikes"],"picked":"Negative_Energy_Mist","floor":14.0},{"not_picked":["Finger_Of_Death","Bone_Spikes"],"picked":"Cloudkill","floor":14.0},{"not_picked":["Blood_Curse","Exploit"],"picked":"Necrotic_Claws","floor":14.0},{"not_picked":["Bones_to_Steel","Bone_Bullets"],"picked":"Blood_Is_Power","floor":14.0},{"not_picked":["Reap_The_Weak","Hellfire"],"picked":"Requiem","floor":16.0},{"not_picked":["Vampiric_Strike","Consume_Illness"],"picked":"Summon_Undead_Army","floor":18.0},{"not_picked":["Scare","Bone_Shift"],"picked":"Bone_Spikes","floor":19.0},{"not_picked":["Death_March_Dance","Chill_Blood"],"picked":"Shade_Step+1","floor":22.0},{"not_picked":["Consume_Illness","Blood_Curse"],"picked":"Uncharnel","floor":23.0},{"not_picked":["Negative_Energy_Shield+1","Blood_Curse"],"picked":"Bone_Prison","floor":25.0},{"not_picked":["Scare","Death_March_Dance"],"picked":"Bone_Shift","floor":26.0}],"player_experience":620910,"relics_obtained":[{"floor":6.0,"key":"Du-Vu Doll"},{"floor":24.0,"key":"War Paint"},{"floor":27.0,"key":"Nilry\u0027s Codex"}],"event_choices":[{"damage_healed":0.0,"max_hp_gain":0.0,"max_hp_loss":0.0,"gold_gain":0.0,"event_name":"Back to Basics","player_choice":"Simplicity","floor":21.0,"gold_loss":0.0,"damage_taken":0.0,"cards_upgraded":["Strike_W","Strike_W","Strike_W","Strike_W","Defend_W","Defend_W","Defend_W","Defend_W"]}],"is_beta":false,"boss_relics":[{"not_picked":["Runesmith:UraniumAnvil","Black Star"],"picked":"Philosopher\u0027s Stone"}],"items_purged_floors":[],"is_endless":false,"potions_floor_spawned":[2,3,12,16,22,23],"killed_by":"Sentry and Sphere","ascension_level":1}}