{"host":"tjq6rykv202u6iqx","time":1612724032,"event":{"mods":["AchievementEnabler","BaseMod","Minty Spire (QoL Compilation)","Rare Cards Sparkle","Relic Stats"],"gold_per_floor":[115,127,127,20,40,40,74,74,74,108,128,53,122,155,155,229,229,247,247,257,268,13,43,54,54,80,80,114,129,129,156,156,156,156],"floor_reached":33,"language":"ENG","playtime":3036,"items_purged":[],"score":646,"play_id":"b610c4bd-387d-4911-a4f4-8898fe607bb3","local_time":"20210207125352","is_ascension_mode":true,"campfire_choices":[{"data":"Clothesline","floor":6.0,"key":"SMITH"},{"data":"Iron Wave","floor":8.0,"key":"SMITH"},{"data":"Bash","floor":15.0,"key":"SMITH"},{"data":"Reaper","floor":25,"key":"SMITH"},{"data":"Shrug It Off","floor":27,"key":"SMITH"},{"data":"Twin Strike","floor":30,"key":"SMITH"},{"data":"PanicButton","floor":32,"key":"SMITH"}],"circlet_count":0,"master_deck":["AscendersBane","Strike_R","Strike_R","Strike_R","Defend_R","Defend_R","Defend_R","Defend_R","Bash+1","Inflame","Twin Strike+1","Juggernaut","Iron Wave+1","Wild Strike","Clothesline+1","Shrug It Off+1","Evolve","True Grit","Reaper+1","Anger","Combust","PanicButton+1","Pommel Strike+1","Headbutt","Immolate"],"relics":["Burning Blood","Shuriken","Smiling Mask","Magic Flower","Lizard Tail","Coffee Dripper","OrangePellets","The Courier","Pen Nib","Toy Ornithopter","Paper Frog"],"acts_visited":["Exordium","TheCity"],"potions_floor_usage":[28,31],"damage_taken":[{"damage":13.0,"enemies":"2 Louse","floor":1.0,"turns":4.0},{"damage":1.0,"enemies":"Cultist","floor":2.0,"turns":3.0},{"damage":1.0,"enemies":"Small Slimes","floor":5.0,"turns":3.0},{"damage":1.0,"enemies":"Gremlin Nob","floor":7.0,"turns":3.0},{"damage":29.0,"enemies":"Lagavulin","floor":10.0,"turns":8.0},{"damage":4.0,"enemies":"Looter","floor":11.0,"turns":2.0},{"damage":6.0,"enemies":"3 Sentries","floor":14.0,"turns":7.0},{"damage":50.0,"enemies":"The Guardian","floor":16.0,"turns":12.0},{"damage":33.0,"enemies":"Spheric Guardian","floor":18.0,"turns":7.0},{"damage":13.0,"enemies":"3 Byrds","floor":20.0,"turns":7.0},{"damage":13.0,"enemies":"Centurion and Healer","floor":21.0,"turns":7.0},{"damage":39.0,"enemies":"Slavers","floor":23.0,"turns":6.0},{"damage":34,"enemies":"Shelled Parasite and Fungi","floor":24,"turns":8},{"damage":46,"enemies":"Book of Stabbing","floor":28,"turns":7},{"damage":51,"enemies":"Cultist and Chosen","floor":29,"turns":7},{"damage":46,"enemies":"Gremlin Leader","floor":31,"turns":6},{"damage":75,"enemies":"Automaton","floor":33,"turns":8}],"seed_played":"7373770508496761219","potions_obtained":[{"floor":2.0,"key":"FearPotion"},{"floor":5.0,"key":"SkillPotion"},{"floor":7.0,"key":"FearPotion"},{"floor":14.0,"key":"DuplicationPotion"},{"floor":16.0,"key":"Regen Potion"},{"floor":20.0,"key":"SpeedPotion"},{"floor":28,"key":"SteroidPotion"},{"floor":29,"key":"Dexterity Potion"}],"is_trial":false,"path_per_floor":["M","M","?","$","M","R","E","R","T","E","M","?","?","E","R","B",null,"M","?","M","M","$","E","M","R","T","R","E","M","R","E","R","B"],"character_chosen":"IRONCLAD","items_purchased":["Iron Wave","Wild Strike","OrangePellets","PanicButton"],"campfire_rested":0,"item_purchase_floors":[4,4,22,22],"current_hp_per_floor":[68,73,73,73,78,78,82,82,82,59,64,64,64,67,67,26,68,44,20,51,65,65,43,18,18,18,18,59,46,46,70,70,0,0],"gold":156,"neow_bonus":"TEN_PERCENT_HP_BONUS","is_daily":false,"chose_seed":false,"campfire_upgraded":7,"win_rate":0.0,"timestamp":1612724032,"path_taken":["M","M","?","?","M","R","E","R","T","E","M","?","?","E","R","BOSS","M","?","M","M","$","E","M","R","T","R","E","M","R","E","R","BOSS"],"items_purchased_type":["Card","Card","Relic","Card"],"build_version":"2020-12-22","purchased_purges":0,"victory":false,"max_hp_per_floor":[82,82,82,82,82,82,82,82,82,82,82,82,82,82,82,82,82,82,87,87,87,87,87,87,87,87,87,87,87,87,87,87,87,87],"relic_stats":{"OrangePellets":[8],"Lizard Tail":65,"counters":[17,105],"Shuriken":[22],"Magic Flower":[112],"Pen Nib":[5],"Smiling Mask":0,"obtain_stats":[{"OrangePellets":22,"Lizard Tail":14,"Shuriken":7,"Magic Flower":10,"The Courier":23,"Pen Nib":26,"Coffee Dripper":17,"Smiling Mask":9,"Burning Blood":0,"Toy Ornithopter":28,"Paper Frog":31},{"OrangePellets":11,"Lizard Tail":7,"Shuriken":4,"Magic Flower":5,"The Courier":12,"Pen Nib":13,"Coffee Dripper":8,"Smiling Mask":4,"Burning Blood":0,"Toy Ornithopter":14,"Paper Frog":16},{"OrangePellets":63,"Lizard Tail":30,"Shuriken":13,"Magic Flower":21,"The Courier":69,"Pen Nib":77,"Coffee Dripper":42,"Smiling Mask":13,"Burning Blood":0,"Toy Ornithopter":84,"Paper Frog":97}],"Burning Blood":128,"Toy Ornithopter":8},"card_choices":[{"not_picked":["Body Slam","Evolve"],"picked":"Inflame","floor":1.0},{"not_picked":["True Grit","Perfected Strike"],"picked":"Twin Strike","floor":2.0},{"not_picked":["Heavy Blade","Rage"],"picked":"Clothesline","floor":5.0},{"not_picked":["Infernal Blade","Blood for Blood"],"picked":"Shrug It Off","floor":7.0},{"not_picked":["Shockwave","Uppercut"],"picked":"Evolve","floor":10.0},{"not_picked":["Heavy Blade","Searing Blow"],"picked":"True Grit","floor":11.0},{"not_picked":["Sword Boomerang","Rage","Havoc"],"picked":"SKIP","floor":14.0},{"not_picked":["Double Tap","Limit Break"],"picked":"Reaper","floor":16.0},{"not_picked":["True Grit","Twin Strike"],"picked":"Anger","floor":18.0},{"not_picked":["Clash","Blood for Blood"],"picked":"Combust","floor":20.0},{"not_picked":["Heavy Blade","Anger","Warcry"],"picked":"SKIP","floor":21.0},{"not_picked":["Rampage","Bloodletting","Clash"],"picked":"SKIP","floor":23.0},{"not_picked":["Sword Boomerang","Rampage","Anger"],"picked":"SKIP","floor":24},{"not_picked":["Searing Blow","Dropkick"],"picked":"Pommel Strike+1","floor":28},{"not_picked":["Havoc","Clash"],"picked":"Headbutt","floor":29},{"not_picked":["True Grit","Reckless Charge"],"picked":"Immolate","floor":31}],"player_experience":925274,"relics_obtained":[{"floor":7.0,"key":"Shuriken"},{"floor":9.0,"key":"Smiling Mask"},{"floor":10.0,"key":"Magic Flower"},{"floor":14.0,"key":"Lizard Tail"},{"floor":23.0,"key":"The Courier"},{"floor":26,"key":"Pen Nib"},{"floor":28,"key":"Toy Ornithopter"},{"floor":31,"key":"Paper Frog"}],"event_choices":[{"damage_healed":0.0,"max_hp_gain":0.0,"max_hp_loss":0.0,"gold_gain":0.0,"cards_transformed":["Strike_R"],"event_name":"Transmorgrifier","player_choice":"Transformed","floor":3.0,"gold_loss":0.0,"damage_taken":0.0,"cards_obtained":["Juggernaut"]},{"cards_removed":["Strike_R"],"damage_healed":0.0,"max_hp_gain":0.0,"max_hp_loss":0.0,"gold_gain":0.0,"event_name":"The Cleric","player_choice":"Card Removal","floor":12.0,"gold_loss":75.0,"damage_taken":0.0},{"damage_healed":0.0,"max_hp_gain":0.0,"max_hp_loss":0.0,"gold_gain":69.0,"event_name":"Golden Wing","player_choice":"Gained Gold","floor":13.0,"gold_loss":0.0,"damage_taken":0.0},{"damage_healed":0.0,"max_hp_gain":5.0,"max_hp_loss":0.0,"gold_gain":0.0,"event_name":"Forgotten Altar","player_choice":"Shed Blood","floor":19.0,"gold_loss":0.0,"damage_taken":29.0}],"is_beta":false,"boss_relics":[{"not_picked":["Ectoplasm","SacredBark"],"picked":"Coffee Dripper"}],"items_purged_floors":[],"is_endless":false,"potions_floor_spawned":[2,5,7,14,16,18,20,28,29],"killed_by":"Automaton","ascension_level":20}}