{"host":"d52brwsy6af8zvaq","time":1612665735,"event":{"mods":["AchievementEnabler","BaseMod","Bestiary","Highlight Path","Minty Spire (QoL Compilation)","Quick Restart","Relic Stats","ojb\u0027s Better Paths Mod"],"gold_per_floor":[109,123,143,218,241,241,276,43,69,69,81,81,158,187,187,187,187],"floor_reached":16,"language":"ENG","playtime":728,"items_purged":["Strike_B"],"score":216,"play_id":"13a2d0bc-70c6-4fdc-9fa9-a38789aa32cd","local_time":"20210206194215","is_ascension_mode":true,"campfire_choices":[{"data":"Zap","floor":6.0,"key":"SMITH"},{"floor":10.0,"key":"REST"},{"data":"Sunder","floor":12,"key":"SMITH"},{"data":"Static Discharge","floor":15,"key":"SMITH"}],"circlet_count":0,"master_deck":["AscendersBane","Strike_B","Strike_B","Strike_B","Defend_B","Defend_B","Defend_B","Defend_B","Zap+1","Dualcast","Static Discharge+1","Doom and Gloom","Electrodynamics","Cold Snap","Sunder+1","BootSequence","Conserve Battery"],"relics":["Cracked Core","Tiny Chest","Toy Ornithopter","Lantern","Regal Pillow"],"acts_visited":["Exordium"],"potions_floor_usage":[14,16],"damage_taken":[{"damage":7.0,"enemies":"Jaw Worm","floor":1.0,"turns":3.0},{"damage":4.0,"enemies":"2 Louse","floor":2.0,"turns":3.0},{"damage":6.0,"enemies":"Cultist","floor":3.0,"turns":3.0},{"damage":24.0,"enemies":"Lagavulin","floor":7.0,"turns":7.0},{"damage":6,"enemies":"Lots of Slimes","floor":11,"turns":3},{"damage":20,"enemies":"Gremlin Nob","floor":14,"turns":3},{"damage":28,"enemies":"Hexaghost","floor":16,"turns":9}],"seed_played":"2983118098701045005","potions_obtained":[{"floor":7.0,"key":"Weak Potion"},{"floor":14,"key":"SkillPotion"}],"is_trial":false,"path_per_floor":["M","M","M","?","T","R","E","$","T","R","M","R","?","E","R","B"],"character_chosen":"DEFECT","items_purchased":["Regen Potion","Sunder"],"campfire_rested":1,"item_purchase_floors":[8,8],"current_hp_per_floor":[64,60,54,43,43,43,19,19,19,42,36,36,36,21,21,0,0],"gold":187,"neow_bonus":"TEN_PERCENT_HP_BONUS","is_daily":false,"chose_seed":false,"campfire_upgraded":3,"win_rate":0.0,"timestamp":1612665735,"path_taken":["M","M","M","?","?","R","E","$","T","R","M","R","?","E","R","BOSS"],"items_purchased_type":["Potion","Card"],"build_version":"2020-12-22","purchased_purges":1,"victory":false,"max_hp_per_floor":[78,78,78,78,78,78,78,78,78,78,78,78,78,78,78,78,78],"relic_stats":{"Regal Pillow":0,"counters":[7,31],"Tiny Chest":0,"obtain_stats":[{"Lantern":9,"Regal Pillow":14,"Tiny Chest":5,"Cracked Core":0,"Toy Ornithopter":7},{"Lantern":4,"Regal Pillow":6,"Tiny Chest":3,"Cracked Core":0,"Toy Ornithopter":4},{"Lantern":16,"Regal Pillow":22,"Tiny Chest":9,"Cracked Core":0,"Toy Ornithopter":16}],"Toy Ornithopter":10},"card_choices":[{"not_picked":["Gash","Cold Snap"],"picked":"Static Discharge","floor":1.0},{"not_picked":["Coolheaded","Static Discharge"],"picked":"Doom and Gloom","floor":2.0},{"not_picked":["Go for the Eyes","Storm"],"picked":"Electrodynamics","floor":3.0},{"not_picked":["Gash","Amplify"],"picked":"Cold Snap","floor":7.0},{"not_picked":["Compile Driver","Static Discharge"],"picked":"BootSequence","floor":11},{"not_picked":["Ball Lightning","Recycle"],"picked":"Conserve Battery","floor":14}],"player_experience":2171431,"relics_obtained":[{"floor":5.0,"key":"Tiny Chest"},{"floor":7.0,"key":"Toy Ornithopter"},{"floor":9.0,"key":"Lantern"},{"floor":14,"key":"Regal Pillow"}],"event_choices":[{"damage_healed":0.0,"max_hp_gain":0.0,"max_hp_loss":0.0,"gold_gain":75.0,"event_name":"World of Goop","player_choice":"Gather Gold","floor":4.0,"gold_loss":0.0,"damage_taken":11.0},{"damage_healed":0,"gold_gain":77,"player_choice":"Gained Gold","damage_taken":0,"max_hp_gain":0,"max_hp_loss":0,"event_name":"Golden Wing","floor":13,"gold_loss":0}],"is_beta":false,"boss_relics":[],"items_purged_floors":[8],"is_endless":false,"potions_floor_spawned":[7,14],"killed_by":"Hexaghost","ascension_level":20}}