{"host":"zsnmfqgcm92hlreo","time":1612686498,"event":{"mods":["AchievementEnabler","BaseMod","Bestiary","Block Reminder","Colored Map","Colored Powertips","Minty Spire (QoL Compilation)","Permanent Neow","Quick Restart","Relic Stats","StSLib","Weighted Paths"],"gold_per_floor":[112,124,139,152,163,194,25,57,57,57,132,132,166,183,183,261,261,275,293,311,236,236,268,268,293,293,293,293,306,135,169,169,246,246,263,263,279,62,62,94,114,130,178,213,228,244,259,291,291,291,291],"floor_reached":50,"language":"ENG","playtime":1841,"items_purged":["Pain"],"score":1428,"play_id":"f2f7ed38-7750-4083-aa7d-7c90e5f3bfac","local_time":"20210207022818","is_ascension_mode":true,"campfire_choices":[{"floor":10.0,"key":"REST"},{"data":"Whirlwind","floor":15.0,"key":"SMITH"},{"data":"Shockwave","floor":24.0,"key":"SMITH"},{"data":"Immolate","floor":27.0,"key":"SMITH"},{"data":"Immolate","floor":32.0,"key":"SMITH"},{"floor":49.0,"key":"RECALL"}],"circlet_count":0,"master_deck":["AscendersBane","Strike_R+1","Strike_R+1","Strike_R+1","Strike_R+1","Defend_R+1","Defend_R+1","Defend_R+1","Defend_R+1","Bash","Inflame","Evolve","Infernal Blade","Feed","Whirlwind+1","Dropkick","Immolate+1","Disarm","Inflame","Flame Barrier","Reaper","Uppercut","Uppercut","Shockwave+1","Immolate+1","Double Tap","Heavy Blade","Armaments+1","Immolate","Spot Weakness","Shrug It Off","Twin Strike","Demon Form"],"relics":["Mark of Pain","StrikeDummy","Blood Vial","HornCleat","WarpedTongs","Meat on the Bone","Runic Dome","Ornamental Fan","Incense Burner","Matryoshka","PreservedInsect","Paper Frog","Snecko Eye","Red Skull","Smiling Mask","Mercury Hourglass","Pear"],"acts_visited":["Exordium","TheCity","TheBeyond"],"potions_floor_usage":[50,50],"damage_taken":[{"damage":9.0,"enemies":"Jaw Worm","floor":1.0,"turns":4.0},{"damage":3.0,"enemies":"2 Louse","floor":2.0,"turns":3.0},{"damage":2.0,"enemies":"Cultist","floor":3.0,"turns":4.0},{"damage":7.0,"enemies":"Looter","floor":4.0,"turns":3.0},{"damage":13.0,"enemies":"Red Slaver","floor":5.0,"turns":3.0},{"damage":20.0,"enemies":"3 Sentries","floor":6.0,"turns":4.0},{"damage":8.0,"enemies":"Gremlin Nob","floor":8.0,"turns":3.0},{"damage":3.0,"enemies":"3 Sentries","floor":13.0,"turns":4.0},{"damage":0.0,"enemies":"2 Fungi Beasts","floor":14.0,"turns":2.0},{"damage":44.0,"enemies":"The Guardian","floor":16.0,"turns":11.0},{"damage":6.0,"enemies":"Chosen","floor":18.0,"turns":3.0},{"damage":11.0,"enemies":"2 Thieves","floor":19.0,"turns":2.0},{"damage":21.0,"enemies":"Cultist and Chosen","floor":20.0,"turns":4.0},{"damage":0.0,"enemies":"Book of Stabbing","floor":23.0,"turns":3.0},{"damage":5.0,"enemies":"Slavers","floor":25.0,"turns":3.0},{"damage":0.0,"enemies":"Snecko","floor":29.0,"turns":3.0},{"damage":10.0,"enemies":"Book of Stabbing","floor":31.0,"turns":2.0},{"damage":26.0,"enemies":"Champ","floor":33.0,"turns":8.0},{"damage":0.0,"enemies":"3 Darklings","floor":35.0,"turns":2.0},{"damage":27.0,"enemies":"3 Shapes","floor":37.0,"turns":3.0},{"damage":0.0,"enemies":"Nemesis","floor":40.0,"turns":3.0},{"damage":13.0,"enemies":"Maw","floor":41.0,"turns":5.0},{"damage":0.0,"enemies":"4 Shapes","floor":42.0,"turns":1.0},{"damage":0.0,"enemies":"Reptomancer","floor":44.0,"turns":2.0},{"damage":0.0,"enemies":"Spire Growth","floor":45.0,"turns":2.0},{"damage":10.0,"enemies":"Maw","floor":46.0,"turns":5.0},{"damage":27.0,"enemies":"Transient","floor":47.0,"turns":6.0},{"damage":26.0,"enemies":"Giant Head","floor":48.0,"turns":5.0},{"damage":99,"enemies":"Donu and Deca","floor":50,"turns":5}],"seed_played":"7615435041819798205","potions_obtained":[{"floor":2.0,"key":"Fruit Juice"},{"floor":8.0,"key":"Dexterity Potion"},{"floor":13.0,"key":"DistilledChaos"},{"floor":14.0,"key":"SteroidPotion"},{"floor":19.0,"key":"BlessingOfTheForge"},{"floor":25.0,"key":"DistilledChaos"},{"floor":41.0,"key":"DuplicationPotion"}],"is_trial":false,"path_per_floor":["M","M","M","M","M","E","$","E","T","R","?","?","E","M","R","B",null,"M","M","M","$","?","E","R","E","T","R","?","M","$","E","R","B",null,"M","$","M","$","?","E","M","M","T","E","M","M","M","E","R","B"],"character_chosen":"IRONCLAD","items_purchased":["Immolate","PreservedInsect","Immolate","Spot Weakness"],"campfire_rested":1,"item_purchase_floors":[7,30,38,38],"current_hp_per_floor":[59,61,59,52,42,22,22,14,14,38,27,27,30,44,44,18,73,73,80,70,70,70,76,76,98,98,98,98,99,99,92,92,80,97,99,99,74,74,74,88,84,86,86,100,100,90,73,71,71,0,0],"gold":291,"neow_bonus":"BOSS_RELIC","is_daily":false,"chose_seed":false,"campfire_upgraded":4,"win_rate":0.0,"timestamp":1612686498,"path_taken":["M","M","M","M","M","E","$","E","T","R","?","?","E","M","R","BOSS","M","M","?","$","?","E","R","E","T","R","?","?","$","E","R","BOSS","M","$","M","$","?","E","M","M","T","E","M","M","M","E","R","BOSS"],"items_purchased_type":["Card","Relic","Card","Card"],"build_version":"2020-12-22","purchased_purges":1,"victory":false,"max_hp_per_floor":[75,80,80,80,83,83,83,83,83,83,83,83,87,87,87,91,91,91,91,91,91,91,95,95,99,99,99,99,99,99,102,102,102,102,102,102,102,102,97,97,97,97,97,100,100,100,100,110,110,110,110],"relic_stats":{"Blood Vial":37,"counters":[29,108],"Ornamental Fan":[108],"Snecko Eye":[58,66,67,64],"PreservedInsect":286,"Smiling Mask":0,"obtain_stats":[{"Pear":48,"PreservedInsect":30,"Incense Burner":25,"Smiling Mask":43,"Burning Blood":0,"WarpedTongs":12,"Mercury Hourglass":44,"Blood Vial":8,"Runic Dome":17,"HornCleat":9,"Matryoshka":26,"Ornamental Fan":23,"Snecko Eye":34,"Mark of Pain":0,"StrikeDummy":6,"Red Skull":40,"Meat on the Bone":13,"Paper Frog":31},{"Pear":28,"PreservedInsect":16,"Incense Burner":15,"Smiling Mask":23,"Burning Blood":0,"WarpedTongs":7,"Mercury Hourglass":24,"Blood Vial":7,"Runic Dome":10,"HornCleat":7,"Matryoshka":15,"Ornamental Fan":14,"Snecko Eye":18,"Mark of Pain":0,"StrikeDummy":6,"Red Skull":21,"Meat on the Bone":8,"Paper Frog":17},{"Pear":103,"PreservedInsect":59,"Incense Burner":56,"Smiling Mask":83,"Burning Blood":0,"WarpedTongs":24,"Mercury Hourglass":85,"Blood Vial":24,"Runic Dome":41,"HornCleat":24,"Matryoshka":56,"Ornamental Fan":53,"Snecko Eye":69,"Mark of Pain":0,"StrikeDummy":21,"Red Skull":77,"Meat on the Bone":28,"Paper Frog":61}],"WarpedTongs":[84],"Meat on the Bone":36,"Mercury Hourglass":[66]},"card_choices":[{"not_picked":["Cleave","Havoc"],"picked":"Inflame","floor":1.0},{"not_picked":["Anger","Sword Boomerang"],"picked":"Evolve","floor":2.0},{"not_picked":["Infernal Blade","Anger","Havoc"],"picked":"SKIP","floor":3.0},{"not_picked":["Anger","Havoc"],"picked":"Infernal Blade","floor":3.0},{"not_picked":["True Grit","Havoc"],"picked":"Feed","floor":4.0},{"not_picked":["Twin Strike","Shrug It Off"],"picked":"Whirlwind","floor":5.0},{"not_picked":["Flex","Carnage"],"picked":"Dropkick","floor":6.0},{"not_picked":["Intimidate","Clothesline"],"picked":"Disarm","floor":8.0},{"not_picked":["Dual Wield","Battle Trance"],"picked":"Inflame","floor":13.0},{"not_picked":["Combust","Perfected Strike"],"picked":"Flame Barrier","floor":14.0},{"not_picked":["Juggernaut","Bludgeon"],"picked":"Reaper","floor":16.0},{"not_picked":["Cleave+1","True Grit"],"picked":"Uppercut","floor":18.0},{"not_picked":["Headbutt","Combust","Perfected Strike"],"picked":"SKIP","floor":19.0},{"not_picked":["Havoc","Thunderclap"],"picked":"Uppercut","floor":20.0},{"not_picked":["Power Through","Rupture"],"picked":"Shockwave","floor":23.0},{"not_picked":["Thunderclap","Warcry","Armaments"],"picked":"SKIP","floor":25.0},{"not_picked":["Clothesline","Flex","Iron Wave"],"picked":"SKIP","floor":29.0},{"not_picked":["Pommel Strike","Evolve"],"picked":"Immolate","floor":31.0},{"not_picked":["Brutality","Feed"],"picked":"Double Tap","floor":33.0},{"not_picked":["Twin Strike","Inflame"],"picked":"Heavy Blade","floor":35.0},{"not_picked":["Cleave","Flex"],"picked":"Armaments+1","floor":37.0},{"not_picked":["Second Wind","Hemokinesis"],"picked":"Shrug It Off","floor":40.0},{"not_picked":["Ghostly Armor","Armaments","Feel No Pain"],"picked":"SKIP","floor":41.0},{"not_picked":["Armaments+1","Hemokinesis+1","Intimidate"],"picked":"SKIP","floor":42.0},{"not_picked":["Warcry","Intimidate"],"picked":"Twin Strike","floor":44.0},{"not_picked":["Twin Strike","Havoc","Reckless Charge"],"picked":"SKIP","floor":45.0},{"not_picked":["Shrug It Off","Twin Strike","Flex"],"picked":"SKIP","floor":46.0},{"not_picked":["Battle Trance+1","Perfected Strike"],"picked":"Demon Form","floor":47.0},{"not_picked":["Sever Soul","Shrug It Off","Body Slam"],"picked":"SKIP","floor":48.0}],"player_experience":806565,"relics_obtained":[{"floor":6.0,"key":"StrikeDummy"},{"floor":8.0,"key":"Blood Vial"},{"floor":9.0,"key":"HornCleat"},{"floor":13.0,"key":"Meat on the Bone"},{"floor":23.0,"key":"Ornamental Fan"},{"floor":25.0,"key":"Incense Burner"},{"floor":26.0,"key":"Matryoshka"},{"floor":31.0,"key":"Paper Frog"},{"floor":40.0,"key":"Red Skull"},{"floor":43.0,"key":"Smiling Mask"},{"floor":44.0,"key":"Mercury Hourglass"},{"floor":48.0,"key":"Pear"}],"event_choices":[{"damage_healed":0.0,"max_hp_gain":0.0,"max_hp_loss":0.0,"gold_gain":75.0,"event_name":"World of Goop","player_choice":"Gather Gold","floor":11.0,"gold_loss":0.0,"damage_taken":11.0},{"damage_healed":0.0,"max_hp_gain":0.0,"max_hp_loss":0.0,"gold_gain":0.0,"event_name":"Accursed Blacksmith","player_choice":"Rummage","floor":12.0,"gold_loss":0.0,"damage_taken":0.0,"relics_obtained":["WarpedTongs"],"cards_obtained":["Pain"]},{"damage_healed":0.0,"max_hp_gain":0.0,"max_hp_loss":0.0,"gold_gain":0.0,"event_name":"Back to Basics","player_choice":"Simplicity","floor":22.0,"gold_loss":0.0,"damage_taken":0.0,"cards_upgraded":["Strike_R","Strike_R","Strike_R","Strike_R","Strike_R","Defend_R","Defend_R","Defend_R","Defend_R"]},{"cards_removed":["Strike_R"],"damage_healed":0.0,"max_hp_gain":0.0,"max_hp_loss":0.0,"gold_gain":0.0,"event_name":"Purifier","player_choice":"Purged","floor":28.0,"gold_loss":0.0,"damage_taken":0.0},{"damage_healed":0.0,"max_hp_gain":0.0,"max_hp_loss":5.0,"gold_gain":0.0,"event_name":"Winding Halls","player_choice":"Max HP","floor":39.0,"gold_loss":0.0,"damage_taken":0.0}],"is_beta":false,"boss_relics":[{"not_picked":["SacredBark","Runic Cube"],"picked":"Runic Dome"},{"not_picked":["SlaversCollar","Sozu"],"picked":"Snecko Eye"}],"items_purged_floors":[21],"is_endless":false,"potions_floor_spawned":[2,8,13,14,18,19,25,29,33,41,44,45,46],"killed_by":"Donu and Deca","ascension_level":20}}