{"host":"pi2z80vhrvi710xz","time":1612694206,"event":{"mods":["2.2 Compatiblity","AchievementEnabler","BaseMod","Colored Map","DeckTracker","Highlight Path","KOR Keyword Fix","Keyboard Shortcuts","Marisa£¨Ùöéë¡¡Øª×âÞÞ£©","Minty Spire (QoL Compilation)","Permanent Neow","Quick Restart","StSLib","SuperFastMode","everything is the same but u backflip on backflip"],"gold_per_floor":[118,21,52,77,77,127,127,157,205,220,253,301,301,345,345,458,458,492,508,107,107,120,160,160,187,187,213,241,8,39,39,39,154,154,172,184,59,90,123,123,158,158,237,248,279,0,0,32,32,32],"floor_reached":51,"language":"KOR","playtime":2462,"items_purged":["Decay","Defend_MRS","Strike_MRS"],"score":1060,"play_id":"5b93d406-9315-497a-8e7c-cba02010d77b","local_time":"20210207193646","is_ascension_mode":true,"campfire_choices":[{"data":"MysteriousBeam","floor":7,"key":"SMITH"},{"floor":13,"key":"REST"},{"floor":15,"key":"REST"},{"data":"CollectingQuirk","floor":24,"key":"SMITH"},{"floor":32,"key":"REST"},{"data":"CasketOfStar","floor":40,"key":"SMITH"},{"data":"BigCrunch","floor":42,"key":"SMITH"},{"data":"SuperPerseids","floor":47,"key":"SMITH"},{"floor":49,"key":"REST"}],"circlet_count":0,"master_deck":["Strike_MRS","Defend_MRS","Defend_MRS","MasterSpark","UpSweep","TreasureHunter","MysteriousBeam+1","WitchOfGreed","6A","MagicAbsorber","Acceleration","ShootTheMoon","GrandCross","NonDirectionalLaser","MilkyWay","CollectingQuirk+1","WitchLeyline","6A","AlicesGift","CasketOfStar+1","ManaConvection+1","Acceleration","GasGiant+1","Decay","SuperPerseids+1","BigCrunch+1","PowerUp+1","UltimateShortwave+1","DarkMatter+1","6A+1","MilkyWay+1","ShootingEcho+1","ShootingEcho","GrandCross+1","ShootingEcho","PowerUp+1","SuperPerseids"],"relics":["MiniHakkero","Vajra","Bottled Flame","Calipers","MealTicket","Lantern","Bag of Preparation","InkBottle","Ancient Tea Set","SlaversCollar","Bag of Marbles","Centennial Puzzle","Gambling Chip","Bottled Tornado","MawBank","Sling","Dream Catcher","Astrolabe","Pantograph","AmplifyWand","Red Mask","Mummified Hand"],"acts_visited":["Exordium","TheCity","TheBeyond"],"potions_floor_usage":[4,8,12,14,16,16,18,22,23,23,25,28,28,29,45,50,50,50],"damage_taken":[{"damage":0,"enemies":"Small Slimes","floor":1,"turns":3},{"damage":1,"enemies":"Cultist","floor":3,"turns":3},{"damage":1,"enemies":"2 Louse","floor":4,"turns":2},{"damage":22,"enemies":"3 Sentries","floor":6,"turns":6},{"damage":0,"enemies":"Exordium Thugs","floor":8,"turns":4},{"damage":0,"enemies":"Blue Slaver","floor":10,"turns":1},{"damage":13,"enemies":"Exordium Wildlife","floor":11,"turns":3},{"damage":19,"enemies":"Lagavulin","floor":12,"turns":10},{"damage":9,"enemies":"3 Sentries","floor":14,"turns":5},{"damage":37,"enemies":"Hexaghost","floor":16,"turns":6},{"damage":12,"enemies":"3 Byrds","floor":18,"turns":3},{"damage":0,"enemies":"Shell Parasite","floor":19,"turns":1},{"damage":0,"enemies":"3 Cultists","floor":22,"turns":1},{"damage":25,"enemies":"Gremlin Leader","floor":23,"turns":5},{"damage":0,"enemies":"Slavers","floor":25,"turns":1},{"damage":16,"enemies":"Centurion and Healer","floor":27,"turns":3},{"damage":21,"enemies":"Snake Plant","floor":28,"turns":2},{"damage":0,"enemies":"Book of Stabbing","floor":30,"turns":1},{"damage":38,"enemies":"Automaton","floor":33,"turns":6},{"damage":0,"enemies":"3 Shapes","floor":35,"turns":2},{"damage":22,"enemies":"3 Darklings","floor":36,"turns":3},{"damage":15,"enemies":"Maw","floor":38,"turns":5},{"damage":6,"enemies":"Jaw Worm Horde","floor":39,"turns":6},{"damage":0,"enemies":"Reptomancer","floor":41,"turns":2},{"damage":0,"enemies":"Writhing Mass","floor":44,"turns":1},{"damage":10,"enemies":"3 Darklings","floor":45,"turns":2},{"damage":0,"enemies":"Nemesis","floor":48,"turns":1},{"damage":0,"enemies":"Donu and Deca","floor":50,"turns":4}],"seed_played":"-2615753926786103507","potions_obtained":[{"floor":1,"key":"StarNLove"},{"floor":3,"key":"Energy Potion"},{"floor":3,"key":"FearPotion"},{"floor":4,"key":"LiquidMemories"},{"floor":6,"key":"SkillPotion"},{"floor":8,"key":"LiquidBronze"},{"floor":11,"key":"BottledSpark"},{"floor":11,"key":"BlessingOfTheForge"},{"floor":12,"key":"FearPotion"},{"floor":16,"key":"Explosive Potion"},{"floor":18,"key":"SkillPotion"},{"floor":18,"key":"Explosive Potion"},{"floor":19,"key":"GamblersBrew"},{"floor":22,"key":"ColorlessPotion"},{"floor":23,"key":"LiquidMemories"},{"floor":27,"key":"PowerPotion"},{"floor":33,"key":"DuplicationPotion"},{"floor":39,"key":"Energy Potion"},{"floor":39,"key":"BottledSpark"},{"floor":44,"key":"ColorlessPotion"},{"floor":45,"key":"DuplicationPotion"}],"is_trial":false,"path_per_floor":["M","$","M","M","?","E","R","M","T","M","M","E","R","E","R","B",null,"M","M","$","?","M","E","R","E","T","M","M","$","E","?","R","B",null,"M","M","$","M","M","R","E","R","T","M","M","?","R","E","R","B",null],"character_chosen":"MARISA","items_purchased":["WitchOfGreed","Bag of Marbles","Centennial Puzzle","Sling","Fruit Juice"],"campfire_rested":4,"item_purchase_floors":[2,20,20,29,29],"current_hp_per_floor":[75,75,74,73,73,51,51,51,51,51,38,19,41,32,54,17,75,63,63,75,75,75,50,50,50,50,34,13,33,33,33,57,19,80,80,58,73,58,52,52,52,52,52,52,42,42,42,42,66,80],"gold":32,"neow_bonus":"THREE_RARE_CARDS","is_daily":false,"chose_seed":false,"campfire_upgraded":5,"win_rate":0.0,"timestamp":1612694206,"path_taken":["M","$","M","M","?","E","R","M","T","?","M","E","R","E","R","BOSS","M","M","$","?","M","E","R","E","T","M","M","$","E","?","R","BOSS","M","M","$","?","M","R","E","R","T","M","?","?","R","E","R","BOSS"],"items_purchased_type":["Card","Relic","Relic","Relic","Potion"],"build_version":"2020-12-22","purchased_purges":3,"victory":true,"max_hp_per_floor":[75,75,75,75,75,75,75,75,75,75,75,75,75,75,75,75,75,75,75,75,75,75,75,75,75,75,75,75,80,80,80,80,80,80,80,80,80,80,80,80,80,80,80,80,80,80,80,80,80,80],"card_choices":[{"not_picked":["CollectingQuirk","FinalSpark"],"picked":"TreasureHunter","floor":0},{"not_picked":["ChargingUp","SporeBomb"],"picked":"MysteriousBeam","floor":1},{"not_picked":["IllusionStar","StarlightTyphoon","MaximisePower"],"picked":"SKIP","floor":3},{"not_picked":["WitchOfGreed","SporeBomb"],"picked":"6A","floor":4},{"not_picked":["PulseMagic","GrandCross"],"picked":"MagicAbsorber","floor":6},{"not_picked":["GrandCross","PowerUp"],"picked":"Acceleration","floor":8},{"not_picked":["FairyDestructionRay","DoubleSpark"],"picked":"ShootTheMoon","floor":10},{"not_picked":["DoubleSpark","FairyDestructionRay"],"picked":"GrandCross","floor":11},{"not_picked":["WitchOfGreed","MagicAbsorber"],"picked":"NonDirectionalLaser","floor":12},{"not_picked":["OneTimeOff","WitchOfGreed"],"picked":"MilkyWay","floor":14},{"not_picked":["ManaRampage","BlazingStar"],"picked":"CollectingQuirk","floor":16},{"not_picked":["StarlightTyphoon","GravityBeat"],"picked":"WitchLeyline","floor":18},{"not_picked":["UnstableBomb+1","GrandCross"],"picked":"6A","floor":19},{"not_picked":["WitchOfGreed","MilkyWay"],"picked":"AlicesGift","floor":22},{"not_picked":["GalacticHalo+1","SporeBomb"],"picked":"CasketOfStar","floor":23},{"not_picked":["ShootTheMoon","WitchOfGreed+1","FairyDestructionRay"],"picked":"SKIP","floor":25},{"not_picked":["Robbery","DC"],"picked":"ManaConvection+1","floor":27},{"not_picked":["ShootingEcho+1","OneTimeOff+1"],"picked":"Acceleration","floor":28},{"not_picked":["WitchOfGreed","FairyDestructionRay"],"picked":"GasGiant+1","floor":30},{"not_picked":["GrandCross","WitchOfGreed+1"],"picked":"SuperPerseids","floor":32},{"not_picked":["ManaRampage","SatelliteIllusion"],"picked":"BigCrunch","floor":33},{"not_picked":["Acceleration+1","SporeBomb"],"picked":"6A+1","floor":35},{"not_picked":["UnstableBomb+1","NonDirectionalLaser"],"picked":"MilkyWay+1","floor":36},{"not_picked":["Acceleration+1","SprinkleStarSeal+1"],"picked":"ShootingEcho+1","floor":38},{"not_picked":["MilkyWay","EarthLightRay","SporeBomb"],"picked":"SKIP","floor":39},{"not_picked":["ChargingUp+1","DC"],"picked":"ShootingEcho","floor":41},{"not_picked":["MilkyWay","DoubleSpark+1"],"picked":"GrandCross+1","floor":44},{"not_picked":["BlazingStar","DC"],"picked":"ShootingEcho","floor":45},{"not_picked":["MilkyWay+1","OneTimeOff"],"picked":"PowerUp+1","floor":48},{"not_picked":["EnergyRecoil","ShootingEcho"],"picked":"SuperPerseids","floor":49}],"player_experience":30633,"relics_obtained":[{"floor":6,"key":"Bottled Flame"},{"floor":6,"key":"Calipers"},{"floor":9,"key":"MealTicket"},{"floor":12,"key":"Lantern"},{"floor":12,"key":"Bag of Preparation"},{"floor":14,"key":"InkBottle"},{"floor":14,"key":"Ancient Tea Set"},{"floor":23,"key":"Gambling Chip"},{"floor":25,"key":"Bottled Tornado"},{"floor":26,"key":"MawBank"},{"floor":30,"key":"Dream Catcher"},{"floor":41,"key":"Pantograph"},{"floor":43,"key":"AmplifyWand"},{"floor":48,"key":"Mummified Hand"}],"event_choices":[{"damage_healed":0,"gold_gain":0,"player_choice":"Gave Potion","damage_taken":0,"relics_obtained":["Vajra"],"max_hp_gain":0,"max_hp_loss":0,"event_name":"WeMeetAgain","floor":5,"gold_loss":0},{"damage_healed":0,"gold_gain":0,"player_choice":"Ignored","damage_taken":0,"max_hp_gain":0,"max_hp_loss":0,"event_name":"Vampires","floor":21,"gold_loss":0},{"damage_healed":0,"gold_gain":0,"player_choice":"Cursed","damage_taken":0,"max_hp_gain":0,"max_hp_loss":0,"event_name":"Wheel of Change","floor":31,"gold_loss":0,"cards_obtained":["Decay"]},{"damage_healed":0,"gold_gain":0,"player_choice":"Paid","damage_taken":0,"relics_obtained":["Red Mask"],"max_hp_gain":0,"max_hp_loss":0,"event_name":"Tomb of Lord Red Mask","floor":46,"gold_loss":279}],"is_beta":false,"boss_relics":[{"not_picked":["Fusion Hammer","Ectoplasm"],"picked":"SlaversCollar"},{"not_picked":["Black Star","Snecko Eye"],"picked":"Astrolabe"}],"items_purged_floors":[2,20,37],"is_endless":false,"potions_floor_spawned":[1,3,11,18,19,22,27,39,44],"ascension_level":1}}