{"host":"rq7gz685gkaokql0","time":1612675741,"event":{"mods":["BaseMod","Hubris","Infinite Spire","Minty Spire (QoL Compilation)","Replay The Spire","StSLib"],"gold_per_floor":[117,117,117,117,136,136,171,181,181,207,207,38,51,79,79,79,79],"floor_reached":16,"language":"ENG","playtime":600,"items_purged":[],"score":286,"play_id":"73c90aba-406e-4d7a-b66b-be1e48677eeb","local_time":"20210206192901","is_ascension_mode":true,"campfire_choices":[{"data":"Skewer","floor":11,"key":"SMITH"},{"floor":15,"key":"REST"}],"circlet_count":0,"master_deck":["AscendersBane","Strike_G","Strike_G","Strike_G","Strike_G","Strike_G","Defend_G+1","Defend_G+1","Defend_G+1","Defend_G+1","Defend_G+1","Survivor","Neutralize","Skewer+1","Replay:Fractal Strike+1","Toxin Wave","Sucker Punch","Fluid Movement","Phantasmal Killer","Bane","Underhanded Strike"],"relics":["Ring of the Snake","NeowsBlessing","hubris:Icosahedron","Chameleon Ring","Replay:Bottled Snecko","Replay:Bottled Eggs","Anchor","Replay:Mystery Machine","Byrd Skull"],"acts_visited":["Exordium"],"potions_floor_usage":[10,10,16,16,16,16],"damage_taken":[{"damage":0,"enemies":"Small Slimes","floor":1,"turns":1},{"damage":0,"enemies":"Jaw Worm","floor":5,"turns":1},{"damage":0,"enemies":"Lagavulin","floor":7,"turns":1},{"damage":0,"enemies":"2 Louse","floor":8,"turns":2},{"damage":6,"enemies":"Gremlin Nob","floor":10,"turns":3},{"damage":3,"enemies":"Looter","floor":13,"turns":3},{"damage":8,"enemies":"Replay:BlueRogue","floor":14,"turns":7},{"damage":47,"enemies":"Hexaghost","floor":16,"turns":13}],"seed_played":"-7902904047762031465","potions_obtained":[{"floor":5,"key":"Toxic Potion"}],"is_trial":false,"path_per_floor":["M","?","?","?","M","T","E","M","T","E","R","$","M","E","R","B"],"character_chosen":"THE_SILENT","items_purchased":["Replay:Mystery Machine"],"campfire_rested":1,"item_purchase_floors":[12],"current_hp_per_floor":[59,44,44,44,44,44,44,44,44,38,38,38,35,27,46,0,0],"gold":79,"neow_bonus":"THREE_ENEMY_KILL","is_daily":false,"chose_seed":false,"campfire_upgraded":1,"win_rate":0.0,"timestamp":1612675741,"path_taken":["M","?","?","?","M","?","E","M","T","E","R","?","?","E","R","BOSS"],"items_purchased_type":["Relic"],"build_version":"2020-12-22","purchased_purges":0,"victory":false,"max_hp_per_floor":[66,66,66,66,66,66,66,66,66,66,66,66,66,66,66,66,66],"card_choices":[{"not_picked":["Cloak And Dagger","hubris:SlightOfHand"],"picked":"Skewer","floor":1},{"not_picked":["hubris:InfiniteBlow+1056","infinitespire:SealOfDarkness+"],"picked":"Replay:Fractal Strike","floor":2},{"not_picked":["Flying Knee","Caltrops"],"picked":"Toxin Wave","floor":5},{"not_picked":["Expertise","Tactician"],"picked":"Sucker Punch","floor":7},{"not_picked":["Blade Dance","hubris:SlightOfHand"],"picked":"Fluid Movement","floor":8},{"not_picked":["Outmaneuver","Prepared"],"picked":"Phantasmal Killer","floor":10},{"not_picked":["Backflip","Hidden Blade"],"picked":"Bane","floor":13},{"not_picked":["Predator","hubris:SlightOfHand"],"picked":"Underhanded Strike","floor":14}],"player_experience":1255701,"relics_obtained":[{"floor":6,"key":"Chameleon Ring"},{"floor":7,"key":"Replay:Bottled Snecko"},{"floor":9,"key":"Replay:Bottled Eggs"},{"floor":10,"key":"Anchor"},{"floor":14,"key":"Byrd Skull"}],"event_choices":[{"damage_healed":0,"gold_gain":0,"player_choice":"Grow","damage_taken":0,"max_hp_gain":0,"max_hp_loss":0,"event_name":"Living Wall","floor":3,"gold_loss":0,"cards_upgraded":["Replay:Fractal Strike"]}],"is_beta":false,"boss_relics":[],"items_purged_floors":[],"is_endless":false,"potions_floor_spawned":[5,8],"killed_by":"Hexaghost","ascension_level":20}}