{"host":"q8o6l8eqnoevndy4","time":1612665226,"event":{"mods":["2.2 Compatiblity","AchievementEnabler","Act Like it!","AlwaysNeverKeys","Bard","BaseMod","Bestiary","Better Altar","Better Match","Better Note","Better Sensory Stone","Better Skull","Better Third Choice","Better Vampires","Better-Laid Plans","Booster Modes","Colored Map","Colored Powertips","Custom Start","Disable Question Mark Monsters","Displayed Cursed Tome","Friendly Minions","GifTheSpireLib","Hermit","Highlight Path","Infinite Spire","Keyboard Shortcuts","Minty Spire (QoL Compilation)","Permanent Neow","Quick Restart","Random Character Button","Random Character Mod","Rare Cards Sparkle","Relic Filter","Relic Sorter","Relic Stats","Reliquary","Reorder Act Four","Spicy Shops","Spire Arcade","StSLib","The Blackbeard","The Gatherer","Transform Curses","Virulent Crown"],"gold_per_floor":[147,21,21,57,57,141,177,237,237,237,429,429,478,533,533,858,858,917,282,282,282,328,328,409,409,432,432,766,805,841,841,841,1197,1206,1268,1268,1307,1369,282,282,372,372,424,424,424,463,463,463,512,609,609,609,618],"floor_reached":54,"language":"ENG","playtime":8524,"items_purged":["Shame","hermit:Defend_Hermit+1"],"score":1067,"play_id":"94b6dc1d-b2c2-474b-81d1-b139639ff857","local_time":"20210206203346","daily_mods":["Cursed Run","Vintage","Midas"],"is_ascension_mode":false,"campfire_choices":[{"floor":10,"key":"REST"},{"floor":15,"key":"REST"},{"floor":23,"key":"REST"},{"floor":25,"key":"REST"},{"floor":32,"key":"REST"},{"floor":40,"key":"REST"},{"floor":42,"key":"REST"},{"floor":45,"key":"REST"},{"floor":47,"key":"REST"},{"floor":51,"key":"REST"},{"floor":52,"key":"REST"}],"circlet_count":0,"master_deck":["hermit:Strike_Hermit+1","hermit:Strike_Hermit+1","hermit:Strike_Hermit+1","hermit:Defend_Hermit+1","hermit:Defend_Hermit+1","hermit:Defend_Hermit+1","hermit:Snapshot","hermit:Covet","hermit:Ricochet","hermit:Shortfuse","hermit:GoldenBullet","Injury","Injury","hermit:Roughhouse","hermit:ShadowCloak","hermit:Quickdraw","Writhe","infinitespire:Menacing","hermit:NoHoldsBarred+1","Injury","hermit:Misfire","Injury","hermit:Reprieve","CurseOfTheBell","hermit:ItchyTrigger","hermit:Headshot","hermit:Vantage","hermit:HoleUp+1","Normality"],"relics":["Cursed Key","Darkstone Periapt","Du-Vu Doll","Eternal Feather","reliquary:QuartzCube","Boot","Orichalcum","Akabeko","Calipers","reliquary:RosewoodLute","Golden Idol","Pocketwatch","Vajra","hermit:DentedPlate","Nunchaku","Bag of Marbles","Frozen Eye","WingedGreaves","Matryoshka","infinitespire:Lucky Rock","reliquary:SilkGlove","CeramicFish","Mango","Frozen Egg 2","Gambling Chip","PreservedInsect","Calling Bell","infinitespire:Golems Mask","reliquary:TuningFork","reliquary:FeatherDuster","Bronze Scales","Singing Bowl","Ginger","Omamori","Sling","Toy Ornithopter","Meat on the Bone","reliquary:PorcupineQuills","reliquary:PartyBalloon","Torii","Lantern","reliquary:Firecrackers","infinitespire:EmpoweringShard","infinitespire:Beetle Shell","reliquary:Aerogel"],"acts_visited":["Exordium","TheCity","TheBeyond"],"potions_floor_usage":[],"damage_taken":[{"damage":7,"enemies":"Small Slimes","floor":1,"turns":3},{"damage":1,"enemies":"Cultist","floor":4,"turns":3},{"damage":23,"enemies":"Gremlin Nob","floor":6,"turns":4},{"damage":0,"enemies":"2 Louse","floor":7,"turns":1},{"damage":9,"enemies":"Red Slaver","floor":8,"turns":5},{"damage":12,"enemies":"3 Sentries","floor":11,"turns":6},{"damage":0,"enemies":"2 Fungi Beasts","floor":13,"turns":2},{"damage":8,"enemies":"Lots of Slimes","floor":14,"turns":3},{"damage":0,"enemies":"Slime Boss","floor":16,"turns":4},{"damage":0,"enemies":"Spheric Guardian","floor":18,"turns":2},{"damage":0,"enemies":"Shell Parasite","floor":22,"turns":2},{"damage":5,"enemies":"Book of Stabbing","floor":24,"turns":4},{"damage":0,"enemies":"Colosseum Slavers","floor":28,"turns":2},{"damage":0,"enemies":"Colosseum Nobs","floor":28,"turns":3},{"damage":5,"enemies":"Snake Plant","floor":29,"turns":2},{"damage":7,"enemies":"Centurion and Healer","floor":30,"turns":2},{"damage":43,"enemies":"Champ","floor":33,"turns":7},{"damage":0,"enemies":"3 Shapes","floor":35,"turns":3},{"damage":0,"enemies":"Orb Walker","floor":37,"turns":1},{"damage":12,"enemies":"3 Darklings","floor":38,"turns":4},{"damage":3,"enemies":"Giant Head","floor":41,"turns":2},{"damage":13,"enemies":"Maw","floor":43,"turns":4},{"damage":0,"enemies":"Spire Growth","floor":46,"turns":1},{"damage":12,"enemies":"4 Shapes","floor":49,"turns":3},{"damage":0,"enemies":"Reptomancer","floor":50,"turns":1},{"damage":52,"enemies":"Awakened One","floor":53,"turns":9}],"seed_played":"1159946593839376948","potions_obtained":[{"floor":6,"key":"Block Potion"},{"floor":7,"key":"SkillPotion"},{"floor":8,"key":"SneckoOil"},{"floor":18,"key":"hermit:Eclipse"},{"floor":29,"key":"EntropicBrew"}],"is_trial":true,"path_per_floor":["M","$","?","M","?","E","M","M","T","R","?","?","M","M","R","B",null,"M","$","?","?","M","R","E","R","T","?","?","M","M","?","R","B",null,"M","?","M","M","$","R","E","R","M","T","R","M","R","?","M","E","R","R","B",null],"character_chosen":"HERMIT","items_purchased":["hermit:Ricochet","hermit:EyeOfTheStorm","hermit:ShadowCloak","hermit:Quickdraw","hermit:CursedWeapon","Bag of Marbles","Frozen Eye","hermit:ItchyTrigger","Omamori","Sling","Toy Ornithopter","Meat on the Bone","hermit:Headshot","reliquary:PorcupineQuills"],"campfire_rested":11,"item_purchase_floors":[2,2,19,19,19,19,19,39,39,39,39,39,39,39],"current_hp_per_floor":[68,68,68,67,67,44,44,35,41,71,59,65,65,57,87,93,125,125,131,131,131,131,131,126,131,137,137,151,146,139,139,151,114,120,120,120,120,120,120,163,160,163,150,150,163,163,163,163,151,151,163,163,121],"gold":618,"neow_bonus":"","is_daily":false,"chose_seed":false,"campfire_upgraded":0,"win_rate":0.0,"timestamp":1612665226,"path_taken":["M","$","?","M","?","E","M","M","T","R","?","?","M","M","R","BOSS","M","$","?","?","M","R","E","R","T","?","?","M","M","?","R","BOSS","M","?","M","M","$","R","E","R","M","T","R","M","R","?","?","E","R","R","BOSS"],"items_purchased_type":["Card","Card","Card","Card","Card","Relic","Relic","Card","Relic","Relic","Relic","Relic","Card","Relic"],"build_version":"2020-12-22","purchased_purges":2,"victory":true,"max_hp_per_floor":[75,75,75,75,75,75,75,75,81,81,81,87,87,87,87,93,125,125,131,131,131,131,131,131,131,137,137,151,151,151,151,151,157,163,163,163,163,163,163,163,163,163,163,163,163,163,163,163,163,163,163,163,169],"relic_stats":{"Darkstone Periapt":48,"Singing Bowl":0,"Torii":0,"counters":[26,83],"Golden Idol":167,"CeramicFish":81,"Eternal Feather":75,"PreservedInsect":185,"Ginger":[3],"Orichalcum":[84],"Cursed Key":3,"Boot":[0],"Nunchaku":[12],"Gambling Chip":[18],"Bronze Scales":[45],"obtain_stats":[{"Darkstone Periapt":0,"reliquary:FeatherDuster":34,"Lantern":44,"Calipers":9,"reliquary:SilkGlove":26,"Singing Bowl":37,"Torii":43,"reliquary:PartyBalloon":41,"reliquary:Aerogel":50,"CeramicFish":26,"reliquary:Firecrackers":44,"Vajra":14,"Mango":28,"Ginger":38,"Cursed Key":0,"reliquary:QuartzCube":4,"Boot":6,"Sling":39,"Frozen Eye":19,"Nunchaku":18,"Matryoshka":22,"Gambling Chip":29,"infinitespire:Golems Mask":34,"WingedGreaves":21,"Golden Idol":12,"hermit:DentedPlate":17,"Eternal Feather":1,"PreservedInsect":30,"infinitespire:Beetle Shell":49,"Omamori":39,"infinitespire:Lucky Rock":24,"Orichalcum":7,"reliquary:RosewoodLute":11,"Frozen Egg 2":28,"Akabeko":8,"Du-Vu Doll":0,"Calling Bell":34,"reliquary:PorcupineQuills":39,"Bronze Scales":35,"Bag of Marbles":19,"reliquary:TuningFork":34,"infinitespire:EmpoweringShard":46,"Toy Ornithopter":39,"Pocketwatch":13,"Meat on the Bone":39},{"Darkstone Periapt":0,"reliquary:FeatherDuster":17,"Lantern":22,"Calipers":5,"reliquary:SilkGlove":12,"Singing Bowl":19,"Torii":22,"reliquary:PartyBalloon":21,"reliquary:Aerogel":25,"CeramicFish":12,"reliquary:Firecrackers":22,"Vajra":8,"Mango":14,"Ginger":20,"Cursed Key":0,"reliquary:QuartzCube":2,"Boot":3,"Sling":20,"Frozen Eye":10,"Nunchaku":10,"Matryoshka":11,"Gambling Chip":15,"infinitespire:Golems Mask":17,"WingedGreaves":10,"Golden Idol":6,"hermit:DentedPlate":9,"Eternal Feather":1,"PreservedInsect":16,"infinitespire:Beetle Shell":24,"Omamori":20,"infinitespire:Lucky Rock":12,"Orichalcum":4,"reliquary:RosewoodLute":6,"Frozen Egg 2":14,"Akabeko":5,"Du-Vu Doll":0,"Calling Bell":17,"reliquary:PorcupineQuills":20,"Bronze Scales":18,"Bag of Marbles":10,"reliquary:TuningFork":17,"infinitespire:EmpoweringShard":23,"Toy Ornithopter":20,"Pocketwatch":7,"Meat on the Bone":20},{"Darkstone Periapt":0,"reliquary:FeatherDuster":55,"Lantern":69,"Calipers":16,"reliquary:SilkGlove":39,"Singing Bowl":59,"Torii":69,"reliquary:PartyBalloon":65,"reliquary:Aerogel":74,"CeramicFish":39,"reliquary:Firecrackers":69,"Vajra":27,"Mango":44,"Ginger":63,"Cursed Key":0,"reliquary:QuartzCube":6,"Boot":10,"Sling":63,"Frozen Eye":33,"Nunchaku":33,"Matryoshka":35,"Gambling Chip":46,"infinitespire:Golems Mask":55,"WingedGreaves":33,"Golden Idol":22,"hermit:DentedPlate":31,"Eternal Feather":3,"PreservedInsect":48,"infinitespire:Beetle Shell":73,"Omamori":63,"infinitespire:Lucky Rock":39,"Orichalcum":11,"reliquary:RosewoodLute":22,"Frozen Egg 2":44,"Akabeko":16,"Du-Vu Doll":0,"Calling Bell":55,"reliquary:PorcupineQuills":63,"Bronze Scales":58,"Bag of Marbles":33,"reliquary:TuningFork":55,"infinitespire:EmpoweringShard":70,"Toy Ornithopter":63,"Pocketwatch":24,"Meat on the Bone":63}],"Toy Ornithopter":0,"Pocketwatch":[51],"Meat on the Bone":0},"card_choices":[{"not_picked":["hermit:Cheat","hermit:EyeOfTheStorm"],"picked":"hermit:Shortfuse","floor":6},{"not_picked":["hermit:FullyLoaded","hermit:Malice"],"picked":"hermit:GoldenBullet","floor":11},{"not_picked":["hermit:DeadOrAlive","hermit:Purgatory"],"picked":"hermit:Roughhouse","floor":16},{"not_picked":["hermit:LuckOfTheDraw","hermit:Coalescence"],"picked":"hermit:NoHoldsBarred+1","floor":24},{"not_picked":["hermit:HoleUp","hermit:Midnight"],"picked":"hermit:Misfire","floor":28},{"not_picked":["hermit:Magnum","hermit:FinalCanter"],"picked":"hermit:Reprieve","floor":33},{"not_picked":["hermit:ItchyTrigger","hermit:Headshot"],"picked":"hermit:Vantage","floor":41},{"not_picked":["hermit:Combo+1","hermit:WideOpen"],"picked":"hermit:HoleUp+1","floor":50}],"player_experience":1154355,"relics_obtained":[{"floor":1,"key":"Eternal Feather"},{"floor":4,"key":"reliquary:QuartzCube"},{"floor":6,"key":"Boot"},{"floor":7,"key":"Orichalcum"},{"floor":8,"key":"Akabeko"},{"floor":9,"key":"Calipers"},{"floor":11,"key":"reliquary:RosewoodLute"},{"floor":13,"key":"Pocketwatch"},{"floor":14,"key":"Vajra"},{"floor":18,"key":"Nunchaku"},{"floor":22,"key":"Matryoshka"},{"floor":24,"key":"infinitespire:Lucky Rock"},{"floor":26,"key":"reliquary:SilkGlove"},{"floor":26,"key":"CeramicFish"},{"floor":28,"key":"Mango"},{"floor":28,"key":"Frozen Egg 2"},{"floor":29,"key":"Gambling Chip"},{"floor":30,"key":"PreservedInsect"},{"floor":34,"key":"infinitespire:Golems Mask"},{"floor":34,"key":"reliquary:TuningFork"},{"floor":34,"key":"reliquary:FeatherDuster"},{"floor":35,"key":"Bronze Scales"},{"floor":37,"key":"Singing Bowl"},{"floor":38,"key":"Ginger"},{"floor":41,"key":"reliquary:PartyBalloon"},{"floor":43,"key":"Torii"},{"floor":44,"key":"Lantern"},{"floor":44,"key":"reliquary:Firecrackers"},{"floor":46,"key":"infinitespire:EmpoweringShard"},{"floor":49,"key":"infinitespire:Beetle Shell"},{"floor":50,"key":"reliquary:Aerogel"}],"event_choices":[{"damage_healed":0,"gold_gain":0,"player_choice":"LEAVE","damage_taken":0,"max_hp_gain":0,"max_hp_loss":0,"event_name":"betterThird:BetterScrap","floor":5,"gold_loss":0,"cards_obtained":["Skewer"]},{"damage_healed":0,"gold_gain":0,"player_choice":"Searched \u00271\u0027 times","damage_taken":0,"max_hp_gain":0,"max_hp_loss":0,"event_name":"Dead Adventurer","floor":11,"gold_loss":0},{"damage_healed":0,"gold_gain":0,"player_choice":"Take Wound","damage_taken":0,"relics_obtained":["Golden Idol"],"max_hp_gain":0,"max_hp_loss":0,"event_name":"Golden Idol","floor":12,"gold_loss":0,"cards_obtained":["Injury"]},{"cards_removed":["hermit:GoldenBullet"],"damage_healed":0,"gold_gain":0,"player_choice":"Take \u0026 Give","damage_taken":0,"max_hp_gain":0,"max_hp_loss":0,"event_name":"betterNote:BetterNote","floor":20,"gold_loss":0,"cards_obtained":["infinitespire:Menacing"]},{"damage_healed":0,"gold_gain":0,"player_choice":"Opened","damage_taken":0,"relics_obtained":["WingedGreaves"],"max_hp_gain":0,"max_hp_loss":0,"event_name":"The Mausoleum","floor":21,"gold_loss":0},{"damage_healed":0,"gold_gain":0,"player_choice":"Ignored","damage_taken":0,"max_hp_gain":0,"max_hp_loss":0,"event_name":"Ghosts","floor":27,"gold_loss":0},{"damage_healed":0,"gold_gain":0,"player_choice":"Fight","damage_taken":0,"max_hp_gain":0,"max_hp_loss":0,"event_name":"Colosseum","floor":28,"gold_loss":0},{"damage_healed":0,"gold_gain":0,"player_choice":"Fought Nobs","damage_taken":0,"max_hp_gain":0,"max_hp_loss":0,"event_name":"Colosseum","floor":28,"gold_loss":0},{"damage_healed":0,"gold_gain":0,"player_choice":"Simplicity","damage_taken":0,"max_hp_gain":0,"max_hp_loss":8,"event_name":"betterThird:BetterWriting","floor":31,"gold_loss":0},{"cards_removed":["hermit:Strike_Hermit"],"damage_healed":0,"gold_gain":0,"player_choice":"Removed Attack","damage_taken":0,"max_hp_gain":0,"max_hp_loss":0,"event_name":"Falling","floor":36,"gold_loss":0},{"damage_healed":0,"gold_gain":0,"player_choice":"Got Potions","damage_taken":0,"max_hp_gain":0,"max_hp_loss":0,"event_name":"Lab","floor":48,"gold_loss":0}],"is_beta":false,"boss_relics":[{"not_picked":["Runic Pyramid","Philosopher\u0027s Stone"],"picked":"hermit:DentedPlate"},{"not_picked":["Black Star","Cursed Key"],"picked":"Calling Bell"}],"items_purged_floors":[19,39],"is_endless":false,"potions_floor_spawned":[6,7,8,11,18,24,28,29,33,37,41,43,49],"ascension_level":0}}