{"host":"eaiphzh066bwqdh7","time":1612676098,"event":{"mods":["BaseMod","Better Note","Halation","Hubris","Minty Spire (QoL Compilation)","Reliquary","Replay The Spire","StSLib"],"gold_per_floor":[112,112,128,142,142,176,191,203,203,203,47,63,63,77,77,173,173,193,209,66,66,66],"floor_reached":21,"language":"ENG","playtime":807,"items_purged":[],"score":310,"play_id":"45b0c6ec-e61f-4115-88b4-76bb25d84ed8","local_time":"20210207003458","is_ascension_mode":true,"campfire_choices":[{"floor":10,"key":"REST"},{"floor":13,"key":"REST"},{"floor":15,"key":"REST"}],"circlet_count":0,"master_deck":["Strike_P","Strike_P","Strike_P","Strike_P","Defend_P","Defend_P","Eruption","Vigilance","Devotion+1","Pray","Brilliance","Study","Scrawl","DeusExMachina","Pray"],"relics":["PureWater","NeowsBlessing","Shuriken","Question Card","Empty Cage","ClockworkSouvenir"],"acts_visited":["Exordium","TheCity"],"potions_floor_usage":[7,16,16],"damage_taken":[{"damage":0,"enemies":"2 Louse","floor":1,"turns":1},{"damage":0,"enemies":"Cultist","floor":3,"turns":1},{"damage":0,"enemies":"Jaw Worm","floor":4,"turns":1},{"damage":51,"enemies":"3 Sentries","floor":6,"turns":11},{"damage":12,"enemies":"Gremlin Gang","floor":7,"turns":7},{"damage":4,"enemies":"2 Fungi Beasts","floor":8,"turns":5},{"damage":0,"enemies":"Exordium Wildlife","floor":12,"turns":2},{"damage":24,"enemies":"Exordium Thugs","floor":14,"turns":4},{"damage":0,"enemies":"Fading Forest","floor":16,"turns":11},{"damage":31,"enemies":"2 Thieves","floor":18,"turns":4},{"damage":29,"enemies":"Spheric Guardian","floor":19,"turns":5},{"damage":14,"enemies":"Centurion and Healer","floor":21,"turns":1}],"seed_played":"6909528638322418571","potions_obtained":[{"floor":6,"key":"Energy Potion"},{"floor":8,"key":"FearPotion"},{"floor":14,"key":"Toxic Potion"},{"floor":16,"key":"SneckoOil"}],"is_trial":false,"path_per_floor":["M","?","M","M","?","E","M","M","T","R","$","M","R","M","R","B",null,"M","M","$","M"],"character_chosen":"WATCHER","items_purchased":["Brilliance","ClockworkSouvenir"],"campfire_rested":3,"item_purchase_floors":[11,20],"current_hp_per_floor":[72,72,72,72,72,21,9,5,5,26,26,26,47,23,44,52,72,41,12,12,0,0],"gold":66,"neow_bonus":"THREE_ENEMY_KILL","is_daily":false,"chose_seed":false,"campfire_upgraded":0,"win_rate":0.0,"timestamp":1612676098,"path_taken":["M","?","?","M","?","E","M","M","T","R","$","M","R","M","R","BOSS","M","M","$","M"],"items_purchased_type":["Card","Relic"],"build_version":"2020-12-22","purchased_purges":0,"victory":false,"max_hp_per_floor":[72,72,72,72,72,72,72,72,72,72,72,72,72,72,72,72,72,72,72,72,72,72],"card_choices":[{"not_picked":["Replay:AtTheReady","CrushJoints","ThirdEye"],"picked":"SKIP","floor":1},{"not_picked":["Meditate","CrushJoints","JustLucky"],"picked":"SKIP","floor":3},{"not_picked":["JustLucky","Crescendo"],"picked":"Devotion","floor":4},{"not_picked":["CutThroughFate","JustLucky","SashWhip"],"picked":"SKIP","floor":6},{"not_picked":["WheelKick","Fasting2","Replay:ManipulateFuture"],"picked":"SKIP","floor":7},{"not_picked":["Crescendo","Replay:Cycle"],"picked":"Pray","floor":8},{"not_picked":["Replay:Hum","WaveOfTheHand","Collect"],"picked":"Study","floor":12},{"not_picked":["Halt","Perseverance","Consecrate"],"picked":"Scrawl","floor":14},{"not_picked":["Establishment","Scrawl","Omniscience"],"picked":"DeusExMachina","floor":16},{"not_picked":["FlurryOfBlows","TalkToTheHand","Protect","EmptyBody"],"picked":"SKIP","floor":18},{"not_picked":["FlurryOfBlows","Adaptation","Evaluate"],"picked":"Pray","floor":19}],"player_experience":273529,"relics_obtained":[{"floor":6,"key":"Shuriken"},{"floor":9,"key":"Question Card"}],"event_choices":[{"damage_healed":0,"gold_gain":0,"player_choice":"0 cards matched","damage_taken":0,"max_hp_gain":0,"max_hp_loss":0,"event_name":"Match and Keep!","floor":2,"gold_loss":0,"cards_obtained":[]},{"damage_healed":0,"gold_gain":0,"player_choice":"Forge","damage_taken":0,"max_hp_gain":0,"max_hp_loss":0,"event_name":"Accursed Blacksmith","floor":5,"gold_loss":0,"cards_upgraded":["Devotion"]}],"is_beta":false,"boss_relics":[{"not_picked":["reliquary:WritOfMandamus","hubris:CrackedHourglass"],"picked":"Empty Cage"}],"items_purged_floors":[],"is_endless":false,"potions_floor_spawned":[6,8,14,16],"killed_by":"Centurion and Healer","ascension_level":4}}