{"host":"edndssuekvzbh3is","time":1612671638,"event":{"mods":["BaseMod","Colored Map","Colored Powertips","Minty Spire (QoL Compilation)","SuperFastMode"],"gold_per_floor":[118,136,147,159,3,31,45,45,45,10,10,25,51,67,67,67,67],"floor_reached":16,"language":"ENG","playtime":352,"items_purged":[],"score":171,"play_id":"ae6e5238-dee6-45a0-b736-56abf3414af0","local_time":"20210206232038","is_ascension_mode":true,"campfire_choices":[{"data":"Cleave","floor":8,"key":"SMITH"},{"data":"Feed","floor":11,"key":"SMITH"},{"data":"Armaments","floor":15,"key":"SMITH"}],"circlet_count":0,"master_deck":["AscendersBane","Strike_R","Strike_R","Strike_R","Strike_R","Strike_R","Defend_R","Defend_R","Defend_R","Defend_R","Bash","Thunderclap","Twin Strike","Clothesline","Cleave+1","Feed+1","Corruption","Seeing Red","Armaments+1","Shrug It Off"],"relics":["Burning Blood","NeowsBlessing","Red Skull","StrikeDummy","InkBottle"],"acts_visited":["Exordium"],"potions_floor_usage":[6,16,16],"damage_taken":[{"damage":0,"enemies":"2 Louse","floor":1,"turns":1},{"damage":0,"enemies":"Cultist","floor":2,"turns":1},{"damage":0,"enemies":"Jaw Worm","floor":3,"turns":1},{"damage":14,"enemies":"3 Louse","floor":4,"turns":4},{"damage":45,"enemies":"Lagavulin","floor":6,"turns":6},{"damage":1,"enemies":"Exordium Thugs","floor":7,"turns":3},{"damage":1,"enemies":"Looter","floor":12,"turns":2},{"damage":28,"enemies":"Gremlin Nob","floor":13,"turns":4},{"damage":0,"enemies":"Large Slime","floor":14,"turns":5},{"damage":53,"enemies":"The Guardian","floor":16,"turns":11}],"seed_played":"2013326417894640956","potions_obtained":[{"floor":2,"key":"PowerPotion"},{"floor":6,"key":"Ancient Potion"},{"floor":12,"key":"LiquidBronze"},{"floor":13,"key":"Energy Potion"}],"is_trial":false,"path_per_floor":["M","M","M","M","$","E","M","R","T","?","R","M","E","M","R","B"],"character_chosen":"IRONCLAD","items_purchased":["Feed"],"campfire_rested":0,"item_purchase_floors":[5],"current_hp_per_floor":[78,80,80,72,72,33,38,38,38,58,58,63,41,51,51,0,0],"gold":67,"neow_bonus":"THREE_ENEMY_KILL","is_daily":false,"chose_seed":false,"campfire_upgraded":3,"win_rate":0.0,"timestamp":1612671638,"path_taken":["M","M","M","M","$","E","M","R","T","?","R","M","E","M","R","BOSS"],"items_purchased_type":["Card"],"build_version":"2020-12-22","purchased_purges":0,"victory":false,"max_hp_per_floor":[80,80,80,80,80,80,80,80,80,80,80,80,80,84,84,84,84],"card_choices":[{"not_picked":["Perfected Strike","Second Wind"],"picked":"Thunderclap","floor":1},{"not_picked":["Dropkick","True Grit"],"picked":"Twin Strike","floor":2},{"not_picked":["Body Slam","True Grit"],"picked":"Clothesline","floor":3},{"not_picked":["Armaments","Headbutt"],"picked":"Cleave","floor":4},{"not_picked":["Pommel Strike","Metallicize"],"picked":"Corruption","floor":6},{"not_picked":["Iron Wave","Thunderclap","Wild Strike"],"picked":"SKIP","floor":7},{"not_picked":["Body Slam","Cleave"],"picked":"Seeing Red","floor":12},{"not_picked":["Ghostly Armor","Rupture"],"picked":"Armaments","floor":13},{"not_picked":["Juggernaut","Twin Strike"],"picked":"Shrug It Off","floor":14}],"player_experience":355315,"relics_obtained":[{"floor":6,"key":"Red Skull"},{"floor":9,"key":"StrikeDummy"},{"floor":13,"key":"InkBottle"}],"event_choices":[{"damage_healed":20,"gold_gain":0,"player_choice":"Healed","damage_taken":0,"max_hp_gain":0,"max_hp_loss":0,"event_name":"The Cleric","floor":10,"gold_loss":35}],"is_beta":false,"boss_relics":[],"items_purged_floors":[],"is_endless":false,"potions_floor_spawned":[2,6,12,13],"killed_by":"The Guardian","ascension_level":10}}