{"host":"i0avyit1s6jb1siw","time":1612699798,"event":{"mods":["BaseMod","DeckTracker","Dota2Spire","Highlight Path","Minty Spire (QoL Compilation)","Quick Restart","StSLib","SuperFastMode"],"gold_per_floor":[219,219,238,51,61,87,87,135,162,162,226,27,27,75,75,75,75,183,183,223,223,223,239,189,249,289,331,331,381,167,167,225,275,320,320,320,426,426,469,482,61,104,104,153,153,213,257,257,284,340,340,403,403,422,422,422,452,512,512,512,164,219,249],"floor_reached":64,"language":"ENG","playtime":1654,"items_purged":["Pain","Strike_R","Strike_R","Strike_R","Strike_R"],"score":3133,"play_id":"be1ed127-ef56-4c24-b663-6242c67b1dea","local_time":"20210207130958","is_ascension_mode":true,"campfire_choices":[{"data":"Body Slam","floor":7,"key":"SMITH"},{"floor":13,"key":"REST"},{"data":"Bash","floor":16,"key":"SMITH"},{"floor":17,"key":"REST"},{"data":"Barricade","floor":31,"key":"SMITH"},{"data":"Fire Breathing","floor":35,"key":"SMITH"},{"data":"Entrench","floor":36,"key":"SMITH"},{"floor":45,"key":"RECALL"},{"floor":51,"key":"REST"},{"data":"1","floor":53,"key":"LIFT"},{"data":"Feel No Pain","floor":55,"key":"SMITH"},{"data":"2","floor":56,"key":"LIFT"},{"data":"3","floor":60,"key":"LIFT"}],"circlet_count":0,"master_deck":["AscendersBane","Strike_R","Defend_R","Defend_R","Defend_R+1","Defend_R","Bash+1","Body Slam+1","Shrug It Off","Power Through","Ghostly Armor","Disarm","Disarm","Finesse","Wild Strike","Immolate","True Grit+1","Impervious","Armaments+1","Flame Barrier","Barricade+1","Shockwave","Entrench+1","Fire Breathing+1","Power Through+1","Fire Breathing+1","Apotheosis","Feel No Pain+1","Flame Barrier+1"],"relics":["Burning Blood","WarpedTongs","Dota2Spire:HandOfMidas","Dota2Spire:EchoSabre","HornCleat","Tiny Chest","Dota2Spire:RefresherOrb","War Paint","Dota2Spire:Desolator","Red Skull","Snecko Eye","Happy Flower","Girya","Sundial","Dota2Spire:ArmletOfMordiggian","Dota2Spire:CrimsonGuard","Dota2Spire:MonkeyKingBar","Anchor","Blood Vial"],"acts_visited":["Exordium","TheCity","TheBeyond","TheEnding"],"potions_floor_usage":[6,18,47],"damage_taken":[{"damage":12,"enemies":"2 Louse","floor":1,"turns":4},{"damage":5,"enemies":"Cultist","floor":3,"turns":4},{"damage":8,"enemies":"Small Slimes","floor":5,"turns":5},{"damage":20,"enemies":"3 Sentries","floor":6,"turns":9},{"damage":13,"enemies":"3 Louse","floor":8,"turns":4},{"damage":28,"enemies":"Gremlin Nob","floor":11,"turns":4},{"damage":7,"enemies":"Lots of Slimes","floor":14,"turns":7},{"damage":3,"enemies":"Slime Boss","floor":18,"turns":7},{"damage":10,"enemies":"2 Thieves","floor":20,"turns":4},{"damage":11,"enemies":"Spheric Guardian","floor":23,"turns":4},{"damage":0,"enemies":"Gremlin Leader","floor":25,"turns":7},{"damage":29,"enemies":"Chosen and Byrds","floor":26,"turns":7},{"damage":4,"enemies":"3 Cultists","floor":27,"turns":6},{"damage":6,"enemies":"Slavers","floor":32,"turns":7},{"damage":15,"enemies":"Centurion and Healer","floor":33,"turns":7},{"damage":1,"enemies":"Chosen and Byrds","floor":34,"turns":7},{"damage":0,"enemies":"Collector","floor":37,"turns":12},{"damage":20,"enemies":"Orb Walker","floor":39,"turns":5},{"damage":0,"enemies":"3 Shapes","floor":40,"turns":3},{"damage":0,"enemies":"3 Darklings","floor":42,"turns":5},{"damage":10,"enemies":"Spire Growth","floor":44,"turns":6},{"damage":0,"enemies":"Giant Head","floor":46,"turns":8},{"damage":28,"enemies":"Transient","floor":47,"turns":6},{"damage":0,"enemies":"Nemesis","floor":50,"turns":7},{"damage":9,"enemies":"Reptomancer","floor":52,"turns":8},{"damage":0,"enemies":"4 Shapes","floor":54,"turns":1},{"damage":6,"enemies":"Donu and Deca","floor":57,"turns":9},{"damage":27,"enemies":"Awakened One","floor":58,"turns":9},{"damage":23,"enemies":"Shield and Spear","floor":62,"turns":5},{"damage":37,"enemies":"The Heart","floor":63,"turns":12}],"seed_played":"-7614493291033807989","potions_obtained":[{"floor":6,"key":"BlessingOfTheForge"},{"floor":11,"key":"AttackPotion"},{"floor":20,"key":"EssenceOfSteel"},{"floor":27,"key":"Swift Potion"},{"floor":47,"key":"BlessingOfTheForge"}],"is_trial":false,"path_per_floor":["M","?","M","$","M","E","R","M","T","T","E","$","R","M","$","R","R","B",null,"M","?","?","M","?","E","M","M","T","T","$","R","E","M","M","R","R","B",null,"M","M","$","M","T","M","R","E","M","T","T","E","R","E","R","M","R","R","B","B",null,"R","$","E","B",null],"character_chosen":"IRONCLAD","items_purchased":["Shrug It Off","AttackPotion","Finesse","Barricade","Apotheosis","Feel No Pain","Anchor"],"campfire_rested":3,"item_purchase_floors":[4,4,12,30,41,41,61],"current_hp_per_floor":[62,62,63,63,61,47,47,40,40,40,18,18,40,39,39,39,61,64,72,68,68,68,63,63,69,46,48,48,48,48,48,48,39,44,44,44,50,69,55,61,61,67,67,63,63,69,47,47,47,53,75,72,72,75,75,75,75,54,70,70,70,53,24],"gold":249,"neow_bonus":"HUNDRED_GOLD","is_daily":false,"chose_seed":false,"campfire_upgraded":6,"win_rate":0.0,"timestamp":1612699798,"path_taken":["M","?","M","$","M","E","R","?","T","T","E","$","R","M","$","R","R","BOSS","M","?","?","M","?","E","M","M","T","T","$","R","E","M","M","R","R","BOSS","M","M","$","M","?","M","R","E","M","T","T","E","R","E","R","M","R","R","BOSS","BOSS","R","$","E","BOSS"],"items_purchased_type":["Card","Potion","Card","Card","Card","Card","Relic"],"build_version":"2020-12-22","purchased_purges":5,"victory":true,"max_hp_per_floor":[75,75,75,75,75,75,75,75,75,75,75,75,75,75,75,75,75,75,75,75,75,75,75,75,75,75,75,75,75,75,75,75,75,75,75,75,75,75,75,75,75,75,75,75,75,75,75,75,75,75,75,75,75,75,75,75,75,75,75,75,75,75,75],"card_choices":[{"not_picked":["Havoc","Bloodletting"],"picked":"Body Slam","floor":1},{"not_picked":["Twin Strike","Body Slam","Whirlwind"],"picked":"SKIP","floor":3},{"not_picked":["Havoc","Pommel Strike"],"picked":"Power Through","floor":5},{"not_picked":["Perfected Strike","Heavy Blade"],"picked":"Ghostly Armor","floor":6},{"not_picked":["Rampage","Cleave"],"picked":"Disarm","floor":8},{"not_picked":["Flex","Perfected Strike"],"picked":"Disarm","floor":11},{"not_picked":["True Grit","Clash"],"picked":"Wild Strike","floor":14},{"not_picked":["Berserk","Limit Break"],"picked":"Immolate","floor":18},{"not_picked":["Wild Strike","Flex"],"picked":"True Grit","floor":20},{"not_picked":["Thunderclap","Disarm","True Grit"],"picked":"SKIP","floor":23},{"not_picked":["Thunderclap","Twin Strike"],"picked":"Armaments+1","floor":25},{"not_picked":["Flex","True Grit","Pommel Strike"],"picked":"SKIP","floor":26},{"not_picked":["Pummel","Clothesline"],"picked":"Flame Barrier","floor":27},{"not_picked":["Clothesline","Burning Pact"],"picked":"Shockwave","floor":32},{"not_picked":["Seeing Red","Clothesline"],"picked":"Entrench","floor":33},{"not_picked":["Sever Soul","Spot Weakness"],"picked":"Fire Breathing","floor":34},{"not_picked":["True Grit","Anger+1"],"picked":"Power Through+1","floor":39},{"not_picked":["Clash+1","Clothesline"],"picked":"Fire Breathing+1","floor":40},{"not_picked":["Bloodletting","Iron Wave+1","Perfected Strike"],"picked":"SKIP","floor":42},{"not_picked":["Twin Strike","Havoc","Uppercut+1"],"picked":"SKIP","floor":44},{"not_picked":["Havoc","Headbutt+1","Sword Boomerang+1"],"picked":"SKIP","floor":46},{"not_picked":["Infernal Blade","Armaments","Rampage"],"picked":"SKIP","floor":47},{"not_picked":["Combust","Whirlwind+1","Heavy Blade+1"],"picked":"SKIP","floor":50},{"not_picked":["Feed","Disarm+1","Wild Strike+1"],"picked":"SKIP","floor":52},{"not_picked":["Clothesline","Anger","Bloodletting"],"picked":"SKIP","floor":54},{"not_picked":["Warcry","Burning Pact+1"],"picked":"Flame Barrier+1","floor":62}],"player_experience":2421012,"relics_obtained":[{"floor":6,"key":"Dota2Spire:HandOfMidas"},{"floor":9,"key":"Dota2Spire:EchoSabre"},{"floor":10,"key":"HornCleat"},{"floor":11,"key":"Tiny Chest"},{"floor":25,"key":"War Paint"},{"floor":28,"key":"Dota2Spire:Desolator"},{"floor":32,"key":"Red Skull"},{"floor":43,"key":"Happy Flower"},{"floor":46,"key":"Girya"},{"floor":48,"key":"Sundial"},{"floor":49,"key":"Dota2Spire:ArmletOfMordiggian"},{"floor":50,"key":"Dota2Spire:CrimsonGuard"},{"floor":52,"key":"Dota2Spire:MonkeyKingBar"},{"floor":62,"key":"Blood Vial"}],"event_choices":[{"damage_healed":0,"gold_gain":0,"player_choice":"Rummage","damage_taken":0,"relics_obtained":["WarpedTongs"],"max_hp_gain":0,"max_hp_loss":0,"event_name":"Accursed Blacksmith","floor":2,"gold_loss":0,"cards_obtained":["Pain"]},{"damage_healed":0,"gold_gain":0,"player_choice":"Read","damage_taken":0,"max_hp_gain":0,"max_hp_loss":0,"event_name":"The Library","floor":21,"gold_loss":0,"cards_obtained":["Impervious"]},{"damage_healed":0,"gold_gain":0,"player_choice":"Ignored","damage_taken":0,"max_hp_gain":0,"max_hp_loss":0,"event_name":"The Mausoleum","floor":22,"gold_loss":0},{"damage_healed":0,"gold_gain":0,"player_choice":"Bet on Owner","damage_taken":0,"max_hp_gain":0,"max_hp_loss":0,"event_name":"The Joust","floor":24,"gold_loss":50}],"is_beta":false,"boss_relics":[{"not_picked":["Mark of Pain","Pandora\u0027s Box"],"picked":"Dota2Spire:RefresherOrb"},{"not_picked":["Runic Pyramid","Tiny House"],"picked":"Snecko Eye"}],"items_purged_floors":[4,12,30,41,61],"is_endless":false,"potions_floor_spawned":[6,11,14,20,26,27,33,37,39,46,47,50],"ascension_level":20}}