{"host":"np4f5reu8f2vit8r","time":1612692960,"event":{"mods":["BaseMod","Bestiary","Curses Come First","Minty Spire (QoL Compilation)","Permanent Neow","Relic Stats","StSLib"],"gold_per_floor":[118,133,146,165,181,181,197,212,260,273,273,292,292,326,326,326,326],"floor_reached":16,"language":"ENG","playtime":603,"items_purged":[],"score":216,"play_id":"f7278393-2058-4cb3-8ac3-c2286f21c124","local_time":"20210207231600","is_ascension_mode":true,"campfire_choices":[{"floor":6.0,"key":"REST"},{"floor":11.0,"key":"REST"},{"floor":13.0,"key":"REST"},{"floor":15.0,"key":"REST"}],"circlet_count":0,"master_deck":["AscendersBane","Strike_B","Strike_B","Strike_B","Strike_B","Defend_B","Defend_B","Defend_B","Defend_B","Zap","Dualcast","Consume","Turbo","Ball Lightning","Cold Snap","Conserve Battery","Conserve Battery","Skim","Barrage"],"relics":["Inserter","Omamori","Shuriken"],"acts_visited":["Exordium"],"potions_floor_usage":[16],"damage_taken":[{"damage":6.0,"enemies":"Cultist","floor":1.0,"turns":4.0},{"damage":8.0,"enemies":"2 Louse","floor":2.0,"turns":3.0},{"damage":16.0,"enemies":"Small Slimes","floor":3.0,"turns":4.0},{"damage":13.0,"enemies":"Red Slaver","floor":4.0,"turns":3.0},{"damage":5.0,"enemies":"Exordium Thugs","floor":5.0,"turns":4.0},{"damage":17.0,"enemies":"3 Louse","floor":7.0,"turns":5.0},{"damage":6.0,"enemies":"Gremlin Gang","floor":8.0,"turns":3.0},{"damage":9.0,"enemies":"Blue Slaver","floor":10.0,"turns":4.0},{"damage":16.0,"enemies":"Large Slime","floor":12.0,"turns":5.0},{"damage":28.0,"enemies":"Gremlin Nob","floor":14.0,"turns":4.0},{"damage":26,"enemies":"The Guardian","floor":16,"turns":2}],"seed_played":"9109377569849936471","potions_obtained":[{"floor":2.0,"key":"Swift Potion"},{"floor":7.0,"key":"PowerPotion"},{"floor":8.0,"key":"DistilledChaos"},{"floor":14.0,"key":"ColorlessPotion"}],"is_trial":false,"path_per_floor":["M","M","M","M","M","R","M","M","T","M","R","M","R","E","R","B"],"character_chosen":"DEFECT","items_purchased":[],"campfire_rested":4,"item_purchase_floors":[],"current_hp_per_floor":[58,50,34,21,16,37,20,14,14,5,26,10,31,3,24,0,0],"gold":326,"neow_bonus":"BOSS_RELIC","is_daily":false,"chose_seed":false,"campfire_upgraded":0,"win_rate":0.0,"timestamp":1612692960,"path_taken":["M","M","M","M","?","R","M","M","T","M","R","M","R","E","R","BOSS"],"items_purchased_type":[],"build_version":"2020-12-22","purchased_purges":0,"victory":false,"max_hp_per_floor":[71,71,71,71,71,71,71,71,71,71,71,71,71,71,71,71,71],"relic_stats":{"Inserter":[20],"counters":[11,41],"Shuriken":[1],"obtain_stats":[{"Inserter":0,"Shuriken":14,"Omamori":9,"Cracked Core":0},{"Inserter":0,"Shuriken":10,"Omamori":7,"Cracked Core":0},{"Inserter":0,"Shuriken":39,"Omamori":26,"Cracked Core":0}]},"card_choices":[{"not_picked":["Cold Snap","Rebound"],"picked":"Consume","floor":1.0},{"not_picked":["Beam Cell","Skim"],"picked":"Turbo","floor":2.0},{"not_picked":["Consume","Undo"],"picked":"Ball Lightning","floor":3.0},{"not_picked":["Barrage","Beam Cell"],"picked":"Cold Snap","floor":4.0},{"not_picked":["Double Energy","Sweeping Beam"],"picked":"Conserve Battery","floor":5.0},{"not_picked":["Creative AI","Blizzard"],"picked":"Conserve Battery","floor":7.0},{"not_picked":["Turbo","Tempest","Gash"],"picked":"SKIP","floor":8.0},{"not_picked":["Steam","Gash","Stack"],"picked":"SKIP","floor":10.0},{"not_picked":["Cold Snap","Gash"],"picked":"Skim","floor":12.0},{"not_picked":["Aggregate","Amplify"],"picked":"Barrage","floor":14.0}],"player_experience":927957,"relics_obtained":[{"floor":9.0,"key":"Omamori"},{"floor":14.0,"key":"Shuriken"}],"event_choices":[],"is_beta":false,"boss_relics":[],"items_purged_floors":[],"is_endless":false,"potions_floor_spawned":[2,7,8,14],"killed_by":"The Guardian","ascension_level":20}}