{"host":"syozzdlzcqop4jia","time":1612657683,"event":{"mods":["BaseMod","Colored Map","Colored Powertips","Minty Spire (QoL Compilation)","Quick Restart"],"gold_per_floor":[115,128,128,1,1,26,26,61,61,90,90,109,126,136,136,238,238,249,268,268,280,380,380,415,19,46,58,75,75,93,112,112,211,211,223,75,86,33,33,33,49,49,49],"floor_reached":42,"language":"ENG","playtime":3699,"items_purged":["Defend_B"],"score":487,"play_id":"fd8f2bd1-9e43-46e9-a4e4-8ebcf050a550","local_time":"20210207012803","is_ascension_mode":true,"campfire_choices":[{"floor":7,"key":"REST"},{"floor":11,"key":"REST"},{"data":"Ball Lightning","floor":15,"key":"SMITH"},{"floor":23,"key":"REST"},{"floor":29,"key":"REST"},{"floor":32,"key":"REST"},{"floor":40,"key":"REST"}],"circlet_count":0,"master_deck":["Strike_B","Strike_B","Strike_B","Strike_B","Defend_B","Defend_B","Zap","Dualcast","Undo","Capacitor","Steam","Conserve Battery","Conserve Battery","Rebound","Melter","BootSequence","Glacier","Go for the Eyes","Leap","Ball Lightning+1","Thunder Strike+1","Redo+1","Conserve Battery+1","Double Energy+1","Cold Snap+1","Defragment","Metamorphosis","BootSequence","Go for the Eyes+1","Storm+1","Ball Lightning","Redo","Electrodynamics","Ball Lightning+1","Redo"],"relics":["Cracked Core","Gremlin Horn","Dream Catcher","Regal Pillow","MealTicket","Eternal Feather","Fusion Hammer","Du-Vu Doll","Sling","Centennial Puzzle","Inserter","Medical Kit","Letter Opener"],"acts_visited":["Exordium","TheCity","TheBeyond"],"potions_floor_usage":[16,30,33,33],"damage_taken":[{"damage":0,"enemies":"2 Louse","floor":1,"turns":2},{"damage":0,"enemies":"Small Slimes","floor":2,"turns":3},{"damage":32,"enemies":"3 Sentries","floor":6,"turns":9},{"damage":21,"enemies":"Gremlin Nob","floor":8,"turns":5},{"damage":17,"enemies":"Lagavulin","floor":10,"turns":6},{"damage":0,"enemies":"Cultist","floor":12,"turns":3},{"damage":5,"enemies":"Exordium Wildlife","floor":13,"turns":5},{"damage":0,"enemies":"Exordium Thugs","floor":14,"turns":4},{"damage":23,"enemies":"Slime Boss","floor":16,"turns":11},{"damage":0,"enemies":"Spheric Guardian","floor":18,"turns":3},{"damage":14,"enemies":"3 Byrds","floor":19,"turns":4},{"damage":14,"enemies":"3 Cultists","floor":21,"turns":6},{"damage":34,"enemies":"Gremlin Leader","floor":24,"turns":8},{"damage":14,"enemies":"Snecko","floor":27,"turns":7},{"damage":16,"enemies":"Snake Plant","floor":28,"turns":5},{"damage":10,"enemies":"Centurion and Healer","floor":30,"turns":5},{"damage":15,"enemies":"Shelled Parasite and Fungi","floor":31,"turns":7},{"damage":57,"enemies":"Collector","floor":33,"turns":8},{"damage":13,"enemies":"Orb Walker","floor":35,"turns":3},{"damage":17,"enemies":"3 Shapes","floor":37,"turns":5},{"damage":35,"enemies":"3 Darklings","floor":41,"turns":5}],"seed_played":"3485875361596761748","potions_obtained":[{"floor":1,"key":"SpeedPotion"},{"floor":10,"key":"EntropicBrew"},{"floor":12,"key":"Swift Potion"},{"floor":14,"key":"DuplicationPotion"},{"floor":19,"key":"FocusPotion"},{"floor":30,"key":"GamblersBrew"}],"is_trial":false,"path_per_floor":["M","M","?","$","?","E","R","E","T","E","R","M","M","M","R","B",null,"M","M","?","M","?","R","E","$","T","M","M","R","M","M","R","B",null,"M","$","M","$","T","R","M","M"],"character_chosen":"DEFECT","items_purchased":["Conserve Battery","Sling","Defragment","Metamorphosis","Medical Kit","Redo"],"campfire_rested":6,"item_purchase_floors":[4,25,25,25,36,38],"current_hp_per_floor":[75,75,68,68,68,36,58,37,37,20,66,66,61,61,73,50,75,75,61,61,47,47,75,41,56,56,42,26,75,65,50,75,18,75,62,75,58,73,73,75,40,0,0],"gold":49,"neow_bonus":"TRANSFORM_CARD","is_daily":false,"chose_seed":false,"campfire_upgraded":1,"win_rate":0.0,"timestamp":1612657683,"path_taken":["M","M","?","$","?","E","R","E","T","E","R","M","M","M","R","BOSS","M","M","?","?","?","R","E","?","T","M","M","R","?","M","R","BOSS","M","$","M","$","?","R","M","M"],"items_purchased_type":["Card","Relic","Card","Card","Relic","Card"],"build_version":"2020-12-22","purchased_purges":1,"victory":false,"max_hp_per_floor":[75,75,75,75,75,75,75,75,75,75,75,75,75,75,75,75,75,75,75,75,75,75,75,75,75,75,75,75,75,75,75,75,75,75,75,75,75,75,75,75,75,75,75],"card_choices":[{"not_picked":["Lockon","Barrage"],"picked":"Capacitor","floor":1},{"not_picked":["Rebound","Skim"],"picked":"Steam","floor":2},{"not_picked":["Blizzard","Recycle"],"picked":"Conserve Battery","floor":6},{"not_picked":["Barrage","Aggregate"],"picked":"Rebound","floor":7},{"not_picked":["Aggregate","Scrape"],"picked":"Melter","floor":8},{"not_picked":["Fusion","Streamline"],"picked":"BootSequence","floor":10},{"not_picked":["Creative AI","Defragment"],"picked":"Glacier","floor":11},{"not_picked":["Stack","Beam Cell"],"picked":"Go for the Eyes","floor":12},{"not_picked":["Compile Driver","Stack"],"picked":"Leap","floor":13},{"not_picked":["Streamline","Capacitor"],"picked":"Ball Lightning","floor":14},{"not_picked":["All For One","Seek"],"picked":"Thunder Strike","floor":16},{"not_picked":["Stack","Steam Power+1"],"picked":"Redo+1","floor":18},{"not_picked":["Gash","Stack+1"],"picked":"Conserve Battery+1","floor":19},{"not_picked":["Compile Driver","Barrage"],"picked":"Double Energy+1","floor":21},{"not_picked":["Coolheaded+1","Auto Shields"],"picked":"Cold Snap+1","floor":24},{"not_picked":["Fusion","Turbo"],"picked":"BootSequence","floor":27},{"not_picked":["Stack","Beam Cell"],"picked":"Go for the Eyes+1","floor":28},{"not_picked":["Sweeping Beam+1","Undo"],"picked":"Storm+1","floor":29},{"not_picked":["Coolheaded","Rebound"],"picked":"Ball Lightning","floor":30},{"not_picked":["Stack","Auto Shields+1"],"picked":"Redo","floor":31},{"not_picked":["Echo Form","Fission"],"picked":"Electrodynamics","floor":33},{"not_picked":["Turbo+1","Rebound","Genetic Algorithm"],"picked":"SKIP","floor":35},{"not_picked":["Force Field+1","Sweeping Beam"],"picked":"Ball Lightning+1","floor":37},{"not_picked":["Multi-Cast","Compile Driver","Streamline"],"picked":"SKIP","floor":41}],"player_experience":580665,"relics_obtained":[{"floor":6,"key":"Dream Catcher"},{"floor":8,"key":"Regal Pillow"},{"floor":9,"key":"MealTicket"},{"floor":10,"key":"Eternal Feather"},{"floor":24,"key":"Du-Vu Doll"},{"floor":26,"key":"Centennial Puzzle"},{"floor":39,"key":"Letter Opener"}],"event_choices":[{"damage_healed":0,"gold_gain":0,"player_choice":"Success","damage_taken":7,"relics_obtained":["Gremlin Horn"],"max_hp_gain":0,"max_hp_loss":0,"event_name":"Scrap Ooze","floor":3,"gold_loss":0},{"damage_healed":0,"gold_gain":0,"player_choice":"Ignored","damage_taken":0,"max_hp_gain":0,"max_hp_loss":0,"event_name":"Liars Game","floor":5,"gold_loss":0},{"damage_healed":0,"gold_gain":0,"player_choice":"Upgraded","damage_taken":0,"max_hp_gain":0,"max_hp_loss":0,"event_name":"Upgrade Shrine","floor":20,"gold_loss":0,"cards_upgraded":["Thunder Strike"]},{"damage_healed":0,"gold_gain":100,"player_choice":"Pray","damage_taken":0,"max_hp_gain":0,"max_hp_loss":0,"event_name":"Golden Shrine","floor":22,"gold_loss":0}],"is_beta":false,"boss_relics":[{"not_picked":["FrozenCore","Tiny House"],"picked":"Fusion Hammer"},{"not_picked":["Black Star","SlaversCollar"],"picked":"Inserter"}],"items_purged_floors":[4],"is_endless":false,"potions_floor_spawned":[1,10,12,13,14,19,27,28,30,35,37],"killed_by":"Sphere and 2 Shapes","ascension_level":1}}