{"host":"ylxam20yo7j5dy26","time":1612692728,"event":{"mods":["100% Spire Juice","ATMod(°¢èªMod)","Act Like it!","Aspiration","BaseMod","BetterRewards","Conspire","Defuse TimeMaze Blight","Downfall","Energized Spire","Gensokyo","GungeonMod","Hubris","Infinite Spire","Jedi Mod","KomeijiMod","Marisa£¨ìFÓê¡¡Ä§ÀíÉ³£©","Minty Spire (QoL Compilation)","MostiFishMod","Quarter Circle Forward PUNCH!","Quick Restart","Red Circlet Mod","Reimu£¨²©ÀöÁéÃÎ£©","Reliquary","Remilia£¨ÀÙÃ×ÀòÑÇ£©","Replay The Spire","Robot Space Explorer","RumiaBox-Â¶Ã×æ«µÄÉñÃØºÐ×Ó","Spicy Shops","StSLib","TestMod","The Animator","The Jungle","The Runesmith","¡¾¹¦ÄÜMod¡¿»ìãçÖ®»·ÐÞ¸´²¹¶¡","¡¾ÒÅÎï¿¨ÅÆ¡¿REMEMod"],"gold_per_floor":[99,111,111,126,105,115,115,129,155,232,132,132,132,147,157,258,258,258,270,289,307,307,307,357,382,86,102,116,159,175,200,221,346,346,146,0,19,42,55,88,88,108,108,123,23,44,44,64,87,87,87,122,72,72,72,72],"floor_reached":57,"language":"ZHS","playtime":3890,"items_purged":["champ:Strike","Pain","Hallucinations","Gensokyo:AllTheWorldsEvil"],"score":1256,"play_id":"b73d5273-5667-41fb-9522-a1f20e22c2fd","local_time":"20210207181208","is_ascension_mode":false,"campfire_choices":[{"data":"MostiFishMod:WinterMarkForm","floor":1,"key":"SMITH"},{"data":"champ:StanceDance","floor":11,"key":"SMITH"},{"floor":18,"key":"RECALL"},{"data":"champ:Taunt","floor":35,"key":"SMITH"},{"data":"champ:BerserkerStyle","floor":43,"key":"SMITH"},{"data":"champ:BerserkersShout","floor":47,"key":"SMITH"},{"data":"champ:FanOfKnives","floor":54,"key":"SMITH"}],"circlet_count":0,"master_deck":["champ:Defend","champ:Defend","champ:Defend","champ:Defend","champ:Execute","champ:Taunt+1","MostiFishMod:FrostNova","MostiFishMod:WinterMarkForm+1","champ:GutPunch","champ:PreciseThrust","champ:DefensiveShout","testmod-BloodBlade+1","champ:BerserkerStyle+1","champ:BerserkersShout+1","champ:FocusedBerserking","champ:CrownThrow","champ:StanceDance+1","champ:FanOfKnives+1","champ:VampiricStrike","champ:Shatter","champ:Encircle+1","Slimebound:Tackle+1","Slimebound:Tackle+1","Slimebound:Tackle+1","champ:PerfectedStrike+1","champ:FaceSlap+1","champ:CrownThrow+1","champ:RecklessLeap+1","champ:RecklessLeap+1","champ:AdrenalArmor+1","champ:ShieldSigil+1","champ:StanceDance+1"],"relics":["champ:ChampionCrown","AT_ATBox","DaveBox","REME_ComplimentaryCards","testmod-TestBox","FrostBlade","testmod-InjuryResistance","ReplayTheSpireMod:Ring of Collecting","ReplayTheSpireMod:Ring of Addiction","SacredBark","White Beast Statue","reliquary:Firecrackers","downfall:HeartBlessingBlue","Replay:Fungal Core","Molten Egg 2","Ring of Greed","Smiling Mask","Golden Idol","MostiFishMod:Haymaker","DemoMod:WhiteGuonStone","infinitespire:Lucky Rock","Busted Crown","downfall:HeartBlessingRed","downfall:HeartBlessingGreen","testmod-Antiphasic","hubris:SlimyHat","Mercury Hourglass","DemoMod:DecoyRelic"],"acts_visited":["Exordium","TheCity","TheBeyond","TheEnding"],"potions_floor_usage":[4,5,6,9,10,16,16,19,20,21,27,28,33,39,42,48,55,55],"damage_taken":[{"damage":0,"enemies":"2 Louse","floor":2,"turns":3},{"damage":0,"enemies":"Jaw Worm","floor":4,"turns":3},{"damage":10,"enemies":"downfall:FleeingMerchant","floor":5,"turns":6},{"damage":0,"enemies":"Small Slimes","floor":6,"turns":1},{"damage":13,"enemies":"Exordium Wildlife","floor":8,"turns":4},{"damage":0,"enemies":"conspire:MimicChest","floor":9,"turns":3},{"damage":6,"enemies":"3 Louse","floor":10,"turns":3},{"damage":14,"enemies":"2 Fungi Beasts","floor":14,"turns":3},{"damage":6,"enemies":"Large Slime","floor":15,"turns":4},{"damage":9,"enemies":"WA_ARCHETYPE_RETAIN","floor":16,"turns":2},{"damage":12,"enemies":"Chosen","floor":19,"turns":3},{"damage":3,"enemies":"3 Byrds","floor":20,"turns":3},{"damage":28,"enemies":"Shelled Parasite and Fungi","floor":21,"turns":4},{"damage":2,"enemies":"Snake Plant","floor":25,"turns":2},{"damage":15,"enemies":"Centurion and Healer","floor":27,"turns":4},{"damage":10,"enemies":"Chosen and Byrds","floor":28,"turns":1},{"damage":31,"enemies":"Nightmare","floor":29,"turns":5},{"damage":11,"enemies":"Snake Plant","floor":30,"turns":2},{"damage":9,"enemies":"3 Cultists","floor":32,"turns":4},{"damage":1,"enemies":"IC_MUSHROOM_ARCHETYPE","floor":33,"turns":4},{"damage":25,"enemies":"3 Shapes","floor":37,"turns":3},{"damage":22,"enemies":"Orb Walker","floor":38,"turns":2},{"damage":1,"enemies":"3 Darklings","floor":39,"turns":3},{"damage":19,"enemies":"Giant Head","floor":40,"turns":4},{"damage":37,"enemies":"Writhing Mass","floor":42,"turns":2},{"damage":18,"enemies":"Jaw Worm Horde","floor":44,"turns":2},{"damage":21,"enemies":"Sphere and 2 Shapes","floor":46,"turns":1},{"damage":41,"enemies":"Transient","floor":48,"turns":5},{"damage":30,"enemies":"4 Shapes","floor":49,"turns":2},{"damage":78,"enemies":"DF_ARCHETYPE_ORBS","floor":50,"turns":5},{"damage":52,"enemies":"downfall:CharBossMerchant","floor":52,"turns":5},{"damage":89,"enemies":"downfall:NeowBoss","floor":55,"turns":10},{"damage":85,"enemies":"downfall:NeowBossFinal","floor":56,"turns":8}],"seed_played":"-2986820437675516382","potions_obtained":[{"floor":2,"key":"Dexterity Potion"},{"floor":3,"key":"PowerPotion"},{"floor":3,"key":"Energy Potion"},{"floor":4,"key":"conspire:TimeTravelPotion"},{"floor":5,"key":"Fire Potion"},{"floor":6,"key":"Dexterity Potion"},{"floor":8,"key":"PowerPotion"},{"floor":9,"key":"REME_GoldPotion"},{"floor":10,"key":"Energy Potion"},{"floor":14,"key":"champ:CounterPotion"},{"floor":16,"key":"Weak Potion"},{"floor":19,"key":"Fire Potion"},{"floor":20,"key":"champ:CounterPotion"},{"floor":21,"key":"Fire Potion"},{"floor":25,"key":"ZuzhouPotion:ReiMu"},{"floor":27,"key":"Languid Potion"},{"floor":28,"key":"Fire Potion"},{"floor":29,"key":"Dexterity Potion"},{"floor":33,"key":"GamblersBrew"},{"floor":37,"key":"champ:CounterPotion"},{"floor":39,"key":"SkillPotion"},{"floor":42,"key":"Elixir"},{"floor":44,"key":"REME_GoldPotion"},{"floor":46,"key":"Venom Potion"},{"floor":48,"key":"ZuzhouPotion:ReiMu"},{"floor":49,"key":"DuplicationPotion"}],"is_trial":false,"path_per_floor":["R","M","?","M","$","M","T","M","?","M","R","$","$","M","M","B",null,"R","M","M","M","?","?","T","M","$","M","M","NM","M","T","M","B",null,"R","$","M","M","M","E","T","M","R","M","$","M","R","M","M","B",null,"E","$","R","B","B",null],"character_chosen":"THE_CHAMP","items_purchased":["testmod-BloodBlade","champ:BerserkerStyle","MostiFishMod:Haymaker","testmod-Antiphasic"],"campfire_rested":0,"item_purchase_floors":[5,5,26,36],"current_hp_per_floor":[99,99,99,99,99,99,99,99,99,99,109,109,109,107,107,107,107,107,105,107,91,91,91,91,94,94,99,99,99,105,105,101,100,103,103,103,101,101,101,101,101,101,101,101,101,99,99,99,99,71,99,97,97,97,95,83],"gold":72,"neow_bonus":"TEN_PERCENT_HP_BONUS","is_daily":false,"chose_seed":false,"campfire_upgraded":6,"win_rate":0.0,"timestamp":1612692728,"path_taken":["R","M","?","M","?","M","T","?","?","M","R","?","$","M","M","BOSS","R","M","M","M","?","?","T","M","$","M","M","NM","?","?","M","BOSS","R","?","M","M","M","E","T","M","R","M","?","M","R","M","M","BOSS","E","$","R","BOSS","BOSS"],"items_purchased_type":["Card","Card","Relic","Relic"],"build_version":"2020-12-22","purchased_purges":4,"victory":true,"max_hp_per_floor":[99,99,99,99,99,99,99,99,99,99,109,109,109,107,107,107,107,107,107,107,107,107,107,107,105,105,105,105,105,105,105,103,103,103,103,103,101,101,101,101,101,101,101,101,101,99,99,99,99,99,99,97,97,97,95,100],"card_choices":[{"not_picked":["champ:SetATrap","champ:TornadoPunch"],"picked":"champ:GutPunch","floor":2},{"not_picked":["champ:FanOfKnives","champ:SetATrap"],"picked":"champ:PreciseThrust","floor":4},{"not_picked":["champ:ShieldSigil","champ:FlashCut"],"picked":"champ:DefensiveShout","floor":5},{"not_picked":["champ:BladeFlurry","champ:ShieldWall"],"picked":"champ:BerserkersShout","floor":6},{"not_picked":["champ:Shatter","champ:TornadoPunch"],"picked":"champ:FocusedBerserking","floor":8},{"not_picked":["champ:ShieldSigil","champ:FlashCut"],"picked":"champ:CrownThrow","floor":9},{"not_picked":["champ:Circumvent","champ:BringItOn"],"picked":"champ:StanceDance","floor":10},{"not_picked":["champ:TornadoPunch","champ:GutPunch","champ:Parry"],"picked":"SKIP","floor":14},{"not_picked":["champ:DefensiveStyle","champ:Parry"],"picked":"champ:FanOfKnives","floor":15},{"not_picked":["champ:SteelEdge","champ:Improvising"],"picked":"champ:VampiricStrike","floor":16},{"not_picked":["champ:FancyFootwork","champ:BerserkersShout"],"picked":"champ:Shatter","floor":19},{"not_picked":["champ:Shatter","champ:CrownThrow","champ:FalseCounter"],"picked":"SKIP","floor":20},{"not_picked":["champ:BerserkersShout+1","champ:EndlessRage"],"picked":"champ:Encircle+1","floor":21},{"not_picked":["champ:BerserkersShout+1","champ:EnGarde"],"picked":"champ:PerfectedStrike+1","floor":25},{"not_picked":["champ:BringItOn+1","champ:Duel+1"],"picked":"champ:FaceSlap+1","floor":27},{"not_picked":["champ:Encircle+1","champ:PerfectedStrike+1","champ:BladeFlurry+1"],"picked":"SKIP","floor":28},{"not_picked":["champ:Encircle+1","champ:PerfectedStrike+1","champ:BladeFlurry+1"],"picked":"SKIP","floor":28},{"not_picked":["champ:BringItOn+1","champ:PreciseThrust+1","champ:ViciousMockery"],"picked":"SKIP","floor":29},{"not_picked":["champ:ShieldSlam","champ:ViciousMockery"],"picked":"champ:CrownThrow+1","floor":30},{"not_picked":["champ:PreciseThrust+1","champ:TornadoPunch+1"],"picked":"champ:RecklessLeap+1","floor":32},{"not_picked":[],"picked":"champ:RecklessLeap+1","floor":37},{"not_picked":["champ:ShieldSlam"],"picked":"SKIP","floor":38},{"not_picked":["champ:BringItOn"],"picked":"SKIP","floor":39},{"not_picked":["champ:SkillfulDodge+1"],"picked":"SKIP","floor":40},{"not_picked":[],"picked":"champ:AdrenalArmor+1","floor":42},{"not_picked":[],"picked":"champ:ShieldSigil+1","floor":44},{"not_picked":["champ:PreciseThrust+1"],"picked":"SKIP","floor":46},{"not_picked":["champ:Shatter+1"],"picked":"SKIP","floor":48},{"not_picked":["champ:Shatter+1"],"picked":"SKIP","floor":49},{"not_picked":[],"picked":"champ:StanceDance+1","floor":52}],"player_experience":223014,"relics_obtained":[{"floor":3,"key":"ReplayTheSpireMod:Ring of Collecting"},{"floor":3,"key":"ReplayTheSpireMod:Ring of Addiction"},{"floor":3,"key":"SacredBark"},{"floor":3,"key":"White Beast Statue"},{"floor":9,"key":"reliquary:Firecrackers"},{"floor":24,"key":"Molten Egg 2"},{"floor":24,"key":"Ring of Greed"},{"floor":24,"key":"Smiling Mask"},{"floor":24,"key":"Golden Idol"},{"floor":29,"key":"DemoMod:WhiteGuonStone"},{"floor":31,"key":"infinitespire:Lucky Rock"},{"floor":40,"key":"hubris:SlimyHat"},{"floor":41,"key":"Mercury Hourglass"},{"floor":52,"key":"DemoMod:DecoyRelic"}],"event_choices":[],"is_beta":false,"boss_relics":[{"not_picked":["testmod-Recursion","testmod-Prudence"],"picked":"Replay:Fungal Core"},{"not_picked":["energizedSpire:HugeHouse","Replay:Wanted Poster"],"picked":"Busted Crown"}],"items_purged_floors":[5,45,45,53],"is_endless":false,"potions_floor_spawned":[2,4,5,6,8,9,10,14,15,16,19,20,21,25,27,28,29,30,32,33,37,38,39,40,42,44,46,48,49,52],"ascension_level":0}}