{"host":"sum4dy402bbv9y4o","time":1612733515,"event":{"mods":["Aspiration","BaseMod","Conspire","Highlight Path","Minty Spire (QoL Compilation)","StSLib"],"gold_per_floor":[109,125,43,53,63,89,89,119,119,136,136,136],"floor_reached":11,"language":"ENG","playtime":478,"items_purged":[],"score":170,"play_id":"da885c47-f1e6-433b-9789-923511ad502e","local_time":"20210208003155","is_ascension_mode":true,"campfire_choices":[{"data":"TalkToTheHand","floor":7,"key":"SMITH"}],"circlet_count":0,"master_deck":["AscendersBane","Strike_P","Strike_P","Strike_P","Strike_P","Defend_P","Defend_P","Defend_P","Defend_P","Eruption+1","Vigilance","TalkToTheHand+1","ReachHeaven","EmptyFist","CutThroughFate","Sanctity","CrushJoints","CutThroughFate","FlyingSleeves"],"relics":["PureWater","Lantern","Dream Catcher","Shovel"],"acts_visited":["Exordium"],"potions_floor_usage":[2,6,11],"damage_taken":[{"damage":11,"enemies":"Jaw Worm","floor":1,"turns":5},{"damage":3,"enemies":"Small Slimes","floor":2,"turns":6},{"damage":0,"enemies":"2 Louse","floor":4,"turns":1},{"damage":4,"enemies":"conspire:2 RoseBushes","floor":5,"turns":8},{"damage":12,"enemies":"Lagavulin","floor":6,"turns":3},{"damage":26,"enemies":"Gremlin Nob","floor":8,"turns":4},{"damage":0,"enemies":"Large Slime","floor":10,"turns":3},{"damage":40,"enemies":"Lagavulin","floor":11,"turns":2}],"seed_played":"1839300845638200813","potions_obtained":[{"floor":1,"key":"Swift Potion"},{"floor":2,"key":"SteroidPotion"},{"floor":4,"key":"DuplicationPotion"}],"is_trial":false,"path_per_floor":["M","M","$","M","M","E","R","E","T","M","E"],"character_chosen":"WATCHER","items_purchased":["EmptyFist","CutThroughFate"],"campfire_rested":0,"item_purchase_floors":[3,3],"current_hp_per_floor":[50,47,47,47,43,31,31,5,5,5,0,0],"gold":136,"neow_bonus":"UPGRADE_CARD","is_daily":false,"chose_seed":false,"campfire_upgraded":1,"win_rate":0.0,"timestamp":1612733515,"path_taken":["M","M","$","M","M","E","R","E","T","M","E"],"items_purchased_type":["Card","Card"],"build_version":"2020-12-22","purchased_purges":0,"victory":false,"max_hp_per_floor":[68,68,68,68,68,68,68,68,68,68,68,68],"card_choices":[{"not_picked":["Pray","SandsOfTime"],"picked":"TalkToTheHand","floor":1},{"not_picked":["Study","PathToVictory"],"picked":"ReachHeaven","floor":2},{"not_picked":["Prostrate","EmptyMind"],"picked":"Sanctity","floor":4},{"not_picked":["Worship","Pray"],"picked":"CrushJoints","floor":5},{"not_picked":["JustLucky","DevaForm","Collect"],"picked":"SKIP","floor":6},{"not_picked":["ReachHeaven","CrushJoints"],"picked":"CutThroughFate","floor":8},{"not_picked":["CutThroughFate","Crescendo"],"picked":"FlyingSleeves","floor":10}],"player_experience":3057078,"relics_obtained":[{"floor":6,"key":"Lantern"},{"floor":8,"key":"Dream Catcher"},{"floor":9,"key":"Shovel"}],"event_choices":[],"is_beta":false,"boss_relics":[],"items_purged_floors":[],"is_endless":false,"potions_floor_spawned":[1,2,4],"killed_by":"Lagavulin","ascension_level":20}}