{"host":"9n6i2vl93jt4o42q","time":1612730860,"event":{"mods":["BaseMod","Minty Spire (QoL Compilation)","Relic Stats"],"gold_per_floor":[116,135,135,135,154,185,257,257,282,9,26,26,26,41,41,115,115,132,132,182,208,221,221,221,221],"floor_reached":24,"language":"ENG","playtime":4455,"items_purged":[],"score":488,"play_id":"0a09bdc0-86ce-4556-a2eb-56cc4e0a245c","local_time":"20210207214740","is_ascension_mode":true,"campfire_choices":[{"data":"Bash","floor":12.0,"key":"SMITH"},{"data":"Blood for Blood","floor":15.0,"key":"SMITH"},{"data":"Double Tap","floor":23,"key":"SMITH"}],"circlet_count":0,"master_deck":["AscendersBane","Strike_R+1","Strike_R+1","Strike_R+1","Strike_R+1","Defend_R+1","Defend_R+1","Defend_R+1","Defend_R+1","Bash+1","Anger","Pommel Strike+1","Iron Wave","Exhume","Seeing Red","Cleave","Blood for Blood+1","Headbutt","Double Tap+1","Flame Barrier"],"relics":["Burning Blood","Pen Nib","Strawberry","Eternal Feather","Coffee Dripper"],"acts_visited":["Exordium","TheCity"],"potions_floor_usage":[24],"damage_taken":[{"damage":10.0,"enemies":"Small Slimes","floor":1.0,"turns":4.0},{"damage":8.0,"enemies":"2 Louse","floor":2.0,"turns":3.0},{"damage":1.0,"enemies":"Cultist","floor":5.0,"turns":3.0},{"damage":25.0,"enemies":"Lagavulin","floor":6.0,"turns":5.0},{"damage":2.0,"enemies":"Exordium Wildlife","floor":11.0,"turns":4.0},{"damage":3.0,"enemies":"Blue Slaver","floor":14.0,"turns":3.0},{"damage":0.0,"enemies":"Slime Boss","floor":16.0,"turns":5.0},{"damage":36,"enemies":"Shell Parasite","floor":18,"turns":4},{"damage":22,"enemies":"Spheric Guardian","floor":22,"turns":4},{"damage":46,"enemies":"Slavers","floor":24,"turns":4}],"seed_played":"8378103722734590503","potions_obtained":[{"floor":1.0,"key":"SpeedPotion"},{"floor":2.0,"key":"Fire Potion"},{"floor":11.0,"key":"HeartOfIron"},{"floor":14.0,"key":"PowerPotion"},{"floor":22,"key":"EssenceOfSteel"}],"is_trial":false,"path_per_floor":["M","M","?","?","M","E","?","?","T","$","M","R","?","M","R","B",null,"M","?","?","T","M","R","E"],"character_chosen":"IRONCLAD","items_purchased":["Eternal Feather"],"campfire_rested":0,"item_purchase_floors":[10],"current_hp_per_floor":[64,62,39,39,44,25,25,25,32,32,36,45,45,48,57,63,77,47,47,47,47,31,43,0,0],"gold":221,"neow_bonus":"THREE_CARDS","is_daily":false,"chose_seed":false,"campfire_upgraded":3,"win_rate":0.0,"timestamp":1612730860,"path_taken":["M","M","?","?","?","E","?","?","T","$","M","R","?","M","R","BOSS","M","?","?","?","M","R","E"],"items_purchased_type":["Relic"],"build_version":"2020-12-22","purchased_purges":0,"victory":false,"max_hp_per_floor":[75,75,75,75,75,75,75,75,82,82,82,82,82,82,82,82,82,82,82,82,82,82,82,82,82],"relic_stats":{"counters":[10,39],"Eternal Feather":30,"Pen Nib":[6],"obtain_stats":[{"Strawberry":9,"Eternal Feather":10,"Pen Nib":6,"Coffee Dripper":17,"Burning Blood":0},{"Strawberry":4,"Eternal Feather":4,"Pen Nib":4,"Coffee Dripper":7,"Burning Blood":0},{"Strawberry":15,"Eternal Feather":15,"Pen Nib":15,"Coffee Dripper":27,"Burning Blood":0}],"Burning Blood":54},"card_choices":[{"not_picked":["True Grit","Armaments"],"picked":"Anger","floor":0.0},{"not_picked":["Carnage","Pummel"],"picked":"Pommel Strike","floor":1.0},{"not_picked":["Anger","Infernal Blade"],"picked":"Iron Wave","floor":2.0},{"not_picked":["Flex","Sword Boomerang"],"picked":"Seeing Red","floor":5.0},{"not_picked":["Pommel Strike","Iron Wave"],"picked":"Cleave","floor":6.0},{"not_picked":["Hemokinesis","Perfected Strike"],"picked":"Blood for Blood","floor":11.0},{"not_picked":["Anger","Barricade"],"picked":"Headbutt","floor":14.0},{"not_picked":["Demon Form","Brutality"],"picked":"Double Tap","floor":16.0},{"not_picked":["Havoc","Dropkick"],"picked":"Flame Barrier","floor":18},{"not_picked":["Pommel Strike","Iron Wave","Warcry"],"picked":"SKIP","floor":22}],"player_experience":2518443,"relics_obtained":[{"floor":6.0,"key":"Pen Nib"},{"floor":9.0,"key":"Strawberry"}],"event_choices":[{"damage_healed":0.0,"max_hp_gain":0.0,"max_hp_loss":0.0,"gold_gain":0.0,"event_name":"Shining Light","player_choice":"Entered Light","floor":3.0,"gold_loss":0.0,"damage_taken":23.0,"cards_upgraded":["Strike_R","Pommel Strike"]},{"damage_healed":0.0,"max_hp_gain":0.0,"max_hp_loss":0.0,"gold_gain":0.0,"cards_transformed":["Strike_R"],"event_name":"Transmorgrifier","player_choice":"Transformed","floor":4.0,"gold_loss":0.0,"damage_taken":0.0,"cards_obtained":["Exhume"]},{"damage_healed":0.0,"max_hp_gain":0.0,"max_hp_loss":0.0,"gold_gain":72.0,"event_name":"Golden Wing","player_choice":"Gained Gold","floor":7.0,"gold_loss":0.0,"damage_taken":0.0},{"damage_healed":0.0,"max_hp_gain":0.0,"max_hp_loss":0.0,"gold_gain":0.0,"event_name":"Dead Adventurer","player_choice":"Searched \u00270\u0027 times","floor":8.0,"gold_loss":0.0,"damage_taken":0.0},{"damage_healed":0.0,"max_hp_gain":0.0,"max_hp_loss":0.0,"gold_gain":0.0,"event_name":"Liars Game","player_choice":"Ignored","floor":13.0,"gold_loss":0.0,"damage_taken":0.0},{"damage_healed":0,"gold_gain":0,"player_choice":"Simplicity","damage_taken":0,"max_hp_gain":0,"max_hp_loss":0,"event_name":"Back to Basics","floor":19,"gold_loss":0,"cards_upgraded":["Strike_R","Strike_R","Strike_R","Defend_R","Defend_R","Defend_R","Defend_R"]},{"damage_healed":0,"gold_gain":50,"player_choice":"Stole From Cult","damage_taken":0,"max_hp_gain":0,"max_hp_loss":0,"event_name":"Nest","floor":20,"gold_loss":0}],"is_beta":false,"boss_relics":[{"not_picked":["Fusion Hammer","Black Star"],"picked":"Coffee Dripper"}],"items_purged_floors":[],"is_endless":false,"potions_floor_spawned":[1,2,11,14,22],"killed_by":"Slavers","ascension_level":20}}