{"host":"aapp7ew3jk5k1bvd","time":1612687323,"event":{"mods":["AchievementEnabler","BaseMod","Colored Map","Minty Spire (QoL Compilation)","Permanent Neow","StSLib","SuperFastMode"],"gold_per_floor":[111,128,153,153,165,206,218,245,257,296,83,83,93,106,106,106,106],"floor_reached":16,"language":"KOR","playtime":442,"items_purged":["Strike_G"],"score":182,"play_id":"7cfcc974-88f4-43d6-8bc1-9b7b0c8799da","local_time":"20210207174203","is_ascension_mode":true,"campfire_choices":[{"floor":7,"key":"REST"},{"floor":12,"key":"REST"},{"floor":15,"key":"REST"}],"circlet_count":0,"master_deck":["AscendersBane","Strike_G","Strike_G","Strike_G","Strike_G","Defend_G","Defend_G","Defend_G","Defend_G","Defend_G","Survivor","Neutralize+1","Dash","Sucker Punch","Escape Plan","Infinite Blades+1","Blade Dance"],"relics":["Ring of the Snake","Potion Belt","MawBank","Toy Ornithopter","Nunchaku","Frozen Egg 2"],"acts_visited":["Exordium"],"potions_floor_usage":[],"damage_taken":[{"damage":0,"enemies":"Cultist","floor":1,"turns":4},{"damage":0,"enemies":"Jaw Worm","floor":2,"turns":4},{"damage":35,"enemies":"Lagavulin","floor":6,"turns":12},{"damage":0,"enemies":"2 Louse","floor":8,"turns":4},{"damage":31,"enemies":"3 Sentries","floor":10,"turns":14},{"damage":5,"enemies":"Gremlin Gang","floor":13,"turns":7},{"damage":5,"enemies":"Exordium Thugs","floor":14,"turns":6},{"damage":20,"enemies":"Hexaghost","floor":16,"turns":7}],"seed_played":"-6632369849716917047","potions_obtained":[{"floor":2,"key":"Swift Potion"}],"is_trial":false,"path_per_floor":["M","M","T","T","$","E","R","M","T","E","$","R","M","M","R","B"],"character_chosen":"THE_SILENT","items_purchased":["Escape Plan","Infinite Blades+1"],"campfire_rested":3,"item_purchase_floors":[11,11],"current_hp_per_floor":[63,63,63,63,63,28,49,49,49,18,18,39,34,29,50,30,30],"gold":106,"neow_bonus":"UPGRADE_CARD","is_daily":false,"chose_seed":false,"campfire_upgraded":0,"win_rate":0.0,"timestamp":1612687323,"path_taken":["M","M","?","?","?","E","R","?","T","E","$","R","M","M","R","BOSS"],"items_purchased_type":["Card","Card"],"build_version":"2020-12-22","purchased_purges":1,"victory":false,"max_hp_per_floor":[70,70,70,70,70,70,70,70,70,70,70,70,70,70,70,70,70],"card_choices":[{"not_picked":["PiercingWail","Acrobatics"],"picked":"Dash","floor":1},{"not_picked":["Finisher","Quick Slash","PiercingWail"],"picked":"SKIP","floor":2},{"not_picked":["Outmaneuver","All Out Attack","Quick Slash"],"picked":"SKIP","floor":6},{"not_picked":["PiercingWail","Dash","Calculated Gamble"],"picked":"SKIP","floor":8},{"not_picked":["Doppelganger","Reflex"],"picked":"Sucker Punch","floor":10},{"not_picked":["Prepared","Deflect","Dagger Spray"],"picked":"SKIP","floor":13},{"not_picked":["Backflip","Well Laid Plans+1"],"picked":"Blade Dance","floor":14}],"player_experience":1331196,"relics_obtained":[{"floor":3,"key":"Potion Belt"},{"floor":4,"key":"MawBank"},{"floor":6,"key":"Toy Ornithopter"},{"floor":9,"key":"Nunchaku"},{"floor":10,"key":"Frozen Egg 2"}],"event_choices":[],"is_beta":false,"boss_relics":[],"items_purged_floors":[11],"is_endless":false,"potions_floor_spawned":[2],"killed_by":"Hexaghost","ascension_level":13}}