{"host":"r0e4s450fexxrjel","time":1612692220,"event":{"mods":["AchievementEnabler","Act Like it!","Aspiration","BaseMod","BetterRewards","Clawfect","Colored Map","Conspire","Dota2Spire","Downfall","Energized Spire","Friendly Minions","Gensokyo","GifTheSpireLib","Gold Saver","Halation","Hubris","Minty Spire (QoL Compilation)","Pale of the Ancients","Reliquary","Replay The Spire","Shop Mod","StS++","StSLib","Stuff the Spire","Waifu the Spire"],"gold_per_floor":[1389,1068,1068,1068,1080,1109,1140,1185,1197,1209,1236,1248,1272,1284,1296,1407,1419,1429,1429,1443,819,839,839,869,13,39,39,67,78,78,96,96,201,201,218,218,238,238,238,238,89,89,89,89,89,118,131,151,151,151],"floor_reached":51,"language":"DEU","playtime":2145,"items_purged":[],"score":998,"play_id":"525d2e0c-7f6a-494d-9525-3c735ef0ba30","local_time":"20210207110340","is_ascension_mode":false,"campfire_choices":[{"data":"Gensokyo:TekeTeke","floor":10,"key":"SMITH"},{"floor":12,"key":"REST"},{"data":"sneckomod:TailWhip","floor":15,"key":"SMITH"},{"floor":23,"key":"REST"},{"floor":27,"key":"REST"},{"floor":30,"key":"REST"},{"data":"sneckomod:UnknownColorless","floor":32,"key":"SMITH"},{"floor":40,"key":"REST"},{"data":"sneckomod:UnknownRarePower","floor":44,"key":"SMITH"},{"data":"sneckomod:UnknownRarePower","floor":49,"key":"SMITH"}],"circlet_count":0,"master_deck":["sneckomod:Strike","sneckomod:Strike","sneckomod:Strike","sneckomod:Defend","sneckomod:Defend","sneckomod:Defend","sneckomod:TailWhip+1","sneckomod:SnekBite","sneckomod:Unknown","sneckomod:Unknown","StuffTheSpire:PlasmaPulse","sneckomod:MasterEye","sneckomod:MasterEye","sneckomod:DiceBlock","Gensokyo:TekeTeke+1","StuffTheSpire:CelestialWarden","sneckomod:RainOfDice","sneckomod:UnknownCommonSkill","sneckomod:UnknownWeak","Guardian:Gem_Cyan","sneckomod:Unknown1Cost","sneckomod:UnknownCommonSkill","sneckomod:UnknownRareSkill","sneckomod:UnknownColorless+1","sneckomod:RainOfDice","Gensokyo:SevenSchoolMysteries","Gensokyo:SlitMouthedWoman","sneckomod:UnknownUncommonPower+1","sneckomod:UnknownClassShop Special","sneckomod:UnknownRarePower","Replay:Bootleg Shield Generator","sneckomod:UnknownColorless+1","sneckomod:UnknownCommonSkill","sneckomod:UnknownStrength","sneckomod:UnknownRarePower+1","Guardian:Gem_Cyan","sneckomod:UnknownDexterity+1","sneckomod:Unknown0Cost","sneckomod:UnknownUncommonPower","Gensokyo:MysteriousEgg","sneckomod:UnknownRarePower+1","sneckomod:Unknown1Cost+1","sneckomod:Unknown1Cost","Gensokyo:SummonFieryMouse"],"relics":["sneckomod:SneckoSoul","Mango","Dota2Spire:DivineRapier","Dota2Spire:MantaStyle","StSpp:WoodenPendulum","Unceasing Top","reliquary:RedPaperclip","Mirror","Dota2Spire:AssaultCuirass","halation:BottledLove","reliquary:PorcupineQuills","Gensokyo:Companionship","Dota2Spire:UrnOfShadows","StoneCalendar","aspiration:IroncladSkillbook","Nunchaku","reliquary:Firecrackers","Gensokyo:EmptyGrave","White Beast Statue","hubris:Towel","conspire:InfiniteJournal","aspiration:HatOfInfinitePower"],"acts_visited":["Gensokyo:Gensokyo","Gensokyo:Gensokyoer","Gensokyo:Gensokyoest"],"potions_floor_usage":[8,8,16,22,22,24,28,33,47,50,50],"damage_taken":[{"damage":4,"enemies":"Gensokyo:3_Fairies","floor":1,"turns":3},{"damage":4,"enemies":"Gensokyo:Gryphon","floor":5,"turns":5},{"damage":8,"enemies":"Gensokyo:Aya","floor":6,"turns":4},{"damage":2,"enemies":"Gensokyo:2_Kodama","floor":7,"turns":2},{"damage":0,"enemies":"Gensokyo:Cirno","floor":8,"turns":4},{"damage":0,"enemies":"Gensokyo:VengefulSpirit","floor":11,"turns":3},{"damage":4,"enemies":"Gensokyo:Python_and_Kodama","floor":13,"turns":4},{"damage":9,"enemies":"Gensokyo:Yukari","floor":16,"turns":4},{"damage":0,"enemies":"Gensokyo:2_Gloops","floor":18,"turns":2},{"damage":4,"enemies":"Gensokyo:AngelMirror","floor":20,"turns":2},{"damage":72,"enemies":"Gensokyo:Slime_Group","floor":22,"turns":4},{"damage":55,"enemies":"Gensokyo:Tenshi","floor":24,"turns":4},{"damage":0,"enemies":"Gensokyo:Reisen","floor":28,"turns":3},{"damage":0,"enemies":"Gensokyo:Chomper_and_Gloop","floor":29,"turns":4},{"damage":0,"enemies":"Gensokyo:Wraith","floor":31,"turns":3},{"damage":46,"enemies":"Gensokyo:Kaguya","floor":33,"turns":9},{"damage":7,"enemies":"Gensokyo:3_Bats","floor":35,"turns":4},{"damage":3,"enemies":"Gensokyo:3_Boulders","floor":37,"turns":5},{"damage":6,"enemies":"Gensokyo:Doremy","floor":46,"turns":5},{"damage":0,"enemies":"Gensokyo:AtlasGolem","floor":47,"turns":3},{"damage":8,"enemies":"Gensokyo:Sharpion","floor":48,"turns":6},{"damage":54,"enemies":"Gensokyo:Scarlet_Devils","floor":50,"turns":9}],"seed_played":"-3349496853304696116","potions_obtained":[{"floor":5,"key":"Dota2Spire:HealingSalve"},{"floor":7,"key":"AttackPotion"},{"floor":8,"key":"Explosive Potion"},{"floor":13,"key":"DuplicationPotion"},{"floor":18,"key":"Explosive Potion"},{"floor":22,"key":"hexamod:SoulburnPotion"},{"floor":31,"key":"Dexterity Potion"},{"floor":37,"key":"Dota2Spire:HealingSalve"},{"floor":46,"key":"PowerPotion"},{"floor":46,"key":"hexamod:SoulburnPotion"},{"floor":47,"key":"SpeedPotion"}],"is_trial":false,"path_per_floor":["M","COS","?","?","M","E","M","E","T","R","M","R","M","?","R","B",null,"M","?","M","COS","M","R","E","$","T","R","E","M","R","M","R","B",null,"M","?","M","?","$","R","COS","?","T","R","?","E","M","M","R","B",null],"character_chosen":"THE_SNECKO","items_purchased":["hubris:ToyBattleship","StuffTheSpire:PlasmaPulse","Mummified Hand","sneckomod:MasterEye","Dota2Spire:AssaultCuirass","halation:BottledLove","sneckomod:UnknownRarePower","Replay:Bootleg Shield Generator","Energy Potion","Nunchaku","reliquary:Firecrackers"],"campfire_rested":5,"item_purchase_floors":[0,0,0,0,25,25,25,25,25,39,39],"current_hp_per_floor":[56,56,56,66,62,54,52,61,61,61,61,92,88,88,88,79,104,104,104,100,100,28,59,4,4,4,35,35,41,72,72,72,26,104,104,104,104,104,78,104,104,96,96,96,96,94,96,96,96,46],"gold":151,"neow_bonus":"","is_daily":false,"chose_seed":false,"campfire_upgraded":5,"win_rate":0.0,"timestamp":1612692220,"path_taken":["M","COS","?","?","M","E","M","E","T","R","M","R","?","?","R","BOSS","M","?","M","COS","M","R","E","?","T","R","E","M","R","?","R","BOSS","M","?","M","?","?","R","COS","?","T","R","?","E","M","M","R","BOSS"],"items_purchased_type":["Relic","Card","Relic","Card","Relic","Relic","Card","Card","Potion","Relic","Relic"],"build_version":"2020-12-22","purchased_purges":0,"victory":true,"max_hp_per_floor":[104,104,104,104,104,104,104,104,104,104,104,104,104,104,104,104,104,104,104,104,104,104,104,104,104,104,104,104,104,104,104,104,104,104,104,104,104,104,104,104,104,96,96,96,96,96,96,96,96,96],"card_choices":[{"not_picked":["sneckomod:WideSting","sneckomod:SoulRoll"],"picked":"sneckomod:DiceBlock","floor":1},{"not_picked":["StuffTheSpire:Rapture","StuffTheSpire:Vigor"],"picked":"StuffTheSpire:CelestialWarden","floor":3},{"not_picked":["sneckomod:Cheat","sneckomod:SoulRoll"],"picked":"sneckomod:RainOfDice","floor":5},{"not_picked":["sneckomod:PureSnecko","sneckomod:SlitherStrike"],"picked":"sneckomod:UnknownCommonSkill","floor":6},{"not_picked":["sneckomod:Nope","sneckomod:SnakeSap"],"picked":"sneckomod:UnknownWeak","floor":7},{"not_picked":["Guardian:Gem_Green","Guardian:Gem_Red"],"picked":"Guardian:Gem_Cyan","floor":8},{"not_picked":["sneckomod:SoulDraw","sneckomod:SoulCleanse"],"picked":"sneckomod:Unknown1Cost","floor":8},{"not_picked":["sneckomod:SnakeSap","sneckomod:RainOfDice","sneckomod:WideSting","sneckomod:SerpentIdol"],"picked":"sneckomod:UnknownCommonSkill","floor":11},{"not_picked":["sneckomod:DefensiveFlair","sneckomod:DiceBlock","sneckomod:UnknownUncommonPower","sneckomod:Unknown0Cost"],"picked":"sneckomod:CheapStock","floor":13},{"not_picked":["sneckomod:UnknownRareAttack","sneckomod:Mudshield","sneckomod:SoulExchange","sneckomod:Unknown3Cost"],"picked":"sneckomod:UnknownRareSkill","floor":16},{"not_picked":["sneckomod:Unknown2Cost","sneckomod:WideSting","sneckomod:QuickBite","sneckomod:RainOfDice"],"picked":"sneckomod:UnknownColorless+1","floor":18},{"not_picked":["sneckomod:UnknownClassHEXA_GHOST_PURPLE+1","sneckomod:SoulCleanse","sneckomod:UnknownCommonSkill+1","sneckomod:UnknownColorless"],"picked":"sneckomod:RainOfDice","floor":20},{"not_picked":["sneckomod:ImprovisedAttack","sneckomod:UnknownUncommonAttack","sneckomod:UnknownCommonSkill+1","sneckomod:UnknownClassGUARDIAN+1"],"picked":"sneckomod:UnknownUncommonPower+1","floor":22},{"not_picked":["sneckomod:RainOfDice","sneckomod:Rotation","sneckomod:UnknownClassHEXA_GHOST_PURPLE","sneckomod:UnknownRareAttack"],"picked":"sneckomod:UnknownClassShop Special","floor":24},{"not_picked":["sneckomod:TrashToTreasure","sneckomod:SlitherStrike","sneckomod:SoulDraw+1","sneckomod:UnknownExhaust"],"picked":"sneckomod:UnknownColorless","floor":28},{"not_picked":["sneckomod:Nope","sneckomod:DiceBlock","sneckomod:Memorize","sneckomod:SoulDraw"],"picked":"sneckomod:UnknownCommonSkill","floor":29},{"not_picked":["sneckomod:UnknownX","sneckomod:SnakeSap","sneckomod:SlitherStrike","sneckomod:UnendingSupply"],"picked":"sneckomod:UnknownStrength","floor":31},{"not_picked":["sneckomod:Mudshield","sneckomod:Restock","sneckomod:SerpentMind","sneckomod:UnlimitedRolls"],"picked":"sneckomod:UnknownRarePower","floor":33},{"not_picked":["Guardian:Gem_Lightblue","Guardian:Gem_Green"],"picked":"Guardian:Gem_Cyan","floor":35},{"not_picked":["Body Slam+1","Perfected Strike+1","Flame Barrier","sneckomod:QuickMove+1","Infernal Blade+1"],"picked":"sneckomod:UnknownDexterity+1","floor":35},{"not_picked":["sneckomod:Unknown1Cost","Spot Weakness","ReplayTheSpireMod:Strike From Hell+1","sneckomod:QuickBite","Shockwave+1"],"picked":"sneckomod:Unknown0Cost","floor":37},{"not_picked":["sneckomod:WideSting","sneckomod:UnknownDexterity","Battle Trance+1","sneckomod:MasterEye","sneckomod:UnknownUncommonSkill"],"picked":"sneckomod:UnknownUncommonPower","floor":37},{"not_picked":["Havoc+1","Clothesline","Cleave","StSpp:Vengeance","Rage"],"picked":"sneckomod:UnknownRarePower","floor":46},{"not_picked":["Clash+1","Headbutt+1","StSpp:TheBiggerTheyAre","Warcry","Replay:Undeath\u0027s Touch"],"picked":"sneckomod:Unknown1Cost+1","floor":47},{"not_picked":["sneckomod:QuickMove+1","sneckomod:RainOfDice+1","sneckomod:Memorize","Seeing Red","Sentinel"],"picked":"sneckomod:Unknown1Cost","floor":48}],"player_experience":94295,"relics_obtained":[{"floor":6,"key":"MawBank"},{"floor":8,"key":"Dota2Spire:MantaStyle"},{"floor":9,"key":"StSpp:WoodenPendulum"},{"floor":24,"key":"Mirror"},{"floor":26,"key":"reliquary:PorcupineQuills"},{"floor":28,"key":"Dota2Spire:UrnOfShadows"},{"floor":43,"key":"White Beast Statue"},{"floor":46,"key":"conspire:InfiniteJournal"}],"event_choices":[{"damage_healed":0,"gold_gain":0,"player_choice":"Leave","damage_taken":0,"max_hp_gain":0,"max_hp_loss":0,"event_name":"conspire:Investor","floor":36,"gold_loss":0}],"is_beta":false,"boss_relics":[{"not_picked":["energizedSpire:EnergizedDie","Black Star"],"picked":"reliquary:RedPaperclip"},{"not_picked":["SacredBark","aspiration:RandomNobGenerator"],"picked":"aspiration:IroncladSkillbook"}],"items_purged_floors":[],"is_endless":false,"potions_floor_spawned":[5,7,8,13,18,22,31,37,46,47,48],"ascension_level":0}}