{"host":"seujf6kmfn3ctpoe","time":1612738046,"event":{"mods":["BaseMod","Colored Map","Minty Spire (QoL Compilation)","Permanent Neow","Relic Sorter","Relic Stats","StSLib"],"gold_per_floor":[115,115,133,133,133,160,160,191,271,296,139,139,151,162,162,260,260,278,298,313,333,80,109,109,137,137,152,152,152,67,167,167,268,268,284,284,284,92,92,118,118,143,143,171,190,203,252,99,99,99],"floor_reached":51,"language":"ENG","playtime":2174,"items_purged":["Shockwave","Twin Strike"],"score":928,"play_id":"b9db7f6f-8db7-4741-a98a-173073b075e9","local_time":"20210207234726","daily_mods":["SealedDeck"],"is_ascension_mode":true,"campfire_choices":[{"data":"Sword Boomerang","floor":7,"key":"SMITH"},{"data":"Whirlwind","floor":12,"key":"SMITH"},{"data":"Clash","floor":15,"key":"SMITH"},{"data":"Feed","floor":24,"key":"SMITH"},{"data":"Clash","floor":29,"key":"SMITH"},{"data":"Shrug It Off","floor":32,"key":"SMITH"},{"data":"Shrug It Off","floor":41,"key":"SMITH"},{"data":"Spot Weakness","floor":49,"key":"SMITH"}],"circlet_count":0,"master_deck":["Clash+1","Clash+1","Shockwave+1","Spot Weakness+1","Shrug It Off+1","Shrug It Off+1","Clash+1","Sword Boomerang+1","Whirlwind+1","Feed+1","Dropkick+1","Exhume+1","Rampage+1"],"relics":["Burning Blood","Omamori","Question Card","Matryoshka","HornCleat","Empty Cage","Happy Flower","Juzu Bracelet","Ornamental Fan","Anchor","Turnip","MutagenicStrength","Ancient Tea Set","Torii","Philosopher\u0027s Stone","Whetstone","Gambling Chip","CaptainsWheel","Nunchaku","Unceasing Top","Ginger","Ice Cream","Chemical X"],"acts_visited":["Exordium","TheCity","TheBeyond"],"potions_floor_usage":[18,33,50,50,50],"damage_taken":[{"damage":8,"enemies":"Jaw Worm","floor":1,"turns":3},{"damage":0,"enemies":"Small Slimes","floor":3,"turns":2},{"damage":0,"enemies":"Gremlin Nob","floor":6,"turns":2},{"damage":1,"enemies":"3 Sentries","floor":8,"turns":4},{"damage":8,"enemies":"Gremlin Nob","floor":10,"turns":4},{"damage":0,"enemies":"Cultist","floor":13,"turns":2},{"damage":0,"enemies":"Blue Slaver","floor":14,"turns":1},{"damage":5,"enemies":"The Guardian","floor":16,"turns":4},{"damage":0,"enemies":"Chosen","floor":18,"turns":2},{"damage":0,"enemies":"3 Byrds","floor":19,"turns":3},{"damage":0,"enemies":"Cultist and Chosen","floor":20,"turns":5},{"damage":0,"enemies":"3 Cultists","floor":21,"turns":3},{"damage":0,"enemies":"Book of Stabbing","floor":23,"turns":3},{"damage":4,"enemies":"Gremlin Leader","floor":25,"turns":4},{"damage":0,"enemies":"Snake Plant","floor":27,"turns":3},{"damage":0,"enemies":"Colosseum Slavers","floor":31,"turns":2},{"damage":0,"enemies":"Colosseum Nobs","floor":31,"turns":4},{"damage":40,"enemies":"Automaton","floor":33,"turns":9},{"damage":0,"enemies":"3 Shapes","floor":35,"turns":1},{"damage":20,"enemies":"Nemesis","floor":40,"turns":3},{"damage":6,"enemies":"Giant Head","floor":42,"turns":4},{"damage":2,"enemies":"Nemesis","floor":44,"turns":5},{"damage":0,"enemies":"Orb Walker","floor":45,"turns":3},{"damage":1,"enemies":"Jaw Worm Horde","floor":46,"turns":3},{"damage":0,"enemies":"2 Orb Walkers","floor":47,"turns":4},{"damage":17,"enemies":"Time Eater","floor":50,"turns":3}],"seed_played":"8662372616695064242","potions_obtained":[{"floor":3,"key":"LiquidBronze"},{"floor":10,"key":"Fruit Juice"},{"floor":14,"key":"PowerPotion"},{"floor":18,"key":"PowerPotion"},{"floor":40,"key":"Dexterity Potion"}],"is_trial":true,"path_per_floor":["M","$","M","?","?","E","R","E","T","E","$","R","M","M","R","B",null,"M","M","M","M","$","E","R","E","T","M","?","R","?","?","R","B",null,"M","?","?","$","?","E","R","E","T","E","M","M","?","$","R","B",null],"character_chosen":"IRONCLAD","items_purchased":["Whirlwind","Happy Flower","Rampage","Whetstone","Chemical X"],"campfire_rested":0,"item_purchase_floors":[11,22,38,38,48],"current_hp_per_floor":[78,78,80,64,64,70,70,75,75,73,73,73,79,80,80,80,80,85,88,91,94,94,94,94,94,94,98,98,98,98,102,102,72,106,106,106,106,106,106,96,96,100,100,104,114,122,126,126,126,115],"gold":99,"neow_bonus":"","is_daily":false,"chose_seed":false,"campfire_upgraded":8,"win_rate":0.0,"timestamp":1612738046,"path_taken":["M","$","M","?","?","E","R","E","T","E","$","R","M","M","R","BOSS","M","?","M","M","$","E","R","E","T","M","?","R","?","?","R","BOSS","M","?","?","$","?","E","R","E","T","E","M","M","?","$","R","BOSS"],"items_purchased_type":["Card","Relic","Card","Relic","Relic"],"build_version":"2020-12-22","purchased_purges":2,"victory":true,"max_hp_per_floor":[80,80,80,80,80,80,80,80,80,80,80,80,80,80,80,80,80,85,88,91,94,94,94,94,94,94,98,98,98,98,102,102,106,106,106,106,106,106,106,110,110,114,114,114,118,122,126,126,126,126],"relic_stats":{"Happy Flower":[17],"Torii":6,"counters":[26,86],"Juzu Bracelet":2,"Whetstone":["Rampage"],"Ginger":[1],"Question Card":21,"Burning Blood":83,"Nunchaku":[4],"Ornamental Fan":[92],"Gambling Chip":[12],"Turnip":[2],"Chemical X":[3],"obtain_stats":[{"Ice Cream":47,"Happy Flower":22,"Torii":31,"Omamori":6,"Juzu Bracelet":23,"Whetstone":38,"Ginger":44,"Question Card":8,"Empty Cage":17,"Ancient Tea Set":30,"Burning Blood":0,"Anchor":26,"CaptainsWheel":42,"Nunchaku":43,"Matryoshka":9,"HornCleat":10,"Ornamental Fan":25,"MutagenicStrength":28,"Gambling Chip":40,"Philosopher\u0027s Stone":34,"Turnip":26,"Chemical X":48,"Unceasing Top":43},{"Ice Cream":25,"Happy Flower":12,"Torii":17,"Omamori":3,"Juzu Bracelet":13,"Whetstone":19,"Ginger":22,"Question Card":4,"Empty Cage":8,"Ancient Tea Set":15,"Burning Blood":0,"Anchor":14,"CaptainsWheel":21,"Nunchaku":21,"Matryoshka":4,"HornCleat":5,"Ornamental Fan":14,"MutagenicStrength":15,"Gambling Chip":20,"Philosopher\u0027s Stone":18,"Turnip":14,"Chemical X":25,"Unceasing Top":21},{"Ice Cream":83,"Happy Flower":35,"Torii":51,"Omamori":7,"Juzu Bracelet":38,"Whetstone":61,"Ginger":73,"Question Card":11,"Empty Cage":22,"Ancient Tea Set":45,"Burning Blood":0,"Anchor":42,"CaptainsWheel":68,"Nunchaku":68,"Matryoshka":11,"HornCleat":15,"Ornamental Fan":42,"MutagenicStrength":45,"Gambling Chip":64,"Philosopher\u0027s Stone":60,"Turnip":42,"Chemical X":83,"Unceasing Top":68}],"Unceasing Top":[6]},"card_choices":[{"not_picked":["Havoc","Shrug It Off"],"picked":"Clash","floor":1},{"not_picked":["Flex","Headbutt"],"picked":"Sword Boomerang","floor":3},{"not_picked":["Warcry","Reckless Charge","Clothesline"],"picked":"SKIP","floor":6},{"not_picked":["Headbutt","Burning Pact","Barricade"],"picked":"SKIP","floor":8},{"not_picked":["Warcry","Iron Wave","Feel No Pain","Ghostly Armor"],"picked":"SKIP","floor":10},{"not_picked":["Shrug It Off","Evolve","Body Slam","Warcry"],"picked":"SKIP","floor":13},{"not_picked":["Body Slam","Heavy Blade","Perfected Strike","Shrug It Off"],"picked":"SKIP","floor":14},{"not_picked":["Limit Break","Berserk","Immolate"],"picked":"Feed","floor":16},{"not_picked":["Rupture+1","Body Slam","Ghostly Armor+1"],"picked":"Dropkick+1","floor":18},{"not_picked":["Sentinel","Disarm","Cleave","Twin Strike+1"],"picked":"SKIP","floor":19},{"not_picked":["Havoc+1","Reckless Charge+1","Perfected Strike","Carnage"],"picked":"SKIP","floor":20},{"not_picked":["Havoc+1","Reckless Charge+1","Perfected Strike","Carnage"],"picked":"SKIP","floor":20},{"not_picked":["Iron Wave","Searing Blow","Dropkick+1","Shockwave"],"picked":"SKIP","floor":21},{"not_picked":["Warcry","Dropkick","Searing Blow+1","Thunderclap+1"],"picked":"SKIP","floor":23},{"not_picked":["Warcry","Dropkick","Searing Blow+1","Thunderclap+1"],"picked":"SKIP","floor":23},{"not_picked":["Warcry","Dropkick","Searing Blow+1","Thunderclap+1"],"picked":"SKIP","floor":23},{"not_picked":["Carnage","Berserk","Battle Trance","Sword Boomerang"],"picked":"SKIP","floor":25},{"not_picked":["Flex","Anger+1","Iron Wave","Thunderclap+1"],"picked":"SKIP","floor":27},{"not_picked":["Brutality","Bludgeon","Impervious"],"picked":"Exhume","floor":33},{"not_picked":["Perfected Strike+1","Headbutt+1","Warcry+1","Shrug It Off"],"picked":"SKIP","floor":35},{"not_picked":["Dark Embrace+1","Power Through","True Grit+1","Clothesline"],"picked":"SKIP","floor":40},{"not_picked":["Anger","Iron Wave","Sword Boomerang","Evolve"],"picked":"SKIP","floor":42},{"not_picked":["Shockwave+1","Carnage+1","True Grit+1","Clothesline+1"],"picked":"SKIP","floor":44},{"not_picked":["Wild Strike","Clash","Thunderclap+1","Heavy Blade"],"picked":"SKIP","floor":45},{"not_picked":["Exhume","Flame Barrier+1","Burning Pact","Fire Breathing+1"],"picked":"SKIP","floor":46}],"player_experience":426298,"relics_obtained":[{"floor":6,"key":"Omamori"},{"floor":8,"key":"Question Card"},{"floor":9,"key":"Matryoshka"},{"floor":10,"key":"HornCleat"},{"floor":23,"key":"Juzu Bracelet"},{"floor":25,"key":"Ornamental Fan"},{"floor":26,"key":"Anchor"},{"floor":26,"key":"Turnip"},{"floor":31,"key":"Torii"},{"floor":40,"key":"Gambling Chip"},{"floor":42,"key":"CaptainsWheel"},{"floor":43,"key":"Nunchaku"},{"floor":43,"key":"Unceasing Top"},{"floor":44,"key":"Ginger"},{"floor":47,"key":"Ice Cream"}],"event_choices":[{"damage_healed":0,"gold_gain":0,"player_choice":"Entered Light","damage_taken":16,"max_hp_gain":0,"max_hp_loss":0,"event_name":"Shining Light","floor":4,"gold_loss":0,"cards_upgraded":["Shockwave","Clash"]},{"damage_healed":0,"gold_gain":0,"player_choice":"Ignored","damage_taken":0,"max_hp_gain":0,"max_hp_loss":0,"event_name":"Transmorgrifier","floor":5,"gold_loss":0},{"damage_healed":0,"gold_gain":0,"player_choice":"Inject Mutagens","damage_taken":0,"relics_obtained":["MutagenicStrength"],"max_hp_gain":0,"max_hp_loss":0,"event_name":"Drug Dealer","floor":28,"gold_loss":0},{"damage_healed":0,"gold_gain":0,"player_choice":"Obtained Relic","damage_taken":0,"relics_obtained":["Ancient Tea Set"],"max_hp_gain":0,"max_hp_loss":0,"event_name":"Addict","floor":30,"gold_loss":85},{"damage_healed":0,"gold_gain":0,"player_choice":"Fight","damage_taken":0,"max_hp_gain":0,"max_hp_loss":0,"event_name":"Colosseum","floor":31,"gold_loss":0},{"damage_healed":0,"gold_gain":0,"player_choice":"Fought Nobs","damage_taken":0,"max_hp_gain":0,"max_hp_loss":0,"event_name":"Colosseum","floor":31,"gold_loss":0},{"damage_healed":0,"gold_gain":0,"player_choice":"Ignored","damage_taken":0,"max_hp_gain":0,"max_hp_loss":0,"event_name":"Purifier","floor":36,"gold_loss":0},{"damage_healed":0,"gold_gain":0,"player_choice":"Upgraded","damage_taken":0,"max_hp_gain":0,"max_hp_loss":0,"event_name":"Upgrade Shrine","floor":37,"gold_loss":0,"cards_upgraded":["Exhume"]},{"damage_healed":0,"gold_gain":0,"player_choice":"Memory 1","damage_taken":0,"max_hp_gain":0,"max_hp_loss":0,"event_name":"SensoryStone","floor":39,"gold_loss":0},{"damage_healed":0,"gold_gain":0,"player_choice":"Fight","damage_taken":0,"max_hp_gain":0,"max_hp_loss":0,"event_name":"Mysterious Sphere","floor":47,"gold_loss":0}],"is_beta":false,"boss_relics":[{"not_picked":["Velvet Choker","Fusion Hammer"],"picked":"Empty Cage"},{"not_picked":["Black Blood","Tiny House"],"picked":"Philosopher\u0027s Stone"}],"items_purged_floors":[11,22],"is_endless":false,"potions_floor_spawned":[3,10,14,18,21,23,27,40,42,47],"ascension_level":1}}