{"host":"s2d29imqr30z3nf9","time":1612702205,"event":{"mods":["2.2 Compatiblity","Act Like it!","Bartender","BaseMod","Colored Map","Colored Powertips","Downfall","Friendly Minions","Highlight Path","Minty Spire (QoL Compilation)","Replay The Spire","Shop Mod","Small Relic Pack","StSLib","The Poker Player"],"gold_per_floor":[115,115,130,145,70,104,119,119,119,119],"floor_reached":8,"language":"ENG","playtime":673,"items_purged":["Purity"],"score":58,"play_id":"00aed48e-4da8-4efa-814e-fbcdb9150f08","local_time":"20210207125005","is_ascension_mode":false,"metric_token":978,"campfire_choices":[],"circlet_count":0,"master_deck":["PokerPlayerMod:Diamond1","PokerPlayerMod:Diamond2","PokerPlayerMod:Diamond3","PokerPlayerMod:Diamond4","PokerPlayerMod:Diamond5","PokerPlayerMod:Spade1","PokerPlayerMod:Spade2","PokerPlayerMod:Spade3","PokerPlayerMod:Spade4","PokerPlayerMod:Club1","PokerPlayerMod:Club2","PokerPlayerMod:Heart2","PokerPlayerMod:TrumpStrike","PokerPlayerMod:BadJoker","PokerPlayerMod:Mulligan","PokerPlayerMod:Club8","PokerPlayerMod:ClubsClub"],"relics":["PokerPlayerMod:DeckCase","GremlinMask","Ice Cream"],"acts_visited":["Exordium"],"potions_floor_usage":[],"damage_taken":[{"damage":0,"enemies":"2 Louse","floor":1,"turns":2},{"damage":6,"enemies":"Cultist","floor":3,"turns":3},{"damage":11,"enemies":"Jaw Worm","floor":4,"turns":2},{"damage":9,"enemies":"3 Sentries","floor":6,"turns":4},{"damage":9,"enemies":"2 Fungi Beasts","floor":7,"turns":2},{"damage":26,"enemies":"Gremlin Nob","floor":8,"turns":3}],"seed_played":"-8992242601453911405","potions_obtained":[{"floor":3,"key":"SpeedPotion"},{"floor":6,"key":"sneckomod:MuddlingPotion"}],"is_trial":false,"path_per_floor":["M","?","M","M","$","E","M","E"],"character_chosen":"THE_POKER_PLAYER","items_purchased":[],"campfire_rested":0,"item_purchase_floors":[],"current_hp_per_floor":[52,52,46,35,35,28,19,0,0,0],"gold":119,"neow_bonus":"RANDOM_COLORLESS","is_daily":false,"chose_seed":false,"campfire_upgraded":0,"win_rate":0.0,"timestamp":1612702205,"path_taken":["M","?","M","M","?","E","M","E"],"items_purchased_type":[],"build_version":"2020-12-22","purchased_purges":1,"victory":false,"max_hp_per_floor":[52,52,52,52,52,52,52,52,52,52],"card_choices":[{"not_picked":["ReplayTheSpireMod:Uncanny Aura","Replay:BasicMightCard"],"picked":"Purity","floor":0},{"not_picked":["PokerPlayerMod:Configure","PokerPlayerMod:Spade5","PokerPlayerMod:Diamond4"],"picked":"SKIP","floor":1},{"not_picked":["PokerPlayerMod:Club2","PokerPlayerMod:HeartStrike"],"picked":"PokerPlayerMod:Club8","floor":3},{"not_picked":["PokerPlayerMod:ClubStrike","PokerPlayerMod:Diamond2"],"picked":"PokerPlayerMod:ClubsClub","floor":4},{"not_picked":["PokerPlayerMod:Configure","PokerPlayerMod:Diamond1","PokerPlayerMod:DiamondStrike"],"picked":"SKIP","floor":6},{"not_picked":["PokerPlayerMod:Diamond3","PokerPlayerMod:PoorCopy","PokerPlayerMod:Spade5"],"picked":"SKIP","floor":7}],"player_experience":709239,"relics_obtained":[{"floor":6,"key":"Ice Cream"}],"event_choices":[{"damage_healed":0,"gold_gain":0,"player_choice":"Trade","damage_taken":0,"relics_obtained":["GremlinMask"],"max_hp_gain":0,"max_hp_loss":0,"event_name":"FaceTrader","floor":2,"gold_loss":0}],"is_beta":false,"boss_relics":[],"items_purged_floors":[5],"is_endless":false,"potions_floor_spawned":[3,6],"killed_by":"Gremlin Nob","ascension_level":0}}