{"host":"ao4lxi9bhtts409i","time":1612722662,"event":{"mods":["AchievementEnabler","BaseMod","Colored Map","Colored Powertips","Minty Spire (QoL Compilation)","SuperFastMode"],"gold_per_floor":[113,130,130,140,140,140,187,200,200,200,200],"floor_reached":10,"language":"ENG","playtime":296,"items_purged":[],"score":70,"play_id":"ed893ee9-f620-4baf-9284-d3b4928e289b","local_time":"20210207193102","is_ascension_mode":true,"campfire_choices":[{"data":"Darkness","floor":6,"key":"SMITH"}],"circlet_count":0,"master_deck":["Strike_B","Strike_B","Defend_B","Defend_B","Defend_B","Zap","Dualcast","Conserve Battery","BootSequence","Rip and Tear","Darkness+1","Cold Snap","Doom and Gloom"],"relics":["Cracked Core","Torii","Orichalcum","Meat on the Bone"],"acts_visited":["Exordium"],"potions_floor_usage":[10,10],"damage_taken":[{"damage":0,"enemies":"Jaw Worm","floor":1,"turns":3},{"damage":0,"enemies":"2 Louse","floor":2,"turns":2},{"damage":0,"enemies":"Cultist","floor":4,"turns":3},{"damage":19,"enemies":"Exordium Thugs","floor":8,"turns":4},{"damage":22,"enemies":"3 Sentries","floor":10,"turns":4}],"seed_played":"-1125743227889851593","potions_obtained":[{"floor":1,"key":"FocusPotion"},{"floor":4,"key":"PotionOfCapacity"},{"floor":8,"key":"Ancient Potion"}],"is_trial":false,"path_per_floor":["M","M","?","M","?","R","T","M","T","E"],"character_chosen":"DEFECT","items_purchased":[],"campfire_rested":0,"item_purchase_floors":[],"current_hp_per_floor":[54,54,47,47,35,35,35,16,16,0,0],"gold":200,"neow_bonus":"TRANSFORM_TWO_CARDS","is_daily":false,"chose_seed":false,"campfire_upgraded":1,"win_rate":0.0,"timestamp":1612722662,"path_taken":["M","M","?","M","?","R","?","M","T","E"],"items_purchased_type":[],"build_version":"2020-12-22","purchased_purges":0,"victory":false,"max_hp_per_floor":[75,75,75,75,75,75,75,75,75,75,75],"card_choices":[{"not_picked":["Skim","Heatsinks"],"picked":"Rip and Tear","floor":1},{"not_picked":["FTL","Chaos"],"picked":"Darkness","floor":2},{"not_picked":["Blizzard","Double Energy"],"picked":"Cold Snap","floor":4},{"not_picked":["Cold Snap","Sunder"],"picked":"Doom and Gloom","floor":8}],"player_experience":280401,"relics_obtained":[{"floor":7,"key":"Orichalcum"},{"floor":9,"key":"Meat on the Bone"}],"event_choices":[{"cards_removed":["Strike_B"],"damage_healed":0,"gold_gain":0,"player_choice":"Card Removal","damage_taken":7,"max_hp_gain":0,"max_hp_loss":0,"event_name":"Golden Wing","floor":3,"gold_loss":0},{"damage_healed":0,"gold_gain":0,"player_choice":"Success","damage_taken":12,"relics_obtained":["Torii"],"max_hp_gain":0,"max_hp_loss":0,"event_name":"Scrap Ooze","floor":5,"gold_loss":0}],"is_beta":false,"boss_relics":[],"items_purged_floors":[],"is_endless":false,"potions_floor_spawned":[1,4,8],"killed_by":"3 Sentries","ascension_level":4}}