{"host":"a1eatafr7pisesky","time":1612693729,"event":{"mods":["AchievementEnabler","BaseMod","Colored Map","Keyboard Shortcuts","Minty Spire (QoL Compilation)","Say the Spire","StSLib","SuperFastMode","everything is the same but u backflip on backflip"],"gold_per_floor":[112,16,41,55,55,91,91,130,155,155,305,305,329,103,103,193,193,208,59,59,84,134,134,34,55,55,55,95,109,109,145,145,239,239,253,253,102,163,38,72,72,116,116,141,174,199,240,200,200,200,200],"floor_reached":50,"language":"KOR","playtime":1325,"items_purged":["Strike_G","Strike_G","Defend_G"],"score":1250,"play_id":"220d5c40-937c-42dd-bbde-70bc1a507403","local_time":"20210207192849","is_ascension_mode":true,"campfire_choices":[{"floor":7.0,"key":"REST"},{"floor":12.0,"key":"REST"},{"data":"Crippling Poison","floor":15.0,"key":"SMITH"},{"floor":23.0,"key":"REST"},{"data":"Wraith Form v2","floor":27.0,"key":"SMITH"},{"data":"Poisoned Stab","floor":32.0,"key":"SMITH"},{"floor":41.0,"key":"REST"},{"floor":49.0,"key":"RECALL"}],"circlet_count":0,"master_deck":["AscendersBane","Defend_G","Defend_G","Defend_G","Survivor","Neutralize","Deadly Poison","Crippling Poison+1","Poisoned Stab+1","Backstab","Wraith Form v2+1","Dash","Corpse Explosion+1","PiercingWail+1","Crippling Poison+1","Backflip+1","Backflip+1","Burst+1","Poisoned Stab+1","Slice+1","A Thousand Cuts+1","PiercingWail+1","Dark Shackles+1","Master of Strategy+1","Bouncing Flask+1","Noxious Fumes+1","Calculated Gamble+1"],"relics":["Ring of the Snake","Orichalcum","Golden Idol","CaptainsWheel","Vajra","Potion Belt","Toxic Egg 2","PreservedInsect","Empty Cage","Snake Skull","HornCleat","Blood Vial","Pen Nib","Astrolabe","Lantern","Shovel","Ginger","InkBottle","Blue Candle","Dead Branch"],"acts_visited":["Exordium","TheCity","TheBeyond"],"potions_floor_usage":[50,50],"damage_taken":[{"damage":6.0,"enemies":"Cultist","floor":1.0,"turns":5.0},{"damage":4.0,"enemies":"Jaw Worm","floor":4.0,"turns":3.0},{"damage":23.0,"enemies":"Lagavulin","floor":6.0,"turns":6.0},{"damage":22.0,"enemies":"3 Sentries","floor":8.0,"turns":11.0},{"damage":0.0,"enemies":"2 Louse","floor":13.0,"turns":2.0},{"damage":36.0,"enemies":"The Guardian","floor":16.0,"turns":11.0},{"damage":10.0,"enemies":"Shell Parasite","floor":18.0,"turns":5.0},{"damage":14.0,"enemies":"2 Thieves","floor":21.0,"turns":3.0},{"damage":11.0,"enemies":"Shelled Parasite and Fungi","floor":25.0,"turns":5.0},{"damage":0.0,"enemies":"Gremlin Leader","floor":28.0,"turns":6.0},{"damage":0.0,"enemies":"Centurion and Healer","floor":29.0,"turns":5.0},{"damage":0.0,"enemies":"Slavers","floor":31.0,"turns":3.0},{"damage":22.0,"enemies":"Collector","floor":33.0,"turns":9.0},{"damage":0.0,"enemies":"Orb Walker","floor":35.0,"turns":3.0},{"damage":18.0,"enemies":"2 Orb Walkers","floor":38.0,"turns":3.0},{"damage":0.0,"enemies":"Giant Head","floor":40.0,"turns":7.0},{"damage":19.0,"enemies":"Nemesis","floor":42.0,"turns":5.0},{"damage":0.0,"enemies":"3 Shapes","floor":44.0,"turns":3.0},{"damage":7.0,"enemies":"Reptomancer","floor":45.0,"turns":5.0},{"damage":1.0,"enemies":"Sphere and 2 Shapes","floor":46.0,"turns":4.0},{"damage":21.0,"enemies":"Giant Head","floor":47.0,"turns":7.0},{"damage":38,"enemies":"Awakened One","floor":50,"turns":8}],"seed_played":"4611151583809227132","potions_obtained":[{"floor":0.0,"key":"DistilledChaos"},{"floor":0.0,"key":"DistilledChaos"},{"floor":6.0,"key":"SkillPotion"},{"floor":8.0,"key":"Strength Potion"},{"floor":13.0,"key":"Poison Potion"},{"floor":16.0,"key":"Poison Potion"},{"floor":18.0,"key":"Energy Potion"},{"floor":28.0,"key":"PowerPotion"},{"floor":29.0,"key":"SkillPotion"},{"floor":35.0,"key":"Strength Potion"},{"floor":40.0,"key":"CunningPotion"},{"floor":45.0,"key":"SteroidPotion"},{"floor":46.0,"key":"CunningPotion"},{"floor":48.0,"key":"BlessingOfTheForge"},{"floor":48.0,"key":"FairyPotion"},{"floor":48.0,"key":"Energy Potion"}],"is_trial":false,"path_per_floor":["M","$","T","M","?","E","R","E","T","T","?","R","M","$","R","B",null,"M","$","?","M","?","R","$","M","T","R","E","M","$","E","R","B",null,"M","?","$","?","$","E","R","E","T","M","E","M","E","?","R","B"],"character_chosen":"THE_SILENT","items_purchased":["Crippling Poison","Poisoned Stab","PreservedInsect","Snake Skull","Lantern"],"campfire_rested":4,"item_purchase_floors":[2,2,14,19,37],"current_hp_per_floor":[53,53,53,49,49,26,44,22,22,22,22,40,40,40,40,4,46,36,36,36,22,22,40,40,29,29,29,29,31,31,35,35,15,49,51,41,41,25,25,27,45,28,28,30,25,26,7,7,7,0,0],"gold":200,"neow_bonus":"THREE_SMALL_POTIONS","is_daily":false,"chose_seed":false,"campfire_upgraded":3,"win_rate":0.0,"timestamp":1612693729,"path_taken":["M","?","?","?","?","E","R","E","T","?","?","R","M","$","R","BOSS","M","$","?","M","?","R","$","M","T","R","E","M","$","E","R","BOSS","M","?","$","?","?","E","R","E","T","?","E","M","E","?","R","BOSS"],"items_purchased_type":["Card","Card","Relic","Relic","Relic"],"build_version":"2020-12-22","purchased_purges":3,"victory":false,"max_hp_per_floor":[66,66,66,66,60,60,60,60,60,60,60,60,60,60,60,60,60,60,60,60,60,60,60,60,60,60,60,60,60,60,60,60,60,60,60,60,60,60,60,60,60,60,60,60,60,60,60,60,60,60,60],"card_choices":[{"not_picked":["Cloak And Dagger","Dodge and Roll"],"picked":"Deadly Poison","floor":1.0},{"not_picked":["Infinite Blades","Acrobatics"],"picked":"Backstab","floor":4.0},{"not_picked":["Underhanded Strike","Storm of Steel","Accuracy"],"picked":"SKIP","floor":6.0},{"not_picked":["Well Laid Plans","Deadly Poison"],"picked":"Wraith Form v2","floor":8.0},{"not_picked":["Reflex+1","Flying Knee"],"picked":"Dash","floor":13.0},{"not_picked":["Night Terror+1","Glass Knife"],"picked":"Corpse Explosion+1","floor":16.0},{"not_picked":["Noxious Fumes","Dodge and Roll+1"],"picked":"PiercingWail+1","floor":18.0},{"not_picked":["Quick Slash","Deflect+1"],"picked":"Backflip+1","floor":21.0},{"not_picked":["Accuracy","Underhanded Strike"],"picked":"Backflip+1","floor":25.0},{"not_picked":["Blade Dance+1","Escape Plan+1","Slice"],"picked":"SKIP","floor":28.0},{"not_picked":["Deflect+1","Dodge and Roll+1","Prepared+1"],"picked":"SKIP","floor":29.0},{"not_picked":["Masterful Stab+1","Blade Dance+1","Dodge and Roll+1"],"picked":"SKIP","floor":31.0},{"not_picked":["Envenom","Doppelganger+1"],"picked":"Burst+1","floor":33.0},{"not_picked":["Tactician+1","Backflip+1"],"picked":"PiercingWail+1","floor":35.0},{"not_picked":["Dramatic Entrance","Secret Weapon+1"],"picked":"Dark Shackles+1","floor":36.0},{"not_picked":["Mind Blast","Finesse+1"],"picked":"Master of Strategy+1","floor":36.0},{"not_picked":["PiercingWail+1","Quick Slash+1"],"picked":"Bouncing Flask+1","floor":38.0},{"not_picked":["PiercingWail+1","Flying Knee"],"picked":"Noxious Fumes+1","floor":40.0},{"not_picked":["Outmaneuver+1","Endless Agony+1","Phantasmal Killer+1"],"picked":"SKIP","floor":42.0},{"not_picked":["Dodge and Roll+1","Eviscerate"],"picked":"Calculated Gamble+1","floor":44.0},{"not_picked":["Riddle With Holes","Dagger Spray","Blade Dance+1"],"picked":"SKIP","floor":45.0},{"not_picked":["Flying Knee","Slice","Dash"],"picked":"SKIP","floor":46.0},{"not_picked":["Underhanded Strike","Flechettes+1","Outmaneuver+1"],"picked":"SKIP","floor":47.0}],"player_experience":419320,"relics_obtained":[{"floor":3.0,"key":"Orichalcum"},{"floor":6.0,"key":"CaptainsWheel"},{"floor":8.0,"key":"Vajra"},{"floor":9.0,"key":"Potion Belt"},{"floor":10.0,"key":"Toxic Egg 2"},{"floor":26.0,"key":"HornCleat"},{"floor":28.0,"key":"Blood Vial"},{"floor":31.0,"key":"Pen Nib"},{"floor":38.0,"key":"Shovel"},{"floor":40.0,"key":"Ginger"},{"floor":42.0,"key":"InkBottle"},{"floor":45.0,"key":"Blue Candle"},{"floor":47.0,"key":"Dead Branch"}],"event_choices":[{"damage_healed":0.0,"max_hp_gain":0.0,"max_hp_loss":6.0,"gold_gain":0.0,"event_name":"Golden Idol","player_choice":"Lose Max HP","floor":5.0,"gold_loss":0.0,"damage_taken":0.0,"relics_obtained":["Golden Idol"]},{"damage_healed":0.0,"max_hp_gain":0.0,"max_hp_loss":0.0,"gold_gain":150.0,"event_name":"Liars Game","player_choice":"AGREE","floor":11.0,"gold_loss":0.0,"damage_taken":0.0,"cards_obtained":["Doubt"]},{"damage_healed":0.0,"max_hp_gain":0.0,"max_hp_loss":0.0,"gold_gain":0.0,"event_name":"The Library","player_choice":"Read","floor":20.0,"gold_loss":0.0,"damage_taken":0.0,"cards_obtained":["Crippling Poison"]},{"damage_healed":0.0,"max_hp_gain":0.0,"max_hp_loss":0.0,"gold_gain":50.0,"event_name":"Nest","player_choice":"Stole From Cult","floor":22.0,"gold_loss":0.0,"damage_taken":0.0},{"damage_healed":0.0,"max_hp_gain":0.0,"max_hp_loss":0.0,"gold_gain":0.0,"event_name":"SensoryStone","player_choice":"Memory 3","floor":36.0,"gold_loss":0.0,"damage_taken":10.0},{"damage_healed":0.0,"max_hp_gain":0.0,"max_hp_loss":0.0,"gold_gain":0.0,"event_name":"Mysterious Sphere","player_choice":"Fight","floor":38.0,"gold_loss":0.0,"damage_taken":0.0},{"damage_healed":0.0,"max_hp_gain":0.0,"max_hp_loss":0.0,"gold_gain":0.0,"event_name":"The Woman in Blue","player_choice":"Bought 3 Potions","floor":48.0,"gold_loss":0.0,"damage_taken":0.0}],"is_beta":false,"boss_relics":[{"not_picked":["Philosopher\u0027s Stone","Snecko Eye"],"picked":"Empty Cage"},{"not_picked":["Runic Dome","Coffee Dripper"],"picked":"Astrolabe"}],"items_purged_floors":[14,24,39],"is_endless":false,"potions_floor_spawned":[6,8,13,16,18,21,28,29,35,40,45,46],"killed_by":"Awakened One","ascension_level":15}}