{"host":"fzjk61lpi4bwj033","time":1612713946,"event":{"mods":["BaseMod","Hermit","Jorbs\u0027s Wanderer Trilogy","Minty Spire (QoL Compilation)","Rare Cards Sparkle","Relic Stats","StSLib"],"gold_per_floor":[114,134,147,147,180,180,206,206,206,232,17,51,69,87,87,175,175,175,125,125,125,125,125,125,125,125,125,125,75,75,75,75,75,75,75,75,75,0,0,0,0,0,0,0,0],"floor_reached":44,"language":"ENG","playtime":2129,"items_purged":["stsjorbsmod:Strike_Wanderer","stsjorbsmod:Strike_Wanderer","stsjorbsmod:Strike_Wanderer"],"score":1036,"play_id":"1afa9736-5a22-4eb4-83d1-83658660a361","local_time":"20210207100546","is_ascension_mode":true,"campfire_choices":[{"data":"stsjorbsmod:FracturedMind","floor":6.0,"key":"SMITH"},{"floor":8.0,"key":"REST"},{"data":"stsjorbsmod:Prestidigitation","floor":15.0,"key":"SMITH"},{"floor":24.0,"key":"REST"},{"data":"stsjorbsmod:ColorSpray","floor":28.0,"key":"SMITH"},{"data":"stsjorbsmod:EyeOfTheStorm","floor":32.0,"key":"SMITH"},{"floor":40.0,"key":"RECALL"}],"circlet_count":0,"master_deck":["AscendersBane","stsjorbsmod:ForbiddenGrimoire+1","stsjorbsmod:Strike_Wanderer","stsjorbsmod:Defend_Wanderer","stsjorbsmod:Defend_Wanderer","stsjorbsmod:Defend_Wanderer","stsjorbsmod:Defend_Wanderer","stsjorbsmod:FreshAdventure","stsjorbsmod:EyeOfTheStorm+1","stsjorbsmod:SmithingStrike","stsjorbsmod:FranticSearch+1","stsjorbsmod:RefuseToForget","stsjorbsmod:FracturedMind+1","stsjorbsmod:ColorSpray+1","stsjorbsmod:BookOfTongues","stsjorbsmod:MagicMissiles","stsjorbsmod:Prestidigitation+1","stsjorbsmod:Channel","stsjorbsmod:Rediscovery","stsjorbsmod:HedgeWizard+1","stsjorbsmod:FindFamiliar+1","CurseOfTheBell","stsjorbsmod:Aid"],"relics":["stsjorbsmod:GrimoireRelic","Smiling Mask","Bag of Marbles","Gremlin Horn","Regal Pillow","Ectoplasm","MawBank","MealTicket","Nunchaku","Calling Bell","PreservedInsect","StrikeDummy","Unceasing Top","Red Mask","Blood Vial"],"acts_visited":["Exordium","TheCity","TheBeyond"],"potions_floor_usage":[],"damage_taken":[{"damage":0.0,"enemies":"Cultist","floor":1.0,"turns":3.0},{"damage":5.0,"enemies":"Small Slimes","floor":2.0,"turns":5.0},{"damage":2.0,"enemies":"Jaw Worm","floor":3.0,"turns":4.0},{"damage":25.0,"enemies":"Large Slime","floor":5.0,"turns":7.0},{"damage":16.0,"enemies":"Gremlin Nob","floor":7.0,"turns":4.0},{"damage":2.0,"enemies":"3 Sentries","floor":10.0,"turns":4.0},{"damage":13.0,"enemies":"Lagavulin","floor":12.0,"turns":6.0},{"damage":0.0,"enemies":"Lots of Slimes","floor":13.0,"turns":2.0},{"damage":0.0,"enemies":"Blue Slaver","floor":14.0,"turns":1.0},{"damage":20.0,"enemies":"Slime Boss","floor":16.0,"turns":7.0},{"damage":6.0,"enemies":"3 Byrds","floor":18.0,"turns":5.0},{"damage":5.0,"enemies":"Spheric Guardian","floor":20.0,"turns":4.0},{"damage":4.0,"enemies":"Centurion and Healer","floor":21.0,"turns":4.0},{"damage":15.0,"enemies":"Snake Plant","floor":22.0,"turns":3.0},{"damage":4.0,"enemies":"Book of Stabbing","floor":23.0,"turns":4.0},{"damage":11.0,"enemies":"Gremlin Leader","floor":27.0,"turns":4.0},{"damage":0.0,"enemies":"Snecko","floor":30.0,"turns":6.0},{"damage":15.0,"enemies":"Book of Stabbing","floor":31.0,"turns":5.0},{"damage":49.0,"enemies":"Collector","floor":33.0,"turns":8.0},{"damage":13.0,"enemies":"3 Shapes","floor":35.0,"turns":3.0},{"damage":5.0,"enemies":"3 Darklings","floor":36.0,"turns":3.0},{"damage":12.0,"enemies":"Writhing Mass","floor":39.0,"turns":7.0},{"damage":40.0,"enemies":"Nemesis","floor":42.0,"turns":5.0},{"damage":14,"enemies":"Jaw Worm Horde","floor":44,"turns":2}],"seed_played":"6366983121707891241","potions_obtained":[{"floor":1.0,"key":"Swift Potion"},{"floor":2.0,"key":"PowerPotion"},{"floor":7.0,"key":"Energy Potion"},{"floor":16.0,"key":"Weak Potion"},{"floor":18.0,"key":"LiquidMemories"},{"floor":27.0,"key":"Fire Potion"},{"floor":30.0,"key":"EntropicBrew"},{"floor":35.0,"key":"Block Potion"},{"floor":42.0,"key":"FearPotion"}],"is_trial":false,"path_per_floor":["M","M","M","$","M","R","E","R","T","E","$","E","M","M","R","B",null,"M","$","M","M","M","E","R","?","T","E","R","$","M","E","R","B",null,"M","M","$","?","M","R","?","E","T","M"],"character_chosen":"WANDERER","items_purchased":["stsjorbsmod:MagicMissiles","Fire Potion","stsjorbsmod:Prestidigitation"],"campfire_rested":2,"item_purchase_floors":[11,11,11],"current_hp_per_floor":[65,62,62,62,41,41,27,48,48,48,48,38,40,40,40,20,58,55,55,52,50,37,36,70,70,70,63,63,70,70,58,58,9,55,44,42,57,57,51,51,41,6,6,0,0],"gold":0,"neow_bonus":"TEN_PERCENT_HP_BONUS","is_daily":false,"chose_seed":false,"campfire_upgraded":4,"win_rate":0.0,"timestamp":1612713946,"path_taken":["M","M","M","?","M","R","E","R","T","E","$","E","M","M","R","BOSS","M","$","M","M","M","E","R","?","T","E","R","?","M","E","R","BOSS","M","M","?","?","M","R","?","E","T","?"],"items_purchased_type":["Card","Potion","Card"],"build_version":"2020-12-22","purchased_purges":3,"victory":false,"max_hp_per_floor":[70,70,70,70,70,70,70,70,70,70,70,70,70,70,70,70,70,70,70,70,70,70,70,70,70,70,70,70,70,70,70,70,70,70,70,70,70,70,70,70,70,70,70,70,70],"relic_stats":{"Blood Vial":2,"Regal Pillow":13,"Nunchaku":[4],"Gremlin Horn":[17,19],"counters":[24,106],"MealTicket":22,"Ectoplasm":431,"PreservedInsect":50,"Smiling Mask":150,"MawBank":0,"obtain_stats":[{"Regal Pillow":12,"Gremlin Horn":10,"stsjorbsmod:GrimoireRelic":0,"PreservedInsect":34,"Smiling Mask":7,"MawBank":26,"Calling Bell":34,"Blood Vial":42,"Nunchaku":31,"MealTicket":27,"Ectoplasm":17,"Bag of Marbles":9,"Red Mask":38,"StrikeDummy":34,"Unceasing Top":34},{"Regal Pillow":7,"Gremlin Horn":6,"stsjorbsmod:GrimoireRelic":0,"PreservedInsect":19,"Smiling Mask":5,"MawBank":15,"Calling Bell":19,"Blood Vial":23,"Nunchaku":18,"MealTicket":16,"Ectoplasm":10,"Bag of Marbles":5,"Red Mask":21,"StrikeDummy":19,"Unceasing Top":19},{"Regal Pillow":33,"Gremlin Horn":27,"stsjorbsmod:GrimoireRelic":0,"PreservedInsect":86,"Smiling Mask":23,"MawBank":63,"Calling Bell":86,"Blood Vial":104,"Nunchaku":78,"MealTicket":67,"Ectoplasm":43,"Bag of Marbles":23,"Red Mask":92,"StrikeDummy":86,"Unceasing Top":86}],"Unceasing Top":[2]},"card_choices":[{"not_picked":["stsjorbsmod:BurningFlask","stsjorbsmod:Mania"],"picked":"stsjorbsmod:SmithingStrike","floor":1.0},{"not_picked":["stsjorbsmod:LocateObject","stsjorbsmod:ChatteringStrike"],"picked":"stsjorbsmod:FranticSearch","floor":2.0},{"not_picked":["stsjorbsmod:Hibernate","stsjorbsmod:SmithingStrike"],"picked":"stsjorbsmod:RefuseToForget","floor":3.0},{"not_picked":["stsjorbsmod:SchoolsOfMagic","stsjorbsmod:MistyStep"],"picked":"stsjorbsmod:FracturedMind","floor":5.0},{"not_picked":["stsjorbsmod:DisguiseSelf","stsjorbsmod:Hibernate"],"picked":"stsjorbsmod:ColorSpray","floor":7.0},{"not_picked":["stsjorbsmod:TrueStrike","stsjorbsmod:Trauma"],"picked":"stsjorbsmod:BookOfTongues","floor":10.0},{"not_picked":["stsjorbsmod:ArcaneWeapon","stsjorbsmod:BurningFlask"],"picked":"stsjorbsmod:Channel","floor":12.0},{"not_picked":["stsjorbsmod:Firebolt","stsjorbsmod:DisguiseSelf","stsjorbsmod:Hibernate"],"picked":"SKIP","floor":13.0},{"not_picked":["stsjorbsmod:Prepare","stsjorbsmod:Fear","stsjorbsmod:ChatteringStrike"],"picked":"SKIP","floor":14.0},{"not_picked":["stsjorbsmod:SiphonEnergy","stsjorbsmod:IvoryTower"],"picked":"stsjorbsmod:Rediscovery","floor":16.0},{"not_picked":["stsjorbsmod:DoubleCheck","stsjorbsmod:ArcaneWeapon","stsjorbsmod:Prestidigitation"],"picked":"SKIP","floor":18.0},{"not_picked":["stsjorbsmod:UnseenServant","stsjorbsmod:ArcaneWeapon"],"picked":"stsjorbsmod:HedgeWizard+1","floor":20.0},{"not_picked":["stsjorbsmod:BurningFlask","stsjorbsmod:DisguiseSelf","stsjorbsmod:FracturedMind"],"picked":"SKIP","floor":21.0},{"not_picked":["stsjorbsmod:HedgeWizard","stsjorbsmod:Materialize","stsjorbsmod:ArcaneWeapon"],"picked":"SKIP","floor":22.0},{"not_picked":["stsjorbsmod:Mending","stsjorbsmod:FracturedMind"],"picked":"stsjorbsmod:FindFamiliar","floor":23.0},{"not_picked":["stsjorbsmod:MistyStep+1","stsjorbsmod:PurgeMind","stsjorbsmod:BlackTentacles+1"],"picked":"SKIP","floor":27.0},{"not_picked":["stsjorbsmod:Index","stsjorbsmod:WanderingMind","stsjorbsmod:RayOfFrost"],"picked":"SKIP","floor":30.0},{"not_picked":["stsjorbsmod:Prepare","stsjorbsmod:DisguiseSelf","stsjorbsmod:WanderingMind"],"picked":"SKIP","floor":31.0},{"not_picked":["stsjorbsmod:TrueStrike+1","stsjorbsmod:ChainLightning+1"],"picked":"stsjorbsmod:Aid","floor":35.0},{"not_picked":["stsjorbsmod:FranticSearch","stsjorbsmod:Index","stsjorbsmod:Firebolt"],"picked":"SKIP","floor":36.0},{"not_picked":["stsjorbsmod:Prestidigitation","stsjorbsmod:FlameWard","stsjorbsmod:Hibernate"],"picked":"SKIP","floor":39.0},{"not_picked":["stsjorbsmod:ArcaneWeapon","stsjorbsmod:Materialize+1","stsjorbsmod:Hibernate"],"picked":"SKIP","floor":42.0}],"player_experience":791307,"relics_obtained":[{"floor":7.0,"key":"Smiling Mask"},{"floor":9.0,"key":"Bag of Marbles"},{"floor":10.0,"key":"Gremlin Horn"},{"floor":12.0,"key":"Regal Pillow"},{"floor":26.0,"key":"MawBank"},{"floor":27.0,"key":"MealTicket"},{"floor":31.0,"key":"Nunchaku"},{"floor":34.0,"key":"PreservedInsect"},{"floor":34.0,"key":"StrikeDummy"},{"floor":34.0,"key":"Unceasing Top"},{"floor":42.0,"key":"Blood Vial"}],"event_choices":[{"damage_healed":0.0,"max_hp_gain":0.0,"max_hp_loss":0.0,"gold_gain":0.0,"event_name":"Accursed Blacksmith","player_choice":"Forge","floor":25.0,"gold_loss":0.0,"damage_taken":0.0,"cards_upgraded":["stsjorbsmod:FindFamiliar"]},{"damage_healed":0.0,"max_hp_gain":0.0,"max_hp_loss":0.0,"gold_gain":0.0,"event_name":"Tomb of Lord Red Mask","player_choice":"Paid","floor":38.0,"gold_loss":75.0,"damage_taken":0.0,"relics_obtained":["Red Mask"]},{"damage_healed":0.0,"max_hp_gain":0.0,"max_hp_loss":0.0,"gold_gain":0.0,"event_name":"Wheel of Change","player_choice":"Damaged","floor":41.0,"gold_loss":0.0,"damage_taken":10.0}],"is_beta":false,"boss_relics":[{"not_picked":["Busted Crown","Empty Cage"],"picked":"Ectoplasm"},{"not_picked":["Coffee Dripper","SlaversCollar"],"picked":"Calling Bell"}],"items_purged_floors":[11,19,29],"is_endless":false,"potions_floor_spawned":[1,2,7,12,14,16,18,21,27,30,33,35,42],"killed_by":"Jaw Worm Horde","ascension_level":20}}