{"host":"f7jml7vkwn3tj7tu","time":1612659990,"event":{"mods":["BaseMod","Block Reminder","Minty Spire (QoL Compilation)","Relic Stats","Slay-I"],"gold_per_floor":[119,119,119,134,152,152,163,163,163,163,175,204,225,66,66,161,161,180,180,198,208,208,208,239,239,265,265,265,110,110,127,127,230,230,250,326,401,416,461,490,490,490,514,542,578,647,707,749,749,749,749],"floor_reached":50,"language":"ENG","playtime":3388,"items_purged":["Shame"],"score":698,"play_id":"f64c840a-3f8f-4667-b7d8-6204b0bf7a47","local_time":"20210206200630","is_ascension_mode":false,"campfire_choices":[{"data":"Eruption","floor":6,"key":"SMITH"},{"data":"Secret Technique","floor":8,"key":"SMITH"},{"data":"FlurryOfBlows","floor":10,"key":"SMITH"},{"data":"FlurryOfBlows","floor":15,"key":"SMITH"},{"data":"ThirdEye","floor":23,"key":"SMITH"},{"data":"JustLucky","floor":25,"key":"SMITH"},{"data":"FearNoEvil","floor":32,"key":"SMITH"},{"data":"Vault","floor":41,"key":"SMITH"},{"data":"DevaForm","floor":49,"key":"SMITH"}],"circlet_count":0,"master_deck":["Strike_P+1","Strike_P+1","Strike_P+1","Defend_P+1","Defend_P+1","Eruption+1","Vigilance","Secret Technique+1","FlurryOfBlows+1","Clash","FearNoEvil+1","FlurryOfBlows+1","LikeWater","Sanctity","FollowUp","DeusExMachina+1","DevaForm+1","BowlingBash","ThirdEye+1","Ghostly","Ghostly","Ghostly","Ghostly","Ghostly","JustLucky+1","Wish","JustLucky","Vault+1","Consecrate","JustLucky+1","Study+1","CarveReality+1","FlurryOfBlows+1","FlurryOfBlows+1","JustLucky+1","Prostrate","Weave+1"],"relics":["PureWater","Bottled Flame","Unceasing Top","Odd Mushroom","VioletLotus","Juzu Bracelet","Tiny Chest","Letter Opener","Meat on the Bone","SacredBark","StoneCalendar","Bird Faced Urn","Molten Egg 2","Toy Ornithopter","Regal Pillow","Gremlin Horn","Dream Catcher"],"acts_visited":["Exordium","TheCity","TheBeyond"],"potions_floor_usage":[16,18,36,38,40,44,50],"damage_taken":[{"damage":0,"enemies":"Cultist","floor":1,"turns":5},{"damage":0,"enemies":"2 Louse","floor":4,"turns":2},{"damage":0,"enemies":"Small Slimes","floor":5,"turns":3},{"damage":17,"enemies":"Exordium Wildlife","floor":7,"turns":4},{"damage":5,"enemies":"Lots of Slimes","floor":11,"turns":2},{"damage":1,"enemies":"Gremlin Nob","floor":12,"turns":3},{"damage":0,"enemies":"The Mushroom Lair","floor":13,"turns":2},{"damage":13,"enemies":"Slime Boss","floor":16,"turns":6},{"damage":2,"enemies":"Shell Parasite","floor":18,"turns":4},{"damage":0,"enemies":"3 Byrds","floor":20,"turns":3},{"damage":17,"enemies":"Sentry and Sphere","floor":21,"turns":6},{"damage":1,"enemies":"Slavers","floor":24,"turns":5},{"damage":0,"enemies":"Centurion and Healer","floor":31,"turns":4},{"damage":12,"enemies":"Champ","floor":33,"turns":8},{"damage":0,"enemies":"Orb Walker","floor":35,"turns":3},{"damage":3,"enemies":"2 Orb Walkers","floor":36,"turns":6},{"damage":0,"enemies":"Mind Bloom Boss Battle","floor":37,"turns":5},{"damage":0,"enemies":"3 Darklings","floor":38,"turns":2},{"damage":7,"enemies":"Sphere and 2 Shapes","floor":39,"turns":7},{"damage":24,"enemies":"Reptomancer","floor":40,"turns":7},{"damage":3,"enemies":"Nemesis","floor":44,"turns":6},{"damage":0,"enemies":"Spire Growth","floor":45,"turns":4},{"damage":2,"enemies":"Reptomancer","floor":47,"turns":7},{"damage":1,"enemies":"3 Darklings","floor":48,"turns":3},{"damage":39,"enemies":"Awakened One","floor":50,"turns":7}],"seed_played":"4101284273381761575","potions_obtained":[{"floor":1,"key":"AttackPotion"},{"floor":7,"key":"Swift Potion"},{"floor":11,"key":"Strength Potion"},{"floor":13,"key":"Block Potion"},{"floor":18,"key":"Ancient Potion"},{"floor":20,"key":"PowerPotion"},{"floor":24,"key":"SteroidPotion"},{"floor":38,"key":"GamblersBrew"},{"floor":39,"key":"DistilledChaos"},{"floor":40,"key":"Regen Potion"},{"floor":45,"key":"Swift Potion"}],"is_trial":false,"path_per_floor":["M","?","?","M","M","R","M","R","T","R","M","E","?","$","R","B",null,"M","?","M","M","?","R","E","R","T","?","?","$","T","M","R","B",null,"M","?","?","M","M","E","R","?","T","E","M","T","E","M","R","B"],"character_chosen":"WATCHER","items_purchased":["DeusExMachina","Wish"],"campfire_rested":0,"item_purchase_floors":[14,29],"current_hp_per_floor":[65,58,58,58,58,58,41,41,41,41,36,35,35,35,35,22,65,63,63,63,46,32,32,31,31,31,31,31,31,31,31,31,19,32,32,29,29,31,25,15,15,15,15,32,32,32,31,31,31,0,0],"gold":749,"neow_bonus":"RANDOM_COLORLESS_2","is_daily":false,"chose_seed":false,"campfire_upgraded":9,"win_rate":0.0,"timestamp":1612659990,"path_taken":["M","?","?","?","M","R","M","R","T","R","M","E","?","$","R","BOSS","M","?","?","M","?","R","E","R","T","?","?","?","?","M","R","BOSS","M","?","?","M","M","E","R","?","T","E","M","?","E","M","R","BOSS"],"items_purchased_type":["Card","Card"],"build_version":"2020-12-22","purchased_purges":1,"victory":false,"max_hp_per_floor":[65,65,65,65,65,65,65,65,65,65,65,65,65,65,65,65,65,65,65,65,65,32,32,32,32,32,32,32,32,32,32,32,32,32,32,32,32,32,32,32,32,32,32,32,32,32,32,32,32,32,32],"relic_stats":{"Regal Pillow":0,"Gremlin Horn":[10,10],"counters":[25,114],"StoneCalendar":[52],"Juzu Bracelet":0,"Letter Opener":[309],"Dream Catcher":0,"Bird Faced Urn":[8],"Tiny Chest":2,"VioletLotus":[12],"obtain_stats":[{"Regal Pillow":44,"Gremlin Horn":46,"SacredBark":34,"StoneCalendar":36,"Juzu Bracelet":24,"Letter Opener":27,"Odd Mushroom":13,"Bottled Flame":9,"Dream Catcher":47,"Bird Faced Urn":37,"Tiny Chest":26,"Molten Egg 2":40,"VioletLotus":17,"PureWater":0,"Unceasing Top":12,"Toy Ornithopter":43,"Meat on the Bone":30},{"Regal Pillow":21,"Gremlin Horn":22,"SacredBark":14,"StoneCalendar":16,"Juzu Bracelet":12,"Letter Opener":12,"Odd Mushroom":7,"Bottled Flame":4,"Dream Catcher":23,"Bird Faced Urn":17,"Tiny Chest":12,"Molten Egg 2":20,"VioletLotus":8,"PureWater":0,"Unceasing Top":6,"Toy Ornithopter":20,"Meat on the Bone":12},{"Regal Pillow":93,"Gremlin Horn":97,"SacredBark":57,"StoneCalendar":66,"Juzu Bracelet":45,"Letter Opener":45,"Odd Mushroom":21,"Bottled Flame":14,"Dream Catcher":104,"Bird Faced Urn":71,"Tiny Chest":45,"Molten Egg 2":87,"VioletLotus":27,"PureWater":0,"Unceasing Top":19,"Toy Ornithopter":87,"Meat on the Bone":45}],"Unceasing Top":[106],"Toy Ornithopter":5,"Meat on the Bone":12},"card_choices":[{"not_picked":["The Bomb","Apotheosis"],"picked":"Secret Technique","floor":0},{"not_picked":["Wireheading","ClearTheMind"],"picked":"FlurryOfBlows","floor":1},{"not_picked":["SandsOfTime","Study"],"picked":"FearNoEvil","floor":4},{"not_picked":["EmptyFist","WindmillStrike"],"picked":"FlurryOfBlows","floor":5},{"not_picked":["Evaluate","Prostrate"],"picked":"LikeWater","floor":7},{"not_picked":["Prostrate","Crescendo","WaveOfTheHand"],"picked":"SKIP","floor":11},{"not_picked":["ClearTheMind","SignatureMove"],"picked":"Sanctity","floor":12},{"not_picked":["Protect","FearNoEvil"],"picked":"FollowUp","floor":13},{"not_picked":["Ragnarok","DeusExMachina"],"picked":"DevaForm","floor":16},{"not_picked":["FlurryOfBlows","ClearTheMind"],"picked":"BowlingBash","floor":18},{"not_picked":["Evaluate","PathToVictory+1","CrushJoints"],"picked":"SKIP","floor":20},{"not_picked":["BattleHymn+1","Swivel+1"],"picked":"ThirdEye","floor":21},{"not_picked":["ForeignInfluence","Crescendo"],"picked":"JustLucky","floor":24},{"not_picked":["SashWhip","Collect"],"picked":"JustLucky","floor":31},{"not_picked":["ConjureBlade","Establishment"],"picked":"Vault","floor":33},{"not_picked":["WreathOfFlame+1","Sanctity+1"],"picked":"Consecrate","floor":35},{"not_picked":["Halt+1","Collect+1"],"picked":"JustLucky+1","floor":36},{"not_picked":["Protect","Perseverance"],"picked":"Study+1","floor":37},{"not_picked":["CrushJoints+1","PathToVictory+1"],"picked":"CarveReality+1","floor":38},{"not_picked":["CarveReality+1","ThirdEye"],"picked":"FlurryOfBlows+1","floor":39},{"not_picked":["ForeignInfluence+1","MasterReality"],"picked":"FlurryOfBlows+1","floor":40},{"not_picked":["EmptyFist+1","Indignation+1"],"picked":"JustLucky+1","floor":44},{"not_picked":["LikeWater+1","SandsOfTime+1"],"picked":"Prostrate","floor":45},{"not_picked":["Study+1","Evaluate"],"picked":"Weave+1","floor":47},{"not_picked":["SashWhip+1","ReachHeaven+1","Protect"],"picked":"SKIP","floor":48}],"player_experience":585824,"relics_obtained":[{"floor":9,"key":"Bottled Flame"},{"floor":12,"key":"Unceasing Top"},{"floor":13,"key":"Odd Mushroom"},{"floor":24,"key":"Juzu Bracelet"},{"floor":26,"key":"Tiny Chest"},{"floor":30,"key":"Meat on the Bone"},{"floor":36,"key":"StoneCalendar"},{"floor":37,"key":"Bird Faced Urn"},{"floor":40,"key":"Molten Egg 2"},{"floor":43,"key":"Toy Ornithopter"},{"floor":44,"key":"Regal Pillow"},{"floor":46,"key":"Gremlin Horn"},{"floor":47,"key":"Dream Catcher"}],"event_choices":[{"cards_removed":["Strike_P"],"damage_healed":0,"gold_gain":0,"player_choice":"Card Removal","damage_taken":7,"max_hp_gain":0,"max_hp_loss":0,"event_name":"Golden Wing","floor":2,"gold_loss":0},{"cards_removed":["Defend_P"],"damage_healed":0,"gold_gain":0,"player_choice":"Took Card","damage_taken":0,"max_hp_gain":0,"max_hp_loss":0,"event_name":"NoteForYourself","floor":3,"gold_loss":0,"cards_obtained":["Clash"]},{"damage_healed":0,"gold_gain":0,"player_choice":"Fought Mushrooms","damage_taken":0,"max_hp_gain":0,"max_hp_loss":0,"event_name":"Mushrooms","floor":13,"gold_loss":0},{"damage_healed":0,"gold_gain":0,"player_choice":"Forge","damage_taken":0,"max_hp_gain":0,"max_hp_loss":0,"event_name":"Accursed Blacksmith","floor":19,"gold_loss":0,"cards_upgraded":["DeusExMachina"]},{"damage_healed":0,"gold_gain":0,"player_choice":"Became a Ghost","damage_taken":0,"max_hp_gain":0,"max_hp_loss":33,"event_name":"Ghosts","floor":22,"gold_loss":0,"cards_obtained":["Ghostly","Ghostly","Ghostly","Ghostly","Ghostly"]},{"damage_healed":0,"gold_gain":0,"player_choice":"Stole Relic","damage_taken":0,"relics_obtained":["Letter Opener"],"max_hp_gain":0,"max_hp_loss":0,"event_name":"Addict","floor":27,"gold_loss":0,"cards_obtained":["Shame"]},{"damage_healed":0,"gold_gain":0,"player_choice":"Simplicity","damage_taken":0,"max_hp_gain":0,"max_hp_loss":0,"event_name":"Back to Basics","floor":28,"gold_loss":0,"cards_upgraded":["Strike_P","Strike_P","Strike_P","Defend_P","Defend_P","Defend_P"]},{"damage_healed":0,"gold_gain":0,"player_choice":"Fight","damage_taken":0,"max_hp_gain":0,"max_hp_loss":0,"event_name":"Mysterious Sphere","floor":36,"gold_loss":0},{"damage_healed":0,"gold_gain":0,"player_choice":"Fight","damage_taken":0,"max_hp_gain":0,"max_hp_loss":0,"event_name":"MindBloom","floor":37,"gold_loss":0},{"cards_removed":["Defend_P"],"damage_healed":0,"gold_gain":0,"player_choice":"Removed Skill","damage_taken":0,"max_hp_gain":0,"max_hp_loss":0,"event_name":"Falling","floor":42,"gold_loss":0}],"is_beta":false,"boss_relics":[{"not_picked":["Calling Bell","Philosopher\u0027s Stone"],"picked":"VioletLotus"},{"not_picked":["Velvet Choker","SlaversCollar"],"picked":"SacredBark"}],"items_purged_floors":[29],"is_endless":false,"potions_floor_spawned":[1,7,11,13,18,20,24,35,38,39,40,45],"killed_by":"Awakened One","ascension_level":0}}