{"host":"3jpcvpprzj9sjffh","time":1612697918,"event":{"mods":["AchievementEnabler","BaseMod","Colored Map","Minty Spire (QoL Compilation)","Rare Cards Sparkle","SuperFastMode","everything is the same but u backflip on backflip"],"gold_per_floor":[115,65,65,41,41,85,85,121,196,209,223,223,243,263,263,388,388,411,17,36,55,76,76,99,99,99,112,37,37,37],"floor_reached":29,"language":"KOR","playtime":1049,"items_purged":["Strike_G"],"score":237,"play_id":"055e020b-a744-426d-aaf0-2aa9c931d225","local_time":"20210207203838","is_ascension_mode":false,"campfire_choices":[{"floor":7,"key":"REST"},{"floor":12,"key":"REST"},{"floor":15,"key":"REST"},{"floor":23,"key":"REST"},{"floor":25,"key":"REST"}],"circlet_count":0,"master_deck":["Strike_G","Strike_G","Strike_G","Strike_G","Defend_G","Defend_G","Defend_G","Survivor","Neutralize","Acrobatics","Flying Knee","Terror","Sucker Punch","Crippling Poison","Deadly Poison","Dagger Throw","After Image+1","Deflect","Noxious Fumes+1","Concentrate","Poisoned Stab","Reflex","Underhanded Strike+1","Prepared+1"],"relics":["Ring of the Snake","Golden Idol","StrikeDummy","Paper Crane","Sundial","Frozen Egg 2","Black Star","Bottled Lightning","Shuriken"],"acts_visited":["Exordium","TheCity"],"potions_floor_usage":[16,22,27,29],"damage_taken":[{"damage":1,"enemies":"Jaw Worm","floor":1,"turns":5},{"damage":18,"enemies":"Gremlin Nob","floor":6,"turns":4},{"damage":37,"enemies":"3 Sentries","floor":8,"turns":10},{"damage":3,"enemies":"2 Louse","floor":10,"turns":2},{"damage":0,"enemies":"Cultist","floor":11,"turns":3},{"damage":7,"enemies":"2 Fungi Beasts","floor":13,"turns":3},{"damage":11,"enemies":"Blue Slaver","floor":14,"turns":3},{"damage":12,"enemies":"The Guardian","floor":16,"turns":10},{"damage":0,"enemies":"Chosen","floor":18,"turns":6},{"damage":9,"enemies":"Spheric Guardian","floor":20,"turns":5},{"damage":6,"enemies":"Centurion and Healer","floor":21,"turns":6},{"damage":25,"enemies":"Cultist and Chosen","floor":22,"turns":6},{"damage":28,"enemies":"Snake Plant","floor":24,"turns":4},{"damage":37,"enemies":"Sentry and Sphere","floor":27,"turns":6},{"damage":26,"enemies":"3 Cultists","floor":29,"turns":3}],"seed_played":"4357799952895881998","potions_obtained":[{"floor":1,"key":"Dexterity Potion"},{"floor":8,"key":"PowerPotion"},{"floor":13,"key":"SteroidPotion"},{"floor":16,"key":"EssenceOfSteel"},{"floor":18,"key":"Strength Potion"},{"floor":20,"key":"Regen Potion"},{"floor":22,"key":"Block Potion"},{"floor":27,"key":"EntropicBrew"}],"is_trial":false,"path_per_floor":["M","?","?","$","?","E","R","E","T","M","M","R","M","M","R","B",null,"M","$","M","M","M","R","M","R","T","M","$","M"],"character_chosen":"THE_SILENT","items_purchased":["Flying Knee","Noxious Fumes+1","Bottled Lightning","Concentrate"],"campfire_rested":5,"item_purchase_floors":[4,19,19,19],"current_hp_per_floor":[69,69,52,52,52,34,55,18,18,15,15,36,29,18,39,27,70,70,70,61,55,30,51,23,44,44,22,22,0,0],"gold":37,"neow_bonus":"REMOVE_CARD","is_daily":false,"chose_seed":false,"campfire_upgraded":0,"win_rate":0.0,"timestamp":1612697918,"path_taken":["M","?","?","$","?","E","R","E","T","M","M","R","M","M","R","BOSS","M","$","M","M","?","R","M","R","T","M","$","M"],"items_purchased_type":["Card","Card","Relic","Card"],"build_version":"2020-12-22","purchased_purges":1,"victory":false,"max_hp_per_floor":[70,70,70,70,70,70,70,70,70,70,70,70,70,70,70,70,70,70,70,70,70,70,70,70,70,70,70,70,70,70],"card_choices":[{"not_picked":["Riddle With Holes","Skewer"],"picked":"Acrobatics","floor":1},{"not_picked":["Acrobatics","Slice"],"picked":"Terror","floor":6},{"not_picked":["Setup","Doppelganger"],"picked":"Sucker Punch","floor":8},{"not_picked":["Underhanded Strike","Catalyst"],"picked":"Crippling Poison","floor":10},{"not_picked":["Prepared","Deflect"],"picked":"Deadly Poison","floor":11},{"not_picked":["Dash","Endless Agony","Prepared"],"picked":"SKIP","floor":13},{"not_picked":["Tactician","Night Terror"],"picked":"Dagger Throw","floor":14},{"not_picked":["Phantasmal Killer","A Thousand Cuts+1"],"picked":"After Image+1","floor":16},{"not_picked":["Backflip+1","Outmaneuver+1"],"picked":"Deflect","floor":18},{"not_picked":["Finisher+1","Quick Slash"],"picked":"Poisoned Stab","floor":20},{"not_picked":["Acrobatics","Slice+1"],"picked":"Reflex","floor":21},{"not_picked":["Deflect+1","Expertise","Underhanded Strike+1"],"picked":"SKIP","floor":22},{"not_picked":["Deflect+1","Expertise"],"picked":"Underhanded Strike+1","floor":22},{"not_picked":["Backflip","Sucker Punch","Underhanded Strike+1"],"picked":"SKIP","floor":24},{"not_picked":["Footwork+1","Endless Agony"],"picked":"Prepared+1","floor":27}],"player_experience":308012,"relics_obtained":[{"floor":6,"key":"Paper Crane"},{"floor":8,"key":"Sundial"},{"floor":9,"key":"Frozen Egg 2"},{"floor":26,"key":"Shuriken"}],"event_choices":[{"cards_removed":["Defend_G"],"damage_healed":0,"gold_gain":0,"player_choice":"Card Removal","damage_taken":0,"max_hp_gain":0,"max_hp_loss":0,"event_name":"The Cleric","floor":2,"gold_loss":50},{"damage_healed":0,"gold_gain":0,"player_choice":"Take Damage","damage_taken":17,"relics_obtained":["Golden Idol"],"max_hp_gain":0,"max_hp_loss":0,"event_name":"Golden Idol","floor":3,"gold_loss":0},{"damage_healed":0,"gold_gain":0,"player_choice":"Gave Potion","damage_taken":0,"relics_obtained":["StrikeDummy"],"max_hp_gain":0,"max_hp_loss":0,"event_name":"WeMeetAgain","floor":5,"gold_loss":0}],"is_beta":false,"boss_relics":[{"not_picked":["Busted Crown","HoveringKite"],"picked":"Black Star"}],"items_purged_floors":[28],"is_endless":false,"potions_floor_spawned":[1,8,13,16,18,20,22,27],"killed_by":"3 Cultists","ascension_level":0}}