{"host":"dmtlrev5pkc1867p","time":1612696616,"event":{"mods":["BaseMod","Colored Map","Downfall","Hermit","Marisa¡]Ãú«B¡@Å]²z¨F¡^","Minty Spire (QoL Compilation)","Replay The Spire","StSLib","SuperFastMode","The Cursed","The Disciple","The Necromancer","The Runesmith","The Servant 0.9.4"],"gold_per_floor":[99,46,61,73,73,93,93,93,93,111,11,27,27,46,46,46,46],"floor_reached":16,"language":"ZHS","playtime":1236,"items_purged":[],"score":117,"play_id":"e598b9f3-efbf-4c43-b9a8-c37f31e24875","local_time":"20210207191656","is_ascension_mode":false,"campfire_choices":[{"floor":1.0,"key":"RECALL"},{"floor":8,"key":"REST"},{"data":"Accruing","floor":11,"key":"SMITH"},{"data":"LockedMedicine","floor":13,"key":"SMITH"},{"floor":15,"key":"REST"}],"circlet_count":0,"master_deck":["Strike_Br","Strike_Br","Strike_Br","Strike_Br","Defend_Br","Defend_Br","Defend_Br","Defend_Br","SecondHand","PatternShift","VestedLegacy","Accruing+1","DaylightSavings","Pain","Echoward","Echoward","BackFourSeconds","Allegro","HandsUpB","LockedMedicine+1","LockedWhetstone"],"relics":["Chronometer","ReplayTheSpireMod:CursedCoin","Slimebound:PreparedRelic","downfall:BrokenWingStatue","downfall:HeartBlessingBlue"],"acts_visited":["Exordium"],"potions_floor_usage":[6],"damage_taken":[{"damage":0,"enemies":"downfall:FleeingMerchant","floor":2,"turns":4},{"damage":11,"enemies":"2 Louse","floor":3,"turns":5},{"damage":5,"enemies":"Jaw Worm","floor":4,"turns":6},{"damage":16,"enemies":"Small Slimes","floor":6,"turns":7},{"damage":0,"enemies":"Blue Slaver","floor":10,"turns":2},{"damage":17,"enemies":"Gremlin Gang","floor":12,"turns":9},{"damage":8,"enemies":"2 Fungi Beasts","floor":14,"turns":6},{"damage":52,"enemies":"DF_ARCHETYPE_STREAMLINE","floor":16,"turns":8}],"seed_played":"2584368678221138812","potions_obtained":[{"floor":3,"key":"Regen Potion"},{"floor":4,"key":"LiquidMemories"},{"floor":6,"key":"DuplicationPotion"},{"floor":12,"key":"LifebloodPotion"}],"is_trial":false,"path_per_floor":["R","$","M","M","?","M","T","R","?","M","R","M","R","M","R","B"],"character_chosen":"CHRONO_CLASS","items_purchased":["Accruing","ReplayTheSpireMod:CursedCoin","DaylightSavings","Echoward"],"campfire_rested":2,"item_purchase_floors":[2,2,2,2],"current_hp_per_floor":[71,71,60,55,37,38,38,59,59,59,69,54,54,46,70,30,30],"gold":46,"neow_bonus":"TEN_PERCENT_HP_BONUS","is_daily":false,"chose_seed":false,"campfire_upgraded":2,"win_rate":0.0,"timestamp":1612696616,"path_taken":["R","$","M","M","?","M","T","R","?","M","R","M","R","M","R","BOSS"],"items_purchased_type":["Card","Relic","Card","Card"],"build_version":"2020-12-22","purchased_purges":0,"victory":false,"max_hp_per_floor":[71,71,71,71,71,71,71,71,71,71,81,81,81,81,81,81,81],"card_choices":[{"not_picked":["BlueShift","Break"],"picked":"VestedLegacy","floor":2},{"not_picked":["Engulf","BlueShift","AlternateTimeline"],"picked":"SKIP","floor":3},{"not_picked":["ReapSow","LockedWhetstone"],"picked":"BackFourSeconds","floor":4},{"not_picked":["Echoward","BiteCommand"],"picked":"Tempo","floor":6},{"not_picked":["Engulf","BiteCommand"],"picked":"HandsUpB","floor":10},{"not_picked":["WakeUpCall","HandsUpC"],"picked":"LockedMedicine","floor":12},{"not_picked":["LockedMedicine","Echoward"],"picked":"LockedWhetstone","floor":14}],"player_experience":630166,"relics_obtained":[],"event_choices":[{"damage_healed":0,"gold_gain":0,"player_choice":"Success","damage_taken":18,"relics_obtained":["Slimebound:PreparedRelic"],"max_hp_gain":0,"max_hp_loss":0,"event_name":"Scrap Ooze","floor":5,"gold_loss":0}],"is_beta":false,"boss_relics":[],"items_purged_floors":[],"is_endless":false,"potions_floor_spawned":[3,4,6,12,14],"killed_by":"DF_ARCHETYPE_STREAMLINE","ascension_level":0}}