{"host":"7wi4qgm5yw4j7oz0","time":1612713362,"event":{"mods":["AchievementEnabler","BaseMod","Block Reminder","Colored Map","Colored Powertips","Highlight Path","Minty Spire (QoL Compilation)","Permanent Neow","Random Character Button","Rare Cards Sparkle","StSLib","everything is the same but u backflip on backflip"],"gold_per_floor":[109,123,135,60,74,108,108,139,212,212,18,18,31,31,31,131,131,149,149,149,168,180,212,224,251,251,251,268,268,268,288,288,383,383,402,402,402,421,438,438,454,470,470,470,489,507,361,374,374,374],"floor_reached":51,"language":"KOR","playtime":3145,"items_purged":["Strike_R","Strike_R"],"score":974,"play_id":"aa1f2ace-ee3c-4b01-a659-1e0427ac9d73","local_time":"20210208005602","is_ascension_mode":true,"campfire_choices":[{"data":"Rampage","floor":7.0,"key":"SMITH"},{"floor":10.0,"key":"REST"},{"data":"Warcry","floor":12.0,"key":"SMITH"},{"floor":15.0,"key":"REST"},{"data":"Fiend Fire","floor":29.0,"key":"SMITH"},{"data":"Flame Barrier","floor":32.0,"key":"SMITH"},{"data":"Double Tap","floor":40,"key":"SMITH"},{"floor":44,"key":"REST"},{"floor":49,"key":"REST"}],"circlet_count":0,"master_deck":["Strike_R","Strike_R","Strike_R","Defend_R","Defend_R","Defend_R","Defend_R","Bash","Fiend Fire+1","Spot Weakness","Rampage+1","Warcry+1","Flame Barrier+1","Impervious","Shrug It Off","Seeing Red+1","Thunderclap","Armaments+1","Double Tap+1","Power Through+1","Pommel Strike+1","True Grit+1"],"relics":["Black Blood","Oddly Smooth Stone","Incense Burner","Mercury Hourglass","Membership Card","Runic Pyramid","Pen Nib","White Beast Statue","Regal Pillow","Anchor","Kunai"],"acts_visited":["Exordium","TheCity","TheBeyond"],"potions_floor_usage":[39,39,39,42,42,46,48,50,50],"damage_taken":[{"damage":1.0,"enemies":"Cultist","floor":1.0,"turns":3.0},{"damage":0.0,"enemies":"Small Slimes","floor":2.0,"turns":2.0},{"damage":0.0,"enemies":"2 Louse","floor":3.0,"turns":1.0},{"damage":0.0,"enemies":"Large Slime","floor":5.0,"turns":4.0},{"damage":30.0,"enemies":"3 Sentries","floor":6.0,"turns":8.0},{"damage":44.0,"enemies":"Gremlin Nob","floor":8.0,"turns":5.0},{"damage":11.0,"enemies":"Looter","floor":13.0,"turns":2.0},{"damage":55.0,"enemies":"The Guardian","floor":16.0,"turns":9.0},{"damage":0.0,"enemies":"Spheric Guardian","floor":18.0,"turns":3.0},{"damage":17.0,"enemies":"2 Thieves","floor":21.0,"turns":4.0},{"damage":13.0,"enemies":"Sentry and Sphere","floor":22.0,"turns":4.0},{"damage":2.0,"enemies":"Book of Stabbing","floor":23.0,"turns":4.0},{"damage":0.0,"enemies":"Chosen and Byrds","floor":24.0,"turns":4.0},{"damage":5.0,"enemies":"Gremlin Leader","floor":25.0,"turns":3.0},{"damage":3.0,"enemies":"Cultist and Chosen","floor":28.0,"turns":5.0},{"damage":9.0,"enemies":"Shelled Parasite and Fungi","floor":31.0,"turns":4.0},{"damage":59.0,"enemies":"Collector","floor":33.0,"turns":9.0},{"damage":4.0,"enemies":"3 Darklings","floor":35.0,"turns":5.0},{"damage":15,"enemies":"Orb Walker","floor":38,"turns":3},{"damage":37,"enemies":"Transient","floor":39,"turns":5},{"damage":30,"enemies":"Jaw Worm Horde","floor":41,"turns":5},{"damage":2,"enemies":"3 Darklings","floor":42,"turns":5},{"damage":14,"enemies":"Transient","floor":45,"turns":5},{"damage":54,"enemies":"4 Shapes","floor":46,"turns":8},{"damage":0,"enemies":"Spire Growth","floor":48,"turns":4},{"damage":35,"enemies":"Donu and Deca","floor":50,"turns":8}],"seed_played":"751408959913978909","potions_obtained":[{"floor":1.0,"key":"DuplicationPotion"},{"floor":2.0,"key":"Explosive Potion"},{"floor":6.0,"key":"BlessingOfTheForge"},{"floor":8.0,"key":"BlessingOfTheForge"},{"floor":21.0,"key":"Explosive Potion"},{"floor":22.0,"key":"LiquidBronze"},{"floor":25.0,"key":"Block Potion"},{"floor":31.0,"key":"SteroidPotion"},{"floor":33.0,"key":"Fire Potion"},{"floor":35.0,"key":"HeartOfIron"},{"floor":39,"key":"ColorlessPotion"},{"floor":41,"key":"Fire Potion"},{"floor":42,"key":"DuplicationPotion"},{"floor":45,"key":"BlessingOfTheForge"},{"floor":46,"key":"DistilledChaos"},{"floor":48,"key":"Swift Potion"}],"is_trial":false,"path_per_floor":["M","M","M","$","M","E","R","E","T","R","$","R","M","$","R","B",null,"M","?","$","M","M","E","M","E","T","?","M","R","$","M","R","B",null,"M","?","?","M","M","R","M","M","T","R","M","M","$","M","R","B",null],"character_chosen":"IRONCLAD","items_purchased":["Membership Card","Energy Potion","Kunai"],"campfire_rested":4,"item_purchase_floors":[11,47,47],"current_hp_per_floor":[77,80,80,80,80,56,56,18,18,42,42,42,37,37,61,12,63,69,69,69,58,51,55,61,62,62,62,65,65,65,62,62,9,62,70,70,70,67,42,42,24,34,34,73,71,29,29,41,80,57],"gold":374,"neow_bonus":"ONE_RANDOM_RARE_CARD","is_daily":false,"chose_seed":false,"campfire_upgraded":5,"win_rate":0.0,"timestamp":1612713362,"path_taken":["M","M","M","$","M","E","R","E","T","R","$","R","?","$","R","BOSS","M","?","$","?","M","E","M","E","T","?","M","R","$","M","R","BOSS","M","?","?","M","M","R","M","?","T","R","M","M","?","M","R","BOSS"],"items_purchased_type":["Relic","Potion","Relic"],"build_version":"2020-12-22","purchased_purges":2,"victory":true,"max_hp_per_floor":[80,80,80,80,80,80,80,80,80,80,80,80,80,80,80,80,80,80,80,80,80,80,80,80,80,80,80,80,80,80,80,80,80,80,80,80,80,80,80,80,80,80,80,80,80,80,80,80,80,80],"card_choices":[{"not_picked":["Metallicize","Iron Wave"],"picked":"Spot Weakness","floor":1.0},{"not_picked":["Twin Strike","Entrench"],"picked":"Rampage","floor":2.0},{"not_picked":["Iron Wave","Power Through"],"picked":"Warcry","floor":3.0},{"not_picked":["Ghostly Armor","Entrench","Sword Boomerang"],"picked":"SKIP","floor":5.0},{"not_picked":["Fire Breathing","Body Slam"],"picked":"Flame Barrier","floor":6.0},{"not_picked":["Spot Weakness","Ghostly Armor","Clothesline"],"picked":"SKIP","floor":8.0},{"not_picked":["Flex","Fire Breathing"],"picked":"Headbutt","floor":13.0},{"not_picked":["Barricade","Immolate"],"picked":"Impervious","floor":16.0},{"not_picked":["Whirlwind+1","Carnage","Twin Strike"],"picked":"SKIP","floor":18.0},{"not_picked":["Pummel","Wild Strike+1"],"picked":"Shrug It Off","floor":21.0},{"not_picked":["Uppercut","Armaments+1"],"picked":"Seeing Red+1","floor":22.0},{"not_picked":["Inflame","Spot Weakness"],"picked":"Thunderclap","floor":23.0},{"not_picked":["Whirlwind+1","Metallicize"],"picked":"Armaments+1","floor":24.0},{"not_picked":["Juggernaut","Wild Strike","Rampage+1"],"picked":"SKIP","floor":25.0},{"not_picked":["Shrug It Off","Perfected Strike+1","True Grit"],"picked":"SKIP","floor":28.0},{"not_picked":["Twin Strike","Bloodletting","Sword Boomerang+1"],"picked":"SKIP","floor":31.0},{"not_picked":["Impervious","Limit Break"],"picked":"Double Tap","floor":33.0},{"not_picked":["Iron Wave+1","Spot Weakness","Second Wind+1"],"picked":"SKIP","floor":35.0},{"not_picked":["True Grit+1","Havoc+1"],"picked":"Power Through+1","floor":38},{"not_picked":["Inflame","Fire Breathing"],"picked":"Pommel Strike+1","floor":39},{"not_picked":["Blood for Blood","Heavy Blade+1","Double Tap"],"picked":"SKIP","floor":41},{"not_picked":["Feel No Pain+1","Power Through+1","Perfected Strike+1"],"picked":"SKIP","floor":42},{"not_picked":["Heavy Blade","Evolve+1"],"picked":"True Grit+1","floor":45},{"not_picked":["Flex+1","Searing Blow","Anger+1"],"picked":"SKIP","floor":46},{"not_picked":["Pummel+1","Iron Wave","Heavy Blade"],"picked":"SKIP","floor":48}],"player_experience":260691,"relics_obtained":[{"floor":6.0,"key":"Oddly Smooth Stone"},{"floor":8.0,"key":"Incense Burner"},{"floor":9.0,"key":"Mercury Hourglass"},{"floor":23.0,"key":"Pen Nib"},{"floor":25.0,"key":"White Beast Statue"},{"floor":26.0,"key":"Regal Pillow"},{"floor":43,"key":"Anchor"}],"event_choices":[{"damage_healed":0.0,"max_hp_gain":0.0,"max_hp_loss":0.0,"gold_gain":0.0,"event_name":"The Woman in Blue","player_choice":"Bought 0 Potions","floor":19.0,"gold_loss":0.0,"damage_taken":0.0},{"damage_healed":0.0,"max_hp_gain":0.0,"max_hp_loss":0.0,"gold_gain":0.0,"event_name":"Ghosts","player_choice":"Ignored","floor":27.0,"gold_loss":0.0,"damage_taken":0.0},{"damage_healed":0.0,"max_hp_gain":0.0,"max_hp_loss":0.0,"gold_gain":0.0,"event_name":"Mysterious Sphere","player_choice":"Ignored","floor":36.0,"gold_loss":0.0,"damage_taken":0.0},{"cards_removed":["Headbutt"],"damage_healed":0.0,"max_hp_gain":0.0,"max_hp_loss":0.0,"gold_gain":0.0,"event_name":"Falling","player_choice":"Removed Attack","floor":37.0,"gold_loss":0.0,"damage_taken":0.0}],"is_beta":false,"boss_relics":[{"not_picked":["Runic Cube","Ectoplasm"],"picked":"Runic Pyramid"},{"not_picked":["Calling Bell","Runic Dome"],"picked":"Black Blood"}],"items_purged_floors":[4,11],"is_endless":false,"potions_floor_spawned":[1,2,6,8,21,22,25,28,31,33,35,38,39,41,42,45,46,48],"ascension_level":6}}