{"host":"rolltorest","time":1612681917,"event":{"mods":["BaseMod","Minty Spire (QoL Compilation)","Relic Stats","Slay the Relics Exporter","StSLib"],"gold_per_floor":[110,120,139,1,1,36,36,62,86,121,134,99,99,134,134,213,213,226,245,262,262,262,262,262,262,262,262,297,34,34,64,64,136,136,155,74,1073,1073,1124,1158,1175,1201,1228,473,473,498,19,29,29,29,29],"floor_reached":50,"language":"ENG","playtime":1708,"items_purged":["Strike_G+1","Strike_G+1"],"score":1530,"play_id":"76f00893-056f-48d8-b468-66c9976a1b59","local_time":"20210206231157","is_ascension_mode":true,"campfire_choices":[{"floor":7,"key":"REST"},{"data":"Blade Dance","floor":15,"key":"SMITH"},{"data":"Ghostly","floor":23,"key":"SMITH"},{"data":"Ghostly","floor":24,"key":"SMITH"},{"data":"Ghostly","floor":25,"key":"SMITH"},{"data":"Phantasmal Killer","floor":32,"key":"SMITH"},{"floor":45,"key":"REST"},{"floor":49,"key":"RECALL"}],"circlet_count":0,"master_deck":["AscendersBane","Strike_G+1","Strike_G+1","Strike_G+1","Defend_G+1","Defend_G+1","Defend_G+1","Defend_G+1","Defend_G+1","Survivor","Neutralize","Phantasmal Killer+1","Predator","Flying Knee","Blade Dance","Blade Dance+1","Finisher","Dash","Endless Agony","Dagger Spray+1","Bullet Time","Slice","Dodge and Roll+1","Ghostly+1","Ghostly+1","Ghostly+1","Noxious Fumes","Trip","PiercingWail+1","Tactician","Accuracy","PiercingWail+1","Envenom","Choke","Prepared+1","Escape Plan","Blur","Leg Sweep+1","Phantasmal Killer","PiercingWail+1","Accuracy","Reflex"],"relics":["Ring of the Snake","Oddly Smooth Stone","Juzu Bracelet","Omamori","Vajra","Gambling Chip","WingedGreaves","Runic Pyramid","Pear","The Specimen","Orrery","Boot","Runic Dome","Turnip","Happy Flower","War Paint","ClockworkSouvenir","Regal Pillow","HornCleat","MawBank","Pen Nib"],"acts_visited":["Exordium","TheCity","TheBeyond"],"potions_floor_usage":[10,14,41,50],"damage_taken":[{"damage":4,"enemies":"Cultist","floor":1,"turns":3},{"damage":1,"enemies":"Small Slimes","floor":2,"turns":3},{"damage":0,"enemies":"2 Louse","floor":3,"turns":2},{"damage":38,"enemies":"Lagavulin","floor":6,"turns":8},{"damage":26,"enemies":"3 Sentries","floor":8,"turns":9},{"damage":0,"enemies":"Gremlin Nob","floor":10,"turns":3},{"damage":0,"enemies":"Exordium Wildlife","floor":11,"turns":4},{"damage":0,"enemies":"Lagavulin","floor":14,"turns":2},{"damage":0,"enemies":"Slime Boss","floor":16,"turns":3},{"damage":11,"enemies":"2 Thieves","floor":18,"turns":2},{"damage":0,"enemies":"3 Byrds","floor":19,"turns":4},{"damage":15,"enemies":"Snake Plant","floor":20,"turns":4},{"damage":10,"enemies":"Book of Stabbing","floor":28,"turns":6},{"damage":7,"enemies":"Slavers","floor":31,"turns":6},{"damage":18,"enemies":"Automaton","floor":33,"turns":9},{"damage":0,"enemies":"Orb Walker","floor":35,"turns":4},{"damage":11,"enemies":"2 Orb Walkers","floor":39,"turns":6},{"damage":12,"enemies":"Nemesis","floor":40,"turns":5},{"damage":0,"enemies":"3 Darklings","floor":41,"turns":4},{"damage":0,"enemies":"Reptomancer","floor":42,"turns":2},{"damage":0,"enemies":"Giant Head","floor":46,"turns":8},{"damage":1,"enemies":"4 Shapes","floor":48,"turns":5},{"damage":37,"enemies":"Awakened One","floor":50,"turns":11}],"seed_played":"-5269186995149185203","potions_obtained":[{"floor":1,"key":"Dexterity Potion"},{"floor":3,"key":"DistilledChaos"},{"floor":6,"key":"FearPotion"},{"floor":11,"key":"PowerPotion"},{"floor":28,"key":"GamblersBrew"},{"floor":33,"key":"Swift Potion"},{"floor":42,"key":"Explosive Potion"}],"is_trial":false,"path_per_floor":["M","M","M","$","?","E","R","E","T","E","M","?","?","E","R","B",null,"M","M","M","?","?","R","R","R","T","?","E","$","?","E","R","B",null,"M","$","?","?","?","E","M","E","T","$","R","E","$","M","R","B"],"character_chosen":"THE_SILENT","items_purchased":["Blade Dance","Finisher","Trip","Orrery","Choke","ClockworkSouvenir","Regal Pillow","HornCleat","Phantasmal Killer","Accuracy","Pen Nib","SkillPotion","Reflex"],"campfire_rested":2,"item_purchase_floors":[4,4,29,29,36,44,44,44,44,47,47,47,47],"current_hp_per_floor":[55,54,54,54,54,16,35,9,9,9,9,25,25,25,25,25,56,45,45,30,30,30,30,30,30,40,40,30,30,30,23,23,5,34,34,34,34,34,23,11,11,11,11,11,38,38,38,37,37,0,0],"gold":29,"neow_bonus":"ONE_RANDOM_RARE_CARD","is_daily":false,"chose_seed":false,"campfire_upgraded":5,"win_rate":0.0,"timestamp":1612681917,"path_taken":["M","?","M","$","?","E","R","E","T","E","M","?","?","E","R","BOSS","M","M","M","?","?","R","R","R","T","?","E","?","?","E","R","BOSS","M","$","?","?","?","E","M","E","T","$","R","E","?","M","R","BOSS"],"items_purchased_type":["Card","Card","Card","Relic","Card","Relic","Relic","Relic","Card","Card","Relic","Potion","Card"],"build_version":"2020-12-18","purchased_purges":2,"victory":false,"max_hp_per_floor":[66,66,66,66,66,66,66,66,66,66,66,66,66,66,66,66,66,66,66,66,33,33,33,33,33,43,43,43,43,43,43,43,43,43,43,43,43,41,41,41,41,41,41,41,41,41,41,41,41,41,41],"relic_stats":{"Regal Pillow":15,"Happy Flower":[10],"counters":[23,113],"Gambling Chip":[39],"Turnip":[0],"Pen Nib":[4],"Juzu Bracelet":3,"War Paint":["Leg Sweep","PiercingWail"],"Boot":[31],"MawBank":12,"obtain_stats":[{"Regal Pillow":44,"Pear":26,"The Specimen":28,"Happy Flower":40,"Oddly Smooth Stone":5,"Vajra":9,"Pen Nib":47,"Juzu Bracelet":6,"Omamori":8,"War Paint":42,"Boot":31,"MawBank":46,"ClockworkSouvenir":44,"Runic Dome":34,"HornCleat":44,"Gambling Chip":10,"Orrery":29,"WingedGreaves":14,"Turnip":39,"Ring of the Snake":0,"Runic Pyramid":17},{"Regal Pillow":20,"Pear":12,"The Specimen":13,"Happy Flower":18,"Oddly Smooth Stone":3,"Vajra":5,"Pen Nib":21,"Juzu Bracelet":4,"Omamori":5,"War Paint":20,"Boot":14,"MawBank":21,"ClockworkSouvenir":20,"Runic Dome":15,"HornCleat":20,"Gambling Chip":6,"Orrery":13,"WingedGreaves":8,"Turnip":17,"Ring of the Snake":0,"Runic Pyramid":9},{"Regal Pillow":89,"Pear":47,"The Specimen":53,"Happy Flower":83,"Oddly Smooth Stone":8,"Vajra":25,"Pen Nib":97,"Juzu Bracelet":16,"Omamori":25,"War Paint":89,"Boot":59,"MawBank":97,"ClockworkSouvenir":89,"Runic Dome":68,"HornCleat":89,"Gambling Chip":28,"Orrery":53,"WingedGreaves":34,"Turnip":78,"Ring of the Snake":0,"Runic Pyramid":37}],"Ring of the Snake":[48]},"card_choices":[{"not_picked":["Dodge and Roll","PiercingWail"],"picked":"Predator","floor":1},{"not_picked":["Reflex","Flechettes"],"picked":"Flying Knee","floor":2},{"not_picked":["Calculated Gamble","Well Laid Plans"],"picked":"Blade Dance","floor":3},{"not_picked":["Deadly Poison","Heel Hook"],"picked":"Dash","floor":6},{"not_picked":["Quick Slash","Flying Knee","Infinite Blades"],"picked":"SKIP","floor":8},{"not_picked":["Backflip","Reflex"],"picked":"Endless Agony","floor":10},{"not_picked":["Finisher","A Thousand Cuts"],"picked":"Dagger Spray","floor":11},{"not_picked":["Flying Knee","Riddle With Holes","Prepared"],"picked":"SKIP","floor":14},{"not_picked":["Grand Finale","A Thousand Cuts"],"picked":"Bullet Time","floor":16},{"not_picked":["Quick Slash+1","Poisoned Stab","Bane"],"picked":"SKIP","floor":18},{"not_picked":["Dagger Throw","Acrobatics"],"picked":"Slice","floor":19},{"not_picked":["Prepared","Backflip"],"picked":"Dodge and Roll+1","floor":20},{"not_picked":["Poisoned Stab","Deadly Poison"],"picked":"Noxious Fumes","floor":28},{"not_picked":["Slice","Dagger Throw"],"picked":"PiercingWail+1","floor":29},{"not_picked":["Bullet Time","Choke"],"picked":"Tactician","floor":29},{"not_picked":["Poisoned Stab","Well Laid Plans"],"picked":"PiercingWail","floor":31},{"not_picked":["Tools of the Trade","Glass Knife"],"picked":"Envenom","floor":33},{"not_picked":["Quick Slash","Slice+1","Crippling Poison"],"picked":"SKIP","floor":35},{"not_picked":["Acrobatics+1","Calculated Gamble"],"picked":"Prepared+1","floor":39},{"not_picked":["Grand Finale","PiercingWail"],"picked":"Escape Plan","floor":40},{"not_picked":["All Out Attack+1","Sucker Punch+1"],"picked":"Blur","floor":41},{"not_picked":["Cloak And Dagger+1","Quick Slash"],"picked":"Leg Sweep","floor":42},{"not_picked":["Leg Sweep","Envenom"],"picked":"PiercingWail+1","floor":46},{"not_picked":["Dagger Spray","Skewer","Deadly Poison"],"picked":"SKIP","floor":48}],"player_experience":1908810,"relics_obtained":[{"floor":6,"key":"Juzu Bracelet"},{"floor":8,"key":"Omamori"},{"floor":9,"key":"Vajra"},{"floor":10,"key":"Gambling Chip"},{"floor":14,"key":"WingedGreaves"},{"floor":26,"key":"Pear"},{"floor":28,"key":"The Specimen"},{"floor":31,"key":"Boot"},{"floor":39,"key":"Turnip"},{"floor":40,"key":"Happy Flower"},{"floor":42,"key":"War Paint"},{"floor":46,"key":"MawBank"}],"event_choices":[{"damage_healed":0,"gold_gain":0,"player_choice":"Gave Potion","damage_taken":0,"relics_obtained":["Oddly Smooth Stone"],"max_hp_gain":0,"max_hp_loss":0,"event_name":"WeMeetAgain","floor":5,"gold_loss":0},{"damage_healed":16,"gold_gain":0,"player_choice":"Healed","damage_taken":0,"max_hp_gain":0,"max_hp_loss":0,"event_name":"The Cleric","floor":12,"gold_loss":35},{"damage_healed":0,"gold_gain":0,"player_choice":"Upgraded","damage_taken":0,"max_hp_gain":0,"max_hp_loss":0,"event_name":"Upgrade Shrine","floor":13,"gold_loss":0,"cards_upgraded":["Dagger Spray"]},{"damage_healed":0,"gold_gain":0,"player_choice":"Became a Ghost","damage_taken":0,"max_hp_gain":0,"max_hp_loss":33,"event_name":"Ghosts","floor":21,"gold_loss":0,"cards_obtained":["Ghostly","Ghostly","Ghostly"]},{"damage_healed":0,"gold_gain":0,"player_choice":"Simplicity","damage_taken":0,"max_hp_gain":0,"max_hp_loss":0,"event_name":"Back to Basics","floor":22,"gold_loss":0,"cards_upgraded":["Strike_G","Strike_G","Strike_G","Strike_G","Strike_G","Defend_G","Defend_G","Defend_G","Defend_G","Defend_G"]},{"damage_healed":0,"gold_gain":0,"player_choice":"Ignored","damage_taken":0,"max_hp_gain":0,"max_hp_loss":0,"event_name":"Vampires","floor":27,"gold_loss":0},{"damage_healed":0,"gold_gain":0,"player_choice":"Read","damage_taken":0,"max_hp_gain":0,"max_hp_loss":0,"event_name":"The Library","floor":30,"gold_loss":0,"cards_obtained":["Accuracy"]},{"damage_healed":0,"gold_gain":999,"player_choice":"Gold","damage_taken":0,"max_hp_gain":0,"max_hp_loss":0,"event_name":"MindBloom","floor":37,"gold_loss":0,"cards_obtained":["Normality","Normality"]},{"damage_healed":0,"gold_gain":0,"player_choice":"Max HP","damage_taken":0,"max_hp_gain":0,"max_hp_loss":2,"event_name":"Winding Halls","floor":38,"gold_loss":0},{"damage_healed":0,"gold_gain":0,"player_choice":"Fight","damage_taken":0,"max_hp_gain":0,"max_hp_loss":0,"event_name":"Mysterious Sphere","floor":39,"gold_loss":0}],"is_beta":true,"boss_relics":[{"not_picked":["SlaversCollar","Empty Cage"],"picked":"Runic Pyramid"},{"not_picked":["Ring of the Serpent","Snecko Eye"],"picked":"Runic Dome"}],"items_purged_floors":[44,47],"is_endless":false,"potions_floor_spawned":[1,3,6,11,28,33,40,42,48],"killed_by":"Awakened One","ascension_level":20}}