{"host":"vhvubw4jk4f204qs","time":1612671263,"event":{"mods":["AchievementEnabler","BaseMod","DeckTracker","GifTheSpireLib","Googly Eyes","Minty Spire (QoL Compilation)","Permanent Neow","Quick Restart","StSLib","SuperFastMode","The IronCluck","slay the spire mod where everything is the same but ironclad has a cowboy hat"],"gold_per_floor":[119,132,18,18,35,35,70,12,12,40,40,40,54,64,64,138,138,155,55,73,73,73,73,87,87,87,112,129,146,146,71,71,71,71],"floor_reached":33,"language":"ENG","playtime":1654,"items_purged":["Strike_G","Pain"],"score":550,"play_id":"aa11c512-3b16-4728-ba8e-870009e3c08b","local_time":"20210206231423","is_ascension_mode":true,"campfire_choices":[{"data":"A Thousand Cuts","floor":6.0,"key":"SMITH"},{"floor":12.0,"key":"REST"},{"data":"Calculated Gamble","floor":15.0,"key":"SMITH"},{"floor":23,"key":"REST"},{"floor":25,"key":"REST"},{"floor":30,"key":"REST"},{"data":"Adrenaline","floor":32,"key":"SMITH"}],"circlet_count":0,"master_deck":["AscendersBane","Strike_G","Defend_G","Defend_G","Defend_G","Defend_G","Defend_G","Survivor","Neutralize","A Thousand Cuts+1","Footwork","Dash","Poisoned Stab","Deflect","Slice","Calculated Gamble+1","Deflect","Adrenaline+1","Well Laid Plans","Eviscerate","Dagger Spray+1","Tools of the Trade","Slice"],"relics":["Ring of the Snake","Unceasing Top","Mercury Hourglass","Boot","WarpedTongs","Sozu","Matryoshka","Pen Nib"],"acts_visited":["Exordium","TheCity"],"potions_floor_usage":[],"damage_taken":[{"damage":7.0,"enemies":"Cultist","floor":1.0,"turns":5.0},{"damage":3.0,"enemies":"Small Slimes","floor":2.0,"turns":4.0},{"damage":12.0,"enemies":"Jaw Worm","floor":5.0,"turns":6.0},{"damage":22.0,"enemies":"Gremlin Nob","floor":7.0,"turns":5.0},{"damage":12.0,"enemies":"3 Sentries","floor":10.0,"turns":4.0},{"damage":11.0,"enemies":"Exordium Wildlife","floor":13.0,"turns":3.0},{"damage":1.0,"enemies":"3 Louse","floor":14.0,"turns":3.0},{"damage":24.0,"enemies":"The Guardian","floor":16.0,"turns":15.0},{"damage":14,"enemies":"Spheric Guardian","floor":18,"turns":5},{"damage":29,"enemies":"Chosen","floor":20,"turns":5},{"damage":3,"enemies":"Centurion and Healer","floor":24,"turns":5},{"damage":6,"enemies":"Gremlin Leader","floor":27,"turns":6},{"damage":7,"enemies":"Snecko","floor":28,"turns":4},{"damage":19,"enemies":"Snake Plant","floor":29,"turns":3},{"damage":31,"enemies":"Collector","floor":33,"turns":3}],"seed_played":"-4111692561985394814","potions_obtained":[{"floor":1.0,"key":"Weak Potion"},{"floor":2.0,"key":"LiquidMemories"},{"floor":7.0,"key":"Swift Potion"},{"floor":10.0,"key":"Swift Potion"},{"floor":14.0,"key":"Swift Potion"}],"is_trial":false,"path_per_floor":["M","M","$","?","M","R","E","$","T","E","?","R","M","M","R","B",null,"M","$","M","$","?","R","M","R","T","E","M","M","R","?","R","B"],"character_chosen":"THE_SILENT","items_purchased":["Dash","Slice"],"campfire_rested":4,"item_purchase_floors":[3,8],"current_hp_per_floor":[37,34,34,66,54,54,32,32,32,20,20,39,28,27,27,3,50,36,36,7,7,7,26,23,42,42,36,29,10,29,29,29,0,0],"gold":71,"neow_bonus":"THREE_RARE_CARDS","is_daily":false,"chose_seed":false,"campfire_upgraded":3,"win_rate":0.0,"timestamp":1612671263,"path_taken":["M","M","$","?","M","R","E","?","T","E","?","R","M","?","R","BOSS","M","$","M","$","?","R","M","R","T","E","M","M","R","?","R","BOSS"],"items_purchased_type":["Card","Card"],"build_version":"2020-12-22","purchased_purges":2,"victory":false,"max_hp_per_floor":[66,66,66,66,66,66,66,66,66,66,66,66,66,66,66,66,66,66,66,66,66,66,66,66,66,66,66,66,66,66,66,66,66,66],"card_choices":[{"not_picked":["Glass Knife","Venomology"],"picked":"A Thousand Cuts","floor":0.0},{"not_picked":["Concentrate","Riddle With Holes"],"picked":"Choke","floor":1.0},{"not_picked":["Distraction","Deadly Poison"],"picked":"Footwork","floor":2.0},{"not_picked":["Sucker Punch","Backflip"],"picked":"Poisoned Stab","floor":5.0},{"not_picked":["Deadly Poison","Bouncing Flask"],"picked":"Deflect","floor":7.0},{"not_picked":["Leg Sweep","Noxious Fumes","Outmaneuver"],"picked":"SKIP","floor":10.0},{"not_picked":["Backflip","Caltrops"],"picked":"Calculated Gamble","floor":13.0},{"not_picked":["Poisoned Stab","Leg Sweep"],"picked":"Deflect","floor":14.0},{"not_picked":["Envenom","Die Die Die"],"picked":"Adrenaline","floor":16.0},{"not_picked":["Caltrops","Riddle With Holes","Sucker Punch"],"picked":"SKIP","floor":18},{"not_picked":["Outmaneuver","PiercingWail","Dagger Throw+1"],"picked":"SKIP","floor":20},{"not_picked":["Sucker Punch","Accuracy","Flechettes+1"],"picked":"SKIP","floor":24},{"not_picked":["Choke","Setup"],"picked":"Dagger Spray+1","floor":27},{"not_picked":["Leg Sweep","Cloak And Dagger"],"picked":"Tools of the Trade","floor":28},{"not_picked":["Flying Knee+1","Backstab"],"picked":"Slice","floor":29}],"player_experience":778301,"relics_obtained":[{"floor":7.0,"key":"Unceasing Top"},{"floor":9.0,"key":"Mercury Hourglass"},{"floor":10.0,"key":"Boot"},{"floor":26,"key":"Matryoshka"},{"floor":27,"key":"Pen Nib"}],"event_choices":[{"cards_removed":["Choke"],"damage_healed":32.0,"max_hp_gain":0.0,"max_hp_loss":0.0,"gold_gain":0.0,"event_name":"Bonfire Elementals","player_choice":"Offered Uncommon","floor":4.0,"gold_loss":0.0,"damage_taken":0.0},{"damage_healed":0.0,"max_hp_gain":0.0,"max_hp_loss":0.0,"gold_gain":0.0,"event_name":"Accursed Blacksmith","player_choice":"Rummage","floor":11.0,"gold_loss":0.0,"damage_taken":0.0,"relics_obtained":["WarpedTongs"],"cards_obtained":["Pain"]},{"damage_healed":0,"gold_gain":0,"cards_transformed":["Strike_G","Strike_G"],"player_choice":"Became Test Subject","damage_taken":0,"max_hp_gain":0,"max_hp_loss":0,"event_name":"Drug Dealer","floor":22,"gold_loss":0,"cards_obtained":["Well Laid Plans","Eviscerate"]},{"cards_removed":["Strike_G"],"damage_healed":0,"gold_gain":0,"player_choice":"Gave Gold","damage_taken":0,"max_hp_gain":0,"max_hp_loss":0,"event_name":"Beggar","floor":31,"gold_loss":75}],"is_beta":false,"boss_relics":[{"not_picked":["Pandora\u0027s Box","Fusion Hammer"],"picked":"Sozu"}],"items_purged_floors":[3,19],"is_endless":false,"potions_floor_spawned":[1,2,7,10,14,18,28,29],"killed_by":"Collector","ascension_level":20}}