{"host":"h3ogdo6no3ehk88q","time":1612665884,"event":{"mods":["AchievementEnabler","BaseMod","Minty Spire (QoL Compilation)","StSLib","SuperFastMode"],"gold_per_floor":[117,117,130,305,320,401,401,436,21,21,44,5,17,35,47,68,98,110,224,236,248,360,372,401,413,30,30,40,56,56,81,30,105,131,41,72,72,89,109,109,210,210,228,44,44,63,80,80,95,127,150,150,52,70,70,70],"floor_reached":55,"language":"ENG","playtime":2219,"items_purged":["Doubt","Strike_G"],"score":1180,"play_id":"d9bd22ec-8a37-4904-a048-91a47f18f4a8","local_time":"20210206214444","is_ascension_mode":true,"campfire_choices":[{"floor":7.0,"key":"REST"},{"floor":10.0,"key":"REST"},{"floor":18.0,"key":"REST"},{"floor":21.0,"key":"REST"},{"floor":30.0,"key":"REST"},{"floor":37.0,"key":"REST"},{"data":"Cloak And Dagger","floor":40.0,"key":"SMITH"},{"floor":48.0,"key":"RECALL"}],"circlet_count":0,"master_deck":["AscendersBane","Strike_G","Defend_G","Defend_G","Defend_G","Defend_G","Defend_G","Survivor","Neutralize","Corpse Explosion+1","Escape Plan","Deadly Poison","PiercingWail+1","Flechettes","Acrobatics","Tactician+1","Blur+1","Backflip","Cloak And Dagger+1","Dodge and Roll","Wraith Form v2","Blade Dance","Crippling Poison","Blade Dance","Outmaneuver","Acrobatics+1","Tactician+1","Leg Sweep"],"relics":["Ring of the Serpent","Tiny Chest","Calipers","Lantern","Odd Mushroom","MawBank","Empty Cage","Regal Pillow","Medical Kit","Sundial","Blood Vial","Kunai","Oddly Smooth Stone","PreservedInsect","Fusion Hammer","Membership Card","Question Card","Mummified Hand","Art of War","War Paint","DollysMirror"],"acts_visited":["Exordium","TheCity","TheBeyond"],"potions_floor_usage":[55,55],"damage_taken":[{"damage":2.0,"enemies":"Small Slimes","floor":1.0,"turns":4.0},{"damage":4.0,"enemies":"Jaw Worm","floor":3.0,"turns":3.0},{"damage":6.0,"enemies":"Cultist","floor":5.0,"turns":5.0},{"damage":24.0,"enemies":"Lagavulin","floor":8.0,"turns":6.0},{"damage":0.0,"enemies":"3 Louse","floor":13.0,"turns":1.0},{"damage":3.0,"enemies":"2 Fungi Beasts","floor":14.0,"turns":2.0},{"damage":0.0,"enemies":"Exordium Thugs","floor":15.0,"turns":4.0},{"damage":0.0,"enemies":"The Mushroom Lair","floor":16.0,"turns":2.0},{"damage":24.0,"enemies":"Gremlin Nob","floor":17.0,"turns":4.0},{"damage":38.0,"enemies":"Hexaghost","floor":19.0,"turns":12.0},{"damage":27.0,"enemies":"Hexaghost","floor":22.0,"turns":11.0},{"damage":0.0,"enemies":"Spheric Guardian","floor":24.0,"turns":5.0},{"damage":17.0,"enemies":"2 Thieves","floor":28.0,"turns":3.0},{"damage":19.0,"enemies":"Snake Plant","floor":29.0,"turns":6.0},{"damage":15.0,"enemies":"Slavers","floor":31.0,"turns":2.0},{"damage":27.0,"enemies":"Book of Stabbing","floor":36.0,"turns":8.0},{"damage":0.0,"enemies":"Snecko","floor":38.0,"turns":5.0},{"damage":10.0,"enemies":"Sentry and Sphere","floor":39.0,"turns":8.0},{"damage":47.0,"enemies":"Automaton","floor":41.0,"turns":18.0},{"damage":0.0,"enemies":"Orb Walker","floor":43.0,"turns":5.0},{"damage":0.0,"enemies":"3 Shapes","floor":46.0,"turns":5.0},{"damage":2.0,"enemies":"3 Darklings","floor":47.0,"turns":4.0},{"damage":27.0,"enemies":"Jaw Worm Horde","floor":49.0,"turns":3.0},{"damage":0.0,"enemies":"Reptomancer","floor":50.0,"turns":9.0},{"damage":0.0,"enemies":"Writhing Mass","floor":54.0,"turns":7.0},{"damage":44,"enemies":"Transient","floor":55,"turns":5}],"seed_played":"-4465076499033555840","potions_obtained":[{"floor":1.0,"key":"Explosive Potion"},{"floor":3.0,"key":"SpeedPotion"},{"floor":17.0,"key":"ColorlessPotion"},{"floor":19.0,"key":"Regen Potion"},{"floor":22.0,"key":"Poison Potion"},{"floor":24.0,"key":"CunningPotion"},{"floor":28.0,"key":"FearPotion"},{"floor":38.0,"key":"LiquidMemories"},{"floor":39.0,"key":"LiquidMemories"},{"floor":49.0,"key":"DistilledChaos"},{"floor":54.0,"key":"CunningPotion"}],"is_trial":false,"path_per_floor":["M","?","M","?","M","T","R","E","$","R","T","$","M","M","M","?","E","R","B",null,"R","B",null,"M","?","$","T","M","M","R","E","$","T","T","?","E","R","M","M","R","B",null,"M","$","T","M","M","R","M","E","T","T","$","M","M"],"character_chosen":"THE_SILENT","items_purchased":["Calipers","PiercingWail","Flechettes","Regal Pillow","Medical Kit","Block Potion","Membership Card","Crippling Poison","DollysMirror","Energy Potion"],"campfire_rested":6,"item_purchase_floors":[9,9,12,26,26,32,44,44,53,53],"current_hp_per_floor":[43,43,39,39,33,33,54,30,30,51,51,51,51,48,48,48,24,45,7,7,28,16,57,57,57,57,57,40,21,57,42,42,42,42,42,17,53,55,47,47,2,53,55,55,55,57,57,57,32,34,34,34,34,36,0,0],"gold":70,"neow_bonus":"THREE_RARE_CARDS","is_daily":false,"chose_seed":false,"campfire_upgraded":1,"win_rate":0.0,"timestamp":1612665884,"path_taken":["M","?","M","?","M","?","R","E","$","R","T","$","?","M","M","?","E","R","BOSS","R","BOSS","M","?","$","?","M","M","R","E","$","T","T","?","E","R","?","M","R","BOSS","M","?","?","M","M","R","M","E","T","T","$","M","?"],"items_purchased_type":["Relic","Card","Card","Relic","Relic","Potion","Relic","Card","Relic","Potion"],"build_version":"2020-12-22","purchased_purges":2,"victory":false,"max_hp_per_floor":[70,70,70,70,70,70,70,70,70,70,70,70,70,70,70,70,70,70,70,70,70,70,70,70,70,70,70,70,70,70,70,70,70,70,70,70,70,70,70,70,70,70,70,70,70,70,70,70,70,70,70,70,70,70,70,70],"card_choices":[{"not_picked":["Wraith Form v2","Burst"],"picked":"Corpse Explosion","floor":0.0},{"not_picked":["Concentrate","Caltrops","Setup"],"picked":"SKIP","floor":1.0},{"not_picked":["Quick Slash","Prepared"],"picked":"Escape Plan","floor":3.0},{"not_picked":["Dodge and Roll","Dagger Throw"],"picked":"Deadly Poison","floor":5.0},{"not_picked":["Predator","Quick Slash","Dagger Spray"],"picked":"SKIP","floor":8.0},{"not_picked":["Bane","Accuracy"],"picked":"Acrobatics","floor":13.0},{"not_picked":["Deflect","Bane","Slice"],"picked":"SKIP","floor":14.0},{"not_picked":["Sucker Punch","Riddle With Holes"],"picked":"Tactician","floor":15.0},{"not_picked":["Poisoned Stab","Endless Agony"],"picked":"Blur","floor":17.0},{"not_picked":["Flechettes","Poisoned Stab"],"picked":"Backflip","floor":24.0},{"not_picked":["Outmaneuver","Dagger Throw"],"picked":"Cloak And Dagger","floor":28.0},{"not_picked":["Concentrate","Blade Dance","Underhanded Strike"],"picked":"SKIP","floor":29.0},{"not_picked":["Backstab+1","Bane","Predator"],"picked":"SKIP","floor":31.0},{"not_picked":["Escape Plan","Heel Hook","Dagger Spray"],"picked":"SKIP","floor":36.0},{"not_picked":["All Out Attack","PiercingWail"],"picked":"Dodge and Roll","floor":38.0},{"not_picked":["Bane","Quick Slash","Acrobatics"],"picked":"SKIP","floor":39.0},{"not_picked":["Unload","Venomology"],"picked":"Wraith Form v2","floor":41.0},{"not_picked":["Caltrops","All Out Attack"],"picked":"Blade Dance","floor":43.0},{"not_picked":["Bane","Prepared+1","Acrobatics"],"picked":"Blade Dance","floor":46.0},{"not_picked":["Infinite Blades","Dagger Throw+1","Underhanded Strike"],"picked":"Outmaneuver","floor":47.0},{"not_picked":["Masterful Stab","Deflect+1","Blade Dance+1"],"picked":"Acrobatics+1","floor":49.0},{"not_picked":["Poisoned Stab","Wraith Form v2","Dagger Throw","Flying Knee+1"],"picked":"SKIP","floor":50.0},{"not_picked":["Concentrate+1","Poisoned Stab","Dagger Throw+1"],"picked":"Leg Sweep","floor":54.0}],"player_experience":854137,"relics_obtained":[{"floor":8.0,"key":"Tiny Chest"},{"floor":11.0,"key":"Lantern"},{"floor":16.0,"key":"Odd Mushroom"},{"floor":17.0,"key":"MawBank"},{"floor":27.0,"key":"Sundial"},{"floor":31.0,"key":"Blood Vial"},{"floor":33.0,"key":"Kunai"},{"floor":34.0,"key":"Oddly Smooth Stone"},{"floor":36.0,"key":"PreservedInsect"},{"floor":45.0,"key":"Question Card"},{"floor":50.0,"key":"Mummified Hand"},{"floor":51.0,"key":"Art of War"},{"floor":52.0,"key":"War Paint"}],"event_choices":[{"damage_healed":0.0,"max_hp_gain":0.0,"max_hp_loss":0.0,"gold_gain":0.0,"event_name":"Living Wall","player_choice":"Grow","floor":2.0,"gold_loss":0.0,"damage_taken":0.0,"cards_upgraded":["Corpse Explosion"]},{"damage_healed":0.0,"max_hp_gain":0.0,"max_hp_loss":0.0,"gold_gain":175.0,"event_name":"Liars Game","player_choice":"AGREE","floor":4.0,"gold_loss":0.0,"damage_taken":0.0,"cards_obtained":["Doubt"]},{"damage_healed":0.0,"max_hp_gain":0.0,"max_hp_loss":0.0,"gold_gain":0.0,"event_name":"Mushrooms","player_choice":"Fought Mushrooms","floor":16.0,"gold_loss":0.0,"damage_taken":0.0},{"damage_healed":0.0,"max_hp_gain":0.0,"max_hp_loss":0.0,"gold_gain":0.0,"event_name":"Vampires","player_choice":"Ignored","floor":25.0,"gold_loss":0.0,"damage_taken":0.0},{"cards_removed":["Strike_G"],"damage_healed":0.0,"max_hp_gain":0.0,"max_hp_loss":0.0,"gold_gain":0.0,"event_name":"Designer","player_choice":"Upgrade and Remove","floor":35.0,"gold_loss":90.0,"damage_taken":0.0,"cards_upgraded":["PiercingWail"]}],"is_beta":false,"boss_relics":[{"not_picked":["Tiny House","Ectoplasm"],"picked":"Empty Cage"},{"not_picked":["Snecko Eye","Coffee Dripper"],"picked":"Ring of the Serpent"},{"not_picked":["SacredBark","Runic Dome"],"picked":"Fusion Hammer"}],"items_purged_floors":[9,26],"is_endless":false,"potions_floor_spawned":[1,3,15,17,19,22,24,28,29,38,39,49,54],"killed_by":"Transient","ascension_level":12}}