{"host":"7tupz9hz1lyp76hf","time":1612706620,"event":{"mods":["ATMod(∞¢Ë™Mod)","BaseMod","Downfall","GifTheSpireLib","Minty Spire (QoL Compilation)","Reimu£®≤©¿ˆ¡È√Œ£©","Reliquary","Spicy Shops","StSLib","noobMod","°æ“≈ŒÔø®≈∆°øREMEMod"],"gold_per_floor":[110,110,130,144,179,207,220,253,279,295,320,320,337,337,337,467,467,490,490,565,583,24,57,70,106,152,197,221,236,255,0,0,129,129,150,150,163,17,41,75,75,108,159,203,203,227,250,250,250,250],"floor_reached":51,"language":"ZHS","playtime":3852,"items_purged":[],"score":1304,"play_id":"287a2cd8-105b-4936-96b4-7afcf6cec449","local_time":"20210207220340","is_ascension_mode":true,"campfire_choices":[{"data":"AT_WindFlip","floor":15,"key":"SMITH"},{"data":"AT_ArcaneSupremacy","floor":32,"key":"SMITH"},{"data":"Discovery","floor":41,"key":"SMITH"},{"data":"AT_EssenceShift","floor":45,"key":"SMITH"},{"data":"Night Terror","floor":49,"key":"SMITH"}],"circlet_count":0,"master_deck":["Strike_G","Strike_G","Strike_G","Strike_G","Defend_G","Defend_G","Defend_G","Survivor","Neutralize","Unload","AT_RealColorLess+1","Blade Dance","AT_WindFlip+1","Deflect","Infinite Blades","Flying Knee","AT_WomanClash","Terror","Backflip","Corpse Explosion","Dagger Spray+1","Malaise+1","Skewer+1","Bane+1","Slimebound:CheckThePlaybook","Finisher","Adrenaline","Sucker Punch","Concentrate+1","AT_Desolate","Blade Dance+1","Backflip+1","Blade Dance+1","AT_ArcaneSupremacy+1","Night Terror+1","Discovery+1","Madness","Madness","Panache","HandOfGreed","Dark Shackles","AT_EssenceShift+1","Concentrate+1","AT_ThistleTea+1","Blade Dance"],"relics":["Ring of the Snake","REME_ComplimentaryCards","AT_ATBox","ice","NeowsBlessing","reliquary:PorcupineQuills","Paper Crane","AT_SunfireAegis","AT_ArcaneBoots","Golden Idol","Astrolabe","PreservedInsect","reliquary:JackalopeAntler","Eternal Feather","reliquary:SharkskinSheath","HornCleat","AT_SeraphEmbrace","Sling","REME_LowDesire","AT_BladeRuinedKing","Art of War","Membership Card","reliquary:PurpleTingedLeaf","Bag of Preparation","Vajra","Gremlin Horn","Blue Candle"],"acts_visited":["Exordium","TheCity","TheBeyond"],"potions_floor_usage":[6,8,21,23,24,33,42,44],"damage_taken":[{"damage":0,"enemies":"Jaw Worm","floor":1,"turns":1},{"damage":0,"enemies":"Cultist","floor":3,"turns":1},{"damage":0,"enemies":"Small Slimes","floor":4,"turns":2},{"damage":14,"enemies":"Red Slaver","floor":5,"turns":2},{"damage":7,"enemies":"Lagavulin","floor":6,"turns":5},{"damage":0,"enemies":"2 Fungi Beasts","floor":7,"turns":2},{"damage":0,"enemies":"Gremlin Nob","floor":8,"turns":2},{"damage":7,"enemies":"Blue Slaver","floor":10,"turns":2},{"damage":15,"enemies":"Lagavulin","floor":11,"turns":4},{"damage":0,"enemies":"Large Slime","floor":13,"turns":3},{"damage":34,"enemies":"The Guardian","floor":16,"turns":5},{"damage":11,"enemies":"Spheric Guardian","floor":18,"turns":3},{"damage":6,"enemies":"3 Byrds","floor":21,"turns":4},{"damage":1,"enemies":"Slavers","floor":23,"turns":2},{"damage":0,"enemies":"Snake Plant","floor":24,"turns":3},{"damage":0,"enemies":"Gremlin Leader","floor":25,"turns":2},{"damage":6,"enemies":"Chosen and Byrds","floor":27,"turns":3},{"damage":0,"enemies":"Snecko","floor":28,"turns":3},{"damage":11,"enemies":"Centurion and Healer","floor":29,"turns":4},{"damage":0,"enemies":"Snake Plant","floor":30,"turns":3},{"damage":1,"enemies":"Collector","floor":33,"turns":3},{"damage":0,"enemies":"3 Darklings","floor":35,"turns":2},{"damage":0,"enemies":"Orb Walker","floor":37,"turns":2},{"damage":18,"enemies":"Writhing Mass","floor":39,"turns":3},{"damage":0,"enemies":"Giant Head","floor":40,"turns":3},{"damage":0,"enemies":"Nemesis","floor":42,"turns":1},{"damage":0,"enemies":"Giant Head","floor":44,"turns":5},{"damage":0,"enemies":"Jaw Worm Horde","floor":46,"turns":3},{"damage":0,"enemies":"3 Darklings","floor":47,"turns":1},{"damage":16,"enemies":"Donu and Deca","floor":50,"turns":4}],"seed_played":"6369699611051827141","potions_obtained":[{"floor":1,"key":"Fire Potion"},{"floor":4,"key":"Fire Potion"},{"floor":5,"key":"LiquidBronze"},{"floor":6,"key":"GrandPatriotsElixir:ReiMu"},{"floor":16,"key":"Dexterity Potion"},{"floor":21,"key":"FearPotion"},{"floor":23,"key":"Regen Potion"},{"floor":24,"key":"Poison Potion"},{"floor":33,"key":"Explosive Potion"},{"floor":35,"key":"Fire Potion"},{"floor":39,"key":"BlessingOfTheForge"},{"floor":44,"key":"REME_GoldPotion"}],"is_trial":false,"path_per_floor":["M","?","M","M","M","E","M","E","T","M","E","?","M","?","R","B",null,"M","?","?","M","$","E","M","E","T","M","M","M","M","$","R","B",null,"M","?","M","$","M","E","R","E","T","E","R","M","M","?","R","B",null],"character_chosen":"THE_SILENT","items_purchased":["PreservedInsect","reliquary:JackalopeAntler","Eternal Feather","AT_ArcaneSupremacy","Sling","Membership Card"],"campfire_rested":0,"item_purchase_floors":[22,22,22,31,31,38],"current_hp_per_floor":[70,70,70,70,56,49,49,49,49,42,27,27,27,10,10,38,69,58,30,22,16,16,15,24,24,24,18,18,7,7,7,25,24,98,98,83,83,83,65,65,89,89,89,89,113,114,114,109,131,116],"gold":250,"neow_bonus":"THREE_ENEMY_KILL","is_daily":false,"chose_seed":false,"campfire_upgraded":5,"win_rate":0.0,"timestamp":1612706620,"path_taken":["M","?","M","M","M","E","M","E","T","M","E","?","?","?","R","BOSS","M","?","?","M","$","E","M","E","T","M","M","?","M","$","R","BOSS","M","?","M","$","M","E","R","E","T","E","R","M","M","?","R","BOSS"],"items_purchased_type":["Relic","Relic","Relic","Card","Relic","Relic"],"build_version":"2020-12-22","purchased_purges":0,"victory":true,"max_hp_per_floor":[70,70,70,70,70,70,70,70,70,70,70,70,70,70,70,79,79,80,80,80,100,100,101,104,107,107,110,111,117,120,120,120,122,122,123,123,124,124,128,129,129,129,129,130,130,131,131,131,131,137],"card_choices":[{"not_picked":["Outmaneuver","Bane"],"picked":"Blade Dance","floor":1},{"not_picked":["Glass Knife","Dodge and Roll","Dagger Throw"],"picked":"SKIP","floor":3},{"not_picked":["AT_ThistleTea","Distraction"],"picked":"AT_WindFlip","floor":4},{"not_picked":["Backflip","AT_WindFlip"],"picked":"Deflect","floor":5},{"not_picked":["Cloak And Dagger","Leg Sweep"],"picked":"Infinite Blades","floor":6},{"not_picked":["Dagger Throw","Tactician"],"picked":"Flying Knee","floor":7},{"not_picked":["REME_SpectralBlade","REME_GrazeFinale"],"picked":"AT_WomanClash","floor":8},{"not_picked":["Riddle With Holes","Flechettes"],"picked":"Terror","floor":10},{"not_picked":["Catalyst","Dagger Throw"],"picked":"Backflip","floor":11},{"not_picked":["REME_ShadowStrike","Dash","Reflex"],"picked":"SKIP","floor":13},{"not_picked":["Adrenaline","Phantasmal Killer"],"picked":"Corpse Explosion","floor":16},{"not_picked":["Crippling Poison","Skewer+1"],"picked":"Bane+1","floor":18},{"not_picked":["Well Laid Plans+1","Backflip"],"picked":"Finisher","floor":21},{"not_picked":["AT_WindFlip","Prepared"],"picked":"Adrenaline","floor":23},{"not_picked":["Backflip","All Out Attack"],"picked":"Sucker Punch","floor":24},{"not_picked":["Prepared","A Thousand Cuts"],"picked":"Concentrate+1","floor":25},{"not_picked":["Dagger Throw","AT_WindFlip+1"],"picked":"AT_Desolate","floor":27},{"not_picked":["Bane","Underhanded Strike"],"picked":"Blade Dance+1","floor":28},{"not_picked":["Endless Agony+1","Infinite Blades"],"picked":"Backflip+1","floor":29},{"not_picked":["Escape Plan","A Thousand Cuts"],"picked":"Blade Dance+1","floor":30},{"not_picked":["Phantasmal Killer","Corpse Explosion"],"picked":"Night Terror","floor":33},{"not_picked":["Underhanded Strike","Eviscerate+1","Bane+1"],"picked":"Discovery","floor":35},{"not_picked":["PiercingWail","Acrobatics","Backflip"],"picked":"Panache","floor":37},{"not_picked":["Sucker Punch+1","AT_TwilightShroud","Poisoned Stab+1"],"picked":"HandOfGreed","floor":39},{"not_picked":["Acrobatics","PiercingWail+1","Eviscerate+1"],"picked":"Dark Shackles","floor":40},{"not_picked":["Choke","Acrobatics","REME_BattleFury"],"picked":"AT_EssenceShift","floor":42},{"not_picked":["All Out Attack+1","Catalyst","AT_EmpoweredMortalDraw"],"picked":"Concentrate+1","floor":44},{"not_picked":["PiercingWail+1","Prepared","Secret Technique"],"picked":"AT_ThistleTea+1","floor":46},{"not_picked":["AT_WindFlip+1","Slice","The Bomb"],"picked":"Blade Dance","floor":47}],"player_experience":114995,"relics_obtained":[{"floor":6,"key":"reliquary:PorcupineQuills"},{"floor":8,"key":"Paper Crane"},{"floor":9,"key":"AT_SunfireAegis"},{"floor":11,"key":"AT_SpeedBoots"},{"floor":23,"key":"reliquary:SharkskinSheath"},{"floor":25,"key":"HornCleat"},{"floor":26,"key":"AT_ArchangelStaff"},{"floor":34,"key":"AT_BladeRuinedKing"},{"floor":34,"key":"Art of War"},{"floor":40,"key":"reliquary:PurpleTingedLeaf"},{"floor":42,"key":"Bag of Preparation"},{"floor":43,"key":"Vajra"},{"floor":44,"key":"Gremlin Horn"}],"event_choices":[{"damage_healed":0,"gold_gain":0,"player_choice":"Grow","damage_taken":0,"max_hp_gain":0,"max_hp_loss":0,"event_name":"Living Wall","floor":2,"gold_loss":0,"cards_upgraded":["AT_RealColorLess"]},{"damage_healed":0,"gold_gain":0,"player_choice":"Bought 0 Potions","damage_taken":0,"max_hp_gain":0,"max_hp_loss":0,"event_name":"The Woman in Blue","floor":12,"gold_loss":0},{"damage_healed":0,"gold_gain":0,"player_choice":"Take Damage","damage_taken":17,"relics_obtained":["Golden Idol"],"max_hp_gain":0,"max_hp_loss":0,"event_name":"Golden Idol","floor":14,"gold_loss":0},{"damage_healed":0,"gold_gain":75,"player_choice":"Touch","damage_taken":8,"max_hp_gain":0,"max_hp_loss":0,"event_name":"FaceTrader","floor":20,"gold_loss":0},{"damage_healed":0,"gold_gain":0,"player_choice":"Embrace Madness","damage_taken":15,"max_hp_gain":0,"max_hp_loss":0,"event_name":"Winding Halls","floor":36,"gold_loss":0,"cards_obtained":["Madness","Madness"]}],"is_beta":false,"boss_relics":[{"not_picked":["reliquary:RedCape","Snecko Eye"],"picked":"Astrolabe"},{"not_picked":["SlaversCollar","REME_DuelDisc"],"picked":"REME_LowDesire"}],"items_purged_floors":[],"is_endless":false,"potions_floor_spawned":[1,4,5,6,16,21,23,24,29,30,33,35,39,44],"ascension_level":5}}