{"host":"o4p7qgaf1xspajzr","time":1612658424,"event":{"mods":["BaseMod","Block Reminder","Colored Map","Infinite Spire","Minty Spire (QoL Compilation)","Replay The Spire","StSLib","The Jungle"],"gold_per_floor":[117,117,117,117,131,164,164,46,46,46,58,78,78,104,104,104,104],"floor_reached":16,"language":"ENG","playtime":696,"items_purged":["Defend_G"],"score":140,"play_id":"5178e986-fee2-4592-a356-153a0779bbcf","local_time":"20210207004024","is_ascension_mode":true,"campfire_choices":[{"data":"Cloak And Dagger","floor":15,"key":"SMITH"}],"circlet_count":0,"master_deck":["Strike_G","Strike_G","Strike_G","Strike_G","Defend_G","Defend_G","Defend_G","Survivor","Neutralize","Phantasmal Killer+1","Cloak And Dagger","Hallucinations","Doppelganger","Cloak And Dagger+1","ReplayTheSpireMod:Speed Training+1","Endless Agony","Deflect"],"relics":["Ring of the Snake","ReplayTheSpireMod:Ring of Addiction","Ring of Misfortune","White Beast Statue","Potion Belt","Blue Doll","Replay:Rubber Ducky","Divine Protection","Tiny Chest"],"acts_visited":["Exordium"],"potions_floor_usage":[5,6,12,14,14,16],"damage_taken":[{"damage":3,"enemies":"Jaw Worm","floor":1,"turns":3},{"damage":0,"enemies":"Small Slimes","floor":5,"turns":3},{"damage":19,"enemies":"Lagavulin","floor":6,"turns":6},{"damage":0,"enemies":"2 Louse","floor":11,"turns":2},{"damage":0,"enemies":"Red Slaver","floor":12,"turns":3},{"damage":15,"enemies":"3 Sentries","floor":14,"turns":9},{"damage":31,"enemies":"Hexaghost","floor":16,"turns":16}],"seed_played":"-4301187671159682947","potions_obtained":[{"floor":3,"key":"Dexterity Potion"},{"floor":3,"key":"PowerPotion"},{"floor":3,"key":"Energy Potion"},{"floor":5,"key":"CunningPotion"},{"floor":6,"key":"Strength Potion"},{"floor":11,"key":"SteroidPotion"},{"floor":12,"key":"Energy Potion"},{"floor":14,"key":"ColorlessPotion"}],"is_trial":false,"path_per_floor":["M","?","?","?","M","E","?","$","T","$","M","M","?","E","R","B"],"character_chosen":"THE_SILENT","items_purchased":["ReplayTheSpireMod:Speed Training+1"],"campfire_rested":0,"item_purchase_floors":[8],"current_hp_per_floor":[60,65,65,65,65,46,46,46,46,46,46,46,46,31,31,0,0],"gold":104,"neow_bonus":"TRANSFORM_CARD","is_daily":false,"chose_seed":false,"campfire_upgraded":1,"win_rate":0.0,"timestamp":1612658424,"path_taken":["M","?","?","?","?","E","?","?","T","$","M","M","?","E","R","BOSS"],"items_purchased_type":["Card"],"build_version":"2020-12-22","purchased_purges":1,"victory":false,"max_hp_per_floor":[70,75,75,75,75,75,75,75,75,73,73,73,73,73,73,73,73],"card_choices":[{"not_picked":["Blur","Backflip"],"picked":"Cloak And Dagger","floor":1},{"not_picked":["Sucker Punch","Prepared"],"picked":"Doppelganger","floor":5},{"not_picked":["Finisher","Prepared"],"picked":"Cloak And Dagger","floor":6},{"not_picked":["Dagger Throw","Eviscerate","Underhanded Strike"],"picked":"SKIP","floor":11},{"not_picked":["Choke","Underhanded Strike","Slice"],"picked":"SKIP","floor":12},{"not_picked":["Finisher","ReplayTheSpireMod:Exploit Weakness"],"picked":"Deflect","floor":14}],"player_experience":219846,"relics_obtained":[{"floor":3,"key":"ReplayTheSpireMod:Ring of Addiction"},{"floor":3,"key":"Ring of Misfortune"},{"floor":3,"key":"White Beast Statue"},{"floor":3,"key":"Potion Belt"},{"floor":4,"key":"Blue Doll"},{"floor":6,"key":"Replay:Rubber Ducky"},{"floor":9,"key":"Divine Protection"},{"floor":14,"key":"Tiny Chest"}],"event_choices":[{"damage_healed":0,"gold_gain":0,"player_choice":"Donut","damage_taken":0,"max_hp_gain":5,"max_hp_loss":0,"event_name":"Big Fish","floor":2,"gold_loss":0},{"damage_healed":0,"gold_gain":0,"player_choice":"Grow","damage_taken":0,"max_hp_gain":0,"max_hp_loss":0,"event_name":"Living Wall","floor":7,"gold_loss":0,"cards_upgraded":["Phantasmal Killer"]},{"damage_healed":0,"gold_gain":0,"cards_transformed":["Strike_G"],"player_choice":"Transformed","damage_taken":0,"max_hp_gain":0,"max_hp_loss":0,"event_name":"Transmorgrifier","floor":13,"gold_loss":0,"cards_obtained":["Endless Agony"]}],"is_beta":false,"boss_relics":[],"items_purged_floors":[8],"is_endless":false,"potions_floor_spawned":[5,6,11,12,14],"killed_by":"Hexaghost","ascension_level":6}}