{"host":"ywif2ugnepgiw45s","time":1612734753,"event":{"mods":["Act Like it!","BaseMod","Better Skull","Downfall","Elementarium","GifTheSpireLib","Hermit","Lobotomy","Minty Spire (QoL Compilation)","READ ME - Guardian Mod","Shade Mod","Shop Mod","StSLib","The Cursed","The Exalted","The Jungle","The Servant 0.9.4"],"gold_per_floor":[0,20,34,134,44,76,76,76,104,204,238,138,205,225,238,340,340,340,360,23,40,55,40,40,52,70,102,102,134,134,153,173,271,271,271,287,337,355,240,304,304,329,343,393,421,505,305,325,342,342,342,342],"floor_reached":50,"language":"ENG","playtime":3243,"items_purged":["champ:Strike","champ:Strike"],"score":717,"play_id":"8dfd02e8-fb2b-4fa1-be84-c5ca62670b98","local_time":"20210207165233","is_ascension_mode":true,"campfire_choices":[{"floor":1,"key":"RECALL"},{"data":"champ:Taunt","floor":8,"key":"SMITH"},{"data":"champ:BringItOn","floor":12,"key":"SMITH"},{"data":"champ:GladiatorForm","floor":18,"key":"SMITH"},{"data":"champ:RageSigil","floor":28,"key":"SMITH"},{"data":"champ:ShieldWall","floor":30,"key":"SMITH"},{"data":"champ:CheapShot","floor":35,"key":"SMITH"},{"data":"champ:Defend","floor":47,"key":"SMITH"}],"circlet_count":0,"master_deck":["champ:Strike","champ:Strike","champ:Defend","champ:Defend+1","champ:Defend+1","champ:Defend+1","champ:Execute","champ:Taunt+1","champ:BringItOn+1","champ:FocusedBerserking","champ:FanOfKnives","champ:GladiatorStyle","champ:RisingSlash","champ:CrownThrow","champ:ShieldWall+1","champ:GladiatorForm+1","champ:MurderStrike","champ:RageSigil+1","champ:GutPunch+1","champ:GladiatorForm+1","champ:CalledShot+1","champ:CheapShot+1","champ:GladiatorForm+1","champ:Improvising+1"],"relics":["champ:ChampionCrown","Unceasing Top","Bromod:ArcaneAvenger","Meat on the Bone","War Paint","downfall:CloakOfManyFaces","CultistMask","FaceOfCleric","NlothsMask","GremlinMask","SsserpentHead","Bird Faced Urn","downfall:HeartBlessingRed","Coffee Dripper","Letter Opener","Frozen Egg 2","Bromod:ArcaneVictory","Bromod:ArcaneEnergize","Orichalcum","Blue Candle","Bromod:ArcaneMomentum","Membership Card","Ornamental Fan","downfall:HeartBlessingGreen","downfall:HeartBlessingBlue"],"acts_visited":["Exordium","Exordium","TheBeyond"],"potions_floor_usage":[9,10,11,23,27,33,42,46],"damage_taken":[{"damage":20,"enemies":"Jaw Worm","floor":2,"turns":4},{"damage":5,"enemies":"Small Slimes","floor":3,"turns":4},{"damage":20,"enemies":"downfall:FleeingMerchant","floor":5,"turns":4},{"damage":35,"enemies":"Gremlin Nob","floor":6,"turns":5},{"damage":22,"enemies":"3 Sentries","floor":9,"turns":8},{"damage":65,"enemies":"downfall:FaceTrader","floor":10,"turns":8},{"damage":22,"enemies":"Lagavulin","floor":11,"turns":8},{"damage":20,"enemies":"Cultist","floor":13,"turns":2},{"damage":10,"enemies":"3 Louse","floor":14,"turns":3},{"damage":0,"enemies":"Exordium Thugs","floor":15,"turns":3},{"damage":55,"enemies":"SI_SHIV_ARCHETYPE","floor":16,"turns":8},{"damage":24,"enemies":"Elementarium:2_ELEMENTALS","floor":19,"turns":4},{"damage":30,"enemies":"downfall:FleeingMerchant","floor":20,"turns":4},{"damage":18,"enemies":"Elementarium:VoidCorruption","floor":21,"turns":5},{"damage":20,"enemies":"Elementarium:CYCLONE_AND_ORB_OF_FIRE","floor":22,"turns":4},{"damage":43,"enemies":"downfall:FleeingMerchant","floor":23,"turns":4},{"damage":23,"enemies":"Elementarium:Hydrostalker","floor":25,"turns":6},{"damage":28,"enemies":"Elementarium:3_ELEMENTALS","floor":26,"turns":6},{"damage":60,"enemies":"Elementarium:FIRE_NOBILITY","floor":27,"turns":6},{"damage":51,"enemies":"Elementarium:ElementalPortal","floor":29,"turns":8},{"damage":18,"enemies":"Elementarium:CYCLONE_AND_ORB_OF_FIRE","floor":31,"turns":6},{"damage":31,"enemies":"Elementarium:STONE_GOLEMS","floor":32,"turns":4},{"damage":59,"enemies":"WA_ARCHETYPE_CALM","floor":33,"turns":8},{"damage":32,"enemies":"3 Shapes","floor":36,"turns":5},{"damage":29,"enemies":"3 Darklings","floor":38,"turns":5},{"damage":35,"enemies":"downfall:FleeingMerchant","floor":39,"turns":5},{"damage":60,"enemies":"Spire Growth","floor":40,"turns":4},{"damage":43,"enemies":"Giant Head","floor":42,"turns":9},{"damage":35,"enemies":"Maw","floor":43,"turns":7},{"damage":81,"enemies":"Nemesis","floor":45,"turns":10},{"damage":10,"enemies":"downfall:FleeingMerchant","floor":46,"turns":1},{"damage":60,"enemies":"Transient","floor":48,"turns":5},{"damage":37,"enemies":"Sphere and 2 Shapes","floor":49,"turns":6},{"damage":117,"enemies":"DF_ARCHETYPE_ORBS","floor":50,"turns":9}],"seed_played":"-2894725465884161937","potions_obtained":[{"floor":2,"key":"SkillPotion"},{"floor":6,"key":"DistilledChaos"},{"floor":9,"key":"champ:OpenerPotion"},{"floor":11,"key":"Ancient Potion"},{"floor":15,"key":"Swift Potion"},{"floor":22,"key":"SteroidPotion"},{"floor":26,"key":"DuplicationPotion"},{"floor":29,"key":"FearPotion"},{"floor":32,"key":"Dexterity Potion"},{"floor":40,"key":"Swift Potion"},{"floor":42,"key":"BlessingOfTheForge"},{"floor":49,"key":"DuplicationPotion"}],"is_trial":false,"path_per_floor":["R","M","M","?","$","E","T","R","E","?","E","R","M","M","M","B",null,"R","M","$","M","M","$","T","M","M","E","R","E","R","M","M","B",null,"R","M","?","M","$","M","T","E","M","T","E","$","R","M","M","B"],"character_chosen":"THE_CHAMP","items_purchased":["champ:RageSigil","Letter Opener","Membership Card","CultistPotion","Ornamental Fan"],"campfire_rested":0,"item_purchase_floors":[20,20,46,46,46],"current_hp_per_floor":[90,90,85,85,85,70,70,70,58,50,49,49,62,65,68,50,95,95,96,97,95,95,87,87,86,76,55,55,40,40,60,65,71,107,107,93,93,88,90,77,77,69,81,81,59,73,83,63,73,0,0,0],"gold":342,"neow_bonus":"ONE_RARE_RELIC","is_daily":false,"chose_seed":false,"campfire_upgraded":7,"win_rate":0.0,"timestamp":1612734753,"path_taken":["R","M","M","?","$","E","T","R","E","?","E","R","?","M","M","BOSS","R","M","$","M","M","$","T","M","M","E","R","E","R","M","M","BOSS","R","M","?","M","$","?","T","E","M","?","E","?","R","M","M","BOSS"],"items_purchased_type":["Card","Relic","Relic","Potion","Relic"],"build_version":"2020-12-22","purchased_purges":2,"victory":false,"max_hp_per_floor":[90,90,90,90,90,90,90,90,90,90,91,91,92,93,94,95,95,95,96,97,98,99,100,100,101,102,103,103,104,104,105,106,107,107,107,108,108,109,110,111,111,112,113,113,114,115,125,126,127,127,127,127],"card_choices":[{"not_picked":["champ:Shatter","champ:ArenaPreparation","champ:PerfectedStrike"],"picked":"SKIP","floor":2},{"not_picked":["champ:Shatter","champ:FanOfKnives"],"picked":"champ:BringItOn","floor":3},{"not_picked":["champ:FlashCut","champ:Haymaker","champ:SwordSigil"],"picked":"SKIP","floor":5},{"not_picked":["champ:FanOfKnives","champ:DefensiveShout"],"picked":"champ:FocusedBerserking","floor":6},{"not_picked":["champ:Circumvent","champ:EnGarde"],"picked":"champ:FanOfKnives","floor":9},{"not_picked":["champ:FancyFootwork","champ:DeathBlow"],"picked":"champ:GladiatorStyle","floor":10},{"not_picked":["champ:FalseCounter","champ:Haymaker"],"picked":"champ:RisingSlash","floor":11},{"not_picked":["champ:PerfectedStrike","champ:AdrenalArmor"],"picked":"champ:CrownThrow","floor":13},{"not_picked":["champ:AdrenalArmor","champ:BerserkersShout"],"picked":"champ:ShieldWall","floor":14},{"not_picked":["champ:ArenaPreparation","champ:AdrenalArmor"],"picked":"champ:GladiatorForm","floor":15},{"not_picked":["champ:LastStand","champ:Devastate"],"picked":"champ:MurderStrike","floor":16},{"not_picked":["champ:RapidStrikes","champ:RisingSlash","champ:GutPunch"],"picked":"SKIP","floor":19},{"not_picked":["champ:TornadoPunch","champ:EnGarde+1","champ:DefensiveShout"],"picked":"SKIP","floor":20},{"not_picked":["champ:PerfectedStrike","champ:EndlessRage+1"],"picked":"champ:GutPunch+1","floor":21},{"not_picked":["champ:EnGarde","champ:PerfectedStrike+1","champ:BerserkersShout"],"picked":"SKIP","floor":22},{"not_picked":["champ:HeartStrike","champ:SetATrap+1","champ:Shatter+1"],"picked":"SKIP","floor":23},{"not_picked":["champ:BerserkersShout","champ:TornadoPunch","champ:PreciseThrust"],"picked":"SKIP","floor":25},{"not_picked":["champ:EnragedBash","champ:PerfectedStrike+1","champ:BladeFlurry"],"picked":"SKIP","floor":26},{"not_picked":["champ:FanOfKnives","champ:RisingSlash"],"picked":"champ:GladiatorForm+1","floor":27},{"not_picked":["champ:BladeFlurry","champ:Shatter"],"picked":"champ:CalledShot+1","floor":29},{"not_picked":["champ:DeathBlow","champ:FanOfKnives+1","champ:FlashCut"],"picked":"SKIP","floor":31},{"not_picked":["champ:PreciseThrust","champ:CrownThrow","champ:StanceDance"],"picked":"SKIP","floor":32},{"not_picked":["champ:IgnorePain","champ:GladiatorForm+1"],"picked":"champ:CheapShot","floor":33},{"not_picked":["champ:ArenaPreparation+1","champ:ViciousMockery","champ:FaceSlap+1"],"picked":"SKIP","floor":36},{"not_picked":["champ:StanceDance+1","champ:ArenaPreparation","champ:FlashCut+1"],"picked":"SKIP","floor":38},{"not_picked":["champ:Duel+1","champ:CalledShot+1","champ:FanOfKnives"],"picked":"SKIP","floor":39},{"not_picked":["champ:Shatter","champ:EndlessRage+1","champ:GladiatorStyle+1"],"picked":"SKIP","floor":40},{"not_picked":["champ:Shatter+1","champ:RapidStrikes"],"picked":"champ:GladiatorForm+1","floor":42},{"not_picked":["champ:BerserkersShout+1","champ:Circumvent+1","champ:ArenaPreparation+1"],"picked":"SKIP","floor":43},{"not_picked":["champ:ViciousMockery+1","champ:RapidStrikes+1","champ:StanceDance"],"picked":"SKIP","floor":45},{"not_picked":["champ:ShieldSigil","champ:Haymaker+1","champ:AdrenalArmor"],"picked":"SKIP","floor":46},{"not_picked":["champ:SetATrap","champ:BringItOn+1","champ:PerfectedStrike+1"],"picked":"SKIP","floor":48},{"not_picked":["champ:BerserkersShout+1","champ:DeathBlow+1"],"picked":"champ:Improvising+1","floor":49}],"player_experience":1780971,"relics_obtained":[{"floor":6,"key":"Bromod:ArcaneAvenger"},{"floor":7,"key":"Meat on the Bone"},{"floor":9,"key":"War Paint"},{"floor":10,"key":"downfall:CloakOfManyFaces"},{"floor":11,"key":"Bird Faced Urn"},{"floor":27,"key":"Frozen Egg 2"},{"floor":29,"key":"Bromod:ArcaneVictory"},{"floor":42,"key":"Orichalcum"},{"floor":44,"key":"Blue Candle"},{"floor":45,"key":"Bromod:ArcaneMomentum"}],"event_choices":[],"is_beta":false,"boss_relics":[{"not_picked":["Snecko Eye","Bromod:ArcaneBarrier"],"picked":"Coffee Dripper"},{"not_picked":["bronze:MakeshiftBattery","SlaversCollar"],"picked":"Bromod:ArcaneEnergize"}],"items_purged_floors":[5,39],"is_endless":false,"potions_floor_spawned":[2,6,9,11,15,22,26,29,31,32,40,42,43,48,49],"killed_by":"DF_ARCHETYPE_ORBS","ascension_level":1}}