{"host":"1hw3ks68c0zl1mxv","time":1612697486,"event":{"mods":["2.2 Compatiblity","Act Like it!","Aspiration","BaseMod","Beaked The Cultist","BetterRewards","Colored Map","Colored Powertips","Conspire","Downfall","Energized Spire","GungeonMod","Halation","Hallownest","Hubris","Infinite Spire","Marisa????????","Mimic Mod","Minty Spire (QoL Compilation)","Quick Restart","Replay The Spire","Shop Mod","StSLib","The Bug Knight","The Construct","The Elementalist","The Necromancer","The Saiyan","The Servant 0.9.4","TheHero"],"gold_per_floor":[111,111,143,143,96,96,110,110,110,142,142,159,193,203,203,305,305,325,325,345,365,415,443,443,462,493,504,522,535,535,563,563,659,659,679,679,690,726,47,47,95,113,113,131,131,149,163,192,192,192],"floor_reached":51,"language":"ENG","playtime":5284,"items_purged":["Clumsy"],"score":728,"play_id":"67ce8ab6-4df5-4c4c-ada0-bbc8a978e994","local_time":"20210207043126","is_ascension_mode":false,"campfire_choices":[{"data":"Blind","floor":6.0,"key":"SMITH"},{"data":"beaked:WarriorEssence","floor":8.0,"key":"SMITH"},{"data":"beaked:Evade","floor":15.0,"key":"SMITH"},{"data":"beaked:Negation","floor":24,"key":"SMITH"},{"data":"beaked:CursingBlood","floor":32,"key":"SMITH"},{"data":"ReplayTheSpireMod:Wings of Steel","floor":40,"key":"SMITH"},{"data":"beaked:Ceremony","floor":45,"key":"SMITH"},{"data":"Pot Of Greed","floor":49,"key":"SMITH"}],"circlet_count":0,"master_deck":["beaked:Strike_Y+1","beaked:Strike_Y","beaked:Strike_Y","beaked:Strike_Y","beaked:Strike_Y","beaked:Strike_Y+1","beaked:Defend_Y","beaked:Defend_Y","beaked:Defend_Y","beaked:Defend_Y","beaked:Ceremony","beaked:Ceremony","beaked:Ceremony+1","Blind+1","beaked:WarriorEssence+1","beaked:Insight+1","beaked:MachineEssence+1","beaked:CursingBlood+1","beaked:MachineEssence+1","beaked:Negation+1","beaked:Evade+1","beaked:AwakenedForm+1","downfall:Icky","ReplayTheSpireMod:Wings of Steel+1","beaked:Hexing+1","beaked:ScreechingChant+1","beaked:CheekyTricks+1","beaked:AwakenedForm+1","Pot Of Greed","Pot Of Greed","Pot Of Greed+1","beaked:CursingBlood+1"],"relics":["beaked:MendingPlumage","aspiration:AnachronicSnailShell","Toolbox","Frozen Egg 2","infinitespire:Satchel","Spirit Poop","DemoMod:GreenGuonStone","DemoMod:SevenLeafClover","Ancient Tea Set","Replay:Ancient Bell","Regal Pillow","DemoMod:BlueGuonStone","construct:RocketBooster","Orichalcum","HollowMod:StagPassRelic","DemoMod:Relodestone","Ice Cream","hubris:PeanutButter","DemoMod:RingOfEthereal","hubris:ScarierMask","Omamori","hubris:Zylophone","conspire:TreasureMap","Art of War","CatCart","Mango","Grinning Jar","Bird Faced Urn"],"acts_visited":["Exordium","TheCity","TheBeyond"],"potions_floor_usage":[33,33,33,33,33,33,50,50],"damage_taken":[{"damage":7.0,"enemies":"Jaw Worm","floor":1.0,"turns":6.0},{"damage":2.0,"enemies":"Cultist","floor":3.0,"turns":7.0},{"damage":11.0,"enemies":"Cultist","floor":7.0,"turns":6.0},{"damage":31.0,"enemies":"Gremlin Nob","floor":10.0,"turns":6.0},{"damage":0.0,"enemies":"2 Louse","floor":12.0,"turns":4.0},{"damage":13.0,"enemies":"3 Sentries","floor":13.0,"turns":3.0},{"damage":5.0,"enemies":"Red Slaver","floor":14.0,"turns":7.0},{"damage":25.0,"enemies":"Hexaghost","floor":16.0,"turns":9.0},{"damage":10.0,"enemies":"conspire:FuzzyDice","floor":18.0,"turns":11.0},{"damage":38.0,"enemies":"Chosen","floor":20.0,"turns":9.0},{"damage":14.0,"enemies":"Snake Plant","floor":21.0,"turns":7.0},{"damage":39,"enemies":"conspire:SneckoGhost","floor":23,"turns":10},{"damage":10,"enemies":"Snecko","floor":25,"turns":8},{"damage":5,"enemies":"Sentry and Sphere","floor":26,"turns":8},{"damage":9,"enemies":"Sentry and Sphere","floor":27,"turns":8},{"damage":13,"enemies":"Snake Plant","floor":28,"turns":7},{"damage":29,"enemies":"3 Cultists","floor":29,"turns":8},{"damage":56,"enemies":"Gremlin Leader","floor":31,"turns":10},{"damage":37,"enemies":"Collector","floor":33,"turns":11},{"damage":15,"enemies":"Orb Walker","floor":35,"turns":9},{"damage":1,"enemies":"3 Darklings","floor":37,"turns":7},{"damage":15,"enemies":"conspire:MimicChest","floor":38,"turns":7},{"damage":1,"enemies":"Orin","floor":41,"turns":11},{"damage":0,"enemies":"Jaw Worm Horde","floor":42,"turns":6},{"damage":1,"enemies":"Spire Growth","floor":44,"turns":5},{"damage":5,"enemies":"4 Shapes","floor":46,"turns":8},{"damage":1,"enemies":"Jaw Worm Horde","floor":47,"turns":3},{"damage":8,"enemies":"Nemesis","floor":48,"turns":7},{"damage":1,"enemies":"Awakened One","floor":50,"turns":9}],"seed_played":"-9147187139271605557","potions_obtained":[{"floor":1.0,"key":"ColorlessPotion"},{"floor":12.0,"key":"hexamod:SoulburnPotion"},{"floor":27,"key":"beaked:MendingBrew"},{"floor":28,"key":"infinitespire:BlackPotion"},{"floor":29,"key":"LifebloodPotion"},{"floor":33,"key":"FairyPotion"}],"is_trial":false,"path_per_floor":["M","?","MIM","?","$","R","M","R","T","E","$","M","E","M","R","B",null,"M","?","M","M","?","E","R","M","MIM","M","M","M","T","E","R","B",null,"M","?","M","?","$","R","?","M","T","M","R","M","M","E","R","B",null],"character_chosen":"BEAKED_THE_CULTIST","items_purchased":["Blind","aspiration:AnachronicSnailShell","Toolbox","beaked:WarriorEssence","beaked:Insight","beaked:CursingBlood","hubris:Zylophone","conspire:TreasureMap","Art of War"],"campfire_rested":0,"item_purchase_floors":[0,0,0,0,0,5,39,39,39],"current_hp_per_floor":[44,44,50,50,50,50,44,44,44,50,50,50,42,50,50,50,50,50,50,50,49,49,49,49,50,49,50,50,50,50,50,50,49,50,50,50,50,50,50,50,50,50,64,64,64,59,64,64,64,64],"gold":192,"neow_bonus":"","is_daily":false,"chose_seed":false,"campfire_upgraded":8,"win_rate":0.0,"timestamp":1612697486,"path_taken":["M","?","?","?","$","R","?","R","T","E","$","M","E","M","R","BOSS","M","?","M","M","?","E","R","M","MIM","M","M","M","?","E","R","BOSS","M","?","?","?","$","R","?","M","T","M","R","M","M","E","R","BOSS"],"items_purchased_type":["Card","Relic","Relic","Card","Card","Card","Relic","Relic","Relic"],"build_version":"2020-12-22","purchased_purges":1,"victory":true,"max_hp_per_floor":[50,50,50,50,50,50,50,50,50,50,50,50,50,50,50,50,50,50,50,50,50,50,50,50,50,50,50,50,50,50,50,50,50,50,50,50,50,50,50,50,50,50,64,64,64,64,64,64,64,64],"card_choices":[{"not_picked":["beaked:HuntressSpirit","beaked:Flinch","beaked:Overexert"],"picked":"SKIP","floor":1.0},{"not_picked":["beaked:Windmill","beaked:Tweet"],"picked":"beaked:MachineEssence+1","floor":3.0},{"not_picked":["beaked:Devastation+1","beaked:Struggle","beaked:Windmill"],"picked":"SKIP","floor":7.0},{"not_picked":["beaked:Poke","beaked:Insight+1"],"picked":"beaked:MachineEssence+1","floor":10.0},{"not_picked":["beaked:Resilience","beaked:Poke","beaked:TuckingFeathers"],"picked":"SKIP","floor":12.0},{"not_picked":["beaked:SurvivalInstinct","beaked:Cower"],"picked":"beaked:Negation","floor":13.0},{"not_picked":["beaked:Windmill","beaked:MaddeningMurmurs+1"],"picked":"beaked:Evade","floor":14.0},{"not_picked":["beaked:KnowThyFoe","beaked:LiftOff+1"],"picked":"beaked:AwakenedForm+1","floor":16.0},{"not_picked":["Normality","Replay:Hysterical Blindness"],"picked":"Pain","floor":17.0},{"not_picked":["Spreading Infection","ReplayTheSpireMod:Restless Dread"],"picked":"Clumsy","floor":17.0},{"not_picked":["Normality","Voices"],"picked":"downfall:Icky","floor":17.0},{"not_picked":["beaked:SacrificialDive","beaked:FeelMyPain","beaked:Redirect"],"picked":"SKIP","floor":18.0},{"not_picked":["beaked:Poke+1","beaked:Overexert","beaked:Tweet"],"picked":"SKIP","floor":20.0},{"not_picked":["beaked:WildInstinct","beaked:Resilience"],"picked":"ReplayTheSpireMod:Wings of Steel","floor":21.0},{"not_picked":["beaked:Resilience+1","beaked:FeelMyPain","beaked:TuckingFeathers+1"],"picked":"SKIP","floor":23},{"not_picked":["beaked:Insight+1","beaked:DigDeep"],"picked":"beaked:Hexing+1","floor":25},{"not_picked":["beaked:FakeOut","ReplayTheSpireMod:Owlgaze"],"picked":"beaked:ScreechingChant","floor":26},{"not_picked":["beaked:Tradeoff","beaked:Daydream","beaked:Insight+1"],"picked":"SKIP","floor":27},{"not_picked":["beaked:BloodRitual","beaked:Daydream","beaked:RuinSticks"],"picked":"SKIP","floor":28},{"not_picked":["beaked:FeelMyPain","beaked:Overpower+1","beaked:BraceForImpact"],"picked":"SKIP","floor":29},{"not_picked":["beaked:SacrificialScars","beaked:DarkTribute"],"picked":"beaked:CheekyTricks","floor":30},{"not_picked":["beaked:Evade+1","beaked:Redirect","beaked:Overexert"],"picked":"SKIP","floor":31},{"not_picked":["beaked:FeelMyPain","beaked:Replenish","beaked:BraceForImpact"],"picked":"SKIP","floor":35},{"not_picked":["ReplayTheSpireMod:RavenHex+1","beaked:StickSmack","beaked:SacrificialDive"],"picked":"SKIP","floor":37},{"not_picked":["ReplayTheSpireMod:RavenHex+1","beaked:StickSmack","beaked:SacrificialDive"],"picked":"SKIP","floor":37},{"not_picked":["beaked:SurvivalInstinct","beaked:KnowThyFoe","beaked:HuntressEssence+1"],"picked":"SKIP","floor":42},{"not_picked":["beaked:ShadowFade","beaked:SacrificialScars"],"picked":"beaked:AwakenedForm","floor":43},{"not_picked":["beaked:CrazyRituals+1","beaked:Devastation+1","beaked:Windmill+1"],"picked":"SKIP","floor":44},{"not_picked":["beaked:TuckingFeathers+1","beaked:MachineSpirit+1","ReplayTheSpireMod:Wings of Steel"],"picked":"SKIP","floor":46},{"not_picked":["beaked:FeelMyPain+1","beaked:Evade"],"picked":"beaked:CursingBlood+1","floor":47},{"not_picked":["beaked:Tweet","beaked:Insight+1","beaked:Cower"],"picked":"SKIP","floor":48}],"player_experience":1565107,"relics_obtained":[{"floor":3.0,"key":"infinitespire:Satchel"},{"floor":9.0,"key":"DemoMod:GreenGuonStone"},{"floor":10.0,"key":"DemoMod:SevenLeafClover"},{"floor":13.0,"key":"Ancient Tea Set"},{"floor":23,"key":"Orichalcum"},{"floor":26,"key":"HollowMod:StagPassRelic"},{"floor":26,"key":"DemoMod:Relodestone"},{"floor":30,"key":"Ice Cream"},{"floor":30,"key":"hubris:PeanutButter"},{"floor":31,"key":"DemoMod:RingOfEthereal"},{"floor":38,"key":"Omamori"},{"floor":41,"key":"CatCart"},{"floor":43,"key":"Mango"},{"floor":43,"key":"Grinning Jar"},{"floor":48,"key":"Bird Faced Urn"}],"event_choices":[{"cards_removed":["Injury"],"damage_healed":0.0,"max_hp_gain":0.0,"max_hp_loss":0.0,"gold_gain":0.0,"event_name":"Bonfire Elementals","player_choice":"Offered Curse","floor":4.0,"gold_loss":0.0,"damage_taken":0.0,"relics_obtained":["Spirit Poop"]},{"damage_healed":0,"gold_gain":100,"player_choice":"Bet on Murderer","damage_taken":0,"max_hp_gain":0,"max_hp_loss":0,"event_name":"The Joust","floor":22,"gold_loss":50},{"cards_removed":["Pain"],"damage_healed":0,"gold_gain":0,"player_choice":"Purged","damage_taken":0,"max_hp_gain":0,"max_hp_loss":0,"event_name":"Purifier","floor":36,"gold_loss":0},{"damage_healed":0,"gold_gain":0,"player_choice":"Fight","damage_taken":0,"max_hp_gain":0,"max_hp_loss":0,"event_name":"OrinTheCat","floor":41,"gold_loss":0}],"is_beta":false,"boss_relics":[{"not_picked":["halation:SmartPhone","Tiny House"],"picked":"Replay:Ancient Bell"},{"not_picked":["halation:AfternoonTea","Bag of Preparation"],"picked":"Regal Pillow"},{"not_picked":["halation:Toothbrush","Singing Bowl"],"picked":"DemoMod:BlueGuonStone"},{"not_picked":["hubris:FunFungus","infinitespire:Lychee Nut"],"picked":"construct:RocketBooster"},{"not_picked":["halation:PinkAlligatorPlush","halation:ForbiddenBikini"],"picked":"hubris:ScarierMask"}],"items_purged_floors":[39],"is_endless":false,"potions_floor_spawned":[1,12,27,28,29,31,33,38,42,44,47],"ascension_level":0}}