{"host":"w4b7hmige5bnqipq","time":1612729990,"event":{"mods":["2.2 Compatiblity","BaseMod","Colored Map","DeckTracker","Keyboard Shortcuts","Minty Spire (QoL Compilation)","Permanent Neow","Rare Cards Sparkle","SuperFastMode","everything is the same but u backflip on backflip","slay the spire mod where everything is the same but ironclad has a cowboy hat"],"gold_per_floor":[119,134,134,154,174,174,209,209,234,257,257,288,302,333,345,436,448,478,509,538,67,67,67,101,101,155,180,180,180,105,30,30,103,103,115,115,140,156,79,79,111,128,128,160,124,153,153,179,179,179,179,179,179,18,45,45,45],"floor_reached":56,"language":"KOR","playtime":3078,"items_purged":["Cloak And Dagger"],"score":2134,"play_id":"276a8339-4c5e-467c-8d77-10b5d112dde9","local_time":"20210208053310","is_ascension_mode":true,"campfire_choices":[{"data":"Venomology","floor":6.0,"key":"SMITH"},{"floor":11.0,"key":"REST"},{"data":"Bane","floor":15.0,"key":"SMITH"},{"floor":23.0,"key":"REST"},{"floor":25.0,"key":"REST"},{"data":"Crippling Poison","floor":28.0,"key":"SMITH"},{"floor":32.0,"key":"REST"},{"data":"Backflip","floor":40.0,"key":"SMITH"},{"floor":49.0,"key":"RECALL"},{"floor":53.0,"key":"REST"}],"circlet_count":0,"master_deck":["AscendersBane","Strike_G+1","Strike_G+1","Defend_G+1","Defend_G+1","Defend_G+1","Defend_G+1","Defend_G+1","Survivor","Neutralize","Venomology+1","Underhanded Strike+1","Acrobatics","Bouncing Flask+1","After Image","Predator","Backflip+1","PiercingWail","Bane+1","Tools of the Trade+1","Crippling Poison+1","Flechettes","Leg Sweep","Footwork+1","Noxious Fumes+1","Prepared+1","Concentrate","Catalyst","PiercingWail","Outmaneuver"],"relics":["Ring of the Snake","Whetstone","Happy Flower","War Paint","Odd Mushroom","Frozen Egg 2","MawBank","Busted Crown","PreservedInsect","The Specimen","Potion Belt","Ancient Tea Set","Prayer Wheel","Runic Pyramid","Incense Burner","FossilizedHelix","Bronze Scales","Dream Catcher","Kunai","Strawberry"],"acts_visited":["TheCity","TheBeyond","TheEnding"],"potions_floor_usage":[56,56,56,56],"damage_taken":[{"damage":0.0,"enemies":"2 Louse","floor":1.0,"turns":4.0},{"damage":2.0,"enemies":"Cultist","floor":2.0,"turns":5.0},{"damage":0.0,"enemies":"Jaw Worm","floor":4.0,"turns":4.0},{"damage":8.0,"enemies":"Large Slime","floor":5.0,"turns":5.0},{"damage":11.0,"enemies":"3 Sentries","floor":7.0,"turns":13.0},{"damage":16.0,"enemies":"The Mushroom Lair","floor":10.0,"turns":5.0},{"damage":1.0,"enemies":"Lagavulin","floor":12.0,"turns":5.0},{"damage":0.0,"enemies":"Exordium Wildlife","floor":13.0,"turns":2.0},{"damage":5.0,"enemies":"Gremlin Nob","floor":14.0,"turns":3.0},{"damage":24.0,"enemies":"Slime Boss","floor":16.0,"turns":12.0},{"damage":24.0,"enemies":"Chosen","floor":18.0,"turns":4.0},{"damage":7.0,"enemies":"3 Byrds","floor":19.0,"turns":3.0},{"damage":6.0,"enemies":"Shelled Parasite and Fungi","floor":20.0,"turns":6.0},{"damage":10.0,"enemies":"Slavers","floor":24.0,"turns":5.0},{"damage":15.0,"enemies":"Book of Stabbing","floor":27.0,"turns":5.0},{"damage":46.0,"enemies":"Automaton","floor":33.0,"turns":12.0},{"damage":23.0,"enemies":"3 Darklings","floor":35.0,"turns":8.0},{"damage":0.0,"enemies":"Mind Bloom Boss Battle","floor":37.0,"turns":5.0},{"damage":1.0,"enemies":"Orb Walker","floor":38.0,"turns":4.0},{"damage":6.0,"enemies":"Giant Head","floor":41.0,"turns":7.0},{"damage":0.0,"enemies":"4 Shapes","floor":42.0,"turns":5.0},{"damage":0.0,"enemies":"Reptomancer","floor":44.0,"turns":6.0},{"damage":0.0,"enemies":"Nemesis","floor":46.0,"turns":5.0},{"damage":0.0,"enemies":"Reptomancer","floor":48.0,"turns":5.0},{"damage":42.0,"enemies":"Awakened One","floor":50.0,"turns":28.0},{"damage":14.0,"enemies":"Donu and Deca","floor":51.0,"turns":11.0},{"damage":45.0,"enemies":"Shield and Spear","floor":55.0,"turns":7.0},{"damage":31,"enemies":"The Heart","floor":56,"turns":5}],"seed_played":"-7755438650078404543","potions_obtained":[{"floor":7.0,"key":"LiquidMemories"},{"floor":12.0,"key":"Weak Potion"},{"floor":13.0,"key":"PowerPotion"},{"floor":14.0,"key":"SneckoOil"},{"floor":33.0,"key":"SneckoOil"},{"floor":38.0,"key":"Strength Potion"},{"floor":42.0,"key":"Block Potion"},{"floor":47.0,"key":"Fruit Juice"},{"floor":47.0,"key":"Fruit Juice"}],"is_trial":false,"path_per_floor":["M","M","?","M","M","R","E","T","T","?","R","E","M","E","R","B",null,"M","M","M","$","?","R","E","R","T","E","R","?","?","$","R","B",null,"M","?","?","M","$","R","E","M","T","E","$","E","?","E","R","B","B",null,"R","$","E","B"],"character_chosen":"THE_SILENT","items_purchased":["PreservedInsect","The Specimen","Footwork+1","Catalyst","Dexterity Potion","Dexterity Potion","SkillPotion"],"campfire_rested":5,"item_purchase_floors":[21,21,39,45,54,54,54],"current_hp_per_floor":[59,57,57,57,49,49,38,38,38,22,41,40,40,35,35,11,52,28,21,15,15,15,34,24,43,43,28,28,28,28,28,47,1,50,27,54,54,53,53,53,47,47,47,47,47,47,57,57,57,15,1,48,64,64,26,0,0],"gold":45,"neow_bonus":"ONE_RANDOM_RARE_CARD","is_daily":false,"chose_seed":false,"campfire_upgraded":4,"win_rate":0.0,"timestamp":1612729990,"path_taken":["M","M","?","?","M","R","E","?","T","?","R","E","M","E","R","BOSS","M","M","M","$","?","R","E","R","T","E","R","?","?","?","R","BOSS","M","?","?","M","$","R","E","M","T","E","$","E","?","E","R","BOSS","BOSS","R","$","E","BOSS"],"items_purchased_type":["Relic","Relic","Card","Card","Potion","Potion","Potion"],"build_version":"2020-12-22","purchased_purges":1,"victory":false,"max_hp_per_floor":[66,66,66,66,66,66,66,66,66,66,66,66,66,66,66,66,66,66,66,66,66,66,66,66,66,66,66,66,66,66,66,66,66,66,66,54,54,54,54,54,54,54,54,54,54,54,64,64,64,64,64,64,64,64,71,71,71],"card_choices":[{"not_picked":["Slice","Flying Knee"],"picked":"Cloak And Dagger","floor":1.0},{"not_picked":["Bane","Heel Hook","Underhanded Strike"],"picked":"SKIP","floor":2.0},{"not_picked":["Bane","Heel Hook"],"picked":"Underhanded Strike","floor":2.0},{"not_picked":["Eviscerate","Blur"],"picked":"Bouncing Flask","floor":4.0},{"not_picked":["Poisoned Stab","Cloak And Dagger"],"picked":"After Image","floor":5.0},{"not_picked":["Heel Hook","Riddle With Holes"],"picked":"Predator","floor":7.0},{"not_picked":["Distraction","Outmaneuver"],"picked":"Backflip","floor":10.0},{"not_picked":["Acrobatics","Dodge and Roll","Heel Hook"],"picked":"SKIP","floor":12.0},{"not_picked":["Bane","Poisoned Stab"],"picked":"PiercingWail","floor":13.0},{"not_picked":["Slice","Blade Dance"],"picked":"Bane","floor":14.0},{"not_picked":["Storm of Steel","Glass Knife"],"picked":"Tools of the Trade+1","floor":16.0},{"not_picked":["Deflect+1"],"picked":"SKIP","floor":18.0},{"not_picked":["Cloak And Dagger"],"picked":"SKIP","floor":19.0},{"not_picked":[],"picked":"Crippling Poison","floor":20.0},{"not_picked":["Dodge and Roll"],"picked":"SKIP","floor":24.0},{"not_picked":[],"picked":"Leg Sweep","floor":27.0},{"not_picked":["Prepared"],"picked":"SKIP","floor":35.0},{"not_picked":["Expertise+1"],"picked":"SKIP","floor":35.0},{"not_picked":["Crippling Poison"],"picked":"SKIP","floor":38.0},{"not_picked":["Deflect"],"picked":"SKIP","floor":38.0},{"not_picked":[],"picked":"Noxious Fumes+1","floor":41.0},{"not_picked":[],"picked":"Prepared+1","floor":42.0},{"not_picked":["Flying Knee"],"picked":"SKIP","floor":42.0},{"not_picked":["Concentrate"],"picked":"SKIP","floor":44.0},{"not_picked":[],"picked":"Concentrate","floor":44.0},{"not_picked":["Quick Slash+1"],"picked":"SKIP","floor":46.0},{"not_picked":["Predator+1"],"picked":"SKIP","floor":48.0},{"not_picked":[],"picked":"PiercingWail","floor":53.0},{"not_picked":["Outmaneuver"],"picked":"SKIP","floor":55.0},{"not_picked":[],"picked":"Outmaneuver","floor":55.0}],"player_experience":722095,"relics_obtained":[{"floor":7.0,"key":"Whetstone"},{"floor":8.0,"key":"Happy Flower"},{"floor":9.0,"key":"War Paint"},{"floor":10.0,"key":"Odd Mushroom"},{"floor":12.0,"key":"Frozen Egg 2"},{"floor":14.0,"key":"MawBank"},{"floor":24.0,"key":"Potion Belt"},{"floor":26.0,"key":"Ancient Tea Set"},{"floor":27.0,"key":"Prayer Wheel"},{"floor":37.0,"key":"Incense Burner"},{"floor":41.0,"key":"FossilizedHelix"},{"floor":44.0,"key":"Bronze Scales"},{"floor":46.0,"key":"Dream Catcher"},{"floor":48.0,"key":"Kunai"},{"floor":55.0,"key":"Strawberry"}],"event_choices":[{"damage_healed":0.0,"max_hp_gain":0.0,"max_hp_loss":0.0,"gold_gain":0.0,"cards_transformed":["Strike_G"],"event_name":"Transmorgrifier","player_choice":"Transformed","floor":3.0,"gold_loss":0.0,"damage_taken":0.0,"cards_obtained":["Acrobatics"]},{"damage_healed":0.0,"max_hp_gain":0.0,"max_hp_loss":0.0,"gold_gain":0.0,"event_name":"Mushrooms","player_choice":"Fought Mushrooms","floor":10.0,"gold_loss":0.0,"damage_taken":0.0},{"damage_healed":0.0,"max_hp_gain":0.0,"max_hp_loss":0.0,"gold_gain":0.0,"cards_transformed":["Strike_G","Strike_G"],"event_name":"Drug Dealer","player_choice":"Became Test Subject","floor":22.0,"gold_loss":0.0,"damage_taken":0.0,"cards_obtained":["All Out Attack","Flechettes"]},{"damage_healed":0.0,"max_hp_gain":0.0,"max_hp_loss":0.0,"gold_gain":0.0,"event_name":"Back to Basics","player_choice":"Simplicity","floor":29.0,"gold_loss":0.0,"damage_taken":0.0,"cards_upgraded":["Strike_G","Defend_G","Defend_G","Defend_G","Defend_G"]},{"cards_removed":["All Out Attack"],"damage_healed":0.0,"max_hp_gain":0.0,"max_hp_loss":0.0,"gold_gain":0.0,"event_name":"Beggar","player_choice":"Gave Gold","floor":30.0,"gold_loss":75.0,"damage_taken":0.0},{"damage_healed":54.0,"max_hp_gain":0.0,"max_hp_loss":12.0,"gold_gain":0.0,"event_name":"The Moai Head","player_choice":"Heal","floor":36.0,"gold_loss":0.0,"damage_taken":0.0},{"damage_healed":0.0,"max_hp_gain":0.0,"max_hp_loss":0.0,"gold_gain":0.0,"event_name":"MindBloom","player_choice":"Fight","floor":37.0,"gold_loss":0.0,"damage_taken":0.0},{"damage_healed":0.0,"max_hp_gain":0.0,"max_hp_loss":0.0,"gold_gain":0.0,"event_name":"Lab","player_choice":"Got Potions","floor":47.0,"gold_loss":0.0,"damage_taken":0.0}],"is_beta":false,"boss_relics":[{"not_picked":["Sozu","Ectoplasm"],"picked":"Busted Crown"},{"not_picked":["WristBlade","Velvet Choker"],"picked":"Runic Pyramid"}],"items_purged_floors":[31],"is_endless":false,"potions_floor_spawned":[4,7,12,13,14,19,33,38,41,42,46],"killed_by":"The Heart","ascension_level":20}}