{"host":"9j472d1lqxyi8fmj","time":1612729353,"event":{"mods":["AchievementEnabler","Aspiration","BaseMod","Better Note","BetterRewards","Block Reminder","Card Filter","Colored Powertips","Downfall","Halation","Hermit","Hubris","Infinite Spire","Minty Spire (QoL Compilation)","Potion Indicator Mod","Rare Cards Sparkle","Relic Filter","Reliquary","Replay The Spire","Spicy Shops","StSLib","The Runesmith","Virulent Crown"],"gold_per_floor":[114,189,206,206,216,236,262,281,307,323,323,323,334,351,351,451,451,463,480,495,22,22,22],"floor_reached":22,"language":"ENG","playtime":1133,"items_purged":[],"score":292,"play_id":"b5346af6-0293-40aa-a879-49ec9d171063","local_time":"20210207152233","is_ascension_mode":false,"campfire_choices":[{"floor":15,"key":"REST"}],"circlet_count":0,"master_deck":["Runesmith:Strike_RS+1","Runesmith:Strike_RS+1","Runesmith:Strike_RS","Runesmith:Strike_RS","Runesmith:Defend_RS","Runesmith:Defend_RS","Runesmith:Defend_RS","Runesmith:Defend_RS","Runesmith:CraftFirestone","Runesmith:Fortify","Runesmith:EarthShield","Runesmith:PoweredAnvil","Runesmith:GrandSlam","Runesmith:HammerThrow","Runesmith:OneForEveryone","Discovery","Runesmith:CraftMagma","Runesmith:RunicBlueprint","Runesmith:EarthShield","Runesmith:HeatedChisel","Runesmith:ChaoticBlast","Runesmith:HammerThrow","Runesmith:Grindstone","Runesmith:CraftIndustria","Runesmith:HammerThrow","Runesmith:EarthShield","Runesmith:CreatorForm","Runesmith:ChiselStab","Runesmith:MakeshiftArmor","Runesmith:MetallurgicalResearch","Runesmith:CraftMagma"],"relics":["Runesmith:BrokenRuby","Guide Book","Onion Ring","champ:DeflectingBracers","Art of War","Omamori","downfall:ExtraCursedKey","hubris:Stopwatch","Boot","Happy Flower","CeramicFish"],"acts_visited":["Exordium","TheCity"],"potions_floor_usage":[10,16,16,20,20],"damage_taken":[{"damage":2,"enemies":"Jaw Worm","floor":1,"turns":2},{"damage":0,"enemies":"2 Louse","floor":3,"turns":2},{"damage":0,"enemies":"Small Slimes","floor":5,"turns":3},{"damage":4,"enemies":"Gremlin Gang","floor":6,"turns":3},{"damage":16,"enemies":"3 Sentries","floor":7,"turns":6},{"damage":19,"enemies":"Blue Slaver","floor":8,"turns":3},{"damage":1,"enemies":"Exordium Thugs","floor":10,"turns":4},{"damage":4,"enemies":"Looter","floor":13,"turns":3},{"damage":0,"enemies":"Large Slime","floor":14,"turns":5},{"damage":3,"enemies":"The Guardian","floor":16,"turns":8},{"damage":13,"enemies":"Shell Parasite","floor":18,"turns":4},{"damage":7,"enemies":"Spheric Guardian","floor":19,"turns":3},{"damage":21,"enemies":"Snake Plant","floor":20,"turns":3},{"damage":33,"enemies":"Centurion and Healer","floor":22,"turns":2}],"seed_played":"8585880884747580796","potions_obtained":[{"floor":1,"key":"Adrenaline Potion"},{"floor":7,"key":"BlessingOfTheForge"},{"floor":8,"key":"Adrenaline Potion"},{"floor":16,"key":"Explosive Potion"},{"floor":18,"key":"Strength Potion"},{"floor":19,"key":"LiquidMemories"}],"is_trial":false,"path_per_floor":["M","?","M","?","M","M","E","M","T","M","?","?","M","M","R","B",null,"M","M","M","$","M"],"character_chosen":"RUNESMITH_CLASS","items_purchased":["Guide Book","Onion Ring","Runesmith:EarthShield","Runesmith:PoweredAnvil","Runesmith:GrandSlam","Runesmith:HammerThrow","Discovery","Boot","Happy Flower","CeramicFish","Runesmith:CraftMagma"],"campfire_rested":1,"item_purchase_floors":[0,0,0,0,0,0,0,21,21,21,21],"current_hp_per_floor":[33,33,33,54,54,50,34,15,15,14,14,14,10,10,31,28,70,57,50,29,29,0,0],"gold":22,"neow_bonus":"","is_daily":false,"chose_seed":false,"campfire_upgraded":0,"win_rate":0.0,"timestamp":1612729353,"path_taken":["M","?","M","?","M","M","E","M","T","M","?","?","M","M","R","BOSS","M","M","M","$","M"],"items_purchased_type":["Relic","Relic","Card","Card","Card","Card","Card","Relic","Relic","Relic","Card"],"build_version":"2020-12-22","purchased_purges":0,"victory":false,"max_hp_per_floor":[70,70,70,70,70,70,70,70,70,70,70,70,70,70,70,70,70,70,70,70,70,70,70],"card_choices":[{"not_picked":["Runesmith:Overpower","Runesmith:CraftReservo"],"picked":"Runesmith:CraftMagma","floor":1},{"not_picked":["Runesmith:FrozenChisel","Runesmith:RuneHurl"],"picked":"Runesmith:RunicBlueprint","floor":3},{"not_picked":["Runesmith:Discharge","Runesmith:Firewall"],"picked":"Runesmith:EarthShield","floor":5},{"not_picked":["Runesmith:LightningRod","Runesmith:Overpower"],"picked":"Runesmith:HeatedChisel","floor":6},{"not_picked":["Runesmith:CraftIndustria","Runesmith:EnergizedChisel"],"picked":"Runesmith:ChaoticBlast","floor":7},{"not_picked":["Runesmith:EnergizedChisel","Runesmith:Attraction"],"picked":"Runesmith:HammerThrow","floor":8},{"not_picked":["Runesmith:BackupBattery","Runesmith:RuneHurl"],"picked":"Runesmith:Grindstone","floor":10},{"not_picked":["Runesmith:ReplicatingBarrier","Runesmith:ChiselStab"],"picked":"Runesmith:HammerThrow","floor":13},{"not_picked":["Runesmith:Overpower","Runesmith:HeatExchange"],"picked":"Runesmith:EarthShield","floor":14},{"not_picked":["Runesmith:LastStand","Runesmith:ArcReactor"],"picked":"Runesmith:CreatorForm","floor":16},{"not_picked":["Runesmith:Terraform","Runesmith:Overpower"],"picked":"Runesmith:ChiselStab","floor":18},{"not_picked":["Runesmith:HeatedChisel","Runesmith:EarthShield"],"picked":"Runesmith:MakeshiftArmor","floor":19},{"not_picked":["Runesmith:HammerTime","Runesmith:CraftVitae"],"picked":"Runesmith:MetallurgicalResearch","floor":20}],"player_experience":384706,"relics_obtained":[{"floor":7,"key":"Art of War"},{"floor":9,"key":"Omamori"}],"event_choices":[{"damage_healed":0,"gold_gain":75,"player_choice":"Gained Gold","damage_taken":0,"max_hp_gain":0,"max_hp_loss":0,"event_name":"Golden Wing","floor":2,"gold_loss":0}],"is_beta":false,"boss_relics":[{"not_picked":["Pandora\u0027s Box","halation:CatFaceCupcake"],"picked":"hubris:Stopwatch"}],"items_purged_floors":[],"is_endless":false,"potions_floor_spawned":[1,7,8,16,18,19],"killed_by":"Centurion and Healer","ascension_level":0}}