{"host":"3qkmyeoym75lj4wn","time":1612706003,"event":{"mods":["2.2 Compatiblity","BaseMod","Block Reminder","Colored Powertips","Highlight Path","Minty Spire (QoL Compilation)","Permanent Neow","Potion Indicator Mod","Rare Cards Sparkle","Relic Stats","StSLib","Unceasing Turn Reminder"],"gold_per_floor":[216,48,4,21,21,52,52,71,71,104,104,134,134,162,162,234,234,251,114,134,151,183,183,183],"floor_reached":23,"language":"ENG","playtime":781,"items_purged":[],"score":434,"play_id":"0e8edd18-2729-44c8-9b7e-64bee98a0121","local_time":"20210207135323","is_ascension_mode":true,"campfire_choices":[{"floor":7.0,"key":"REST"},{"floor":11.0,"key":"REST"},{"floor":15.0,"key":"REST"}],"circlet_count":0,"master_deck":["AscendersBane","Strike_B","Strike_B","Strike_B","Strike_B","Defend_B","Defend_B","Defend_B","Defend_B","Zap","Dualcast","Defragment","Defragment","Lockon","Doom and Gloom","Ball Lightning","Chill","Go for the Eyes","Leap","Biased Cognition","Go for the Eyes","Cold Snap+1","Ball Lightning+1"],"relics":["FrozenCore","Lee\u0027s Waffle","Question Card","PreservedInsect","Letter Opener","Bag of Preparation","InkBottle","Turnip","Molten Egg 2","Red Mask"],"acts_visited":["Exordium","TheCity"],"potions_floor_usage":[20,22,23],"damage_taken":[{"damage":1.0,"enemies":"Cultist","floor":1.0,"turns":3.0},{"damage":4.0,"enemies":"Jaw Worm","floor":4.0,"turns":4.0},{"damage":36.0,"enemies":"Gremlin Nob","floor":6.0,"turns":4.0},{"damage":4.0,"enemies":"Small Slimes","floor":8.0,"turns":3.0},{"damage":15.0,"enemies":"Lagavulin","floor":10.0,"turns":4.0},{"damage":10.0,"enemies":"3 Sentries","floor":12.0,"turns":4.0},{"damage":8.0,"enemies":"Gremlin Nob","floor":14.0,"turns":3.0},{"damage":30.0,"enemies":"Hexaghost","floor":16.0,"turns":8.0},{"damage":22.0,"enemies":"3 Byrds","floor":18.0,"turns":5.0},{"damage":20,"enemies":"Shell Parasite","floor":20,"turns":7},{"damage":9,"enemies":"Centurion and Healer","floor":21,"turns":7},{"damage":15,"enemies":"Masked Bandits","floor":22,"turns":6},{"damage":33,"enemies":"Slavers","floor":23,"turns":2}],"seed_played":"2682364956004768861","potions_obtained":[{"floor":1.0,"key":"Explosive Potion"},{"floor":4.0,"key":"EssenceOfDarkness"},{"floor":12.0,"key":"Swift Potion"},{"floor":18.0,"key":"Regen Potion"},{"floor":21,"key":"Regen Potion"},{"floor":22,"key":"FocusPotion"}],"is_trial":false,"path_per_floor":["M","$","$","M","?","E","R","M","T","E","R","E","?","E","R","B",null,"M","?","M","M","?","E"],"character_chosen":"DEFECT","items_purchased":["Lee\u0027s Waffle","Defragment"],"campfire_rested":3,"item_purchase_floors":[2,3],"current_hp_per_floor":[63,78,78,74,56,20,43,39,39,24,47,37,37,29,52,22,64,42,42,37,28,28,0,0],"gold":183,"neow_bonus":"HUNDRED_GOLD","is_daily":false,"chose_seed":false,"campfire_upgraded":0,"win_rate":0.0,"timestamp":1612706003,"path_taken":["M","?","$","?","?","E","R","M","T","E","R","E","?","E","R","BOSS","M","?","M","?","?","E"],"items_purchased_type":["Relic","Card"],"build_version":"2020-12-22","purchased_purges":0,"victory":false,"max_hp_per_floor":[71,78,78,78,78,78,78,78,78,78,78,78,78,78,78,78,78,78,78,78,78,78,78,78],"relic_stats":{"Lee\u0027s Waffle":15,"counters":[13,60],"PreservedInsect":122,"Turnip":[10],"Bag of Preparation":[16],"Letter Opener":[27],"Question Card":10,"obtain_stats":[{"Lee\u0027s Waffle":2,"Molten Egg 2":19,"PreservedInsect":6,"Turnip":14,"Bag of Preparation":10,"Red Mask":22,"Letter Opener":9,"Cracked Core":0,"Question Card":5,"InkBottle":12,"FrozenCore":17},{"Lee\u0027s Waffle":1,"Molten Egg 2":9,"PreservedInsect":3,"Turnip":7,"Bag of Preparation":5,"Red Mask":12,"Letter Opener":4,"Cracked Core":0,"Question Card":2,"InkBottle":6,"FrozenCore":8},{"Lee\u0027s Waffle":3,"Molten Egg 2":38,"PreservedInsect":11,"Turnip":25,"Bag of Preparation":18,"Red Mask":58,"Letter Opener":14,"Cracked Core":0,"Question Card":7,"InkBottle":22,"FrozenCore":33}],"InkBottle":[12],"FrozenCore":[7]},"card_choices":[{"not_picked":["Streamline","Coolheaded"],"picked":"Defragment","floor":1.0},{"not_picked":["Skim","Turbo"],"picked":"Lockon","floor":4.0},{"not_picked":["Leap","Coolheaded","Scrape"],"picked":"Doom and Gloom","floor":6.0},{"not_picked":["Lockon","Tempest","Melter"],"picked":"Ball Lightning","floor":8.0},{"not_picked":["Turbo","Consume","Hologram"],"picked":"Chill","floor":10.0},{"not_picked":["Steam","Turbo","Rip and Tear"],"picked":"Go for the Eyes","floor":12.0},{"not_picked":["Beam Cell","Rip and Tear","Static Discharge"],"picked":"Leap","floor":14.0},{"not_picked":["Meteor Strike","Thunder Strike","Amplify"],"picked":"Biased Cognition","floor":16.0},{"not_picked":["White Noise","Barrage+1","Conserve Battery"],"picked":"Go for the Eyes","floor":18.0},{"not_picked":["Double Energy","Undo","Redo+1"],"picked":"Cold Snap+1","floor":20},{"not_picked":["Stack","Static Discharge","Lockon+1","Consume"],"picked":"SKIP","floor":21},{"not_picked":["Steam Power+1","Gash+1","Echo Form"],"picked":"Ball Lightning+1","floor":22}],"player_experience":1738605,"relics_obtained":[{"floor":6.0,"key":"PreservedInsect"},{"floor":9.0,"key":"Letter Opener"},{"floor":10.0,"key":"Bag of Preparation"},{"floor":12.0,"key":"InkBottle"},{"floor":14.0,"key":"Turnip"},{"floor":22,"key":"Red Mask"}],"event_choices":[{"damage_healed":0.0,"max_hp_gain":0.0,"max_hp_loss":0.0,"gold_gain":0.0,"event_name":"Scrap Ooze","player_choice":"Success","floor":5.0,"gold_loss":0.0,"damage_taken":18.0,"relics_obtained":["Question Card"]},{"damage_healed":0.0,"max_hp_gain":0.0,"max_hp_loss":0.0,"gold_gain":0.0,"event_name":"Shining Light","player_choice":"Ignored","floor":13.0,"gold_loss":0.0,"damage_taken":0.0},{"damage_healed":0.0,"max_hp_gain":0.0,"max_hp_loss":0.0,"gold_gain":0.0,"event_name":"WeMeetAgain","player_choice":"Paid Gold","floor":19.0,"gold_loss":137.0,"damage_taken":0.0,"relics_obtained":["Molten Egg 2"]},{"damage_healed":0,"gold_gain":0,"player_choice":"Fought Bandits","damage_taken":0,"max_hp_gain":0,"max_hp_loss":0,"event_name":"Masked Bandits","floor":22,"gold_loss":0}],"is_beta":false,"boss_relics":[{"not_picked":["Astrolabe","Nuclear Battery"],"picked":"FrozenCore"}],"items_purged_floors":[],"is_endless":false,"potions_floor_spawned":[1,4,12,18,21,22],"killed_by":"Slavers","ascension_level":20}}