{"host":"w7pthw6r6331n954","time":1612715328,"event":{"mods":["AchievementEnabler","Act Like it!","BaseMod","BetterRewards","Colored Map","Colored Powertips","Custom Start","Downfall","Hallownest","Hermit","Jorbs\u0027s Wanderer Trilogy","Minty Spire (QoL Compilation)","Replay The Spire","Shop Mod","StSLib","SuperFastMode"],"gold_per_floor":[115,115,125,125,300,335,63,127,127,146,146,160,7,17,17,116,116,29,29,47,65,81,110,124,124,124,38,63,63,75,89,89,184,284,302,302,302,315,2,2,13,30,30,30,47,47,47],"floor_reached":46,"language":"ENG","playtime":4275,"items_purged":["Doubt"],"score":693,"play_id":"fee4a73a-18af-46c0-b83c-ba54d8422ee7","local_time":"20210207112848","is_ascension_mode":true,"campfire_choices":[{"floor":15,"key":"RECALL"},{"floor":25,"key":"REST"},{"floor":29,"key":"REST"},{"data":"Fission","floor":32,"key":"SMITH"},{"floor":40,"key":"REST"},{"floor":44,"key":"REST"}],"circlet_count":0,"master_deck":["Strike_B","Strike_B","Strike_B","Defend_B","Defend_B","Defend_B","Defend_B","Zap","Beam Cell","Electrodynamics","Redo+1","Genetic Algorithm","Thinking Ahead","Sadistic Nature","Good Instincts","Self Repair","White Noise+1","Consume","Chill","Storm","Rebound","Fission+1","Barrage+1","Sweeping Beam","Barrage","Steam","Melter+1","Sunder+1","Steam+1","Conserve Battery","White Noise","Machine Learning","Steam","Madness","Madness","Hologram+1","Stack","Conserve Battery+1","Stack","Buffer","Gash+1","Tempest+1","Streamline+1","Go for the Eyes+1"],"relics":["Cracked Core","NeowsBlessing","Anchor","MerchantsRug","Mummified Hand","Replay:Wax Seal","Sling","Ring of Chaos","Matryoshka","Runic Capacitor","Mirror","Unceasing Top","Orrery","Oddly Smooth Stone","Replay:Accelerometer"],"acts_visited":["Exordium","TheCity","TheBeyond"],"potions_floor_usage":[8,8,23,28,28,33,45,46],"damage_taken":[{"damage":0,"enemies":"Jaw Worm","floor":1,"turns":1},{"damage":0,"enemies":"2 Louse","floor":3,"turns":1},{"damage":0,"enemies":"Replay:BlueRogue","floor":6,"turns":1},{"damage":23,"enemies":"Lagavulin Event","floor":8,"turns":4},{"damage":0,"enemies":"Small Slimes","floor":10,"turns":3},{"damage":0,"enemies":"2 Fungi Beasts","floor":12,"turns":2},{"damage":0,"enemies":"Gremlin Gang","floor":14,"turns":3},{"damage":37,"enemies":"Fading Forest","floor":16,"turns":11},{"damage":33,"enemies":"Chosen","floor":18,"turns":5},{"damage":0,"enemies":"2 Thieves","floor":20,"turns":4},{"damage":0,"enemies":"Cultist and Chosen","floor":21,"turns":2},{"damage":9,"enemies":"3 Cultists","floor":22,"turns":4},{"damage":22,"enemies":"Gremlin Leader","floor":23,"turns":3},{"damage":0,"enemies":"Sentry and Sphere","floor":24,"turns":3},{"damage":0,"enemies":"Book of Stabbing","floor":28,"turns":3},{"damage":6,"enemies":"Cultist and Chosen","floor":30,"turns":3},{"damage":8,"enemies":"Centurion and Healer","floor":31,"turns":3},{"damage":37,"enemies":"Automaton","floor":33,"turns":8},{"damage":30,"enemies":"Orb Walker","floor":35,"turns":4},{"damage":11,"enemies":"3 Shapes","floor":38,"turns":3},{"damage":36,"enemies":"Jaw Worm Horde","floor":41,"turns":7},{"damage":3,"enemies":"4 Shapes","floor":42,"turns":6},{"damage":15,"enemies":"3 Darklings","floor":45,"turns":4},{"damage":32,"enemies":"Reptomancer","floor":46,"turns":4}],"seed_played":"7768031802697632231","potions_obtained":[{"floor":1,"key":"Swift Potion"},{"floor":3,"key":"Fire Potion"},{"floor":10,"key":"bronze:BurnAndBuffPotion"},{"floor":12,"key":"LiquidMemories"},{"floor":18,"key":"ColorlessPotion"},{"floor":22,"key":"Dexterity Potion"},{"floor":31,"key":"SpeedPotion"},{"floor":38,"key":"DuplicationPotion"},{"floor":42,"key":"LiquidMemories"}],"is_trial":false,"path_per_floor":["M","?","M","?","?","E","$","?","T","M","?","M","$","M","R","B",null,"M","$","M","M","M","E","M","R","T","$","E","R","M","M","R","B",null,"M","?","?","M","$","R","M","M","T","R","M","E"],"character_chosen":"DEFECT","items_purchased":["MerchantsRug","ReplayTheSpireMod:ShopPack","Replay:Wax Seal","Sling","Storm","Runic Capacitor","Unceasing Top","Orrery"],"campfire_rested":4,"item_purchase_floors":[7,7,13,13,13,27,39,39],"current_hp_per_floor":[75,75,75,75,75,75,75,52,52,59,59,59,59,66,66,36,65,39,39,46,53,44,29,29,51,51,51,58,75,69,68,68,31,64,34,25,25,21,21,43,14,11,11,33,25,0,0],"gold":47,"neow_bonus":"THREE_ENEMY_KILL","is_daily":false,"chose_seed":false,"campfire_upgraded":1,"win_rate":0.0,"timestamp":1612715328,"path_taken":["M","?","M","?","?","E","?","?","T","M","?","M","$","M","R","BOSS","M","$","M","M","M","E","?","R","T","?","E","R","M","M","R","BOSS","M","?","?","M","$","R","M","?","T","R","M","E"],"items_purchased_type":["Relic","Relic","Relic","Relic","Card","Relic","Relic","Relic"],"build_version":"2020-12-22","purchased_purges":1,"victory":false,"max_hp_per_floor":[75,75,75,75,75,75,75,75,75,75,75,75,75,75,75,75,75,75,75,75,75,75,75,75,75,75,75,75,75,75,75,75,75,75,75,75,75,75,75,75,75,75,75,75,75,75,75],"card_choices":[{"not_picked":["Conserve Battery","Sweeping Beam"],"picked":"Beam Cell","floor":1},{"not_picked":["Steam","BasicCrystalCard"],"picked":"Electrodynamics","floor":3},{"not_picked":["Sweeping Beam","Tempest"],"picked":"Genetic Algorithm","floor":6},{"not_picked":["ReplayTheSpireMod:Brewmster","Apotheosis"],"picked":"Thinking Ahead","floor":7},{"not_picked":["Trip","Mind Blast"],"picked":"Sadistic Nature","floor":7},{"not_picked":["Crow Ritual","Replay:Parry"],"picked":"Good Instincts","floor":7},{"not_picked":["Barrage","Darkness"],"picked":"Self Repair","floor":8},{"not_picked":["Hello World","Ball Lightning"],"picked":"White Noise","floor":10},{"not_picked":["Stack","Barrage"],"picked":"Chill","floor":12},{"not_picked":["Redo","Compile Driver"],"picked":"Rebound","floor":14},{"not_picked":["Rainbow","ReplayRNGCard"],"picked":"Fission","floor":16},{"not_picked":["Stack","BasicCrystalCard"],"picked":"Barrage+1","floor":18},{"not_picked":["Beam Cell","Panic Button"],"picked":"Sweeping Beam","floor":20},{"not_picked":["Hello World","Compile Driver"],"picked":"Barrage","floor":21},{"not_picked":["Chaos","Cold Snap"],"picked":"Steam","floor":22},{"not_picked":["Gash","Ball Lightning"],"picked":"Melter+1","floor":23},{"not_picked":["Coolheaded+1","ReplayTheSpireMod:System Scan"],"picked":"Sunder+1","floor":24},{"not_picked":["Steam Power","Glacier"],"picked":"Steam+1","floor":28},{"not_picked":["Barrage","Coolheaded"],"picked":"Conserve Battery","floor":30},{"not_picked":["Go for the Eyes","Redo"],"picked":"White Noise","floor":31},{"not_picked":["Reboot","All For One"],"picked":"Machine Learning","floor":33},{"not_picked":["BasicCrystalCard+1","Hello World"],"picked":"Steam","floor":35},{"not_picked":["Genetic Algorithm","Reinforced Body"],"picked":"Hologram+1","floor":38},{"not_picked":["Cold Snap","Redo+1"],"picked":"Stack","floor":39},{"not_picked":["Leap","All For One"],"picked":"Conserve Battery+1","floor":39},{"not_picked":["Compile Driver+1","Conserve Battery+1"],"picked":"Stack","floor":39},{"not_picked":["Turbo+1","Skim"],"picked":"Buffer","floor":39},{"not_picked":["Conserve Battery","Turbo"],"picked":"Gash+1","floor":39},{"not_picked":["BasicCrystalCard+1","Turbo+1"],"picked":"Tempest+1","floor":41},{"not_picked":["Go for the Eyes+1","Compile Driver+1"],"picked":"Streamline+1","floor":42},{"not_picked":["Rip and Tear+1","Darkness"],"picked":"Go for the Eyes+1","floor":45}],"player_experience":1216470,"relics_obtained":[{"floor":6,"key":"Anchor"},{"floor":23,"key":"InkBottle"},{"floor":26,"key":"Matryoshka"},{"floor":28,"key":"Mirror"},{"floor":43,"key":"Oddly Smooth Stone"},{"floor":43,"key":"Replay:Accelerometer"}],"event_choices":[{"damage_healed":0,"gold_gain":175,"player_choice":"AGREE","damage_taken":0,"max_hp_gain":0,"max_hp_loss":0,"event_name":"Liars Game","floor":5,"gold_loss":0,"cards_obtained":["Doubt"]},{"damage_healed":0,"gold_gain":0,"player_choice":"Searched \u00273\u0027 times","damage_taken":0,"relics_obtained":["Mummified Hand"],"max_hp_gain":0,"max_hp_loss":0,"event_name":"Dead Adventurer","floor":8,"gold_loss":0},{"damage_healed":0,"gold_gain":0,"cards_transformed":["Strike_B"],"player_choice":"Transformed","damage_taken":0,"max_hp_gain":0,"max_hp_loss":0,"event_name":"Transmorgrifier","floor":11,"gold_loss":0,"cards_obtained":["Consume"]},{"damage_healed":0,"gold_gain":0,"player_choice":"Embrace Madness","damage_taken":9,"max_hp_gain":0,"max_hp_loss":0,"event_name":"Winding Halls","floor":36,"gold_loss":0,"cards_obtained":["Madness","Madness"]},{"damage_healed":0,"gold_gain":0,"player_choice":"Upgraded","damage_taken":0,"max_hp_gain":0,"max_hp_loss":0,"event_name":"Upgrade Shrine","floor":37,"gold_loss":0,"cards_upgraded":["White Noise"]}],"is_beta":false,"boss_relics":[{"not_picked":["Abe\u0027s Treasure","FrozenCore"],"picked":"Ring of Chaos"},{"not_picked":["Busted Crown","Velvet Choker"],"picked":"Replay:Wanted Poster"}],"items_purged_floors":[13],"is_endless":false,"potions_floor_spawned":[1,3,10,12,18,22,31,38,42],"killed_by":"Reptomancer","ascension_level":5}}