{"host":"avybiddlniqinkgc","time":1612659117,"event":{"mods":["AchievementEnabler","BaseMod","Colored Map","DeckTracker","Highlight Path","KOR Keyword Fix","Keyboard Shortcuts","Minty Spire (QoL Compilation)","Permanent Neow","Quick Restart","Random Character Button","Rare Cards Sparkle","StSLib","SuperFastMode"],"gold_per_floor":[110,110,124,199,210,210,210,235,235,245,245,245,256,108,108,212,212,229,229,240,240,258,64,82,82,82,19,19,118,118,150,150,245,245,265,278,278,278,294,294,344,269,322,334,346,392,415,442,454,466],"floor_reached":51,"language":"KOR","playtime":767,"items_purged":["Strike_R","Strike_R","Defend_R","Bloodletting"],"score":735,"play_id":"c549988b-aa06-4ce6-9b4c-f019f528a083","local_time":"20210207095157","is_ascension_mode":false,"campfire_choices":[{"data":"Bash","floor":6.0,"key":"SMITH"},{"data":"Heavy Blade","floor":12.0,"key":"SMITH"},{"data":"Flex","floor":15.0,"key":"SMITH"},{"data":"Seeing Red","floor":28.0,"key":"SMITH"},{"floor":30.0,"key":"REST"},{"data":"Limit Break","floor":32.0,"key":"SMITH"},{"data":"Demon Form","floor":40.0,"key":"SMITH"},{"data":"Dual Wield","floor":44.0,"key":"SMITH"},{"data":"Impervious","floor":49,"key":"SMITH"}],"circlet_count":0,"master_deck":["Defend_R+1","Defend_R+1","Defend_R","Bash+1","Flex+1","Headbutt","Power Through","Heavy Blade+1","Demon Form+1","Limit Break+1","Dual Wield+1","Necronomicurse","Seeing Red+1","Twin Strike+1","Heavy Blade+1","Armaments+1","Sword Boomerang+1","Intimidate+1","Impervious+1"],"relics":["Burning Blood","CaptainsWheel","White Beast Statue","Runic Dome","Necronomicon","Nloth\u0027s Gift","Membership Card","Omamori","Bag of Preparation","Empty Cage","Magic Flower","MawBank","Frozen Egg 2","Darkstone Periapt"],"acts_visited":["TheCity","TheBeyond"],"potions_floor_usage":[48,48,50,50],"damage_taken":[{"damage":5.0,"enemies":"Small Slimes","floor":1.0,"turns":4.0},{"damage":18.0,"enemies":"Jaw Worm","floor":3.0,"turns":4.0},{"damage":4.0,"enemies":"2 Louse","floor":5.0,"turns":2.0},{"damage":5.0,"enemies":"Blue Slaver","floor":10.0,"turns":3.0},{"damage":3.0,"enemies":"Exordium Thugs","floor":13.0,"turns":4.0},{"damage":34.0,"enemies":"Hexaghost","floor":16.0,"turns":7.0},{"damage":28.0,"enemies":"3 Byrds","floor":18.0,"turns":6.0},{"damage":0.0,"enemies":"Chosen","floor":20.0,"turns":3.0},{"damage":26.0,"enemies":"Shelled Parasite and Fungi","floor":22.0,"turns":5.0},{"damage":7.0,"enemies":"Centurion and Healer","floor":24.0,"turns":4.0},{"damage":0.0,"enemies":"3 Cultists","floor":25.0,"turns":1.0},{"damage":10.0,"enemies":"Book of Stabbing","floor":31.0,"turns":4.0},{"damage":30.0,"enemies":"Collector","floor":33.0,"turns":4.0},{"damage":24.0,"enemies":"3 Darklings","floor":35.0,"turns":4.0},{"damage":3.0,"enemies":"Orb Walker","floor":36.0,"turns":2.0},{"damage":8.0,"enemies":"Sphere and 2 Shapes","floor":39.0,"turns":4.0},{"damage":0.0,"enemies":"Mind Bloom Boss Battle","floor":41.0,"turns":3.0},{"damage":51.0,"enemies":"Giant Head","floor":46.0,"turns":6.0},{"damage":10.0,"enemies":"Transient","floor":47.0,"turns":5.0},{"damage":4,"enemies":"3 Darklings","floor":48,"turns":5},{"damage":19,"enemies":"Time Eater","floor":50,"turns":6}],"seed_played":"1094138730113179672","potions_obtained":[{"floor":1.0,"key":"EssenceOfSteel"},{"floor":3.0,"key":"Block Potion"},{"floor":13.0,"key":"Strength Potion"},{"floor":16.0,"key":"EssenceOfSteel"},{"floor":18.0,"key":"SneckoOil"},{"floor":20.0,"key":"FearPotion"},{"floor":22.0,"key":"SteroidPotion"},{"floor":24.0,"key":"SmokeBomb"},{"floor":31.0,"key":"ColorlessPotion"},{"floor":33.0,"key":"BloodPotion"},{"floor":35.0,"key":"Fire Potion"},{"floor":36.0,"key":"SpeedPotion"},{"floor":39.0,"key":"Block Potion"},{"floor":46.0,"key":"BloodPotion"},{"floor":47.0,"key":"Explosive Potion"},{"floor":48,"key":"Weak Potion"}],"is_trial":false,"path_per_floor":["M","?","M","?","M","R","?","T","T","M","T","R","M","$","R","B",null,"M","?","M","?","M","$","M","M","T","$","R","?","R","E","R","B",null,"M","M","?","?","M","R","?","$","T","R","T","E","M","M","R","B",null],"character_chosen":"IRONCLAD","items_purchased":["Inflame","Membership Card"],"campfire_rested":1,"item_purchase_floors":[14,23],"current_hp_per_floor":[80,80,68,57,59,59,64,64,64,65,65,65,68,68,68,40,85,63,47,53,53,33,33,32,38,38,38,38,38,63,59,59,35,85,67,70,70,70,68,68,74,74,74,74,74,49,65,70,70,60],"gold":478,"neow_bonus":"TRANSFORM_CARD","is_daily":false,"chose_seed":false,"campfire_upgraded":8,"win_rate":0.0,"timestamp":1612659117,"path_taken":["M","?","M","?","?","R","?","?","T","M","?","R","M","$","R","BOSS","M","?","M","?","?","$","M","M","T","?","R","?","R","E","R","BOSS","M","M","?","?","M","R","?","?","T","R","?","E","M","M","R","BOSS"],"items_purchased_type":["Card","Relic"],"build_version":"2020-12-22","purchased_purges":4,"victory":true,"max_hp_per_floor":[80,80,80,80,80,80,85,85,85,85,85,85,85,85,85,85,85,85,85,85,85,85,85,85,85,85,85,85,85,85,85,85,85,85,85,85,85,85,85,85,85,85,85,85,85,85,85,85,85,85],"card_choices":[{"not_picked":["Flex","Rupture"],"picked":"Headbutt","floor":1.0},{"not_picked":["Second Wind","Sword Boomerang"],"picked":"Bloodletting","floor":3.0},{"not_picked":["Flex","Iron Wave"],"picked":"Power Through","floor":5.0},{"not_picked":["Armaments","Sword Boomerang"],"picked":"Heavy Blade","floor":10.0},{"not_picked":["Shrug It Off","Headbutt"],"picked":"Demon Form","floor":13.0},{"not_picked":["Brutality","Fiend Fire"],"picked":"Limit Break","floor":16.0},{"not_picked":["Power Through","Clash"],"picked":"Dual Wield","floor":18.0},{"not_picked":["Clash","Infernal Blade+1","Heavy Blade"],"picked":"SKIP","floor":20.0},{"not_picked":["Flex","Anger"],"picked":"Seeing Red","floor":22.0},{"not_picked":["Iron Wave","Juggernaut","Fiend Fire"],"picked":"SKIP","floor":24.0},{"not_picked":["Demon Form","Brutality","Entrench"],"picked":"SKIP","floor":31.0},{"not_picked":["Disarm+1","Armaments"],"picked":"Twin Strike+1","floor":35.0},{"not_picked":["Pummel+1","Infernal Blade"],"picked":"Heavy Blade+1","floor":36.0},{"not_picked":["Sword Boomerang+1","Pummel+1"],"picked":"Armaments+1","floor":39.0},{"not_picked":["Heavy Blade","Infernal Blade"],"picked":"Sword Boomerang+1","floor":41.0},{"not_picked":["Bloodletting+1","Fire Breathing+1"],"picked":"Intimidate+1","floor":46.0},{"not_picked":["Reckless Charge+1","Entrench+1"],"picked":"Impervious","floor":47.0},{"not_picked":["Twin Strike","Body Slam+1","Barricade+1"],"picked":"SKIP","floor":48}],"player_experience":2880,"relics_obtained":[{"floor":8.0,"key":"War Paint"},{"floor":9.0,"key":"CaptainsWheel"},{"floor":11.0,"key":"White Beast Statue"},{"floor":19.0,"key":"Necronomicon"},{"floor":26.0,"key":"Omamori"},{"floor":31.0,"key":"Bag of Preparation"},{"floor":41.0,"key":"Magic Flower"},{"floor":43.0,"key":"MawBank"},{"floor":45.0,"key":"Frozen Egg 2"},{"floor":46.0,"key":"Darkstone Periapt"}],"event_choices":[{"damage_healed":0.0,"max_hp_gain":0.0,"max_hp_loss":0.0,"gold_gain":0.0,"event_name":"Liars Game","player_choice":"Ignored","floor":2.0,"gold_loss":0.0,"damage_taken":0.0},{"damage_healed":0.0,"max_hp_gain":0.0,"max_hp_loss":0.0,"gold_gain":75.0,"event_name":"World of Goop","player_choice":"Gather Gold","floor":4.0,"gold_loss":0.0,"damage_taken":11.0},{"damage_healed":0.0,"max_hp_gain":5.0,"max_hp_loss":0.0,"gold_gain":0.0,"event_name":"Big Fish","player_choice":"Donut","floor":7.0,"gold_loss":0.0,"damage_taken":0.0},{"damage_healed":0.0,"max_hp_gain":0.0,"max_hp_loss":0.0,"gold_gain":0.0,"event_name":"Cursed Tome","player_choice":"Obtained Book","floor":19.0,"gold_loss":0.0,"damage_taken":16.0},{"damage_healed":0.0,"max_hp_gain":0.0,"max_hp_loss":0.0,"gold_gain":0.0,"event_name":"N\u0027loth","player_choice":"Traded Relic","floor":21.0,"relics_lost":["War Paint"],"gold_loss":0.0,"damage_taken":0.0,"relics_obtained":["Nloth\u0027s Gift"]},{"damage_healed":0.0,"max_hp_gain":0.0,"max_hp_loss":0.0,"gold_gain":99.0,"event_name":"Nest","player_choice":"Stole From Cult","floor":29.0,"gold_loss":0.0,"damage_taken":0.0},{"damage_healed":0.0,"max_hp_gain":0.0,"max_hp_loss":0.0,"gold_gain":0.0,"event_name":"Tomb of Lord Red Mask","player_choice":"Ignored","floor":37.0,"gold_loss":0.0,"damage_taken":0.0},{"cards_removed":["Inflame"],"damage_healed":0.0,"max_hp_gain":0.0,"max_hp_loss":0.0,"gold_gain":0.0,"event_name":"Falling","player_choice":"Removed Power","floor":38.0,"gold_loss":0.0,"damage_taken":0.0},{"damage_healed":0.0,"max_hp_gain":0.0,"max_hp_loss":0.0,"gold_gain":0.0,"event_name":"MindBloom","player_choice":"Fight","floor":41.0,"gold_loss":0.0,"damage_taken":0.0}],"is_beta":false,"boss_relics":[{"not_picked":["Black Blood","Astrolabe"],"picked":"Runic Dome"},{"not_picked":["Tiny House","Black Star"],"picked":"Empty Cage"}],"items_purged_floors":[14,23,27,42],"is_endless":false,"potions_floor_spawned":[1,3,13,16,18,20,22,24,25,31,33,35,36,39,41,46,47,48],"ascension_level":0}}