{"host":"6xsbn6ynqlzwllfm","time":1612724839,"event":{"mods":["2.2 Compatiblity","BaseMod","Bestiary","Colored Map","Colored Powertips","Curses Come First","Highlight Path","Keyboard Shortcuts","Minty Spire (QoL Compilation)","Relic Stats","Slay the Relics Exporter","StSLib","SuperFastMode"],"gold_per_floor":[115,40,65,84,97,129,149,183,260,260,260,285,210,236,236,311,311,330,343,343,359,371,400,413,440,463,490,490,490,490],"floor_reached":29,"language":"ENG","playtime":1875,"items_purged":["Strike_R"],"score":626,"play_id":"c27a4810-fbf9-4c3f-8f38-9de248c5d59a","local_time":"20210207140719","is_ascension_mode":true,"campfire_choices":[{"data":"Bash","floor":10,"key":"SMITH"},{"data":"Disarm","floor":15,"key":"SMITH"}],"circlet_count":0,"master_deck":["AscendersBane","Strike_R","Strike_R","Defend_R","Defend_R","Defend_R","Defend_R","Bash+1","Heavy Blade","Carnage","Pummel","Immolate","Rampage","Disarm+1","Uppercut","Double Tap","Thunderclap","Pommel Strike+1","Feel No Pain","Hemokinesis","Rupture+1","Burning Pact","Fiend Fire","RitualDagger"],"relics":["Burning Blood","Gambling Chip","Lantern","Bronze Scales","Happy Flower","Meat on the Bone","MealTicket","Tiny Chest","Coffee Dripper","Champion Belt","Toy Ornithopter","Bag of Preparation","Nunchaku","Blood Vial"],"acts_visited":["Exordium","TheCity"],"potions_floor_usage":[6,12,12,16,21,22,23,29],"damage_taken":[{"damage":19,"enemies":"Jaw Worm","floor":1,"turns":4},{"damage":0,"enemies":"2 Louse","floor":4,"turns":3},{"damage":0,"enemies":"Cultist","floor":5,"turns":2},{"damage":35,"enemies":"3 Sentries","floor":6,"turns":8},{"damage":1,"enemies":"Looter","floor":7,"turns":2},{"damage":8,"enemies":"Gremlin Nob","floor":8,"turns":3},{"damage":19,"enemies":"Lagavulin","floor":12,"turns":6},{"damage":8,"enemies":"Gremlin Nob","floor":14,"turns":3},{"damage":10,"enemies":"Hexaghost","floor":16,"turns":6},{"damage":25,"enemies":"Shell Parasite","floor":18,"turns":4},{"damage":12,"enemies":"2 Thieves","floor":19,"turns":3},{"damage":4,"enemies":"Cultist and Chosen","floor":21,"turns":4},{"damage":0,"enemies":"Snecko","floor":22,"turns":3},{"damage":13,"enemies":"Gremlin Leader","floor":23,"turns":5},{"damage":0,"enemies":"Centurion and Healer","floor":24,"turns":5},{"damage":33,"enemies":"Book of Stabbing","floor":25,"turns":4},{"damage":16,"enemies":"Slavers","floor":27,"turns":2},{"damage":50,"enemies":"Gremlin Leader","floor":29,"turns":6}],"seed_played":"8917348568802559246","potions_obtained":[{"floor":4,"key":"PowerPotion"},{"floor":6,"key":"Weak Potion"},{"floor":7,"key":"HeartOfIron"},{"floor":12,"key":"SkillPotion"},{"floor":14,"key":"DistilledChaos"},{"floor":19,"key":"Fruit Juice"},{"floor":22,"key":"Strength Potion"},{"floor":25,"key":"SpeedPotion"},{"floor":27,"key":"HeartOfIron"}],"is_trial":false,"path_per_floor":["M","?","T","M","M","E","M","E","T","R","?","E","$","E","R","B",null,"M","M","?","M","M","E","M","E","T","E","?","E"],"character_chosen":"IRONCLAD","items_purchased":[],"campfire_rested":0,"item_purchase_floors":[],"current_hp_per_floor":[55,55,55,61,67,38,43,41,41,41,34,33,48,46,46,42,62,43,49,49,56,62,55,61,46,46,48,42,0,0],"gold":490,"neow_bonus":"ONE_RARE_RELIC","is_daily":false,"chose_seed":false,"campfire_upgraded":2,"win_rate":0.0,"timestamp":1612724839,"path_taken":["M","?","?","M","M","E","M","E","T","R","?","E","?","E","R","BOSS","M","M","?","M","?","E","M","E","T","E","?","E"],"items_purchased_type":[],"build_version":"2020-12-22","purchased_purges":1,"victory":false,"max_hp_per_floor":[68,68,68,68,68,68,68,68,68,68,68,68,68,68,68,68,68,68,68,68,73,73,73,73,73,73,73,73,73,73],"relic_stats":{"Happy Flower":[17],"counters":[18,73],"Bag of Preparation":[4],"Burning Blood":102,"Blood Vial":2,"Nunchaku":[1],"Gambling Chip":[68],"Bronze Scales":[124],"MealTicket":15,"Tiny Chest":0,"Champion Belt":[21],"obtain_stats":[{"Lantern":3,"Happy Flower":8,"Bag of Preparation":25,"Burning Blood":0,"Blood Vial":27,"Nunchaku":26,"Gambling Chip":0,"Bronze Scales":6,"MealTicket":12,"Tiny Chest":14,"Coffee Dripper":17,"Champion Belt":20,"Toy Ornithopter":23,"Meat on the Bone":9},{"Lantern":1,"Happy Flower":6,"Bag of Preparation":16,"Burning Blood":0,"Blood Vial":17,"Nunchaku":16,"Gambling Chip":0,"Bronze Scales":4,"MealTicket":7,"Tiny Chest":8,"Coffee Dripper":9,"Champion Belt":11,"Toy Ornithopter":14,"Meat on the Bone":6},{"Lantern":4,"Happy Flower":22,"Bag of Preparation":65,"Burning Blood":0,"Blood Vial":67,"Nunchaku":65,"Gambling Chip":0,"Bronze Scales":17,"MealTicket":28,"Tiny Chest":31,"Coffee Dripper":37,"Champion Belt":44,"Toy Ornithopter":56,"Meat on the Bone":22}],"Toy Ornithopter":5,"Meat on the Bone":48},"card_choices":[{"not_picked":["Perfected Strike","Power Through"],"picked":"Heavy Blade","floor":1},{"not_picked":["Heavy Blade","Infernal Blade"],"picked":"Carnage","floor":4},{"not_picked":["Flex","Dark Embrace"],"picked":"Pummel","floor":5},{"not_picked":["Hemokinesis","Warcry"],"picked":"Immolate","floor":6},{"not_picked":["Clash","Perfected Strike"],"picked":"Rampage","floor":7},{"not_picked":["Sword Boomerang","Anger","Body Slam"],"picked":"SKIP","floor":8},{"not_picked":["Dropkick","Iron Wave"],"picked":"Disarm","floor":12},{"not_picked":["Havoc","Perfected Strike"],"picked":"Uppercut","floor":14},{"not_picked":["Corruption","Impervious"],"picked":"Double Tap","floor":16},{"not_picked":["Anger","Heavy Blade"],"picked":"Thunderclap","floor":18},{"not_picked":["Clothesline","Ghostly Armor"],"picked":"Pommel Strike+1","floor":19},{"not_picked":["Flex","Dual Wield"],"picked":"Feel No Pain","floor":21},{"not_picked":["Entrench","Wild Strike","Feel No Pain"],"picked":"SKIP","floor":22},{"not_picked":["Perfected Strike","Searing Blow"],"picked":"Hemokinesis","floor":23},{"not_picked":["Anger","Entrench"],"picked":"Rupture+1","floor":24},{"not_picked":["Thunderclap","Spot Weakness"],"picked":"Burning Pact","floor":25},{"not_picked":["Rage","Flame Barrier"],"picked":"Fiend Fire","floor":27}],"player_experience":1395349,"relics_obtained":[{"floor":3,"key":"Lantern"},{"floor":6,"key":"Bronze Scales"},{"floor":8,"key":"Happy Flower"},{"floor":9,"key":"Meat on the Bone"},{"floor":12,"key":"MealTicket"},{"floor":14,"key":"Tiny Chest"},{"floor":20,"key":"Champion Belt"},{"floor":23,"key":"Toy Ornithopter"},{"floor":25,"key":"Bag of Preparation"},{"floor":26,"key":"Nunchaku"},{"floor":27,"key":"Blood Vial"}],"event_choices":[{"cards_removed":["Strike_R"],"damage_healed":0,"gold_gain":0,"player_choice":"Card Removal","damage_taken":0,"max_hp_gain":0,"max_hp_loss":0,"event_name":"The Cleric","floor":2,"gold_loss":75},{"cards_removed":["Strike_R"],"damage_healed":0,"gold_gain":0,"player_choice":"Card Removal","damage_taken":7,"max_hp_gain":0,"max_hp_loss":0,"event_name":"Golden Wing","floor":11,"gold_loss":0},{"damage_healed":0,"gold_gain":0,"player_choice":"Relic","damage_taken":0,"max_hp_gain":0,"max_hp_loss":0,"event_name":"Wheel of Change","floor":20,"gold_loss":0},{"damage_healed":0,"gold_gain":0,"player_choice":"Joined the Cult","damage_taken":6,"max_hp_gain":0,"max_hp_loss":0,"event_name":"Nest","floor":28,"gold_loss":0,"cards_obtained":["RitualDagger"]}],"is_beta":false,"boss_relics":[{"not_picked":["Mark of Pain","Philosopher\u0027s Stone"],"picked":"Coffee Dripper"}],"items_purged_floors":[13],"is_endless":false,"potions_floor_spawned":[4,6,7,12,14,19,22,25,27],"killed_by":"Gremlin Leader","ascension_level":20}}