{"host":"sc0o2qwpf9j16a4i","time":1612708299,"event":{"mods":["AchievementEnabler","BaseMod","BetterRewards","Block Reminder","Colored Map","Colored Powertips","Custom Start","Highlight Path","Minty Spire (QoL Compilation)","Relic Stats"],"gold_per_floor":[113,288,288,26,26,26,65,65,65,89,89,114,139,172,172,300,300,333,90,118,127,141,141,27,60,60,83,131,149,149,149],"floor_reached":30,"language":"ENG","playtime":918,"items_purged":[],"score":360,"play_id":"f0318245-be49-47a9-b2a0-3bb583ad782e","local_time":"20210207163139","daily_mods":["SealedDeck","Colorless Cards","Binary"],"is_ascension_mode":false,"campfire_choices":[{"data":"Prostrate","floor":6,"key":"SMITH"},{"data":"CrushJoints","floor":11,"key":"SMITH"},{"data":"Conclude","floor":15,"key":"SMITH"},{"floor":23,"key":"DIG"}],"circlet_count":0,"master_deck":["Prostrate+1","EmptyBody","Flash of Steel","Conclude+1","Consecrate","CrushJoints+1","FollowUp","TalkToTheHand+1","Swift Strike","Consecrate","FollowUp","Doubt","Consecrate","ThirdEye","DeceiveReality","CurseOfTheBell","CarveReality","Protect+1","Shame","SandsOfTime","Panacea+1","ThirdEye+1","Fasting2+1"],"relics":["PureWater","Golden Idol","Blue Candle","Pocketwatch","Darkstone Periapt","Singing Bowl","Calling Bell","CeramicFish","Sundial","Shovel","Toxic Egg 2","Letter Opener","Regal Pillow","Turnip","Toy Ornithopter"],"acts_visited":["Exordium","TheCity"],"potions_floor_usage":[7,16,30],"damage_taken":[{"damage":0,"enemies":"2 Louse","floor":1,"turns":1},{"damage":1,"enemies":"Lagavulin","floor":7,"turns":4},{"damage":0,"enemies":"Cultist","floor":10,"turns":2},{"damage":0,"enemies":"Jaw Worm","floor":12,"turns":2},{"damage":0,"enemies":"3 Louse","floor":13,"turns":1},{"damage":7,"enemies":"Gremlin Nob","floor":14,"turns":3},{"damage":1,"enemies":"Slime Boss","floor":16,"turns":7},{"damage":18,"enemies":"Spheric Guardian","floor":18,"turns":4},{"damage":10,"enemies":"2 Thieves","floor":20,"turns":3},{"damage":6,"enemies":"Snecko","floor":22,"turns":4},{"damage":5,"enemies":"Centurion and Healer","floor":25,"turns":5},{"damage":20,"enemies":"Snake Plant","floor":27,"turns":5},{"damage":10,"enemies":"Book of Stabbing","floor":28,"turns":5},{"damage":2,"enemies":"Cultist and Chosen","floor":29,"turns":4},{"damage":32,"enemies":"Slavers","floor":30,"turns":1}],"seed_played":"-8228267929640239087","potions_obtained":[{"floor":1,"key":"ColorlessPotion"},{"floor":10,"key":"SmokeBomb"},{"floor":14,"key":"Regen Potion"},{"floor":18,"key":"Ancient Potion"},{"floor":20,"key":"Energy Potion"},{"floor":27,"key":"FearPotion"}],"is_trial":true,"path_per_floor":["M","?","?","$","?","R","E","?","T","M","R","M","M","E","R","B",null,"M","$","M","?","M","R","$","M","T","M","E","M","E"],"character_chosen":"WATCHER","items_purchased":["Blue Candle","Toxic Egg 2","SandsOfTime","Panacea+1"],"campfire_rested":0,"item_purchase_floors":[4,19,24,24],"current_hp_per_floor":[72,72,54,54,54,54,53,53,53,53,53,53,53,48,48,64,82,64,64,54,60,56,56,56,51,51,33,23,23,0,0],"gold":149,"neow_bonus":"","is_daily":false,"chose_seed":false,"campfire_upgraded":3,"win_rate":0.0,"timestamp":1612708299,"path_taken":["M","?","?","$","?","R","E","?","T","M","R","M","M","E","R","BOSS","M","?","M","?","?","R","$","M","T","M","E","?","E"],"items_purchased_type":["Relic","Relic","Card","Card"],"build_version":"2020-12-22","purchased_purges":0,"victory":false,"max_hp_per_floor":[72,72,72,72,72,72,72,72,72,72,72,72,72,74,74,76,82,82,82,82,88,90,90,90,90,90,92,92,94,94,94],"relic_stats":{"Darkstone Periapt":12,"Regal Pillow":0,"Singing Bowl":10,"counters":[15,51],"Golden Idol":90,"Blue Candle":[11],"CeramicFish":63,"Letter Opener":[10],"Shovel":1,"Sundial":[4],"Turnip":[7],"obtain_stats":[{"Darkstone Periapt":9,"Regal Pillow":23,"Singing Bowl":14,"Golden Idol":3,"Blue Candle":4,"CeramicFish":17,"Letter Opener":21,"Calling Bell":17,"Shovel":17,"Sundial":17,"Turnip":26,"PureWater":0,"Toxic Egg 2":19,"Toy Ornithopter":28,"Pocketwatch":7},{"Darkstone Periapt":2,"Regal Pillow":10,"Singing Bowl":6,"Golden Idol":1,"Blue Candle":1,"CeramicFish":7,"Letter Opener":9,"Calling Bell":7,"Shovel":7,"Sundial":7,"Turnip":11,"PureWater":0,"Toxic Egg 2":8,"Toy Ornithopter":13,"Pocketwatch":2},{"Darkstone Periapt":5,"Regal Pillow":31,"Singing Bowl":13,"Golden Idol":1,"Blue Candle":1,"CeramicFish":20,"Letter Opener":27,"Calling Bell":20,"Shovel":20,"Sundial":20,"Turnip":36,"PureWater":0,"Toxic Egg 2":24,"Toy Ornithopter":46,"Pocketwatch":5}],"Toy Ornithopter":5,"Pocketwatch":[18]},"card_choices":[{"not_picked":["FlyingSleeves"],"picked":"FollowUp","floor":1},{"not_picked":["WreathOfFlame"],"picked":"Consecrate","floor":7},{"not_picked":["PathToVictory"],"picked":"ThirdEye","floor":10},{"not_picked":["BattleHymn","Purity"],"picked":"SKIP","floor":12},{"not_picked":["Conclude"],"picked":"DeceiveReality","floor":13},{"not_picked":["Perseverance","Vengeance"],"picked":"Singing Bowl","floor":14},{"not_picked":["DeusExMachina","DevaForm"],"picked":"Singing Bowl","floor":16},{"not_picked":["PathToVictory"],"picked":"CarveReality","floor":18},{"not_picked":["Consecrate"],"picked":"Protect+1","floor":20},{"not_picked":["Halt+1","EmptyBody+1"],"picked":"Singing Bowl","floor":22},{"not_picked":["CrushJoints"],"picked":"ThirdEye+1","floor":25},{"not_picked":["Evaluate+1","PathToVictory+1"],"picked":"Singing Bowl","floor":27},{"not_picked":["WheelKick"],"picked":"Fasting2+1","floor":28},{"not_picked":["WheelKick","Crescendo+1"],"picked":"Singing Bowl","floor":29}],"player_experience":1264410,"relics_obtained":[{"floor":7,"key":"Pocketwatch"},{"floor":9,"key":"Darkstone Periapt"},{"floor":14,"key":"Singing Bowl"},{"floor":17,"key":"CeramicFish"},{"floor":17,"key":"Sundial"},{"floor":17,"key":"Shovel"},{"floor":23,"key":"Regal Pillow"},{"floor":26,"key":"Turnip"},{"floor":28,"key":"Toy Ornithopter"}],"event_choices":[{"damage_healed":0,"gold_gain":175,"player_choice":"AGREE","damage_taken":0,"max_hp_gain":0,"max_hp_loss":0,"event_name":"Liars Game","floor":2,"gold_loss":0,"cards_obtained":["Doubt"]},{"damage_healed":0,"gold_gain":0,"player_choice":"Take Damage","damage_taken":18,"relics_obtained":["Golden Idol"],"max_hp_gain":0,"max_hp_loss":0,"event_name":"Golden Idol","floor":3,"gold_loss":0},{"damage_healed":0,"gold_gain":0,"player_choice":"Grow","damage_taken":0,"max_hp_gain":0,"max_hp_loss":0,"event_name":"Living Wall","floor":5,"gold_loss":0,"cards_upgraded":["TalkToTheHand"]},{"damage_healed":0,"gold_gain":0,"player_choice":"Ignored","damage_taken":0,"max_hp_gain":0,"max_hp_loss":0,"event_name":"Purifier","floor":8,"gold_loss":0},{"damage_healed":0,"gold_gain":0,"player_choice":"Stole Relic","damage_taken":0,"relics_obtained":["Letter Opener"],"max_hp_gain":0,"max_hp_loss":0,"event_name":"Addict","floor":21,"gold_loss":0,"cards_obtained":["Shame"]}],"is_beta":false,"boss_relics":[{"not_picked":["SacredBark","SlaversCollar"],"picked":"Calling Bell"}],"items_purged_floors":[],"is_endless":false,"potions_floor_spawned":[1,10,14,18,20,25,27],"killed_by":"Slavers","ascension_level":0}}