{"host":"ewe4oe702q4ujr6i","time":1612719888,"event":{"mods":["BaseMod","Colored Map","Colored Powertips","DeckTracker","Minty Spire (QoL Compilation)","SuperFastMode"],"gold_per_floor":[109,284,295,310,260,260,273,273,298,319,56,80,101,126,126,229,229,258,89,98,23,43,70,83,120,120,220,220,240,240,253,253,356,356,376,287,287,44,53,95,117,147,159,182,206,218,230,230],"floor_reached":47,"language":"KOR","playtime":4801,"items_purged":["Decay","Strike_P","Defend_P","Defend_P"],"score":675,"play_id":"73c24d86-4cc0-43a2-9232-15bb65a8fde4","local_time":"20210208024448","is_ascension_mode":false,"campfire_choices":[{"data":"Eruption","floor":6,"key":"SMITH"},{"data":"MentalFortress","floor":8,"key":"SMITH"},{"data":"Tantrum","floor":15,"key":"SMITH"},{"data":"Wallop","floor":28,"key":"SMITH"},{"data":"ThirdEye","floor":30,"key":"SMITH"},{"data":"FlurryOfBlows","floor":32,"key":"SMITH"},{"floor":46,"key":"REST"}],"circlet_count":0,"master_deck":["Strike_P","Strike_P","Defend_P","Defend_P","Eruption+1","Vigilance","Evaluate","MentalFortress+1","FlurryOfBlows+1","DeusExMachina","FlurryOfBlows","Tantrum+1","ThirdEye+1","Necronomicurse","Wallop+1","FlurryOfBlows+1","ClearTheMind","Vengeance","Wallop+1","Adaptation+1","Master of Strategy","Flash of Steel","FlurryOfBlows","Wallop"],"relics":["PureWater","Thread and Needle","CeramicFish","Membership Card","Vajra","Orichalcum","Bag of Marbles","SlaversCollar","Letter Opener","Necronomicon","Frozen Egg 2","Unceasing Top","Singing Bowl","Turnip","Question Card","VioletLotus","DollysMirror","Akabeko","MawBank"],"acts_visited":["Exordium","TheCity","TheBeyond"],"potions_floor_usage":[25,27,42,42,44,44,44,47,47],"damage_taken":[{"damage":0,"enemies":"2 Louse","floor":1,"turns":2},{"damage":3,"enemies":"Jaw Worm","floor":3,"turns":4},{"damage":1,"enemies":"Small Slimes","floor":4,"turns":4},{"damage":3,"enemies":"3 Louse","floor":7,"turns":3},{"damage":5,"enemies":"Blue Slaver","floor":10,"turns":2},{"damage":0,"enemies":"Looter","floor":13,"turns":4},{"damage":0,"enemies":"Gremlin Nob","floor":14,"turns":2},{"damage":0,"enemies":"Slime Boss","floor":16,"turns":6},{"damage":0,"enemies":"3 Byrds","floor":18,"turns":4},{"damage":0,"enemies":"Chosen","floor":22,"turns":3},{"damage":2,"enemies":"Gremlin Leader","floor":23,"turns":5},{"damage":3,"enemies":"Shelled Parasite and Fungi","floor":24,"turns":3},{"damage":0,"enemies":"Book of Stabbing","floor":25,"turns":4},{"damage":0,"enemies":"Colosseum Slavers","floor":27,"turns":1},{"damage":0,"enemies":"Colosseum Nobs","floor":27,"turns":3},{"damage":0,"enemies":"Centurion and Healer","floor":29,"turns":3},{"damage":0,"enemies":"Chosen and Byrds","floor":31,"turns":6},{"damage":10,"enemies":"Automaton","floor":33,"turns":8},{"damage":0,"enemies":"3 Darklings","floor":35,"turns":4},{"damage":5,"enemies":"Giant Head","floor":40,"turns":6},{"damage":0,"enemies":"Orb Walker","floor":41,"turns":1},{"damage":38,"enemies":"Nemesis","floor":42,"turns":3},{"damage":0,"enemies":"3 Darklings","floor":44,"turns":4},{"damage":28,"enemies":"Jaw Worm Horde","floor":45,"turns":4},{"damage":41,"enemies":"Transient","floor":47,"turns":3}],"seed_played":"-4147978016603798744","potions_obtained":[{"floor":1,"key":"DistilledChaos"},{"floor":3,"key":"FearPotion"},{"floor":7,"key":"CultistPotion"},{"floor":14,"key":"ColorlessPotion"},{"floor":16,"key":"CultistPotion"},{"floor":18,"key":"FairyPotion"},{"floor":27,"key":"Regen Potion"},{"floor":35,"key":"SkillPotion"},{"floor":40,"key":"EntropicBrew"},{"floor":42,"key":"Weak Potion"}],"is_trial":false,"path_per_floor":["M","?","M","M","?","R","M","R","T","M","$","T","M","E","R","B",null,"M","$","?","?","M","E","M","E","T","?","R","M","R","M","R","B",null,"M","$","?","$","?","E","M","E","T","M","M","R","M"],"character_chosen":"WATCHER","items_purchased":["Membership Card","Vajra","Letter Opener","Vengeance","DollysMirror","Adaptation+1","Master of Strategy"],"campfire_rested":1,"item_purchase_floors":[11,11,19,36,38,38,38],"current_hp_per_floor":[72,72,69,68,68,68,65,65,65,60,60,60,60,60,60,60,72,72,72,56,56,56,54,51,51,51,53,53,53,53,55,55,47,78,80,80,76,76,76,71,71,40,40,42,16,40,0,0],"gold":230,"neow_bonus":"ONE_RARE_RELIC","is_daily":false,"chose_seed":false,"campfire_upgraded":6,"win_rate":0.0,"timestamp":1612719888,"path_taken":["M","?","M","M","?","R","M","R","T","M","$","?","M","E","R","BOSS","M","$","?","?","M","E","M","E","T","?","R","M","R","M","R","BOSS","M","$","?","$","?","E","M","E","T","M","M","R","M"],"items_purchased_type":["Relic","Relic","Relic","Card","Relic","Card","Card"],"build_version":"2020-12-22","purchased_purges":4,"victory":false,"max_hp_per_floor":[72,72,72,72,72,72,72,72,72,72,72,72,72,72,72,72,72,72,72,72,72,72,72,72,72,72,74,74,74,74,76,76,78,78,80,80,76,76,76,76,76,78,78,80,82,82,82,82],"card_choices":[{"not_picked":["Consecrate","Collect"],"picked":"Evaluate","floor":1},{"not_picked":["Fasting2","FollowUp"],"picked":"MentalFortress","floor":3},{"not_picked":["ClearTheMind","Evaluate"],"picked":"FlurryOfBlows","floor":4},{"not_picked":["CrushJoints","Meditate"],"picked":"DeusExMachina","floor":7},{"not_picked":["DeceiveReality","Adaptation"],"picked":"FlurryOfBlows","floor":10},{"not_picked":["Sanctity","CrushJoints"],"picked":"Tantrum","floor":13},{"not_picked":["Protect","Wallop","Fasting2"],"picked":"SKIP","floor":14},{"not_picked":["JustLucky","CutThroughFate"],"picked":"ThirdEye","floor":18},{"not_picked":["FollowUp+1","EmptyBody"],"picked":"Wallop","floor":22},{"not_picked":["Halt","SashWhip","Scrawl"],"picked":"SKIP","floor":23},{"not_picked":["EmptyBody","Vengeance","BowlingBash"],"picked":"SKIP","floor":24},{"not_picked":["Prostrate","Protect"],"picked":"FlurryOfBlows+1","floor":25},{"not_picked":["WreathOfFlame+1","JustLucky","CrushJoints"],"picked":"Singing Bowl","floor":27},{"not_picked":["WreathOfFlame","Halt+1","Indignation"],"picked":"ClearTheMind","floor":29},{"not_picked":["WindmillStrike","ThirdEye+1","Scrawl","SashWhip"],"picked":"Singing Bowl","floor":31},{"not_picked":["LessonLearned","MasterReality+1","Brilliance","Ragnarok"],"picked":"Singing Bowl","floor":33},{"not_picked":["Weave","ThirdEye","Worship","Consecrate+1"],"picked":"Singing Bowl","floor":35},{"not_picked":["Magnetism+1","Enlightenment","Dramatic Entrance"],"picked":"Flash of Steel","floor":39},{"not_picked":["Wireheading+1","PathToVictory","SpiritShield"],"picked":"FlurryOfBlows","floor":40},{"not_picked":["ReachHeaven","CrushJoints+1","Consecrate+1"],"picked":"Wallop","floor":41},{"not_picked":["BowlingBash+1","Consecrate+1","Crescendo+1","FearNoEvil+1"],"picked":"Singing Bowl","floor":42},{"not_picked":["InnerPeace","Protect","Meditate+1","SandsOfTime"],"picked":"Singing Bowl","floor":44},{"not_picked":["Collect","EmptyBody","Indignation","JustLucky+1"],"picked":"Singing Bowl","floor":45}],"player_experience":206886,"relics_obtained":[{"floor":9,"key":"CeramicFish"},{"floor":12,"key":"Orichalcum"},{"floor":14,"key":"Bag of Marbles"},{"floor":20,"key":"Necronomicon"},{"floor":23,"key":"Frozen Egg 2"},{"floor":25,"key":"Unceasing Top"},{"floor":26,"key":"Singing Bowl"},{"floor":27,"key":"Turnip"},{"floor":27,"key":"Question Card"},{"floor":40,"key":"Akabeko"},{"floor":42,"key":"MawBank"}],"event_choices":[{"damage_healed":0,"gold_gain":175,"player_choice":"AGREE","damage_taken":0,"max_hp_gain":0,"max_hp_loss":0,"event_name":"Liars Game","floor":2,"gold_loss":0,"cards_obtained":["Doubt"]},{"cards_removed":["Doubt"],"damage_healed":0,"gold_gain":0,"player_choice":"Card Removal","damage_taken":0,"max_hp_gain":0,"max_hp_loss":0,"event_name":"The Cleric","floor":5,"gold_loss":50},{"damage_healed":0,"gold_gain":0,"player_choice":"Obtained Book","damage_taken":16,"max_hp_gain":0,"max_hp_loss":0,"event_name":"Cursed Tome","floor":20,"gold_loss":0},{"cards_removed":["Strike_P"],"damage_healed":0,"gold_gain":0,"player_choice":"Gave Gold","damage_taken":0,"max_hp_gain":0,"max_hp_loss":0,"event_name":"Beggar","floor":21,"gold_loss":75},{"damage_healed":0,"gold_gain":0,"player_choice":"Fight","damage_taken":0,"max_hp_gain":0,"max_hp_loss":0,"event_name":"Colosseum","floor":27,"gold_loss":0},{"damage_healed":0,"gold_gain":0,"player_choice":"Fought Nobs","damage_taken":0,"max_hp_gain":0,"max_hp_loss":0,"event_name":"Colosseum","floor":27,"gold_loss":0},{"damage_healed":0,"gold_gain":0,"player_choice":"Max HP","damage_taken":0,"max_hp_gain":0,"max_hp_loss":4,"event_name":"Winding Halls","floor":37,"gold_loss":0},{"damage_healed":0,"gold_gain":0,"player_choice":"Memory 1","damage_taken":0,"max_hp_gain":0,"max_hp_loss":0,"event_name":"SensoryStone","floor":39,"gold_loss":0}],"is_beta":false,"boss_relics":[{"not_picked":["Coffee Dripper","HolyWater"],"picked":"SlaversCollar"},{"not_picked":["Astrolabe","Fusion Hammer"],"picked":"VioletLotus"}],"items_purged_floors":[11,19,36,38],"is_endless":false,"potions_floor_spawned":[1,3,7,14,16,18,23,24,27,27,35,40,42],"killed_by":"Transient","ascension_level":0}}