{"host":"0t49mrxx90xkfqmj","time":1612657281,"event":{"mods":["AchievementEnabler","BaseMod","Colored Map","Colored Powertips","Minty Spire (QoL Compilation)","Relic Stats","Synergy Search"],"gold_per_floor":[119,133,143,162,179,205,205,234,259,294,294,294,319,164,164,262,262,277,295,60,60,78,78,106,106,133,148,182,197,229,249,249,354,354,374,153,153,166,183,212,212,244,296,296,329,329,349,349,349,349,349],"floor_reached":50,"language":"ENG","playtime":6485,"items_purged":["Strike_G","Strike_G","Strike_G"],"score":746,"play_id":"23449597-527d-42ff-8dc4-f6b03e4eb0e4","local_time":"20210207022121","is_ascension_mode":true,"campfire_choices":[{"data":"Accuracy","floor":7,"key":"SMITH"},{"data":"Blade Dance","floor":12,"key":"SMITH"},{"data":"Blade Dance","floor":15,"key":"SMITH"},{"data":"Accuracy","floor":23,"key":"SMITH"},{"floor":32,"key":"REST"},{"floor":41,"key":"RECALL"},{"data":"Footwork","floor":49,"key":"SMITH"}],"circlet_count":0,"master_deck":["Strike_G","Defend_G","Defend_G","Defend_G","Defend_G","Defend_G","Survivor","Neutralize","Poisoned Stab","Poisoned Stab","Deadly Poison","Deadly Poison","Accuracy+1","Blade Dance+1","Blade Dance+1","Footwork+1","After Image","Prepared","Calculated Gamble","Accuracy+1","Blade Dance","Terror+1","PiercingWail","Infinite Blades+1","Blade Dance","Phantasmal Killer","Prepared+1","Well Laid Plans+1","Blade Dance","Blade Dance","Infinite Blades","Madness","Madness","Infinite Blades+1","Infinite Blades","Deep Breath"],"relics":["Ring of the Snake","Paper Crane","HornCleat","Blood Vial","Boot","Odd Mushroom","WristBlade","Juzu Bracelet","Happy Flower","Ancient Tea Set","Coffee Dripper","Art of War","Darkstone Periapt","Vajra","PreservedInsect","Oddly Smooth Stone"],"acts_visited":["Exordium","TheCity","TheBeyond"],"potions_floor_usage":[5,8,13,30,33,40,42,44],"damage_taken":[{"damage":0,"enemies":"2 Louse","floor":1,"turns":4},{"damage":0,"enemies":"Small Slimes","floor":2,"turns":3},{"damage":0,"enemies":"Jaw Worm","floor":3,"turns":6},{"damage":1,"enemies":"Looter","floor":4,"turns":3},{"damage":3,"enemies":"3 Louse","floor":5,"turns":4},{"damage":21,"enemies":"3 Sentries","floor":6,"turns":12},{"damage":18,"enemies":"Lagavulin","floor":8,"turns":5},{"damage":5,"enemies":"3 Sentries","floor":10,"turns":8},{"damage":1,"enemies":"The Mushroom Lair","floor":13,"turns":3},{"damage":7,"enemies":"The Guardian","floor":16,"turns":9},{"damage":0,"enemies":"3 Byrds","floor":18,"turns":4},{"damage":6,"enemies":"2 Thieves","floor":19,"turns":4},{"damage":0,"enemies":"Centurion and Healer","floor":22,"turns":3},{"damage":4,"enemies":"Book of Stabbing","floor":24,"turns":4},{"damage":21,"enemies":"Shelled Parasite and Fungi","floor":27,"turns":3},{"damage":56,"enemies":"Slavers","floor":28,"turns":5},{"damage":0,"enemies":"Snecko","floor":29,"turns":2},{"damage":21,"enemies":"Gremlin Leader","floor":30,"turns":6},{"damage":0,"enemies":"3 Cultists","floor":31,"turns":4},{"damage":22,"enemies":"Collector","floor":33,"turns":4},{"damage":0,"enemies":"Orb Walker","floor":35,"turns":3},{"damage":0,"enemies":"3 Darklings","floor":38,"turns":3},{"damage":6,"enemies":"Jaw Worm Horde","floor":39,"turns":4},{"damage":19,"enemies":"Nemesis","floor":40,"turns":4},{"damage":1,"enemies":"Reptomancer","floor":42,"turns":3},{"damage":0,"enemies":"2 Orb Walkers","floor":44,"turns":1},{"damage":21,"enemies":"Giant Head","floor":45,"turns":4},{"damage":3,"enemies":"4 Shapes","floor":47,"turns":6},{"damage":51,"enemies":"Time Eater","floor":50,"turns":4}],"seed_played":"4333128355898309888","potions_obtained":[{"floor":3,"key":"Fire Potion"},{"floor":6,"key":"Energy Potion"},{"floor":8,"key":"Strength Potion"},{"floor":10,"key":"FairyPotion"},{"floor":24,"key":"FairyPotion"},{"floor":29,"key":"Explosive Potion"},{"floor":30,"key":"Swift Potion"},{"floor":31,"key":"Fire Potion"},{"floor":33,"key":"Dexterity Potion"},{"floor":40,"key":"Regen Potion"},{"floor":42,"key":"SmokeBomb"},{"floor":47,"key":"Block Potion"}],"is_trial":false,"path_per_floor":["M","M","M","M","M","E","R","E","T","E","?","R","?","$","R","B",null,"M","M","$","?","M","R","E","?","T","M","E","M","E","M","R","B",null,"M","$","?","M","M","E","R","E","T","?","E","?","M","T","R","B"],"character_chosen":"THE_SILENT","items_purchased":["Footwork","Accuracy","Blade Dance","Blade Dance","Infinite Blades"],"campfire_rested":1,"item_purchase_floors":[14,20,20,36,36],"current_hp_per_floor":[77,77,77,76,73,52,52,34,34,31,56,56,57,57,57,52,77,77,71,71,71,73,73,71,57,57,38,17,19,24,26,50,30,82,82,82,72,74,70,53,53,63,63,65,46,46,45,45,45,0,0],"gold":349,"neow_bonus":"TEN_PERCENT_HP_BONUS","is_daily":false,"chose_seed":false,"campfire_upgraded":5,"win_rate":0.0,"timestamp":1612657281,"path_taken":["M","M","M","M","M","E","R","E","T","E","?","R","?","?","R","BOSS","M","M","$","?","M","R","E","?","T","M","E","M","E","M","R","BOSS","M","$","?","M","M","E","R","E","T","?","E","?","M","?","R","BOSS"],"items_purchased_type":["Card","Card","Card","Card","Card"],"build_version":"2020-12-22","purchased_purges":3,"victory":false,"max_hp_per_floor":[77,77,77,77,77,77,77,77,77,77,77,77,77,77,77,77,77,77,77,77,77,77,77,77,82,82,82,82,82,82,82,82,82,82,82,82,82,82,82,82,82,82,82,82,82,82,82,82,82,82,82],"relic_stats":{"Blood Vial":38,"Darkstone Periapt":0,"Happy Flower":[16],"counters":[29,128],"PreservedInsect":0,"Juzu Bracelet":0,"Art of War":[1],"Boot":[109],"obtain_stats":[{"Darkstone Periapt":42,"Happy Flower":28,"Vajra":43,"Oddly Smooth Stone":48,"PreservedInsect":45,"Juzu Bracelet":24,"Paper Crane":6,"Odd Mushroom":13,"Boot":10,"Ancient Tea Set":30,"Blood Vial":9,"HornCleat":8,"WristBlade":17,"Coffee Dripper":34,"Art of War":40,"Ring of the Snake":0},{"Darkstone Periapt":25,"Happy Flower":16,"Vajra":25,"Oddly Smooth Stone":28,"PreservedInsect":27,"Juzu Bracelet":14,"Paper Crane":6,"Odd Mushroom":9,"Boot":8,"Ancient Tea Set":18,"Blood Vial":7,"HornCleat":7,"WristBlade":10,"Coffee Dripper":20,"Art of War":24,"Ring of the Snake":0},{"Darkstone Periapt":113,"Happy Flower":80,"Vajra":113,"Oddly Smooth Stone":124,"PreservedInsect":118,"Juzu Bracelet":72,"Paper Crane":32,"Odd Mushroom":48,"Boot":45,"Ancient Tea Set":88,"Blood Vial":37,"HornCleat":37,"WristBlade":57,"Coffee Dripper":96,"Art of War":110,"Ring of the Snake":0}],"Ring of the Snake":[58]},"card_choices":[{"not_picked":["Quick Slash","Sucker Punch"],"picked":"Poisoned Stab","floor":1},{"not_picked":["Eviscerate","Dagger Spray"],"picked":"Poisoned Stab","floor":2},{"not_picked":["Backflip","Bane"],"picked":"Deadly Poison","floor":3},{"not_picked":["Eviscerate","Venomology"],"picked":"Deadly Poison","floor":4},{"not_picked":["Sucker Punch","Tactician","Dagger Spray"],"picked":"SKIP","floor":5},{"not_picked":["Dodge and Roll","Bane"],"picked":"Accuracy","floor":6},{"not_picked":["Riddle With Holes","Quick Slash"],"picked":"Blade Dance","floor":8},{"not_picked":["Backflip","Outmaneuver"],"picked":"Blade Dance","floor":10},{"not_picked":["Glass Knife","Doppelganger"],"picked":"After Image","floor":16},{"not_picked":["Cloak And Dagger","Distraction"],"picked":"Prepared","floor":18},{"not_picked":["Blur","Backflip"],"picked":"Calculated Gamble","floor":19},{"not_picked":["Noxious Fumes","Dagger Throw+1"],"picked":"Terror+1","floor":22},{"not_picked":["Bouncing Flask+1","Flying Knee"],"picked":"PiercingWail","floor":24},{"not_picked":["Setup","Footwork+1"],"picked":"Infinite Blades+1","floor":27},{"not_picked":["Bane","Masterful Stab"],"picked":"Blade Dance","floor":28},{"not_picked":["Prepared","Outmaneuver"],"picked":"Phantasmal Killer","floor":29},{"not_picked":["Dagger Throw+1","Reflex"],"picked":"Prepared+1","floor":30},{"not_picked":["Crippling Poison+1","Dodge and Roll"],"picked":"Well Laid Plans+1","floor":31},{"not_picked":["Skewer","Bane"],"picked":"Blade Dance","floor":35},{"not_picked":["Dodge and Roll+1","Slice","Flying Knee+1"],"picked":"SKIP","floor":38},{"not_picked":["Deflect+1","Skewer"],"picked":"Infinite Blades+1","floor":39},{"not_picked":["Dagger Spray","Deflect"],"picked":"Infinite Blades","floor":40},{"not_picked":["Heel Hook","Deflect","Backstab+1"],"picked":"SKIP","floor":42},{"not_picked":["Quick Slash","Dagger Spray+1","Acrobatics"],"picked":"SKIP","floor":45},{"not_picked":["Good Instincts","Purity"],"picked":"Deep Breath","floor":46},{"not_picked":["Catalyst","Unload","Deflect+1"],"picked":"SKIP","floor":47}],"player_experience":210675,"relics_obtained":[{"floor":6,"key":"Paper Crane"},{"floor":8,"key":"HornCleat"},{"floor":9,"key":"Blood Vial"},{"floor":10,"key":"Boot"},{"floor":13,"key":"Odd Mushroom"},{"floor":24,"key":"Juzu Bracelet"},{"floor":28,"key":"Happy Flower"},{"floor":30,"key":"Ancient Tea Set"},{"floor":40,"key":"Art of War"},{"floor":42,"key":"Darkstone Periapt"},{"floor":43,"key":"Vajra"},{"floor":45,"key":"PreservedInsect"},{"floor":48,"key":"Oddly Smooth Stone"}],"event_choices":[{"damage_healed":25,"gold_gain":0,"player_choice":"Banana","damage_taken":0,"max_hp_gain":0,"max_hp_loss":0,"event_name":"Big Fish","floor":11,"gold_loss":0},{"damage_healed":0,"gold_gain":0,"player_choice":"Fought Mushrooms","damage_taken":0,"max_hp_gain":0,"max_hp_loss":0,"event_name":"Mushrooms","floor":13,"gold_loss":0},{"cards_removed":["Strike_G"],"damage_healed":0,"gold_gain":0,"player_choice":"Elegance","damage_taken":0,"max_hp_gain":0,"max_hp_loss":0,"event_name":"Back to Basics","floor":21,"gold_loss":0},{"damage_healed":0,"gold_gain":0,"player_choice":"Shed Blood","damage_taken":19,"max_hp_gain":5,"max_hp_loss":0,"event_name":"Forgotten Altar","floor":25,"gold_loss":0},{"damage_healed":0,"gold_gain":0,"player_choice":"Embrace Madness","damage_taken":10,"max_hp_gain":0,"max_hp_loss":0,"event_name":"Winding Halls","floor":37,"gold_loss":0,"cards_obtained":["Madness","Madness"]},{"damage_healed":0,"gold_gain":0,"player_choice":"Fight","damage_taken":0,"max_hp_gain":0,"max_hp_loss":0,"event_name":"Mysterious Sphere","floor":44,"gold_loss":0},{"damage_healed":0,"gold_gain":0,"player_choice":"Memory 1","damage_taken":0,"max_hp_gain":0,"max_hp_loss":0,"event_name":"SensoryStone","floor":46,"gold_loss":0}],"is_beta":false,"boss_relics":[{"not_picked":["SacredBark","Snecko Eye"],"picked":"WristBlade"},{"not_picked":["HoveringKite","Black Star"],"picked":"Coffee Dripper"}],"items_purged_floors":[14,20,36],"is_endless":false,"potions_floor_spawned":[3,6,8,10,24,29,30,31,33,40,42,44,47],"killed_by":"Time Eater","ascension_level":2}}