{"host":"mqhvlr3kpxebko0t","time":1612701269,"event":{"mods":["AchievementEnabler","BaseMod","Colored Map","Colored Powertips","KOR Keyword Fix","Keyboard Shortcuts","Minty Spire (QoL Compilation)","StSLib","SuperFastMode"],"gold_per_floor":[113,38,38,59,59,59,98,98,122,22,22,35,66,82,82,82,82],"floor_reached":16,"language":"KOR","playtime":216,"items_purged":["Strike_R","Strike_R"],"score":266,"play_id":"0e8cd1dc-113d-4b8a-be1a-e7b7789b5dda","local_time":"20210207213429","is_ascension_mode":true,"campfire_choices":[{"data":"Bash","floor":6,"key":"SMITH"},{"data":"Battle Trance","floor":8,"key":"SMITH"},{"data":"Dropkick","floor":11,"key":"SMITH"},{"data":"Double Tap","floor":15,"key":"SMITH"}],"circlet_count":0,"master_deck":["AscendersBane","Strike_R","Strike_R","Defend_R","Defend_R","Defend_R","Defend_R","Bash+1","Dropkick+1","Battle Trance+1","Shrug It Off","Power Through","Double Tap+1"],"relics":["Burning Blood","NeowsBlessing","Golden Idol","PreservedInsect","MealTicket","Blue Candle"],"acts_visited":["Exordium"],"potions_floor_usage":[16],"damage_taken":[{"damage":0,"enemies":"Small Slimes","floor":1,"turns":1},{"damage":0,"enemies":"Cultist","floor":4,"turns":1},{"damage":0,"enemies":"Gremlin Nob","floor":7,"turns":1},{"damage":0,"enemies":"Jaw Worm","floor":12,"turns":3},{"damage":52,"enemies":"3 Sentries","floor":13,"turns":15},{"damage":3,"enemies":"Looter","floor":14,"turns":2},{"damage":47,"enemies":"Hexaghost","floor":16,"turns":9}],"seed_played":"-7645647554985546640","potions_obtained":[{"floor":7,"key":"CultistPotion"},{"floor":13,"key":"Regen Potion"},{"floor":14,"key":"FearPotion"}],"is_trial":false,"path_per_floor":["M","$","?","M","?","R","E","R","T","$","R","M","E","M","R","B"],"character_chosen":"IRONCLAD","items_purchased":[],"campfire_rested":0,"item_purchase_floors":[],"current_hp_per_floor":[74,74,48,54,54,54,60,60,60,75,75,75,29,32,32,0,0],"gold":82,"neow_bonus":"THREE_ENEMY_KILL","is_daily":false,"chose_seed":false,"campfire_upgraded":4,"win_rate":0.0,"timestamp":1612701269,"path_taken":["M","$","?","M","?","R","E","R","T","$","R","?","E","M","R","BOSS"],"items_purchased_type":[],"build_version":"2020-12-22","purchased_purges":2,"victory":false,"max_hp_per_floor":[75,75,75,75,75,75,75,75,75,75,75,75,75,75,75,75,75],"card_choices":[{"not_picked":["Clothesline","Intimidate"],"picked":"Dropkick","floor":1},{"not_picked":["Heavy Blade","Rampage"],"picked":"Battle Trance","floor":4},{"not_picked":["True Grit","Dual Wield"],"picked":"Shrug It Off","floor":7},{"not_picked":["Clash","Sword Boomerang"],"picked":"Power Through","floor":12},{"not_picked":["Havoc","Cleave","Armaments"],"picked":"SKIP","floor":13},{"not_picked":["Reckless Charge","Pommel Strike"],"picked":"Double Tap","floor":14}],"player_experience":694761,"relics_obtained":[{"floor":7,"key":"PreservedInsect"},{"floor":9,"key":"MealTicket"},{"floor":13,"key":"Blue Candle"}],"event_choices":[{"damage_healed":0,"gold_gain":0,"player_choice":"Take Damage","damage_taken":26,"relics_obtained":["Golden Idol"],"max_hp_gain":0,"max_hp_loss":0,"event_name":"Golden Idol","floor":3,"gold_loss":0},{"cards_removed":["Strike_R"],"damage_healed":0,"gold_gain":0,"player_choice":"Offered Basic","damage_taken":0,"max_hp_gain":0,"max_hp_loss":0,"event_name":"Bonfire Elementals","floor":5,"gold_loss":0}],"is_beta":false,"boss_relics":[],"items_purged_floors":[2,10],"is_endless":false,"potions_floor_spawned":[7,13,14],"killed_by":"Hexaghost","ascension_level":20}}