{"host":"0kk91h4bq4kgfj0u","time":1612663604,"event":{"mods":["BaseMod","Block Reminder","Colored Map","Highlight Path","Minty Spire (QoL Compilation)","StSLib"],"gold_per_floor":[110,110,120,133,133,133,158,158,158,158,192,48,74,92,92,193,193,208,208,228,246,258,283,283,303,303,303,303,303,303,11,11,11,11],"floor_reached":33,"language":"ENG","playtime":1244,"items_purged":[],"score":368,"play_id":"ca228e43-4753-4695-8641-7e6e23819cb9","local_time":"20210206210644","is_ascension_mode":true,"campfire_choices":[{"data":"Deflect","floor":6,"key":"SMITH"},{"floor":10,"key":"REST"},{"data":"Neutralize","floor":15,"key":"SMITH"},{"floor":24,"key":"REST"},{"floor":27,"key":"REST"},{"floor":30,"key":"REST"},{"data":"Adrenaline","floor":32,"key":"SMITH"}],"circlet_count":0,"master_deck":["Strike_G","Strike_G","Strike_G","Strike_G","Strike_G","Defend_G","Defend_G","Defend_G","Defend_G","Defend_G","Survivor","Neutralize+1","Deadly Poison","Slice","Deflect+1","Poisoned Stab","Footwork","Quick Slash","Acrobatics","Bane+1","Adrenaline+1","Terror+1","Prepared","Dagger Throw+1","Dodge and Roll","Bullet Time","Predator+1","Escape Plan"],"relics":["Ring of the Serpent","Letter Opener","Mummified Hand","Toy Ornithopter","Lantern","Lee\u0027s Waffle","Molten Egg 2","Tough Bandages","Matryoshka","MutagenicStrength","Incense Burner"],"acts_visited":["Exordium","TheCity"],"potions_floor_usage":[7,7,22,23,33],"damage_taken":[{"damage":0,"enemies":"Jaw Worm","floor":1,"turns":4},{"damage":10,"enemies":"Cultist","floor":3,"turns":4},{"damage":0,"enemies":"Small Slimes","floor":4,"turns":3},{"damage":20,"enemies":"Gremlin Nob","floor":7,"turns":4},{"damage":15,"enemies":"3 Sentries","floor":11,"turns":9},{"damage":18,"enemies":"Lagavulin","floor":13,"turns":6},{"damage":0,"enemies":"2 Fungi Beasts","floor":14,"turns":3},{"damage":45,"enemies":"Slime Boss","floor":16,"turns":11},{"damage":0,"enemies":"Chosen","floor":18,"turns":4},{"damage":9,"enemies":"2 Thieves","floor":20,"turns":3},{"damage":9,"enemies":"Cultist and Chosen","floor":21,"turns":7},{"damage":2,"enemies":"Snecko","floor":22,"turns":5},{"damage":32,"enemies":"Slavers","floor":23,"turns":6},{"damage":31,"enemies":"Chosen and Byrds","floor":25,"turns":6},{"damage":80,"enemies":"Champ","floor":33,"turns":11}],"seed_played":"-6286658742885765193","potions_obtained":[{"floor":2,"key":"Poison Potion"},{"floor":2,"key":"Block Potion"},{"floor":2,"key":"FearPotion"},{"floor":7,"key":"Block Potion"},{"floor":13,"key":"DuplicationPotion"},{"floor":21,"key":"Regen Potion"},{"floor":22,"key":"SpeedPotion"},{"floor":25,"key":"Poison Potion"}],"is_trial":false,"path_per_floor":["M","?","M","M","$","R","E","T","T","R","E","$","E","M","R","B",null,"M","?","M","M","M","E","R","M","T","R","?","?","R","$","R","B"],"character_chosen":"THE_SILENT","items_purchased":["Lee\u0027s Waffle","Incense Burner"],"campfire_rested":4,"item_purchase_floors":[12,31],"current_hp_per_floor":[63,63,53,53,53,53,33,33,33,54,39,77,59,59,59,14,61,61,61,52,43,46,34,57,26,26,49,49,49,72,72,72,0,0],"gold":11,"neow_bonus":"THREE_CARDS","is_daily":false,"chose_seed":false,"campfire_upgraded":3,"win_rate":0.0,"timestamp":1612663604,"path_taken":["M","?","M","?","?","R","E","?","T","R","E","$","E","M","R","BOSS","M","?","M","M","M","E","R","M","T","R","?","?","R","$","R","BOSS"],"items_purchased_type":["Relic","Relic"],"build_version":"2020-12-22","purchased_purges":0,"victory":false,"max_hp_per_floor":[70,70,70,70,70,70,70,70,70,70,70,77,77,77,77,77,77,77,77,77,77,77,77,77,77,77,77,77,77,77,77,77,77,77],"card_choices":[{"not_picked":["Slice","Infinite Blades"],"picked":"Deadly Poison","floor":0},{"not_picked":["Skewer","PiercingWail"],"picked":"Slice","floor":1},{"not_picked":["Eviscerate","Catalyst"],"picked":"Deflect","floor":3},{"not_picked":["Bane","Deadly Poison"],"picked":"Poisoned Stab","floor":4},{"not_picked":["Sucker Punch","Masterful Stab"],"picked":"Footwork","floor":7},{"not_picked":["Sucker Punch","Poisoned Stab"],"picked":"Quick Slash","floor":11},{"not_picked":["Footwork","Well Laid Plans"],"picked":"Acrobatics","floor":13},{"not_picked":["Finisher+1","Dodge and Roll"],"picked":"Bane+1","floor":14},{"not_picked":["Glass Knife+1","After Image"],"picked":"Adrenaline","floor":16},{"not_picked":["Poisoned Stab+1","Backflip"],"picked":"Terror+1","floor":18},{"not_picked":["Poisoned Stab+1","Bane+1"],"picked":"Prepared","floor":20},{"not_picked":["Underhanded Strike+1","Deflect+1"],"picked":"Dagger Throw+1","floor":21},{"not_picked":["Blur","Prepared"],"picked":"Dodge and Roll","floor":22},{"not_picked":["Deflect","Bane+1"],"picked":"Bullet Time","floor":23},{"not_picked":["Deadly Poison+1","Outmaneuver"],"picked":"Predator+1","floor":25}],"player_experience":856447,"relics_obtained":[{"floor":7,"key":"Letter Opener"},{"floor":8,"key":"Mummified Hand"},{"floor":9,"key":"Toy Ornithopter"},{"floor":11,"key":"Lantern"},{"floor":13,"key":"Molten Egg 2"},{"floor":23,"key":"Tough Bandages"},{"floor":26,"key":"Matryoshka"}],"event_choices":[{"damage_healed":0,"gold_gain":0,"player_choice":"Got Potions","damage_taken":0,"max_hp_gain":0,"max_hp_loss":0,"event_name":"Lab","floor":2,"gold_loss":0},{"damage_healed":0,"gold_gain":0,"player_choice":"Ignored","damage_taken":0,"max_hp_gain":0,"max_hp_loss":0,"event_name":"Vampires","floor":19,"gold_loss":0},{"damage_healed":0,"gold_gain":0,"player_choice":"Inject Mutagens","damage_taken":0,"relics_obtained":["MutagenicStrength"],"max_hp_gain":0,"max_hp_loss":0,"event_name":"Drug Dealer","floor":28,"gold_loss":0},{"damage_healed":0,"gold_gain":0,"player_choice":"Read","damage_taken":0,"max_hp_gain":0,"max_hp_loss":0,"event_name":"The Library","floor":29,"gold_loss":0,"cards_obtained":["Escape Plan"]}],"is_beta":false,"boss_relics":[{"not_picked":["Empty Cage","Busted Crown"],"picked":"Ring of the Serpent"}],"items_purged_floors":[],"is_endless":false,"potions_floor_spawned":[7,13,14,21,22,25],"killed_by":"Champ","ascension_level":6}}