{"host":"ln76an1o32p2wxtf","time":1612685614,"event":{"mods":["AchievementEnabler","Act Like it!","BaseMod","BetterRewards","Colored Powertips","Energized Spire","GifTheSpireLib","Infinite Spire","Minty Spire (QoL Compilation)","Shop Mod","StSLib","Yuri Mod"],"gold_per_floor":[115,134,134,147,164,190,45,73,122,165,213,258,78,112,112,244,244,308,308,308,350,350,416,416,445,523,570,636,680,741,741,741,868,868,917,311,311,496,545,619,619,396,421,421,471,471,522,591,591,731,731,756,756,774,724,724,750,750,575,602,672,672,706,755,793,793,902,902,919,919,929,955,755,814,842,842,869,869,889,1046,1069,1104,1104,1226,1226,1253,1274,1274,1274,1278,1299,1311,1341,1353,1365,1377,1389,1452,1499,1511,1636,1711,1735,1753,1778,1790,1802,1814,1874,1929,1941,1961,2011,2039,2047,2234,2246,2372,2384,2389,2401,2413,2395,2413,2470,2523,2569,2632,2660,2707,2719,2731,2797,2809,2925,2937,2960,2972,3020,3062,3088,3100,3122,3134,3220,3266,3288,3316,3354,3383,3395,3531,3543,3543],"floor_reached":153,"language":"ENG","playtime":19485,"items_purged":["yuri:yuriDefend","yuri:yuriStab","yuri:yuriStrike","yuri:RepairCode","yuri:yuriStrike","yuri:yuriDefend","yuri:BookPurple+1","Jack Of All Trades"],"score":4045,"play_id":"1a5beec2-f22c-428e-b64a-d2126195f0ca","local_time":"20210207161334","is_ascension_mode":true,"campfire_choices":[{"floor":15.0,"key":"REST"},{"floor":24.0,"key":"RECALL"},{"data":"yuri:Oolong","floor":32.0,"key":"SMITH"},{"data":"yuri:JumpScare","floor":41.0,"key":"PURGE"},{"data":"yuri:yuriDefend","floor":44.0,"key":"PURGE"},{"data":"yuri:yuriStrike","floor":46.0,"key":"PURGE"},{"data":"yuri:yuriStrike","floor":49.0,"key":"PURGE"},{"data":"yuri:yuriQuickStrike","floor":66.0,"key":"PURGE"},{"floor":78.0,"key":"DIG"},{"data":"yuri:yuriQuickStrike","floor":83.0,"key":"PURGE"},{"floor":92.0,"key":"DIG"},{"floor":100.0,"key":"DIG"},{"floor":108.0,"key":"DIG"},{"floor":117.0,"key":"DIG"},{"floor":134.0,"key":"DIG"},{"floor":142.0,"key":"DIG"},{"floor":144.0,"key":"DIG"},{"floor":151.0,"key":"DIG"}],"circlet_count":0,"master_deck":["yuri:Oolong+1","yuri:BookGreen","yuri:ArmBrace","yuri:BookGreen","yuri:StealPen","yuri:StealPen","yuri:BookGreen","yuri:BookRed","infinitespire:Collect","infinitespire:TheBestDefense","yuri:ArmBrace+1","yuri:BookGreen","Panache","Apotheosis+1","infinitespire:Fortify","yuri:BookGreen","infinitespire:Punishment","yuri:JumpScare","infinitespire:Oblivion+1","yuri:BookRed+1","yuri:BookGreen+1","yuri:BookBlue+1","yuri:NoEscape","yuri:BookRed","yuri:NerfBat","infinitespire:UltimateForm","infinitespire:TheBestDefense+1","infinitespire:Menacing+1"],"relics":["Burning Blood","infinitespire:Joker Card","Shuriken","Mercury Hourglass","Busted Crown","Potion Belt","Kunai","infinitespire:Bottled Soul","TungstenRod","energizedSpire:MagnifyingGlass","Peace Pipe","Lizard Tail","yuri:GlassOfWater","Lantern","Omamori","Fusion Hammer","Ornamental Fan","Blue Candle","infinitespire:Cubic Diamond","Bronze Scales","Anchor","Golden Idol","PreservedInsect","Philosopher\u0027s Stone","Nloth\u0027s Gift","Shovel","Toy Ornithopter","Oddly Smooth Stone","Boot","Dead Branch","Meat on the Bone","Bird Faced Urn","energizedSpire:StickyHand","MawBank","Vajra","CaptainsWheel","InkBottle","yuri:BookOfBooks","Dream Catcher","Centennial Puzzle","infinitespire:Satchel","Tiny House","Strawberry","HornCleat","infinitespire:Midas Blood","Smiling Mask","infinitespire:FocusingShard","Empty Cage","MealTicket","Ancient Tea Set","Nunchaku","infinitespire:PuzzleCube","infinitespire:Beetle Shell","Toxic Egg 2","Regal Pillow","infinitespire:Magic Flask","Runic Pyramid","Art of War","WingedGreaves","Akabeko","yuri:PortableGlitches","Orichalcum","Darkstone Periapt","Bag of Preparation","infinitespire:CursedDice","yuri:GlitchPowder","Cursed Key"],"acts_visited":["Exordium","TheCity","TheBeyond","TheCity","TheBeyond","Exordium","TheCity","TheBeyond"],"potions_floor_usage":[],"damage_taken":[{"damage":7.0,"enemies":"Jaw Worm","floor":1.0,"turns":5.0},{"damage":2.0,"enemies":"2 Louse","floor":2.0,"turns":2.0},{"damage":5.0,"enemies":"Small Slimes","floor":4.0,"turns":3.0},{"damage":9.0,"enemies":"Blue Slaver","floor":5.0,"turns":3.0},{"damage":29.0,"enemies":"Gremlin Nob","floor":6.0,"turns":4.0},{"damage":23.0,"enemies":"3 Sentries","floor":8.0,"turns":6.0},{"damage":14.0,"enemies":"Lagavulin","floor":10.0,"turns":6.0},{"damage":15.0,"enemies":"Red Slaver","floor":11.0,"turns":4.0},{"damage":3.0,"enemies":"Large Slime","floor":12.0,"turns":4.0},{"damage":4.0,"enemies":"3 Louse","floor":14.0,"turns":5.0},{"damage":37.0,"enemies":"The Guardian","floor":16.0,"turns":15.0},{"damage":45.0,"enemies":"Spheric Guardian","floor":18.0,"turns":8.0},{"damage":22.0,"enemies":"Chosen","floor":21.0,"turns":6.0},{"damage":17.0,"enemies":"Gremlin Leader","floor":23.0,"turns":7.0},{"damage":4.0,"enemies":"Centurion and Healer","floor":25.0,"turns":5.0},{"damage":11.0,"enemies":"Snake Plant","floor":27.0,"turns":5.0},{"damage":10.0,"enemies":"Nightmare","floor":28.0,"turns":10.0},{"damage":24.0,"enemies":"Chosen and Byrds","floor":29.0,"turns":8.0},{"damage":40.0,"enemies":"Gremlin Leader","floor":30.0,"turns":10.0},{"damage":52.0,"enemies":"Collector","floor":33.0,"turns":10.0},{"damage":20.0,"enemies":"Orb Walker","floor":35.0,"turns":5.0},{"damage":35.0,"enemies":"infinitespire:Three Voidlings","floor":38.0,"turns":6.0},{"damage":27.0,"enemies":"Nightmare_Alpha","floor":38.0,"turns":12.0},{"damage":2.0,"enemies":"3 Shapes","floor":39.0,"turns":8.0},{"damage":46.0,"enemies":"Nemesis","floor":40.0,"turns":9.0},{"damage":0.0,"enemies":"Transient","floor":45.0,"turns":5.0},{"damage":0.0,"enemies":"Sphere and 2 Shapes","floor":47.0,"turns":5.0},{"damage":7.0,"enemies":"Giant Head","floor":48.0,"turns":7.0},{"damage":18.0,"enemies":"infinitespire:MassOfShapes","floor":50.0,"turns":14.0},{"damage":0.0,"enemies":"Cultist","floor":52.0,"turns":4.0},{"damage":14.0,"enemies":"Jaw Worm","floor":54.0,"turns":4.0},{"damage":39.0,"enemies":"Gremlin Nob","floor":57.0,"turns":4.0},{"damage":13.0,"enemies":"3 Sentries","floor":61.0,"turns":4.0},{"damage":0.0,"enemies":"Lagavulin","floor":63.0,"turns":5.0},{"damage":3.0,"enemies":"2 Louse","floor":64.0,"turns":2.0},{"damage":11.0,"enemies":"Exordium Wildlife","floor":65.0,"turns":4.0},{"damage":0.0,"enemies":"Slime Boss","floor":67.0,"turns":6.0},{"damage":40.0,"enemies":"Shell Parasite","floor":69.0,"turns":6.0},{"damage":11.0,"enemies":"Chosen","floor":71.0,"turns":6.0},{"damage":69.0,"enemies":"Snake Plant","floor":72.0,"turns":5.0},{"damage":68.0,"enemies":"Slavers","floor":74.0,"turns":4.0},{"damage":0.0,"enemies":"Centurion and Healer","floor":75.0,"turns":3.0},{"damage":33.0,"enemies":"Gremlin Leader","floor":79.0,"turns":3.0},{"damage":18.0,"enemies":"Colosseum Slavers","floor":80.0,"turns":4.0},{"damage":0.0,"enemies":"Colosseum Nobs","floor":80.0,"turns":3.0},{"damage":14.0,"enemies":"Nightmare_Alpha","floor":81.0,"turns":8.0},{"damage":2.0,"enemies":"Chosen and Byrds","floor":82.0,"turns":3.0},{"damage":12.0,"enemies":"Champ","floor":84.0,"turns":9.0},{"damage":0.0,"enemies":"3 Shapes","floor":86.0,"turns":4.0},{"damage":25.0,"enemies":"3 Darklings","floor":87.0,"turns":5.0},{"damage":0.0,"enemies":"Maw","floor":90.0,"turns":8.0},{"damage":102.0,"enemies":"Nemesis","floor":91.0,"turns":9.0},{"damage":33.0,"enemies":"Nightmare_Alpha","floor":93.0,"turns":7.0},{"damage":7.0,"enemies":"Transient","floor":97.0,"turns":5.0},{"damage":0.0,"enemies":"Nemesis","floor":99.0,"turns":5.0},{"damage":44.0,"enemies":"infinitespire:MassOfShapes","floor":101.0,"turns":6.0},{"damage":0.0,"enemies":"2 Louse","floor":103.0,"turns":2.0},{"damage":0.0,"enemies":"Small Slimes","floor":104.0,"turns":2.0},{"damage":0.0,"enemies":"Cultist","floor":105.0,"turns":2.0},{"damage":8.0,"enemies":"2 Fungi Beasts","floor":109.0,"turns":3.0},{"damage":13.0,"enemies":"3 Sentries","floor":110.0,"turns":4.0},{"damage":0.0,"enemies":"Looter","floor":112.0,"turns":1.0},{"damage":0.0,"enemies":"Gremlin Nob","floor":113.0,"turns":2.0},{"damage":0.0,"enemies":"Exordium Thugs","floor":114.0,"turns":1.0},{"damage":0.0,"enemies":"Large Slime","floor":115.0,"turns":4.0},{"damage":0.0,"enemies":"The Guardian","floor":118.0,"turns":4.0},{"damage":0.0,"enemies":"Spheric Guardian","floor":120.0,"turns":2.0},{"damage":18.0,"enemies":"2 Thieves","floor":123.0,"turns":3.0},{"damage":18.0,"enemies":"Shelled Parasite and Fungi","floor":124.0,"turns":4.0},{"damage":78.0,"enemies":"Gremlin Leader","floor":125.0,"turns":4.0},{"damage":0.0,"enemies":"Snecko","floor":126.0,"turns":5.0},{"damage":39.0,"enemies":"Book of Stabbing","floor":127.0,"turns":4.0},{"damage":35.0,"enemies":"Snake Plant","floor":129.0,"turns":2.0},{"damage":13.0,"enemies":"Nightmare","floor":130.0,"turns":6.0},{"damage":0.0,"enemies":"Book of Stabbing","floor":133.0,"turns":5.0},{"damage":0.0,"enemies":"Champ","floor":135.0,"turns":6.0},{"damage":0.0,"enemies":"Orb Walker","floor":137.0,"turns":3.0},{"damage":5.0,"enemies":"3 Shapes","floor":139.0,"turns":3.0},{"damage":4.0,"enemies":"Sphere and 2 Shapes","floor":140.0,"turns":4.0},{"damage":3.0,"enemies":"4 Shapes","floor":141.0,"turns":4.0},{"damage":0.0,"enemies":"Nightmare","floor":143.0,"turns":6.0},{"damage":90.0,"enemies":"Reptomancer","floor":146.0,"turns":5.0},{"damage":0.0,"enemies":"Giant Head","floor":147.0,"turns":7.0},{"damage":64.0,"enemies":"3 Darklings","floor":148.0,"turns":5.0},{"damage":84.0,"enemies":"Nemesis","floor":149.0,"turns":5.0},{"damage":0.0,"enemies":"Reptomancer","floor":150.0,"turns":5.0},{"damage":0.0,"enemies":"infinitespire:LordOfFortification","floor":152.0,"turns":1.0}],"seed_played":"2021980282433405646","potions_obtained":[{"floor":1.0,"key":"LiquidMemories"},{"floor":4.0,"key":"Block Potion"},{"floor":10.0,"key":"EssenceOfSteel"},{"floor":16.0,"key":"DuplicationPotion"},{"floor":18.0,"key":"PowerPotion"},{"floor":23.0,"key":"SmokeBomb"},{"floor":25.0,"key":"SkillPotion"},{"floor":30.0,"key":"BlessingOfTheForge"},{"floor":33.0,"key":"AttackPotion"},{"floor":40.0,"key":"Explosive Potion"},{"floor":52.0,"key":"EssenceOfSteel"},{"floor":97.0,"key":"SmokeBomb"},{"floor":102.0,"key":"GamblersBrew"},{"floor":104.0,"key":"DuplicationPotion"},{"floor":133.0,"key":"EntropicBrew"}],"is_trial":false,"path_per_floor":["M","M","?","M","M","E","$","E","T","E","M","M","$","M","R","B",null,"M","?","AVR","M","?","E","R","M","T","M","NM","M","E","?","R","B",null,"M","$","?","?","M","E","R","$","T","R","M","R","M","E","R","B",null,"M","AVR","M","?","?","E","?","$","T","E","?","E","M","M","R","B",null,"M","?","M","M","$","E","M","?","T","R","E","?","NM","M","R","B",null,"M","M","?","?","M","E","R","NM","T","?","AVR","M","T","E","R","B",null,"M","M","M","$","?","R","M","E","T","M","E","M","M","?","R","B",null,"M","?","?","M","M","E","M","E","T","M","NM","$","AVR","E","R","B",null,"M","?","M","M","M","R","NM","R","T","E","E","M","E","E","R","B",null],"character_chosen":"YURI","items_purchased":["yuri:BookGreen","yuri:BookGreen","Panache","Peace Pipe","yuri:BookGreen"],"campfire_rested":1,"item_purchase_floors":[7,13,36,36,42],"current_hp_per_floor":[69,71,76,75,66,41,41,22,22,19,8,9,9,9,34,11,84,49,33,33,31,31,31,31,46,46,48,58,50,42,42,42,34,87,70,70,61,87,85,69,69,69,69,69,87,87,87,87,87,87,87,87,87,76,76,67,57,57,57,57,79,59,87,87,85,85,87,87,79,79,87,47,47,50,78,78,78,78,87,87,87,87,87,87,87,87,87,78,78,87,41,41,65,65,87,87,87,87,87,87,87,92,92,92,92,92,86,93,99,97,97,97,97,97,97,97,97,97,97,97,97,97,97,97,79,97,97,97,97,97,97,97,97,97,97,97,97,97,97,97,97,97,97,97,97,97,97,97,70,97,97,97,97,97],"gold":3543,"neow_bonus":"ONE_RARE_RELIC","is_daily":false,"chose_seed":false,"campfire_upgraded":1,"win_rate":0.0,"timestamp":1612685614,"path_taken":["M","M","?","M","M","E","$","E","T","E","M","M","$","M","R","BOSS","M","?","AVR","M","?","E","R","M","T","M","NM","M","E","?","R","BOSS","M","$","?","?","M","E","R","?","T","R","M","R","?","E","R","BOSS","M","AVR","M","?","?","E","?","?","T","E","?","E","?","M","R","BOSS","M","?","M","?","$","E","M","?","T","R","E","?","NM","M","R","BOSS","M","M","?","?","M","E","R","NM","T","?","AVR","?","?","E","R","BOSS","M","M","M","$","?","R","M","E","T","M","E","M","M","?","R","BOSS","M","?","?","?","M","E","M","E","T","M","NM","?","AVR","E","R","BOSS","M","?","M","?","M","R","NM","R","T","E","E","M","E","E","R","BOSS"],"items_purchased_type":["Card","Card","Card","Relic","Card"],"build_version":"2020-12-22","purchased_purges":8,"victory":false,"max_hp_per_floor":[72,72,77,77,77,77,77,77,77,84,84,84,84,84,84,84,84,84,89,89,89,89,89,89,89,89,89,89,89,89,89,89,87,87,87,87,87,87,87,87,87,87,87,87,87,87,87,87,87,87,87,87,87,87,87,87,87,87,87,87,87,87,87,87,87,87,87,87,87,87,87,87,87,87,87,87,87,87,87,87,87,87,87,87,87,87,87,87,87,87,87,87,87,87,87,87,87,87,87,87,87,92,92,92,92,92,92,99,99,97,97,97,97,97,97,97,97,97,97,97,97,97,97,97,97,97,97,97,97,97,97,97,97,97,97,97,97,97,97,97,97,97,97,97,97,97,97,97,97,97,97,97,97,97],"card_choices":[{"not_picked":["yuri:yuriQuickStrike","yuri:AdaptiveAI"],"picked":"yuri:BookGreen","floor":1.0},{"not_picked":["yuri:HoldBack","yuri:CalmingAura","yuri:InsanityDefense"],"picked":"SKIP","floor":2.0},{"not_picked":["yuri:MPose","yuri:Stalk","yuri:RecklessStrike"],"picked":"SKIP","floor":4.0},{"not_picked":["yuri:GreenTea","yuri:TPose"],"picked":"yuri:ArmBrace","floor":5.0},{"not_picked":["yuri:UntestedCode","yuri:DeepBreathing","yuri:DuplicateCode"],"picked":"SKIP","floor":6.0},{"not_picked":["yuri:ThrowBook","yuri:UntestedCode"],"picked":"yuri:StealPen","floor":8.0},{"not_picked":["yuri:MultiDip","yuri:GlitchedStrike"],"picked":"yuri:StealPen","floor":10.0},{"not_picked":["yuri:HeavierStrike","yuri:RepairCode","yuri:Spin"],"picked":"SKIP","floor":11.0},{"not_picked":["yuri:RepairCode","yuri:ThrowingKnives","yuri:TPose"],"picked":"SKIP","floor":12.0},{"not_picked":["yuri:RecklessStrike","yuri:Skip"],"picked":"yuri:GreenTea","floor":14.0},{"not_picked":["yuri:DistillInsanity","yuri:ConsumeGlitch"],"picked":"yuri:JumpScare","floor":16.0},{"not_picked":[],"picked":"yuri:BookRed","floor":18.0},{"not_picked":["yuri:ThrowingKnives"],"picked":"SKIP","floor":21.0},{"not_picked":[],"picked":"yuri:ArmBrace+1","floor":23.0},{"not_picked":[],"picked":"yuri:BookPurple+1","floor":25.0},{"not_picked":["yuri:AdaptiveAI"],"picked":"SKIP","floor":27.0},{"not_picked":["yuri:Stalk"],"picked":"SKIP","floor":28.0},{"not_picked":["yuri:HeavierStrike"],"picked":"SKIP","floor":29.0},{"not_picked":["yuri:ChibiInvasion"],"picked":"SKIP","floor":30.0},{"not_picked":["yuri:MPose"],"picked":"SKIP","floor":35.0},{"not_picked":[],"picked":"Apotheosis","floor":37.0},{"not_picked":[],"picked":"Jack Of All Trades","floor":37.0},{"not_picked":["infinitespire:SealOfDarkness+","infinitespire:FinalStrike"],"picked":"infinitespire:Fortify","floor":38.0},{"not_picked":["yuri:MPose+1"],"picked":"SKIP","floor":39.0},{"not_picked":["yuri:Stalk"],"picked":"SKIP","floor":40.0},{"not_picked":["yuri:UntestedCode+1"],"picked":"SKIP","floor":45.0},{"not_picked":["yuri:yuriHeavyStrike"],"picked":"SKIP","floor":47.0},{"not_picked":[],"picked":"yuri:yuriQuickStrike","floor":48.0},{"not_picked":["yuri:yuriHeavyStrike"],"picked":"SKIP","floor":52.0},{"not_picked":["yuri:WickedSlash"],"picked":"SKIP","floor":54.0},{"not_picked":["yuri:Spin"],"picked":"SKIP","floor":57.0},{"not_picked":[],"picked":"yuri:GreenTea","floor":61.0},{"not_picked":["yuri:Spin"],"picked":"SKIP","floor":63.0},{"not_picked":["yuri:CalmingAura"],"picked":"SKIP","floor":64.0},{"not_picked":["yuri:ReloadGame"],"picked":"SKIP","floor":65.0},{"not_picked":["infinitespire:DeathsTouch","infinitespire:FinalStrike"],"picked":"infinitespire:Punishment","floor":67.0},{"not_picked":[],"picked":"yuri:JumpScare","floor":67.0},{"not_picked":["yuri:BrokenCode"],"picked":"SKIP","floor":69.0},{"not_picked":["yuri:ThrowBook"],"picked":"SKIP","floor":71.0},{"not_picked":["yuri:CalmingAura+1"],"picked":"SKIP","floor":72.0},{"not_picked":["yuri:TeaSet+1"],"picked":"SKIP","floor":74.0},{"not_picked":["yuri:ChibiInvasion"],"picked":"SKIP","floor":75.0},{"not_picked":["yuri:ThornRemove"],"picked":"SKIP","floor":79.0},{"not_picked":["infinitespire:Execution","infinitespire:SevenWalls"],"picked":"infinitespire:Oblivion","floor":81.0},{"not_picked":["yuri:ThornRemove+1"],"picked":"SKIP","floor":81.0},{"not_picked":["yuri:GlitchedStrike+1"],"picked":"SKIP","floor":82.0},{"not_picked":["yuri:GhostForm"],"picked":"SKIP","floor":86.0},{"not_picked":["yuri:DebugCard"],"picked":"SKIP","floor":87.0},{"not_picked":["yuri:HeavierStrike+1"],"picked":"SKIP","floor":90.0},{"not_picked":["yuri:Parry+1"],"picked":"SKIP","floor":91.0},{"not_picked":["yuri:SeeingDouble"],"picked":"SKIP","floor":93.0},{"not_picked":["yuri:BookGreen+1","yuri:BookBlue+1","yuri:BookPurple+1"],"picked":"yuri:BookRed+1","floor":96.0},{"not_picked":["yuri:RecklessStrike+1"],"picked":"SKIP","floor":97.0},{"not_picked":[],"picked":"yuri:NoEscape","floor":99.0},{"not_picked":[],"picked":"yuri:DejaVu","floor":102.0},{"not_picked":[],"picked":"yuri:BookRed","floor":103.0},{"not_picked":["yuri:Skip"],"picked":"SKIP","floor":104.0},{"not_picked":[],"picked":"yuri:BookGreen","floor":105.0},{"not_picked":[],"picked":"yuri:NerfBat","floor":109.0},{"not_picked":["yuri:RepairCode"],"picked":"SKIP","floor":110.0},{"not_picked":["yuri:Skip"],"picked":"SKIP","floor":112.0},{"not_picked":["yuri:SeeingDouble"],"picked":"SKIP","floor":113.0},{"not_picked":["yuri:HeavierStrike"],"picked":"SKIP","floor":114.0},{"not_picked":["yuri:TeaSet"],"picked":"SKIP","floor":115.0},{"not_picked":["yuri:DebugCard+1"],"picked":"SKIP","floor":120.0},{"not_picked":["yuri:Stare"],"picked":"SKIP","floor":123.0},{"not_picked":["yuri:ReactiveMadness+1"],"picked":"SKIP","floor":124.0},{"not_picked":["yuri:Spin+1"],"picked":"SKIP","floor":125.0},{"not_picked":["yuri:RecklessStrike"],"picked":"SKIP","floor":126.0},{"not_picked":["yuri:DejaVu"],"picked":"SKIP","floor":127.0},{"not_picked":["yuri:CalmingAura+1"],"picked":"SKIP","floor":129.0},{"not_picked":["yuri:InsanityDefense"],"picked":"SKIP","floor":130.0},{"not_picked":["yuri:UntestedCode+1"],"picked":"SKIP","floor":133.0},{"not_picked":["yuri:Stalk+1"],"picked":"SKIP","floor":137.0},{"not_picked":["yuri:NoEscape"],"picked":"SKIP","floor":139.0},{"not_picked":["yuri:yuriHeavyStrike"],"picked":"SKIP","floor":140.0},{"not_picked":["yuri:SturdyUniform"],"picked":"SKIP","floor":141.0},{"not_picked":["infinitespire:SealOfDarkness+","infinitespire:Menacing"],"picked":"infinitespire:TheBestDefense","floor":143.0},{"not_picked":["yuri:GreenTea+1"],"picked":"SKIP","floor":143.0},{"not_picked":["yuri:HeavierStrike+1"],"picked":"SKIP","floor":146.0},{"not_picked":["yuri:ThornRemove+1"],"picked":"SKIP","floor":147.0},{"not_picked":["yuri:Skip+1"],"picked":"SKIP","floor":148.0},{"not_picked":["yuri:Parry+1"],"picked":"SKIP","floor":149.0},{"not_picked":["yuri:RemoveSafetyChecks"],"picked":"SKIP","floor":150.0}],"player_experience":783936,"relics_obtained":[{"floor":6.0,"key":"Shuriken"},{"floor":8.0,"key":"Mercury Hourglass"},{"floor":10.0,"key":"Strawberry"},{"floor":23.0,"key":"Potion Belt"},{"floor":26.0,"key":"Kunai"},{"floor":28.0,"key":"infinitespire:Bottled Soul"},{"floor":30.0,"key":"TungstenRod"},{"floor":38.0,"key":"Lizard Tail"},{"floor":40.0,"key":"yuri:GlassOfWater"},{"floor":43.0,"key":"Lantern"},{"floor":48.0,"key":"Omamori"},{"floor":57.0,"key":"Blue Candle"},{"floor":60.0,"key":"Bronze Scales"},{"floor":61.0,"key":"Anchor"},{"floor":63.0,"key":"PreservedInsect"},{"floor":74.0,"key":"Shovel"},{"floor":77.0,"key":"Toy Ornithopter"},{"floor":78.0,"key":"Oddly Smooth Stone"},{"floor":79.0,"key":"Boot"},{"floor":80.0,"key":"Dead Branch"},{"floor":80.0,"key":"Meat on the Bone"},{"floor":81.0,"key":"Bird Faced Urn"},{"floor":91.0,"key":"MawBank"},{"floor":92.0,"key":"Vajra"},{"floor":93.0,"key":"CaptainsWheel"},{"floor":94.0,"key":"InkBottle"},{"floor":98.0,"key":"Dream Catcher"},{"floor":99.0,"key":"Centennial Puzzle"},{"floor":100.0,"key":"infinitespire:Satchel"},{"floor":108.0,"key":"Strawberry"},{"floor":110.0,"key":"HornCleat"},{"floor":111.0,"key":"infinitespire:Midas Blood"},{"floor":113.0,"key":"Smiling Mask"},{"floor":117.0,"key":"infinitespire:FocusingShard"},{"floor":125.0,"key":"Ancient Tea Set"},{"floor":127.0,"key":"Nunchaku"},{"floor":128.0,"key":"infinitespire:PuzzleCube"},{"floor":130.0,"key":"infinitespire:Beetle Shell"},{"floor":133.0,"key":"Regal Pillow"},{"floor":134.0,"key":"infinitespire:Magic Flask"},{"floor":142.0,"key":"Art of War"},{"floor":143.0,"key":"WingedGreaves"},{"floor":144.0,"key":"Akabeko"},{"floor":145.0,"key":"yuri:PortableGlitches"},{"floor":146.0,"key":"Orichalcum"},{"floor":147.0,"key":"Darkstone Periapt"},{"floor":149.0,"key":"Bag of Preparation"},{"floor":150.0,"key":"infinitespire:CursedDice"},{"floor":151.0,"key":"yuri:GlitchPowder"}],"event_choices":[{"damage_healed":0.0,"max_hp_gain":5.0,"max_hp_loss":0.0,"gold_gain":0.0,"event_name":"Big Fish","player_choice":"Donut","floor":3.0,"gold_loss":0.0,"damage_taken":0.0},{"damage_healed":0.0,"max_hp_gain":5.0,"max_hp_loss":0.0,"gold_gain":0.0,"event_name":"Forgotten Altar","player_choice":"Shed Blood","floor":19.0,"gold_loss":0.0,"damage_taken":21.0},{"damage_healed":0.0,"max_hp_gain":0.0,"max_hp_loss":0.0,"gold_gain":0.0,"cards_transformed":["yuri:yuriDefend","yuri:yuriStrike"],"event_name":"Drug Dealer","player_choice":"Became Test Subject","floor":22.0,"gold_loss":0.0,"damage_taken":0.0,"cards_obtained":["yuri:yuriQuickStrike","yuri:RepairCode"]},{"damage_healed":0.0,"max_hp_gain":0.0,"max_hp_loss":0.0,"gold_gain":0.0,"event_name":"The Library","player_choice":"Read","floor":31.0,"gold_loss":0.0,"damage_taken":0.0,"cards_obtained":["yuri:BookGreen"]},{"damage_healed":0.0,"max_hp_gain":0.0,"max_hp_loss":0.0,"gold_gain":0.0,"event_name":"SensoryStone","player_choice":"Memory 3","floor":37.0,"gold_loss":0.0,"damage_taken":10.0},{"cards_removed":["yuri:yuriDefend"],"damage_healed":0.0,"max_hp_gain":0.0,"max_hp_loss":0.0,"gold_gain":0.0,"event_name":"The Cleric","player_choice":"Card Removal","floor":55.0,"gold_loss":50.0,"damage_taken":0.0},{"damage_healed":0.0,"max_hp_gain":0.0,"max_hp_loss":0.0,"gold_gain":0.0,"event_name":"Scrap Ooze","player_choice":"Success","floor":56.0,"gold_loss":0.0,"damage_taken":12.0,"relics_obtained":["Ornamental Fan"]},{"damage_healed":0.0,"max_hp_gain":0.0,"max_hp_loss":0.0,"gold_gain":0.0,"event_name":"Golden Idol","player_choice":"Take Damage","floor":62.0,"gold_loss":0.0,"damage_taken":21.0,"relics_obtained":["Golden Idol"]},{"damage_healed":0.0,"max_hp_gain":0.0,"max_hp_loss":0.0,"gold_gain":0.0,"event_name":"N\u0027loth","player_choice":"Traded Relic","floor":70.0,"relics_lost":["Strawberry"],"gold_loss":0.0,"damage_taken":0.0,"relics_obtained":["Nloth\u0027s Gift"]},{"damage_healed":0.0,"max_hp_gain":0.0,"max_hp_loss":0.0,"gold_gain":0.0,"event_name":"Ghosts","player_choice":"Ignored","floor":76.0,"gold_loss":0.0,"damage_taken":0.0},{"damage_healed":0.0,"max_hp_gain":0.0,"max_hp_loss":0.0,"gold_gain":0.0,"event_name":"Colosseum","player_choice":"Fight","floor":80.0,"gold_loss":0.0,"damage_taken":0.0},{"damage_healed":0.0,"max_hp_gain":0.0,"max_hp_loss":0.0,"gold_gain":0.0,"event_name":"Colosseum","player_choice":"Fought Nobs","floor":80.0,"gold_loss":0.0,"damage_taken":0.0},{"damage_healed":0.0,"max_hp_gain":0.0,"max_hp_loss":0.0,"gold_gain":0.0,"event_name":"SensoryStone","player_choice":"Memory 3","floor":88.0,"gold_loss":0.0,"damage_taken":10.0},{"cards_removed":["yuri:GreenTea"],"damage_healed":0.0,"max_hp_gain":0.0,"max_hp_loss":0.0,"gold_gain":0.0,"event_name":"Falling","player_choice":"Removed Skill","floor":89.0,"gold_loss":0.0,"damage_taken":0.0},{"cards_removed":["yuri:GreenTea"],"damage_healed":22.0,"max_hp_gain":0.0,"max_hp_loss":0.0,"gold_gain":0.0,"event_name":"Bonfire Elementals","player_choice":"Offered Uncommon","floor":95.0,"gold_loss":0.0,"damage_taken":0.0},{"cards_removed":["yuri:BookPurple"],"damage_healed":0.0,"max_hp_gain":0.0,"max_hp_loss":0.0,"gold_gain":0.0,"event_name":"Golden Wing","player_choice":"Card Removal","floor":107.0,"gold_loss":0.0,"damage_taken":7.0},{"damage_healed":0.0,"max_hp_gain":0.0,"max_hp_loss":0.0,"gold_gain":175.0,"event_name":"Liars Game","player_choice":"AGREE","floor":116.0,"gold_loss":0.0,"damage_taken":0.0,"cards_obtained":["Doubt"]},{"damage_healed":0.0,"max_hp_gain":0.0,"max_hp_loss":0.0,"gold_gain":0.0,"event_name":"The Mausoleum","player_choice":"Opened","floor":121.0,"gold_loss":0.0,"damage_taken":0.0,"relics_obtained":["MealTicket"],"cards_obtained":["Writhe"]},{"damage_healed":0.0,"max_hp_gain":0.0,"max_hp_loss":0.0,"gold_gain":0.0,"event_name":"Upgrade Shrine","player_choice":"Upgraded","floor":122.0,"gold_loss":0.0,"damage_taken":0.0,"cards_upgraded":["Apotheosis"]},{"damage_healed":0.0,"max_hp_gain":0.0,"max_hp_loss":0.0,"gold_gain":0.0,"event_name":"SecretPortal","player_choice":"Ignored","floor":138.0,"gold_loss":0.0,"damage_taken":0.0}],"is_beta":false,"boss_relics":[{"not_picked":["energizedSpire:StickyHand","energizedSpire:RedRose"],"picked":"Busted Crown"},{"not_picked":["infinitespire:Cupcake","energizedSpire:HugeHouse"],"picked":"energizedSpire:MagnifyingGlass"},{"not_picked":["Runic Dome","Sozu"],"picked":"Fusion Hammer"},{"not_picked":["energizedSpire:OgreHead","Cursed Key"],"picked":"Philosopher\u0027s Stone"},{"not_picked":["yuri:PortraitOfMarkov","energizedSpire:NeverEndingSparkler"],"picked":"energizedSpire:StickyHand"},{"not_picked":["Snecko Eye","Calling Bell"],"picked":"Tiny House"},{"not_picked":["Astrolabe","Sozu"],"picked":"Empty Cage"},{"not_picked":["Runic Dome","infinitespire:Cupcake"],"picked":"Runic Pyramid"},{"not_picked":["energizedSpire:SpiderWeb","Snecko Eye"],"picked":"Cursed Key"}],"items_purged_floors":[7,13,20,36,42,53,59,73],"is_endless":true,"potions_floor_spawned":[1,4,10,11,16,18,23,25,30,33,40,45,48,50,52,61,65,69,72,74,80,81,86,87,90,97,104,105,109,112,113,120,124,125,133,139,143,148,149],"ascension_level":1}}