{"host":"zyn2zcp8fez1ptuq","time":1612656466,"event":{"mods":["BaseMod","BetterRewards","Bossed Relics","Downfall","Hermit","Hubris","Infinite Spire","Minty Spire (QoL Compilation)","Replay The Spire","Robot Space Explorer","Shade Mod","Shop Mod","StSLib","The Animator","The Cursed","The Jungle","The Marked","The Necromancer"],"gold_per_floor":[119,137,148,163,182,182,212,223,250,276,289,254,274,286,286,390,390,408,420,420,471,512,512,549,594,594,594,638,670,670,670,670,785,785,830,830,858,898,402,402,426,426,450,450,462,512,512,553,553,565],"floor_reached":51,"language":"ENG","playtime":4269,"items_purged":[],"score":976,"play_id":"318ae471-2f60-47c4-a749-c9dbed2385ad","local_time":"20210206190746","is_ascension_mode":false,"campfire_choices":[{"data":"RobotSpaceExplorer:MiniDrones","floor":6.0,"key":"SMITH"},{"data":"RobotSpaceExplorer:MiniLasers","floor":15.0,"key":"SMITH"},{"floor":23.0,"key":"REST"},{"floor":27.0,"key":"REST"},{"floor":32.0,"key":"REST"},{"floor":40,"key":"REST"},{"floor":42,"key":"REST"},{"floor":44,"key":"REST"},{"floor":49,"key":"REST"}],"circlet_count":0,"master_deck":["RobotSpaceExplorer:Strike","RobotSpaceExplorer:Strike","RobotSpaceExplorer:Defend","RobotSpaceExplorer:Defend","RobotSpaceExplorer:Defend","RobotSpaceExplorer:Defend","RobotSpaceExplorer:Scan","RobotSpaceExplorer:MiniLasers+1","RobotSpaceExplorer:PowerCollector","RobotSpaceExplorer:FrostMissile","RobotSpaceExplorer:Pulsar","RobotSpaceExplorer:SurgingStrike","RobotSpaceExplorer:GearShield","RobotSpaceExplorer:MiniDrones","RobotSpaceExplorer:ShovelStrike","RobotSpaceExplorer:MiniDrones+1","RobotSpaceExplorer:StunGrenade","RobotSpaceExplorer:ShockKick","RobotSpaceExplorer:StunGrenade","RobotSpaceExplorer:Blaster","RobotSpaceExplorer:SurgingShield","RobotSpaceExplorer:MetalStrike","RobotSpaceExplorer:StunGrenade","RobotSpaceExplorer:ChargingLaser","RobotSpaceExplorer:LaserBurst","RobotSpaceExplorer:Pulsar","RobotSpaceExplorer:HighVoltage","RobotSpaceExplorer:Pulsar+1","RobotSpaceExplorer:SurgingShield","RobotSpaceExplorer:Pulsar","RobotSpaceExplorer:Electropulse+1","RobotSpaceExplorer:TrailblazerForm","RobotSpaceExplorer:IronShell+1","RobotSpaceExplorer:DualCore","RobotSpaceExplorer:TurboDodge","RobotSpaceExplorer:Multitool","RobotSpaceExplorer:ShovelStrike+1","hubris:InfiniteBlow+84","RobotSpaceExplorer:Accelerator","RobotSpaceExplorer:SurgingShield","infinitespire:DeathsTouch","RobotSpaceExplorer:BlastShield","RobotSpaceExplorer:Smokescreen+1","RobotSpaceExplorer:Pulsar","RobotSpaceExplorer:Smokescreen+1","RobotSpaceExplorer:PowerGlove","RobotSpaceExplorer:PowerCollector","RobotSpaceExplorer:MetalStrike+1","RobotSpaceExplorer:SurgingShield+1"],"relics":["RobotSpaceExplorer:RoboCore","Potion Belt","Dream Catcher","hubris:BottledRain","hubris:VirtuousBlindfold","Replay:Bandana","CaptainsWheel","hubris:Towel","SacredBark","Orichalcum","Counterbalance"],"acts_visited":["Exordium","TheCity","TheBeyond"],"potions_floor_usage":[38,46,46,46,48,50],"damage_taken":[{"damage":7.0,"enemies":"2 Louse","floor":1.0,"turns":3.0},{"damage":0.0,"enemies":"Small Slimes","floor":2.0,"turns":4.0},{"damage":0.0,"enemies":"Cultist","floor":3.0,"turns":4.0},{"damage":0.0,"enemies":"2 Fungi Beasts","floor":4.0,"turns":5.0},{"damage":9.0,"enemies":"Lots of Slimes","floor":5.0,"turns":4.0},{"damage":6.0,"enemies":"Lagavulin","floor":7.0,"turns":5.0},{"damage":13.0,"enemies":"Exordium Thugs","floor":8.0,"turns":6.0},{"damage":17.0,"enemies":"3 Sentries","floor":10.0,"turns":6.0},{"damage":0.0,"enemies":"3 Louse","floor":11.0,"turns":2.0},{"damage":0.0,"enemies":"Looter","floor":13.0,"turns":3.0},{"damage":1.0,"enemies":"Exordium Wildlife","floor":14.0,"turns":4.0},{"damage":32.0,"enemies":"Hexaghost","floor":16.0,"turns":12.0},{"damage":0.0,"enemies":"3 Byrds","floor":18.0,"turns":3.0},{"damage":6.0,"enemies":"Chosen","floor":19.0,"turns":6.0},{"damage":10.0,"enemies":"Centurion and Healer","floor":21.0,"turns":7.0},{"damage":4.0,"enemies":"Chosen and Byrds","floor":22.0,"turns":5.0},{"damage":29.0,"enemies":"Cultist and Chosen","floor":24.0,"turns":8.0},{"damage":0.0,"enemies":"3 Cultists","floor":25.0,"turns":3.0},{"damage":25.0,"enemies":"Chosen and Byrds","floor":28.0,"turns":7.0},{"damage":7.0,"enemies":"Snecko","floor":29.0,"turns":7.0},{"damage":37.0,"enemies":"Champ","floor":33.0,"turns":14.0},{"damage":32.0,"enemies":"3 Darklings","floor":35.0,"turns":7.0},{"damage":15.0,"enemies":"Orb Walker","floor":37.0,"turns":5.0},{"damage":14,"enemies":"Jaw Worm Horde","floor":38,"turns":5},{"damage":14,"enemies":"3 Darklings","floor":41,"turns":7},{"damage":0,"enemies":"Maw","floor":45,"turns":1},{"damage":6,"enemies":"Sphere and 2 Shapes","floor":46,"turns":3},{"damage":2,"enemies":"Reptomancer","floor":48,"turns":2},{"damage":9,"enemies":"Time Eater","floor":50,"turns":7}],"seed_played":"4145096685104357709","potions_obtained":[{"floor":1.0,"key":"BlessingOfTheForge"},{"floor":3.0,"key":"PowerPotion"},{"floor":7.0,"key":"Fire Potion"},{"floor":10.0,"key":"Reflective Coating"},{"floor":14.0,"key":"SneckoOil"},{"floor":16.0,"key":"Toxic Potion"},{"floor":19.0,"key":"FearPotion"},{"floor":22.0,"key":"Toxic Potion"},{"floor":24.0,"key":"Strength Potion"},{"floor":29.0,"key":"Energy Potion"},{"floor":37.0,"key":"PowerPotion"},{"floor":45,"key":"EntropicBrew"},{"floor":48,"key":"Milkshake"}],"is_trial":false,"path_per_floor":["M","M","M","M","M","R","E","M","T","E","M","?","M","M","R","B",null,"M","M","AVR","M","M","R","M","M","T","R","M","M","?","?","R","B",null,"M","AVR","M","M","?","R","M","R","T","R","M","M","?","E","R","B",null],"character_chosen":"RobotSpaceExplorer","items_purchased":["RobotSpaceExplorer:PowerCollector","RobotSpaceExplorer:FrostMissile","RobotSpaceExplorer:Pulsar","RobotSpaceExplorer:SurgingStrike","Potion Belt"],"campfire_rested":7,"item_purchase_floors":[0,0,0,0,0],"current_hp_per_floor":[68,68,68,68,59,59,53,40,40,23,23,41,41,40,40,8,75,75,69,69,59,55,75,46,46,46,68,43,36,36,36,58,21,75,43,43,28,14,14,36,22,44,44,66,66,60,60,58,75,66],"gold":565,"neow_bonus":"","is_daily":false,"chose_seed":false,"campfire_upgraded":2,"win_rate":0.0,"timestamp":1612656466,"path_taken":["M","M","M","M","M","R","E","M","T","E","M","?","M","M","R","BOSS","M","M","AVR","M","M","R","M","M","T","R","M","M","?","?","R","BOSS","M","AVR","M","M","?","R","M","R","T","R","M","M","?","E","R","BOSS"],"items_purchased_type":["Card","Card","Card","Card","Relic"],"build_version":"2020-12-22","purchased_purges":0,"victory":true,"max_hp_per_floor":[75,75,75,75,75,75,75,75,75,75,75,75,75,75,75,75,75,75,75,75,75,75,75,75,75,75,75,75,75,75,75,75,75,75,75,75,75,75,75,75,75,75,75,75,75,75,75,75,75,75],"card_choices":[{"not_picked":["RobotSpaceExplorer:GlueShot","RobotSpaceExplorer:Counterblock"],"picked":"RobotSpaceExplorer:GearShield","floor":1.0},{"not_picked":["RobotSpaceExplorer:FrostMissile","RobotSpaceExplorer:SwiftStep"],"picked":"RobotSpaceExplorer:MiniDrones","floor":2.0},{"not_picked":["RobotSpaceExplorer:Counterblock","RobotSpaceExplorer:SurgingShield"],"picked":"RobotSpaceExplorer:ShovelStrike","floor":3.0},{"not_picked":["RobotSpaceExplorer:Pulsar","RobotSpaceExplorer:Ammunition"],"picked":"RobotSpaceExplorer:MiniDrones","floor":4.0},{"not_picked":["RobotSpaceExplorer:Probe","RobotSpaceExplorer:SurgingShield"],"picked":"RobotSpaceExplorer:StunGrenade","floor":5.0},{"not_picked":["RobotSpaceExplorer:ImprovisedAttack","RobotSpaceExplorer:SlimeMissile"],"picked":"RobotSpaceExplorer:ShockKick","floor":7.0},{"not_picked":["RobotSpaceExplorer:Probe","RobotSpaceExplorer:Jetpack"],"picked":"RobotSpaceExplorer:StunGrenade","floor":8.0},{"not_picked":["RobotSpaceExplorer:FranticSearch","RobotSpaceExplorer:DoubleBlock"],"picked":"RobotSpaceExplorer:Blaster","floor":10.0},{"not_picked":["RobotSpaceExplorer:GlueShot","RobotSpaceExplorer:DoubleFind"],"picked":"RobotSpaceExplorer:SurgingShield","floor":11.0},{"not_picked":["RobotSpaceExplorer:FranticSearch","RobotSpaceExplorer:Calculate"],"picked":"RobotSpaceExplorer:MetalStrike","floor":13.0},{"not_picked":["RobotSpaceExplorer:SwiftStep","RobotSpaceExplorer:LuckyStrike"],"picked":"RobotSpaceExplorer:StunGrenade","floor":14.0},{"not_picked":["RobotSpaceExplorer:Blaster","RobotSpaceExplorer:Multitool"],"picked":"RobotSpaceExplorer:ChargingLaser","floor":16.0},{"not_picked":["RobotSpaceExplorer:ImprovisedAttack","RobotSpaceExplorer:ShovelStrike"],"picked":"RobotSpaceExplorer:LaserBurst","floor":18.0},{"not_picked":["RobotSpaceExplorer:FrostMissile","RobotSpaceExplorer:MakeshiftVolley"],"picked":"RobotSpaceExplorer:Pulsar","floor":19.0},{"not_picked":["RobotSpaceExplorer:ImprovisedAttack","RobotSpaceExplorer:ShockKick"],"picked":"RobotSpaceExplorer:HighVoltage","floor":21.0},{"not_picked":["RobotSpaceExplorer:DoubleFind+1","RobotSpaceExplorer:TurboDodge"],"picked":"RobotSpaceExplorer:Pulsar+1","floor":22.0},{"not_picked":["RobotSpaceExplorer:GlueSpray","RobotSpaceExplorer:SlimeMissile"],"picked":"RobotSpaceExplorer:SurgingShield","floor":23.0},{"not_picked":["RobotSpaceExplorer:SurgingShield+1","RobotSpaceExplorer:Probe+1"],"picked":"RobotSpaceExplorer:Pulsar","floor":24.0},{"not_picked":["RobotSpaceExplorer:Smokescreen+1","RobotSpaceExplorer:GlueShot"],"picked":"RobotSpaceExplorer:Electropulse+1","floor":25.0},{"not_picked":["RobotSpaceExplorer:SlimeMissile","RobotSpaceExplorer:Electroshield"],"picked":"RobotSpaceExplorer:TrailblazerForm","floor":27.0},{"not_picked":["RobotSpaceExplorer:FrostMissile","RobotSpaceExplorer:StarLightning"],"picked":"RobotSpaceExplorer:IronShell+1","floor":28.0},{"not_picked":["RobotSpaceExplorer:StunGrenade","RobotSpaceExplorer:SurgingShield+1"],"picked":"RobotSpaceExplorer:DualCore","floor":29.0},{"not_picked":["RobotSpaceExplorer:DoubleFind+1","RobotSpaceExplorer:FranticSearch"],"picked":"RobotSpaceExplorer:TurboDodge","floor":32.0},{"not_picked":["RobotSpaceExplorer:Accelerator","RobotSpaceExplorer:Exploration"],"picked":"RobotSpaceExplorer:Multitool","floor":33.0},{"not_picked":["RobotSpaceExplorer:Blitz+1","RobotSpaceExplorer:SlimeMissile+1"],"picked":"RobotSpaceExplorer:ShovelStrike+1","floor":35.0},{"not_picked":["RobotSpaceExplorer:Pulsar","RobotSpaceExplorer:SurgingShield+1"],"picked":"RobotSpaceExplorer:Accelerator","floor":37.0},{"not_picked":["RobotSpaceExplorer:StunGrenade","RobotSpaceExplorer:JunkDive"],"picked":"RobotSpaceExplorer:SurgingShield","floor":38},{"not_picked":["ReplayTheSpireMod:??????????????????????","infinitespire:FinalStrike"],"picked":"infinitespire:DeathsTouch","floor":39},{"not_picked":["RobotSpaceExplorer:TurboDodge","RobotSpaceExplorer:PlasmaMissile"],"picked":"RobotSpaceExplorer:BlastShield","floor":40},{"not_picked":["RobotSpaceExplorer:SurgingStrike","RobotSpaceExplorer:MetalStrike+1"],"picked":"RobotSpaceExplorer:Smokescreen+1","floor":41},{"not_picked":["RobotSpaceExplorer:ShockKick","RobotSpaceExplorer:SlimeMissile+1"],"picked":"RobotSpaceExplorer:Pulsar","floor":42},{"not_picked":["RobotSpaceExplorer:Reload","RobotSpaceExplorer:ImprovisedAttack"],"picked":"RobotSpaceExplorer:Smokescreen+1","floor":44},{"not_picked":["RobotSpaceExplorer:ShovelStrike","RobotSpaceExplorer:DoubleBlock+1"],"picked":"RobotSpaceExplorer:PowerGlove","floor":45},{"not_picked":["RobotSpaceExplorer:DoubleFind","RobotSpaceExplorer:SlimeMissile"],"picked":"RobotSpaceExplorer:PowerCollector","floor":46},{"not_picked":["RobotSpaceExplorer:RigExplosive","RobotSpaceExplorer:SurgingShield"],"picked":"RobotSpaceExplorer:MetalStrike+1","floor":48},{"not_picked":["RobotSpaceExplorer:GlueSpray+1","RobotSpaceExplorer:ImprovisedAttack"],"picked":"RobotSpaceExplorer:SurgingShield+1","floor":49}],"player_experience":486308,"relics_obtained":[{"floor":7.0,"key":"Dream Catcher"},{"floor":10.0,"key":"hubris:BottledRain"},{"floor":26.0,"key":"CaptainsWheel"},{"floor":43,"key":"Orichalcum"},{"floor":48,"key":"Counterbalance"}],"event_choices":[{"damage_healed":18.0,"max_hp_gain":0.0,"max_hp_loss":0.0,"gold_gain":0.0,"event_name":"The Cleric","player_choice":"Healed","floor":12.0,"gold_loss":35.0,"damage_taken":0.0},{"cards_removed":["RobotSpaceExplorer:Strike"],"damage_healed":0.0,"max_hp_gain":0.0,"max_hp_loss":0.0,"gold_gain":0.0,"event_name":"Wheel of Change","player_choice":"Card Removal","floor":31.0,"gold_loss":0.0,"damage_taken":0.0},{"cards_removed":["RobotSpaceExplorer:Strike"],"damage_healed":0,"gold_gain":0,"player_choice":"Purged","damage_taken":0,"max_hp_gain":0,"max_hp_loss":0,"event_name":"Purifier","floor":47,"gold_loss":0}],"is_beta":false,"boss_relics":[{"not_picked":["Fusion Hammer","Coffee Dripper"],"picked":"hubris:VirtuousBlindfold"},{"not_picked":["Velvet Choker","infinitespire:Cupcake"],"picked":"SacredBark"}],"items_purged_floors":[],"is_endless":false,"potions_floor_spawned":[1,3,7,10,14,16,19,22,24,29,37,45,48],"ascension_level":0}}