{"host":"9ahx8fyo8ahtgkt3","time":1612659814,"event":{"mods":["BaseMod","Bestiary","Better Third Choice","BetterRewards","Colored Powertips","Conspire","Curses Come First","Downfall","Evolution","Hubris","Infinite Spire","Minty Spire (QoL Compilation)","Quick Restart","Replay The Spire","Shop Mod","Spicy Shops","StSLib","Synergy Search"],"gold_per_floor":[113,113,113,128,128,163,183,196,223,284,317,317,346,55,55,150,150,210,210,229,229,242,242,242,242,242,242,254,271,6,26,26,122,172,185,185,185,185],"floor_reached":37,"language":"DEU","playtime":5939,"items_purged":["Sickly"],"score":714,"play_id":"0c85d40e-87d1-4315-8d32-fd301bdb83af","local_time":"20210207020334","is_ascension_mode":false,"campfire_choices":[{"data":"After Image","floor":15,"key":"SMITH"},{"data":"infinitespire:NeuralNetwork","floor":23,"key":"SMITH"},{"data":"Well Laid Plans","floor":25,"key":"SMITH"},{"data":"Tools of the Trade","floor":27,"key":"SMITH"},{"data":"Replay:Dark Deal","floor":32,"key":"SMITH"}],"circlet_count":0,"master_deck":["Dagger Spray","Dagger Spray","Dagger Spray","Dagger Spray","Strike_G","Defend_G","Defend_G+1","Defend_G","Defend_G","Defend_G","Survivor","Neutralize","hubris:Counter","Master of Strategy","After Image+1","After Image","Backflip","Well Laid Plans+1","Expertise","Tools of the Trade+1","Flying Knee","Prepared","After Image","Underhanded Strike","Hidden Blade","Fluid Movement","Endless Agony+1","Acrobatics+1","A Thousand Cuts","Flying Knee","infinitespire:NeuralNetwork+1","Deflect+1","Blade Dance","ReplayTheSpireMod:Scrap Shanks","Replay:Dark Deal+1","Slice+1","Backflip","Backflip","A Thousand Cuts","Prepared"],"relics":["Ring of the Snake","EVO:Axolotl","ReplayTheSpireMod:CursedCoin","Blue Doll","hubris:MobiusCoin","Mercury Hourglass","hubris:TenFootPole","Centennial Puzzle","Sundial","Juzu Bracelet","hubris:AncientText","Busted Crown","hubris:BottledHeart","hubris:ToyBattleship","Mirror","Tiny House","hubris:Towel"],"acts_visited":["Exordium","TheCity","TheBeyond"],"potions_floor_usage":[22,31],"damage_taken":[{"damage":0.0,"enemies":"2 Louse","floor":1.0,"turns":4.0},{"damage":0.0,"enemies":"Small Slimes","floor":4.0,"turns":3.0},{"damage":2.0,"enemies":"Replay:BlueRogue","floor":6.0,"turns":8.0},{"damage":1.0,"enemies":"Jaw Worm","floor":7.0,"turns":4.0},{"damage":0.0,"enemies":"2 Fungi Beasts","floor":8.0,"turns":4.0},{"damage":0.0,"enemies":"Large Slime","floor":10.0,"turns":4.0},{"damage":16,"enemies":"Gremlin Nob","floor":11,"turns":5},{"damage":0,"enemies":"Replay:BlueRogue","floor":13,"turns":5},{"damage":0,"enemies":"Hexaghost","floor":16,"turns":11},{"damage":0,"enemies":"3 Byrds","floor":18,"turns":4},{"damage":0,"enemies":"Chosen","floor":20,"turns":5},{"damage":0,"enemies":"Snecko","floor":22,"turns":5},{"damage":0,"enemies":"Centurion and Healer","floor":28,"turns":5},{"damage":0,"enemies":"Snake Plant","floor":29,"turns":4},{"damage":0,"enemies":"Shelled Parasite and Fungi","floor":31,"turns":5},{"damage":0,"enemies":"Automaton","floor":33,"turns":7},{"damage":0,"enemies":"Orb Walker","floor":35,"turns":4},{"damage":0,"enemies":"infinitespire:Three Voidlings","floor":37,"turns":3},{"damage":3,"enemies":"Nightmare_Alpha","floor":37,"turns":10}],"seed_played":"388384480567243325","potions_obtained":[{"floor":7.0,"key":"Dexterity Potion"},{"floor":10.0,"key":"Fire Potion"},{"floor":11,"key":"bronze:BurnAndBuffPotion"},{"floor":20,"key":"SpeedPotion"},{"floor":28,"key":"EssenceOfSteel"},{"floor":34,"key":"GhostInAJar"}],"is_trial":false,"path_per_floor":["M","?","?","M","?","E","M","M","T","M","E","?","E","$","R","B",null,"M","?","M","AVR","M","R","?","R","T","R","M","M","$","M","R","B",null,"M","?","?"],"character_chosen":"THE_SILENT","items_purchased":["ReplayTheSpireMod:CursedCoin","Blue Doll","hubris:Counter","Master of Strategy","After Image","hubris:AncientText","Fluid Movement","Endless Agony","Acrobatics+1","ReplayTheSpireMod:Scrap Shanks","Replay:Dark Deal","Slice+1","Backflip"],"campfire_rested":0,"item_purchase_floors":[0,0,0,0,0,14,14,14,14,30,30,30,30],"current_hp_per_floor":[70,70,70,70,52,50,49,49,49,49,33,33,33,33,33,33,70,70,1,1,1,1,1,1,1,1,1,1,1,1,1,1,1,1,1,1,0,0],"gold":185,"neow_bonus":"","is_daily":false,"chose_seed":false,"campfire_upgraded":5,"win_rate":0.0,"timestamp":1612659814,"path_taken":["M","?","?","M","?","E","?","M","T","M","E","?","E","$","R","BOSS","M","?","M","AVR","M","R","?","R","T","R","M","M","$","M","R","BOSS","M","?","?"],"items_purchased_type":["Relic","Relic","Card","Card","Card","Relic","Card","Card","Card","Card","Card","Card","Card"],"build_version":"2020-12-22","purchased_purges":1,"victory":false,"max_hp_per_floor":[70,70,70,70,70,70,70,70,70,70,70,70,70,70,70,70,70,70,1,1,1,1,1,1,1,1,1,1,1,1,1,1,1,1,1,1,1,1],"card_choices":[{"not_picked":["ReplayTheSpireMod:Scrap Shanks","Bane"],"picked":"Backflip","floor":1.0},{"not_picked":["Sucker Punch","ReplayTheSpireMod:Shiv Toss"],"picked":"Expertise","floor":4.0},{"not_picked":["conspire:PoisonWeapons","Dodge and Roll"],"picked":"Tools of the Trade","floor":6.0},{"not_picked":["Dagger Spray","Dagger Throw"],"picked":"Flying Knee","floor":7.0},{"not_picked":["Slice","Sucker Punch"],"picked":"Prepared","floor":8.0},{"not_picked":["ReplayTheSpireMod:Tripwire","Leg Sweep"],"picked":"After Image","floor":10.0},{"not_picked":["Toxin Wave","Dash"],"picked":"Underhanded Strike","floor":11},{"not_picked":["Acrobatics","hubris:Counter"],"picked":"Hidden Blade","floor":13},{"not_picked":["ReplayTheSpireMod:From All Sides","ReplayTheSpireMod:Necrosis"],"picked":"A Thousand Cuts","floor":16},{"not_picked":["Bane"],"picked":"SKIP","floor":18},{"not_picked":[],"picked":"Flying Knee","floor":20},{"not_picked":[],"picked":"Deflect+1","floor":22},{"not_picked":["conspire:PoisonWeapons"],"picked":"SKIP","floor":28},{"not_picked":[],"picked":"Blade Dance","floor":29},{"not_picked":["Leg Sweep"],"picked":"SKIP","floor":31},{"not_picked":[],"picked":"A Thousand Cuts","floor":33},{"not_picked":[],"picked":"Prepared","floor":35}],"player_experience":43376,"relics_obtained":[{"floor":2.0,"key":"hubris:MobiusCoin"},{"floor":6.0,"key":"hubris:TenFootPole"},{"floor":9.0,"key":"Centennial Puzzle"},{"floor":11,"key":"Sundial"},{"floor":13,"key":"Juzu Bracelet"},{"floor":26,"key":"Mirror"}],"event_choices":[{"damage_healed":0.0,"max_hp_gain":0.0,"max_hp_loss":0.0,"gold_gain":0.0,"event_name":"betterThird:BetterScrap","player_choice":"Relic ","floor":5.0,"gold_loss":0.0,"damage_taken":18.0,"cards_obtained":["Eclipse"]},{"damage_healed":0,"gold_gain":0,"player_choice":"Leave","damage_taken":0,"max_hp_gain":0,"max_hp_loss":0,"event_name":"conspire:Investor","floor":24,"gold_loss":0}],"is_beta":false,"boss_relics":[{"not_picked":["Fusion Hammer","Runic Dome"],"picked":"Busted Crown"},{"not_picked":["conspire:SpecialSausage","hubris:GrandSneckoEye"],"picked":"Tiny House"}],"items_purged_floors":[0],"is_endless":false,"potions_floor_spawned":[7,10,11,18,20,28,35],"killed_by":"Nightmare_Alpha","ascension_level":0}}