{"host":"oehe2dxjvdgux73m","time":1612705311,"event":{"mods":["AchievementEnabler","BaseMod","Colored Map","Colored Powertips","DeckTracker","Keyboard Shortcuts","Minty Spire (QoL Compilation)","Permanent Neow","Quick Restart","StSLib","SuperFastMode"],"gold_per_floor":[116,191,116,169,184,184,195,195,195,145,72,100,200,214,214,317,317,330,345,245,245,265,265,265,281,281,298,298,298,298,298,298,298,298],"floor_reached":33,"language":"KOR","playtime":829,"items_purged":["Defend_P","Defend_P"],"score":334,"play_id":"861a4213-4ae8-43de-a86b-4d577e3fb740","local_time":"20210207224151","is_ascension_mode":true,"campfire_choices":[{"data":"Eruption","floor":6.0,"key":"SMITH"},{"floor":8.0,"key":"DIG"},{"data":"Adaptation","floor":15.0,"key":"SMITH"},{"floor":23.0,"key":"REST"},{"data":"ClearTheMind","floor":30,"key":"SMITH"},{"floor":32,"key":"REST"}],"circlet_count":0,"master_deck":["Strike_P","Strike_P","Strike_P","Strike_P","Eruption+1","Vigilance","MentalFortress","EmptyFist","Adaptation+1","ClearTheMind+1","EmptyMind+1","FlurryOfBlows"],"relics":["PureWater","Shovel","Potion Belt","Art of War","Mercury Hourglass","InkBottle","SacredBark","Blue Candle","Kunai"],"acts_visited":["Exordium","TheCity"],"potions_floor_usage":[33,33],"damage_taken":[{"damage":7.0,"enemies":"Cultist","floor":1.0,"turns":3.0},{"damage":0.0,"enemies":"Small Slimes","floor":5.0,"turns":3.0},{"damage":3.0,"enemies":"Jaw Worm","floor":7.0,"turns":2.0},{"damage":8.0,"enemies":"Lagavulin","floor":12.0,"turns":7.0},{"damage":5.0,"enemies":"2 Fungi Beasts","floor":14.0,"turns":2.0},{"damage":0.0,"enemies":"Slime Boss","floor":16.0,"turns":5.0},{"damage":2.0,"enemies":"Chosen","floor":18.0,"turns":4.0},{"damage":20.0,"enemies":"2 Thieves","floor":19.0,"turns":3.0},{"damage":12.0,"enemies":"Snake Plant","floor":22.0,"turns":4.0},{"damage":7.0,"enemies":"Snecko","floor":25.0,"turns":4.0},{"damage":22,"enemies":"3 Cultists","floor":27,"turns":5},{"damage":53,"enemies":"Champ","floor":33,"turns":10}],"seed_played":"-317562789758707841","potions_obtained":[{"floor":1.0,"key":"Energy Potion"},{"floor":14.0,"key":"LiquidMemories"},{"floor":18.0,"key":"BottledMiracle"},{"floor":25.0,"key":"LiquidBronze"}],"is_trial":false,"path_per_floor":["M","?","$","T","M","R","M","R","T","?","$","E","?","M","R","B",null,"M","M","$","?","M","R","?","M","T","M","?","?","R","T","R","B"],"character_chosen":"WATCHER","items_purchased":["Adaptation"],"campfire_rested":2,"item_purchase_floors":[11],"current_hp_per_floor":[58,52,52,52,52,52,49,49,49,49,49,41,41,36,36,36,65,63,43,43,43,31,50,50,43,43,21,21,21,21,21,40,0,0],"gold":298,"neow_bonus":"ONE_RARE_RELIC","is_daily":false,"chose_seed":false,"campfire_upgraded":3,"win_rate":0.0,"timestamp":1612705311,"path_taken":["M","?","$","?","M","R","?","R","T","?","?","E","?","M","R","BOSS","M","?","$","?","?","R","?","M","T","M","?","?","R","?","R","BOSS"],"items_purchased_type":["Card"],"build_version":"2020-12-22","purchased_purges":2,"victory":false,"max_hp_per_floor":[65,65,65,65,65,65,65,65,65,65,65,65,65,65,65,65,65,65,65,65,65,65,65,65,65,65,65,65,65,65,65,65,65,65],"card_choices":[{"not_picked":["Nirvana","Halt"],"picked":"MentalFortress","floor":1.0},{"not_picked":["WreathOfFlame","ReachHeaven","PathToVictory"],"picked":"SKIP","floor":5.0},{"not_picked":["Protect","ThirdEye"],"picked":"EmptyFist","floor":7.0},{"not_picked":["FollowUp","Evaluate","Consecrate"],"picked":"SKIP","floor":12.0},{"not_picked":["Vengeance","Prostrate","EmptyBody"],"picked":"SKIP","floor":14.0},{"not_picked":["FlurryOfBlows","JustLucky","Nirvana+1"],"picked":"SKIP","floor":18.0},{"not_picked":["LikeWater","JustLucky"],"picked":"ClearTheMind","floor":19.0},{"not_picked":["Prostrate","InnerPeace"],"picked":"EmptyMind+1","floor":22.0},{"not_picked":["EmptyBody+1","Meditate","Nirvana+1"],"picked":"SKIP","floor":25.0},{"not_picked":["EmptyBody+1","Meditate","Nirvana+1"],"picked":"SKIP","floor":25.0},{"not_picked":["Consecrate","ForeignInfluence","Protect"],"picked":"SKIP","floor":27}],"player_experience":411219,"relics_obtained":[{"floor":4.0,"key":"Potion Belt"},{"floor":8.0,"key":"Art of War"},{"floor":9.0,"key":"Mercury Hourglass"},{"floor":12.0,"key":"InkBottle"},{"floor":26.0,"key":"Blue Candle"},{"floor":31,"key":"Kunai"}],"event_choices":[{"damage_healed":0.0,"max_hp_gain":0.0,"max_hp_loss":0.0,"gold_gain":75.0,"event_name":"FaceTrader","player_choice":"Touch","floor":2.0,"gold_loss":0.0,"damage_taken":6.0},{"cards_removed":["Defend_P"],"damage_healed":0.0,"max_hp_gain":0.0,"max_hp_loss":0.0,"gold_gain":0.0,"event_name":"The Cleric","player_choice":"Card Removal","floor":10.0,"gold_loss":50.0,"damage_taken":0.0},{"damage_healed":0.0,"max_hp_gain":0.0,"max_hp_loss":0.0,"gold_gain":100.0,"event_name":"Golden Shrine","player_choice":"Pray","floor":13.0,"gold_loss":0.0,"damage_taken":0.0},{"cards_removed":["Defend_P"],"damage_healed":0.0,"max_hp_gain":0.0,"max_hp_loss":0.0,"gold_gain":0.0,"event_name":"Purifier","player_choice":"Purged","floor":21.0,"gold_loss":0.0,"damage_taken":0.0},{"damage_healed":0.0,"max_hp_gain":0.0,"max_hp_loss":0.0,"gold_gain":0.0,"event_name":"Cursed Tome","player_choice":"Ignored","floor":24.0,"gold_loss":0.0,"damage_taken":0.0},{"damage_healed":0,"gold_gain":0,"player_choice":"Read","damage_taken":0,"max_hp_gain":0,"max_hp_loss":0,"event_name":"The Library","floor":28,"gold_loss":0,"cards_obtained":["FlurryOfBlows"]},{"damage_healed":0,"gold_gain":0,"player_choice":"Ignored","damage_taken":0,"max_hp_gain":0,"max_hp_loss":0,"event_name":"Ghosts","floor":29,"gold_loss":0}],"is_beta":false,"boss_relics":[{"not_picked":["HolyWater","Pandora\u0027s Box"],"picked":"SacredBark"}],"items_purged_floors":[3,20],"is_endless":false,"potions_floor_spawned":[1,14,18,25],"killed_by":"Champ","ascension_level":1}}