{"host":"v4tuy5ykrbdcm9o9","time":1612735439,"event":{"mods":["BaseMod","Duelist Mod","Minty Spire (QoL Compilation)","Replay The Spire","StSLib"],"gold_per_floor":[19,34,102,120,138,138,163,175,175,175,175],"floor_reached":10,"language":"ENG","playtime":967,"items_purged":[],"score":98,"play_id":"c2b8a5bf-b578-4bca-ac94-f4157d0861ca","local_time":"20210207170359","is_ascension_mode":true,"campfire_choices":[{"floor":6,"key":"RECALL"}],"circlet_count":0,"master_deck":["Strike_G","Strike_G","Strike_G","Strike_G","Strike_G","Defend_G","Defend_G","Defend_G","Defend_G","Defend_G","Survivor","Neutralize","Poisoned Stab","Prepared","ReplayTheSpireMod:Splinters","Flying Knee","Acrobatics","Concentrate","Backstab","Endless Agony","Hidden Blade"],"relics":["Ring of the Snake","Toy Ornithopter","Pondfish Scales"],"acts_visited":["Exordium"],"potions_floor_usage":[5,10],"damage_taken":[{"damage":0,"enemies":"Small Slimes","floor":1,"turns":3},{"damage":0,"enemies":"2 Louse","floor":2,"turns":3},{"damage":1,"enemies":"Cultist","floor":4,"turns":4},{"damage":10,"enemies":"Red Slaver","floor":5,"turns":3},{"damage":45,"enemies":"Gremlin Nob","floor":7,"turns":5},{"damage":3,"enemies":"Blue Slaver","floor":8,"turns":5},{"damage":23,"enemies":"3 Sentries","floor":10,"turns":6}],"seed_played":"5934379254609470827","potions_obtained":[{"floor":1,"key":"LiquidBronze"},{"floor":3,"key":"CunningPotion"},{"floor":8,"key":"Ancient Potion"}],"is_trial":false,"path_per_floor":["M","M","?","M","M","R","E","M","T","E"],"character_chosen":"THE_SILENT","items_purchased":[],"campfire_rested":0,"item_purchase_floors":[],"current_hp_per_floor":[77,77,77,76,71,71,26,23,23,5,5],"gold":175,"neow_bonus":"TWENTY_PERCENT_HP_BONUS","is_daily":false,"chose_seed":false,"campfire_upgraded":0,"win_rate":0.0,"timestamp":1612735439,"path_taken":["M","M","?","M","?","R","E","M","T","E"],"items_purchased_type":[],"build_version":"2020-12-22","purchased_purges":0,"victory":false,"max_hp_per_floor":[84,84,84,84,84,84,84,84,84,84,84],"card_choices":[{"not_picked":["All Out Attack","Heel Hook"],"picked":"Poisoned Stab","floor":1},{"not_picked":["Cloak And Dagger","Bane"],"picked":"Prepared","floor":2},{"not_picked":["PiercingWail","Eviscerate"],"picked":"Flying Knee","floor":3},{"not_picked":["Outmaneuver","Dodge and Roll"],"picked":"Acrobatics","floor":3},{"not_picked":["Draining Mist","Blade Dance"],"picked":"Concentrate","floor":4},{"not_picked":["Bane","Acrobatics"],"picked":"Backstab","floor":5},{"not_picked":["Sneak Up","Cloak And Dagger"],"picked":"Endless Agony","floor":7},{"not_picked":["Glass Knife","Dagger Spray"],"picked":"Hidden Blade","floor":8}],"player_experience":798535,"relics_obtained":[{"floor":3,"key":"Toy Ornithopter"},{"floor":7,"key":"Pondfish Scales"}],"event_choices":[],"is_beta":false,"boss_relics":[],"items_purged_floors":[],"is_endless":false,"potions_floor_spawned":[1,8],"killed_by":"3 Sentries","ascension_level":8}}