{"host":"dv29tre2e7vje47n","time":1612714276,"event":{"mods":["AchievementEnabler","BaseMod","Colored Map","Colored Powertips","DeckTracker","Displayed Cursed Tome","Downfall","Friendly Minions","Googly Eyes","Highlight Path","Infinite Spire","Key Reminder","Minty Spire (QoL Compilation)","Quick Restart","Random Character Button","Rare Cards Sparkle","Relic Sorter","Relic Stats","Replay The Spire","Spire Arcade","Spire Birthday Party","StSLib","SuperFastMode","Unceasing Turn Reminder"],"gold_per_floor":[199,214,214,225,248,248,248,248,8,23,53,53,53,72,84,186,186,186,196,196,196,196],"floor_reached":20,"language":"ENG","playtime":1135,"items_purged":["sneckomod:Strike"],"score":181,"play_id":"f6624fb1-2a6f-468a-862f-b26a15d75cdd","local_time":"20210207171116","is_ascension_mode":true,"campfire_choices":[{"data":"sneckomod:TailWhip","floor":1.0,"key":"SMITH"},{"data":"sneckomod:Rotation","floor":6.0,"key":"SMITH"},{"data":"sneckomod:UnknownUncommonPower","floor":13.0,"key":"SMITH"}],"circlet_count":0,"master_deck":["sneckomod:Strike","sneckomod:Defend","sneckomod:Defend","sneckomod:Defend","sneckomod:TailWhip+1","sneckomod:SnekBite","sneckomod:Unknown","sneckomod:Rotation+1","sneckomod:ImprovisedGuard+1","Defragment","sneckomod:UnknownUncommonPower+1","sneckomod:SnakeSap","downfall:Icky","sneckomod:Transmogrify","Skim"],"relics":["sneckomod:SneckoSoul","Bottled Lightning","ReplayTheSpireMod:Shallot","ReplayTheSpireMod:SealedPack","infinitespire:Beetle Shell"],"acts_visited":["Exordium","TheCity"],"potions_floor_usage":[],"damage_taken":[{"damage":0.0,"enemies":"2 Louse","floor":2.0,"turns":1.0},{"damage":0.0,"enemies":"Cultist","floor":4.0,"turns":3.0},{"damage":0.0,"enemies":"downfall:FleeingMerchant","floor":9.0,"turns":4.0},{"damage":0.0,"enemies":"Jaw Worm","floor":10.0,"turns":3.0},{"damage":14.0,"enemies":"3 Sentries","floor":11.0,"turns":5.0},{"damage":0.0,"enemies":"Red Slaver","floor":14.0,"turns":3.0},{"damage":0.0,"enemies":"3 Louse","floor":15.0,"turns":2.0},{"damage":16.0,"enemies":"IC_STATUS_ARCHETYPE","floor":16.0,"turns":8.0},{"damage":36,"enemies":"Spheric Guardian","floor":19,"turns":8},{"damage":0,"enemies":"3 Cultists","floor":20,"turns":4}],"seed_played":"-6366451485789380107","potions_obtained":[{"floor":2.0,"key":"Energy Potion"},{"floor":10.0,"key":"LiquidBronze"},{"floor":11.0,"key":"PowerPotion"}],"is_trial":false,"path_per_floor":["R","M","?","M","T","R","T","R","$","M","E","?","R","M","M","B",null,"R_BF","M","M"],"character_chosen":"THE_SNECKO","items_purchased":["Bronze Scales"],"campfire_rested":0,"item_purchase_floors":[9],"current_hp_per_floor":[90,90,90,90,90,90,90,90,90,90,76,76,76,76,76,60,90,90,54,54,54,54],"gold":196,"neow_bonus":"HUNDRED_GOLD","is_daily":false,"chose_seed":false,"campfire_upgraded":3,"win_rate":0.0,"timestamp":1612714276,"path_taken":["R","M","?","?","?","R","T","R","$","M","E","?","R","?","M","BOSS","R_BF","M","M"],"items_purchased_type":["Relic"],"build_version":"2020-12-22","purchased_purges":1,"victory":false,"max_hp_per_floor":[90,90,90,90,90,90,90,90,90,90,90,90,90,90,90,90,90,90,90,90,90,90],"relic_stats":{"counters":[10,41],"obtain_stats":[{"ReplayTheSpireMod:Shallot":11,"Bronze Scales":9,"infinitespire:Beetle Shell":5,"ReplayTheSpireMod:SealedPack":17,"Bottled Lightning":7,"sneckomod:SneckoSoul":0},{"ReplayTheSpireMod:Shallot":5,"Bronze Scales":3,"infinitespire:Beetle Shell":2,"ReplayTheSpireMod:SealedPack":8,"Bottled Lightning":2,"sneckomod:SneckoSoul":0},{"ReplayTheSpireMod:Shallot":16,"Bronze Scales":8,"infinitespire:Beetle Shell":4,"ReplayTheSpireMod:SealedPack":29,"Bottled Lightning":4,"sneckomod:SneckoSoul":0}]},"card_choices":[{"not_picked":["sneckomod:IronFang","sneckomod:Unknown1Cost"],"picked":"sneckomod:Rotation","floor":2.0},{"not_picked":["sneckomod:TrashToTreasure","sneckomod:UnknownBlock"],"picked":"sneckomod:ImprovisedGuard","floor":4.0},{"not_picked":["sneckomod:Unknown0Cost","sneckomod:DiceBlock"],"picked":"sneckomod:UnknownUncommonPower","floor":9.0},{"not_picked":["sneckomod:UnknownCommonSkill","sneckomod:Unknown1Cost"],"picked":"sneckomod:SnakeSap","floor":10.0},{"not_picked":["sneckomod:UnknownUncommonAttack","sneckomod:Rotation","sneckomod:IronFang"],"picked":"SKIP","floor":11.0},{"not_picked":["sneckomod:SoulCleanse","sneckomod:UnknownUncommonSkill","sneckomod:RainOfDice"],"picked":"SKIP","floor":14.0},{"not_picked":["sneckomod:UnknownDraw","sneckomod:SoulDraw","sneckomod:SoulRoll"],"picked":"SKIP","floor":15.0},{"not_picked":["sneckomod:SoulDraw","sneckomod:SoulRoll"],"picked":"sneckomod:UnknownDraw","floor":15.0},{"not_picked":["sneckomod:UnknownRareSkill","sneckomod:GlitteringGambit"],"picked":"sneckomod:Transmogrify","floor":17},{"not_picked":["sneckomod:Rotation","sneckomod:UnknownVulnerable","sneckomod:UnknownCommonAttack"],"picked":"SKIP","floor":19}],"player_experience":136126,"relics_obtained":[{"floor":5.0,"key":"infinitespire:Beetle Shell"},{"floor":7.0,"key":"Bottled Lightning"},{"floor":11.0,"key":"ReplayTheSpireMod:Shallot"},{"floor":19,"key":"infinitespire:Beetle Shell"}],"event_choices":[],"is_beta":false,"boss_relics":[{"not_picked":["Snecko Eye","ChewingGum"],"picked":"ReplayTheSpireMod:SealedPack"}],"items_purged_floors":[9],"is_endless":false,"potions_floor_spawned":[2,10,11,15,19],"killed_by":"3 Cultists","ascension_level":1}}