{"host":"rwmcmr2m88k7tuzm","time":1612658274,"event":{"mods":["A Magickal Journey","Aspiration","BaseMod","BetterRewards","Conspire","Downfall","Hubris","Infinite Spire","Minty Spire (QoL Compilation)","Quick Restart","Replay The Spire","Shop Mod","StSLib","SuperFastMode","The Hayseed","The Necromancer"],"gold_per_floor":[119,119,170,182,182,182,197,197,222,240,273,273,307,326,326,452,452,473,473,130,150,29,60,81,81,104,123,123,138,138,158,158,284,284,309,309,309,19,19,19,19,42,42,84,84,142,142,180,180,313,313,330,94,115,134,134,134,213,213,213,213,213,223,223,246,246,341,341,369,396,64,91,91,91,108,108,160,187,187,187,200,200,200,305,305,337,337,387,423,273,315,355,397,397,430,430,430,430,430,430,552,552,602,602,656,656,712,712,712,712,737,799,799,799,799,874,874,1043,1043,1130,1164,1258,1258,1351,1472,1472,1472,1472,1591,1541,1659,1784,1919,1919,1882,1882],"floor_reached":135,"language":"ENG","playtime":4502,"items_purged":["Defend_W","Strike_W","Defend_W","Defend_W","Defend_W+1","Strike_W+1","Strike_W+1"],"score":3064,"play_id":"693b6025-a8bb-4378-94c4-8f534df799c8","local_time":"20210207003754","is_ascension_mode":false,"campfire_choices":[{"floor":6,"key":"REST"},{"data":"Whirlwind_of_Bones","floor":8,"key":"SMITH"},{"data":"Bones_to_Steel","floor":15,"key":"SMITH"},{"data":"infinitespire:SevenWalls","floor":25,"key":"SMITH"},{"floor":30,"key":"REST"},{"data":"Stop_Heart","floor":32,"key":"SMITH"},{"data":"ReplayTheSpireMod:Book of Names","floor":40,"key":"SMITH"},{"floor":45,"key":"REST"},{"data":"Summon_Vampire_Lady","floor":47,"key":"SMITH"},{"data":"Bone_Armory","floor":49,"key":"SMITH"},{"data":"Skeleton_Dragon","floor":57,"key":"SMITH"},{"data":"Summon_Lich","floor":59,"key":"SMITH"},{"data":"infinitespire:SevenWalls","floor":64,"key":"SMITH"},{"data":"Negative_Energy_Burst","floor":66,"key":"SMITH"},{"data":"Bone_Armory","floor":74,"key":"SMITH"},{"data":"Hellfire","floor":76,"key":"SMITH"},{"data":"Life_Drain","floor":83,"key":"SMITH"},{"floor":96,"key":"REST"},{"data":"Mayhem","floor":98,"key":"SMITH"},{"floor":100,"key":"REST"},{"data":"infinitespire:DeathsTouch","floor":108,"key":"SMITH"},{"data":"Bone_Armor","floor":110,"key":"SMITH"},{"data":"Bone_Armor","floor":113,"key":"SMITH"},{"data":"infinitespire:FutureSight","floor":117,"key":"SMITH"},{"floor":127,"key":"REST"}],"circlet_count":0,"master_deck":["Negative_Energy_Arrows+1","Bone_Wall+1","Negative_Energy_Sphere","Bone_Armor+1","Scare+1","Bone_Bullets+1","Whirlwind_of_Bones+1","Bone_Spikes+1","Stop_Heart+1","Bone_Armor+1","Negative_Energy_Javelin","Bones_to_Steel+1","Summon_Lich+1","Bone_Armor+1","infinitespire:SevenWalls+1","Bone_Armor+1","Thousand_Bone_Knives+1","Thousand_Bone_Knives+1","Summon_Vampire_Lady+1","ReplayTheSpireMod:Book of Names+1","Bone_Armory+1","Spectral_Walk+1","Negative_Energy_Burst+1","Skeleton_Dragon+1","Life_Drain+1","infinitespire:SevenWalls+1","Hellfire+1","Bone_Armory+1","Bone_Armory+1","Summon_Death_Knight+1","infinitespire:DeathsTouch+1","Mayhem+1","infinitespire:FutureSight+1"],"relics":["Vampire_Amulet","Lee\u0027s Waffle","ReplayFunnel","Membership Card","Golden Idol","Anchor","Omamori","Pen Nib","hubris:ScarierMask","hubris:CuriousFeather","conspire:Dentures","MerchantsRug","Orichalcum","hubris:MedicalManual","Mercury Hourglass","Pet Ghost","Blue Candle","conspire:RoyalGoblet","hubris:PeanutButter","Pantograph","Shuriken","hubris:Towel","Replay:Bandana","hubris:PeanutButter","Sundial","SacredBark","Bronze Scales","Replay:Ringing Soul","ReplayTheSpireMod:TigerMarble","BranchBurnRelic","Snack Pack","Gremlin Food","ReplayTheSpireMod:EnergyBall","hubris:Backtick","Burning Blood","Sling","Lantern","Bottled Tornado","Blood Vial","hubris:TenFootPole","infinitespire:EvilPickle","Mirror","hubris:SphereOfDissonance","Singing Bowl","Black Star","aspiration:BabyByrd","aspiration:Lifesprig","hubris:Icosahedron","Replay:Mystery Machine","Kunai","Bag of Preparation","Calipers","Gremlin Horn"],"acts_visited":["Exordium","TheCity","TheBeyond","Exordium","TheCity","TheBeyond","Exordium","TheCity"],"potions_floor_usage":[13,16,33,33,44,46,48,84,135,135,135],"damage_taken":[{"damage":0,"enemies":"Small Slimes","floor":1,"turns":4},{"damage":10,"enemies":"Jaw Worm","floor":4,"turns":4},{"damage":0,"enemies":"2 Louse","floor":7,"turns":3},{"damage":1,"enemies":"Looter","floor":10,"turns":3},{"damage":24,"enemies":"Lagavulin","floor":11,"turns":6},{"damage":3,"enemies":"Gremlin Nob","floor":13,"turns":3},{"damage":7,"enemies":"Large Slime","floor":14,"turns":6},{"damage":69,"enemies":"Fading Forest","floor":16,"turns":11},{"damage":0,"enemies":"Chosen","floor":18,"turns":5},{"damage":11,"enemies":"Shell Parasite","floor":21,"turns":8},{"damage":7,"enemies":"Nightmare","floor":23,"turns":10},{"damage":7,"enemies":"Snake Plant","floor":24,"turns":5},{"damage":12,"enemies":"Centurion and Healer","floor":27,"turns":4},{"damage":7,"enemies":"3 Cultists","floor":29,"turns":4},{"damage":0,"enemies":"Snecko","floor":31,"turns":6},{"damage":65,"enemies":"Collector","floor":33,"turns":11},{"damage":14,"enemies":"3 Shapes","floor":35,"turns":4},{"damage":0,"enemies":"Orb Walker","floor":42,"turns":3},{"damage":39,"enemies":"Nemesis","floor":44,"turns":7},{"damage":29,"enemies":"Giant Head","floor":46,"turns":9},{"damage":16,"enemies":"Nightmare","floor":48,"turns":7},{"damage":21,"enemies":"hubris:GrandSnecko","floor":50,"turns":9},{"damage":0,"enemies":"2 Louse","floor":52,"turns":1},{"damage":0,"enemies":"Small Slimes","floor":54,"turns":2},{"damage":0,"enemies":"Cultist","floor":55,"turns":3},{"damage":14,"enemies":"Lagavulin Event","floor":58,"turns":4},{"damage":0,"enemies":"Looter","floor":63,"turns":3},{"damage":0,"enemies":"Red Slaver","floor":65,"turns":3},{"damage":41,"enemies":"Hexaghost","floor":67,"turns":8},{"damage":0,"enemies":"2 Thieves","floor":69,"turns":3},{"damage":0,"enemies":"Spheric Guardian","floor":70,"turns":3},{"damage":31,"enemies":"Snake Plant","floor":72,"turns":3},{"damage":0,"enemies":"3 Cultists","floor":75,"turns":3},{"damage":0,"enemies":"Chosen and Byrds","floor":78,"turns":2},{"damage":0,"enemies":"Sentry and Sphere","floor":81,"turns":2},{"damage":69,"enemies":"Pondfish","floor":84,"turns":8},{"damage":0,"enemies":"3 Shapes","floor":86,"turns":3},{"damage":0,"enemies":"Orb Walker","floor":88,"turns":3},{"damage":14,"enemies":"Spire Growth","floor":89,"turns":4},{"damage":0,"enemies":"R_Hoarder","floor":91,"turns":6},{"damage":10,"enemies":"Maw","floor":92,"turns":6},{"damage":7,"enemies":"Jaw Worm Horde","floor":93,"turns":3},{"damage":69,"enemies":"Spire Growth","floor":95,"turns":5},{"damage":11,"enemies":"hubris:GrandSnecko","floor":101,"turns":9},{"damage":0,"enemies":"Jaw Worm","floor":103,"turns":2},{"damage":0,"enemies":"Small Slimes","floor":105,"turns":2},{"damage":0,"enemies":"2 Louse","floor":107,"turns":1},{"damage":4,"enemies":"Lots of Slimes","floor":112,"turns":3},{"damage":0,"enemies":"3 Louse","floor":116,"turns":2},{"damage":0,"enemies":"The Guardian","floor":118,"turns":6},{"damage":0,"enemies":"3 Byrds","floor":120,"turns":3},{"damage":59,"enemies":"conspire:MimicChest","floor":121,"turns":4},{"damage":1,"enemies":"2 Thieves","floor":122,"turns":3},{"damage":16,"enemies":"Shelled Parasite and Fungi","floor":124,"turns":4},{"damage":20,"enemies":"Slavers","floor":125,"turns":3},{"damage":0,"enemies":"Cultist and Chosen","floor":129,"turns":2},{"damage":0,"enemies":"Centurion and Healer","floor":131,"turns":2},{"damage":0,"enemies":"Sentry and Sphere","floor":132,"turns":2},{"damage":18,"enemies":"Snake Plant","floor":133,"turns":3},{"damage":210,"enemies":"infinitespire:LordOfFortification","floor":135,"turns":9}],"seed_played":"-5506729166493410482","potions_obtained":[{"floor":1,"key":"bronze:BurnAndBuffPotion"},{"floor":10,"key":"SpeedPotion"},{"floor":13,"key":"Languid Potion"},{"floor":18,"key":"SkillPotion"},{"floor":21,"key":"Doom Potion"},{"floor":29,"key":"Block Potion"},{"floor":31,"key":"Fire Potion"},{"floor":35,"key":"Toxic Potion"},{"floor":42,"key":"DistilledChaos"},{"floor":46,"key":"Toxic Potion"},{"floor":48,"key":"FearPotion"},{"floor":58,"key":"Dexterity Potion"},{"floor":63,"key":"CultistPotion"},{"floor":69,"key":"Flashbang"},{"floor":84,"key":"AttackPotion"},{"floor":133,"key":"infinitespire:BlackPotion"}],"is_trial":false,"path_per_floor":["M","?","T","M","?","R","M","R","T","M","E","?","E","M","R","B",null,"M","?","$","M","$","NM","M","R","T","M","?","M","R","M","R","B",null,"M","AVR","?","$","?","R","?","M","T","E","R","E","R","NM","R","B",null,"M","$","M","M","?","R","?","R","T","AVR","?","M","R","M","R","B",null,"M","M","$","M","?","R","M","R","T","M","?","AVR","M","?","R","B",null,"M","AVR","M","M","$","E","M","M","T","M","R","?","R","?","R","B",null,"M","?","M","?","M","R","?","R","T","M","R","?","?","M","R","B",null,"M","?","M","?","M","E","AVR","R","T","M","?","M","M","M","R","B"],"character_chosen":"NECROMANCER","items_purchased":["Lee\u0027s Waffle","ReplayFunnel","Negative_Energy_Sphere","Bone_Armor","Regen Potion","Membership Card","Scare+1","hubris:CuriousFeather","conspire:Dentures","Summon_Lich","MerchantsRug","Orichalcum","hubris:MedicalManual","Pantograph","Shuriken","Bone_Armory","Bronze Scales","Replay:Ringing Soul","Sling","Lantern","Bottled Tornado","Mayhem"],"campfire_rested":6,"item_purchase_floors":[0,0,0,0,0,0,0,20,20,20,20,22,22,38,38,38,53,53,71,71,71,90],"current_hp_per_floor":[82,82,82,74,54,78,82,82,82,82,60,60,68,65,65,12,82,82,82,82,73,73,68,63,63,63,53,48,45,69,71,71,12,82,70,70,70,70,70,70,70,72,72,47,71,70,70,71,71,80,82,82,82,82,85,73,73,73,73,73,76,76,87,87,88,88,83,91,94,94,94,77,86,86,94,94,94,94,94,94,94,97,97,61,103,103,103,103,99,102,106,106,106,106,51,83,83,83,83,108,110,110,112,112,114,114,116,116,116,116,116,118,118,118,107,123,123,125,125,127,86,97,97,99,93,93,133,133,137,137,139,141,138,138,0,0],"gold":1882,"neow_bonus":"","is_daily":false,"chose_seed":false,"campfire_upgraded":19,"win_rate":0.0,"timestamp":1612658274,"path_taken":["M","?","?","M","?","R","M","R","T","M","E","?","E","M","R","BOSS","M","?","$","M","$","NM","M","R","T","M","?","M","R","?","R","BOSS","M","AVR","?","$","?","R","?","?","T","E","R","E","R","NM","R","BOSS","M","$","M","M","?","R","?","R","T","AVR","?","?","R","M","R","BOSS","M","M","$","M","?","R","M","R","T","?","?","AVR","M","?","R","BOSS","M","AVR","M","M","$","E","?","M","T","M","R","?","R","?","R","BOSS","M","?","M","?","M","R","?","R","T","?","R","?","?","M","R","BOSS","M","?","M","?","?","E","AVR","R","T","M","?","?","M","M","R","BOSS"],"items_purchased_type":["Relic","Relic","Card","Card","Potion","Relic","Card","Relic","Relic","Card","Relic","Relic","Relic","Relic","Relic","Card","Relic","Relic","Relic","Relic","Relic","Card"],"build_version":"2020-12-22","purchased_purges":7,"victory":false,"max_hp_per_floor":[82,82,82,82,82,82,82,82,82,82,82,82,82,82,82,82,82,82,82,82,82,82,82,82,82,82,82,82,82,82,82,82,82,82,82,82,82,82,82,82,82,82,82,82,82,82,82,82,82,82,82,82,82,82,85,85,85,85,85,85,88,88,88,88,88,88,91,91,94,94,94,94,94,94,94,94,94,94,94,94,94,97,97,100,103,103,103,103,103,106,106,106,106,106,108,108,108,108,108,108,110,110,112,112,114,114,116,116,116,116,116,118,118,118,121,123,123,125,125,127,129,131,131,133,135,135,135,135,137,137,139,141,143,143,143,143],"card_choices":[{"not_picked":["Blood_Whip","Deaths_Shadow"],"picked":"Bone_Bullets","floor":1},{"not_picked":["Epidemic","Scare"],"picked":"Whirlwind_of_Bones","floor":4},{"not_picked":["Vampiric_Strike","Scare"],"picked":"Bone_Spikes","floor":7},{"not_picked":["Death_Coil","Whirlwind_of_Bones"],"picked":"Stop_Heart","floor":10},{"not_picked":["Blood_Wake","Blood_Whip"],"picked":"Bone_Armor","floor":11},{"not_picked":["Death_March_Dance","Acid_Javelin"],"picked":"Negative_Energy_Javelin","floor":13},{"not_picked":["Blood_for_Blood","Finger_Of_Death"],"picked":"Bones_to_Steel","floor":14},{"not_picked":["Blood_Wake","Negative_Energy_Bomb"],"picked":"Detonate_Bones","floor":16},{"not_picked":["Scare","Bone_Bullets","Exploit+1"],"picked":"SKIP","floor":18},{"not_picked":["Siphon_Strength","Chill_Blood+1"],"picked":"Bone_Armor","floor":21},{"not_picked":["infinitespire:SealOfDarkness+","ReplayTheSpireMod:Echoes of Time"],"picked":"infinitespire:SevenWalls","floor":23},{"not_picked":["Reap_The_Weak","Consume_Illness","Blood_Whip"],"picked":"SKIP","floor":23},{"not_picked":["Reap_The_Weak","Consume_Illness","Blood_Whip"],"picked":"SKIP","floor":23},{"not_picked":["Death_March_Dance","Corrupt"],"picked":"Bone_Armor+1","floor":24},{"not_picked":["Scare","Negative_Energy_Bomb","Shackles_Of_Pain"],"picked":"SKIP","floor":27},{"not_picked":["Blood_Whip","Death_March_Dance"],"picked":"Thousand_Bone_Knives+1","floor":29},{"not_picked":["Toxic_Smoke_Screen+1","Uncharnel"],"picked":"Thousand_Bone_Knives+1","floor":31},{"not_picked":["Cloudkill","Negative_Energy_Bomb"],"picked":"Summon_Vampire_Lady","floor":33},{"not_picked":["Blood_Shield+1","Epidemic+1","Deaths_Shadow+1"],"picked":"SKIP","floor":35},{"not_picked":["Bone_Armor","Reap_The_Weak"],"picked":"Spectral_Walk+1","floor":42},{"not_picked":["Death_Knell+1","Negative_Energy_Shield","Negative_Energy_Bomb"],"picked":"SKIP","floor":44},{"not_picked":["Blood_for_Blood","Blood_Is_Power+1"],"picked":"Negative_Energy_Burst","floor":46},{"not_picked":["Bone_Spikes+1","Life_Tap","Toxic_Smoke_Screen"],"picked":"SKIP","floor":48},{"not_picked":["Grasp_Heart","Requiem"],"picked":"Skeleton_Dragon","floor":50},{"not_picked":["Acid_Javelin","Summon_Undead","Thousand_Bone_Knives"],"picked":"SKIP","floor":52},{"not_picked":["Acid_Javelin","Summon_Undead","Thousand_Bone_Knives"],"picked":"SKIP","floor":52},{"not_picked":["Chill_Blood","Flesh_Made_Foul","Negative_Energy_Mist"],"picked":"SKIP","floor":54},{"not_picked":["Blood_Whip","Negative_Energy_Javelin"],"picked":"Life_Drain","floor":55},{"not_picked":["Stop_Heart","Blood_Magic","Vampiric_Strike"],"picked":"SKIP","floor":63},{"not_picked":["Summon_Lich","Toxic_Smoke_Screen","Spectral_Walk"],"picked":"SKIP","floor":65},{"not_picked":["Detonate_Bones","Summon_Vampire_Lady"],"picked":"Hellfire","floor":67},{"not_picked":["Flesh_Made_Foul","Pandemic"],"picked":"Bone_Armory","floor":69},{"not_picked":["Bone_Armory","Plague_Bolt","Exploit"],"picked":"SKIP","floor":70},{"not_picked":["Uncharnel","Consume_Illness+1","Blood_Curse"],"picked":"SKIP","floor":72},{"not_picked":["Epidemic","Death_Knell","Blood_Is_Power+1"],"picked":"SKIP","floor":75},{"not_picked":["Pandemic","Whirlwind_of_Bones","Corrupt"],"picked":"SKIP","floor":78},{"not_picked":["Negative_Energy_Burst","Life_Tap","Negative_Energy_Shield"],"picked":"SKIP","floor":81},{"not_picked":["Requiem","Blood_Magic"],"picked":"Summon_Death_Knight","floor":84},{"not_picked":["infinitespire:NeuralNetwork","hubris:Fate"],"picked":"infinitespire:DeathsTouch","floor":85},{"not_picked":["Spectral_Walk","Death_Knell","Negative_Energy_Mist"],"picked":"SKIP","floor":86},{"not_picked":["Spectral_Walk+1","Finger_Of_Death+1","Necrotic_Claws"],"picked":"SKIP","floor":88},{"not_picked":["Death_Coil","Negative_Energy_Sphere+1","Death_Knell"],"picked":"SKIP","floor":89},{"not_picked":["Corrupt+1","Death_Coil","Negative_Energy_Javelin"],"picked":"SKIP","floor":91},{"not_picked":["Negative_Energy_Javelin+1","Strike_from_Beyond+1","Death_March_Dance"],"picked":"SKIP","floor":92},{"not_picked":["Consume_Illness","Chill_Blood+1","Negative_Energy_Sphere"],"picked":"SKIP","floor":93},{"not_picked":["Whirlwind_of_Bones+1","Plague_Bolt+1","Chill_Blood+1"],"picked":"Singing Bowl","floor":95},{"not_picked":["Grasp_Heart","Blood_Wake","Skeleton_Dragon"],"picked":"Singing Bowl","floor":101},{"not_picked":["Blood_for_Blood","Corrupt","Summon_Undead_Army"],"picked":"Singing Bowl","floor":103},{"not_picked":["Blood_Whip","Uncharnel","Scare"],"picked":"Singing Bowl","floor":105},{"not_picked":["Scare","Bone_Bullets","Blood_Curse"],"picked":"Singing Bowl","floor":107},{"not_picked":["Bone_Shift","Negative_Energy_Shield","Slay_Living"],"picked":"Singing Bowl","floor":112},{"not_picked":["ReplayTheSpireMod:Chaos Vortex","hubris:Rewind"],"picked":"infinitespire:FutureSight","floor":115},{"not_picked":["Consume_Illness","Shackles_Of_Pain","Bone_Spikes"],"picked":"Singing Bowl","floor":116},{"not_picked":["Detonate_Bones","Reap_The_Weak","Cloudkill"],"picked":"Singing Bowl","floor":118},{"not_picked":["Bone_Prison","Death_Knell","Blood_Whip"],"picked":"Singing Bowl","floor":120},{"not_picked":["Toxic_Smoke_Screen","Negative_Energy_Sphere","Shade_Step"],"picked":"Singing Bowl","floor":121},{"not_picked":["Blood_Curse","Death_March_Dance","Bone_Shift+1"],"picked":"Singing Bowl","floor":122},{"not_picked":["Bone_Shift","Negative_Energy_Sphere","Chill_Blood"],"picked":"Singing Bowl","floor":124},{"not_picked":["Blood_Shield","Hellfire","Cloudkill"],"picked":"Singing Bowl","floor":125},{"not_picked":["Death_Coil","Summon_Lich","Necromantic_Selection"],"picked":"Singing Bowl","floor":129},{"not_picked":["Violent_Necrosis","Blood_Curse+1","Negative_Energy_Sphere"],"picked":"Singing Bowl","floor":131},{"not_picked":["Shade_Step","Vampiric_Strike","Death_March_Dance"],"picked":"Singing Bowl","floor":132},{"not_picked":["Whirlwind_of_Bones","Consume_Illness+1","Acid_Javelin"],"picked":"Singing Bowl","floor":133}],"player_experience":234380,"relics_obtained":[{"floor":3,"key":"Replay:Mystery Machine"},{"floor":9,"key":"Anchor"},{"floor":11,"key":"Omamori"},{"floor":13,"key":"Pen Nib"},{"floor":23,"key":"Mercury Hourglass"},{"floor":26,"key":"Pet Ghost"},{"floor":43,"key":"Replay:Bandana"},{"floor":44,"key":"Dead Branch"},{"floor":46,"key":"hubris:PeanutButter"},{"floor":48,"key":"Sundial"},{"floor":58,"key":"Snack Pack"},{"floor":60,"key":"Gremlin Food"},{"floor":77,"key":"Blood Vial"},{"floor":91,"key":"hubris:SphereOfDissonance"},{"floor":94,"key":"Singing Bowl"},{"floor":111,"key":"aspiration:Lifesprig"},{"floor":121,"key":"Replay:Mystery Machine"},{"floor":125,"key":"Kunai"},{"floor":125,"key":"Bag of Preparation"},{"floor":128,"key":"Gremlin Horn"}],"event_choices":[{"damage_healed":0,"gold_gain":0,"player_choice":"Take Damage","damage_taken":20,"relics_obtained":["Golden Idol"],"max_hp_gain":0,"max_hp_loss":0,"event_name":"Golden Idol","floor":5,"gold_loss":0},{"damage_healed":0,"gold_gain":0,"player_choice":"Leave","damage_taken":0,"max_hp_gain":0,"max_hp_loss":0,"event_name":"conspire:Investor","floor":37,"gold_loss":0},{"damage_healed":0,"gold_gain":0,"player_choice":"Ignored","damage_taken":0,"max_hp_gain":0,"max_hp_loss":0,"event_name":"Transmorgrifier","floor":41,"gold_loss":0},{"damage_healed":0,"gold_gain":0,"player_choice":"Success","damage_taken":12,"relics_obtained":["ReplayTheSpireMod:TigerMarble"],"max_hp_gain":0,"max_hp_loss":0,"event_name":"Scrap Ooze","floor":56,"gold_loss":0},{"damage_healed":0,"gold_gain":30,"player_choice":"Searched \u00272\u0027 times","damage_taken":0,"max_hp_gain":0,"max_hp_loss":0,"event_name":"Dead Adventurer","floor":58,"gold_loss":0},{"cards_removed":["Strike_W"],"damage_healed":0,"gold_gain":0,"player_choice":"Offered Basic","damage_taken":0,"max_hp_gain":0,"max_hp_loss":0,"event_name":"Bonfire Elementals","floor":62,"gold_loss":0},{"damage_healed":0,"gold_gain":0,"player_choice":"Simplicity","damage_taken":0,"max_hp_gain":0,"max_hp_loss":0,"event_name":"Back to Basics","floor":79,"gold_loss":0,"cards_upgraded":["Strike_W","Strike_W","Defend_W"]},{"damage_healed":0,"gold_gain":0,"player_choice":"Copied","damage_taken":0,"max_hp_gain":0,"max_hp_loss":0,"event_name":"Duplicator","floor":82,"gold_loss":0,"cards_obtained":["Bone_Armory"]},{"cards_removed":["Detonate_Bones"],"damage_healed":0,"gold_gain":0,"player_choice":"Removed Attack","damage_taken":0,"max_hp_gain":0,"max_hp_loss":0,"event_name":"Falling","floor":97,"gold_loss":0},{"damage_healed":0,"gold_gain":0,"player_choice":"Ignored","damage_taken":0,"max_hp_gain":0,"max_hp_loss":0,"event_name":"The Moai Head","floor":99,"gold_loss":0},{"damage_healed":0,"gold_gain":0,"player_choice":"Ignored","damage_taken":0,"max_hp_gain":0,"max_hp_loss":0,"event_name":"N\u0027loth","floor":123,"gold_loss":0},{"damage_healed":0,"gold_gain":0,"player_choice":"Bet on Murderer","damage_taken":0,"max_hp_gain":0,"max_hp_loss":0,"event_name":"The Joust","floor":130,"gold_loss":50},{"damage_healed":0,"gold_gain":0,"player_choice":"Bought 0 Potions","damage_taken":0,"max_hp_gain":0,"max_hp_loss":0,"event_name":"The Woman in Blue","floor":134,"gold_loss":0}],"is_beta":false,"boss_relics":[{"not_picked":["aspiration:SilentSkillbook","hubris:VirtuousBlindfold"],"picked":"hubris:ScarierMask"},{"not_picked":["Ring of Chaos","Philosopher\u0027s Stone"],"picked":"conspire:RoyalGoblet"},{"not_picked":["hubris:BlackHole","Abe\u0027s Treasure"],"picked":"SacredBark"},{"not_picked":["hubris:CrackedHourglass","Honey Jar"],"picked":"hubris:Backtick"},{"not_picked":["Philosopher\u0027s Stone","ReplayTheSpireMod:SealedPack","Replay:Drink Me"]},{"not_picked":["ChewingGum","hubris:RunicObelisk"],"picked":"Black Star"},{"not_picked":["Coffee Dripper","hubris:Stopwatch","aspiration:SecretTechniqueScroll"]}],"items_purged_floors":[36,53,61,71,80,87,90],"is_endless":true,"potions_floor_spawned":[1,10,13,18,21,29,31,35,42,46,48,58,63,67,69,84,88,89,91,107,118,124,125,132,133],"killed_by":"infinitespire:LordOfFortification","ascension_level":0}}