{"host":"6xsbn6ynqlzwllfm","time":1612715773,"event":{"mods":["2.2 Compatiblity","BaseMod","Bestiary","Colored Map","Colored Powertips","Curses Come First","Highlight Path","Keyboard Shortcuts","Minty Spire (QoL Compilation)","Relic Stats","Slay the Relics Exporter","StSLib","SuperFastMode"],"gold_per_floor":[110,125,125,50,50,76,76,91,91,103,117,129,129,157,157,236,236,251,251,269,285,285,318,318,16,66,115,31,71,123,150,150,253,253,273,273,273,318,353,403,68,94,168,168,195,247,279,298,298,298,323,323,323,11,37,37],"floor_reached":57,"language":"ENG","playtime":6744,"items_purged":["Warcry"],"score":3270,"play_id":"fce1774b-816f-4c9f-872e-addad3365a13","local_time":"20210207113613","is_ascension_mode":true,"campfire_choices":[{"data":"Bash","floor":7,"key":"SMITH"},{"data":"Flex","floor":13,"key":"SMITH"},{"data":"Cleave","floor":15,"key":"SMITH"},{"data":"Rupture","floor":24,"key":"SMITH"},{"data":"HandOfGreed","floor":32,"key":"SMITH"},{"floor":44,"key":"RECALL"},{"data":"Limit Break","floor":49,"key":"SMITH"},{"data":"Double Tap","floor":53,"key":"SMITH"}],"circlet_count":0,"master_deck":["AscendersBane","Bash+1","Clothesline","Cleave+1","Burning Pact+1","Offering","Battle Trance+1","Flex+1","Dropkick","Offering","Fiend Fire","Intimidate","Clothesline","Feed","Headbutt","Metallicize","Twin Strike","Reaper","Rupture+1","Sentinel","Necronomicurse","HandOfGreed+1","Inflame","Double Tap+1","Feel No Pain","Jack Of All Trades","Whirlwind","True Grit+1","Reaper","Limit Break+1","Madness","Madness","Shrug It Off","Seeing Red+1","Bloodletting","Reaper","Limit Break+1","Purity+1","Inflame","Shrug It Off+1","Exhume+1"],"relics":["Burning Blood","NeowsBlessing","Thread and Needle","Matryoshka","Orichalcum","Mummified Hand","Pandora\u0027s Box","Necronomicon","Mercury Hourglass","Membership Card","Blood Vial","Tiny Chest","Bag of Preparation","War Paint","Coffee Dripper","Charon\u0027s Ashes","Ice Cream","ClockworkSouvenir","Letter Opener","Toxic Egg 2","Anchor","Bronze Scales","Strawberry","Pear","Gambling Chip"],"acts_visited":["Exordium","TheCity","TheBeyond","TheEnding"],"potions_floor_usage":[16,16,16,23,27,42,42,51,56,56],"damage_taken":[{"damage":0,"enemies":"2 Louse","floor":1,"turns":1},{"damage":0,"enemies":"Small Slimes","floor":2,"turns":1},{"damage":0,"enemies":"Gremlin Nob","floor":6,"turns":1},{"damage":0,"enemies":"Jaw Worm","floor":8,"turns":3},{"damage":9,"enemies":"Exordium Wildlife","floor":10,"turns":4},{"damage":6,"enemies":"3 Louse","floor":11,"turns":2},{"damage":0,"enemies":"Lots of Slimes","floor":12,"turns":3},{"damage":11,"enemies":"Lagavulin","floor":14,"turns":6},{"damage":12,"enemies":"Slime Boss","floor":16,"turns":5},{"damage":12,"enemies":"Chosen","floor":18,"turns":4},{"damage":23,"enemies":"Shell Parasite","floor":20,"turns":2},{"damage":12,"enemies":"Centurion and Healer","floor":21,"turns":5},{"damage":12,"enemies":"Book of Stabbing","floor":23,"turns":2},{"damage":12,"enemies":"Gremlin Leader","floor":27,"turns":2},{"damage":0,"enemies":"Sentry and Sphere","floor":29,"turns":3},{"damage":18,"enemies":"3 Cultists","floor":30,"turns":5},{"damage":0,"enemies":"Slavers","floor":31,"turns":2},{"damage":31,"enemies":"Automaton","floor":33,"turns":5},{"damage":12,"enemies":"3 Shapes","floor":35,"turns":2},{"damage":15,"enemies":"3 Darklings","floor":38,"turns":5},{"damage":16,"enemies":"Sphere and 2 Shapes","floor":39,"turns":3},{"damage":6,"enemies":"Giant Head","floor":40,"turns":4},{"damage":20,"enemies":"Nemesis","floor":42,"turns":3},{"damage":12,"enemies":"Giant Head","floor":47,"turns":4},{"damage":10,"enemies":"Jaw Worm Horde","floor":48,"turns":4},{"damage":45,"enemies":"Awakened One","floor":50,"turns":5},{"damage":97,"enemies":"Donu and Deca","floor":51,"turns":8},{"damage":66,"enemies":"Shield and Spear","floor":55,"turns":5},{"damage":135,"enemies":"The Heart","floor":56,"turns":7}],"seed_played":"-1038745967248774529","potions_obtained":[{"floor":1,"key":"PowerPotion"},{"floor":11,"key":"Strength Potion"},{"floor":12,"key":"EntropicBrew"},{"floor":16,"key":"Block Potion"},{"floor":20,"key":"AttackPotion"},{"floor":23,"key":"Regen Potion"},{"floor":30,"key":"SpeedPotion"},{"floor":33,"key":"Fire Potion"},{"floor":35,"key":"EntropicBrew"},{"floor":38,"key":"AttackPotion"},{"floor":47,"key":"BloodPotion"}],"is_trial":false,"path_per_floor":["M","M","?","?","?","E","R","M","T","M","M","M","R","E","R","B",null,"M","?","M","M","?","E","R","$","T","E","$","M","M","E","R","B",null,"M","?","?","M","M","E","$","E","T","R","T","T","E","M","R","B","B",null,"R","$","E","B",null],"character_chosen":"IRONCLAD","items_purchased":["Membership Card","HandOfGreed","Inflame","Feel No Pain","Jack Of All Trades","Ice Cream","ClockworkSouvenir","Bloodletting","Reaper","Purity+1","Pear","Inflame","Shrug It Off+1","ElixirPotion"],"campfire_rested":0,"item_purchase_floors":[25,25,25,28,28,41,41,41,41,54,54,54,54,54],"current_hp_per_floor":[74,75,70,70,63,69,69,75,75,72,72,75,75,70,70,64,72,69,69,55,68,47,87,87,87,87,81,81,87,90,90,90,65,84,93,76,76,91,96,96,96,82,82,82,82,82,103,102,102,108,78,101,101,111,99,119],"gold":37,"neow_bonus":"THREE_ENEMY_KILL","is_daily":false,"chose_seed":false,"campfire_upgraded":7,"win_rate":0.0,"timestamp":1612715773,"path_taken":["M","M","?","?","?","E","R","M","T","?","M","M","R","E","R","BOSS","M","?","?","?","?","E","R","$","T","E","$","M","M","E","R","BOSS","M","?","?","M","M","E","$","E","T","R","?","?","E","M","R","BOSS","BOSS","R","$","E","BOSS"],"items_purchased_type":["Relic","Card","Card","Card","Card","Relic","Relic","Card","Card","Card","Relic","Card","Card","Potion"],"build_version":"2020-12-22","purchased_purges":1,"victory":true,"max_hp_per_floor":[75,75,75,75,75,75,75,75,75,75,75,75,75,75,75,75,75,78,78,81,84,84,87,87,87,87,87,87,87,90,90,90,90,90,93,93,93,93,96,96,96,96,96,96,96,96,103,106,106,109,109,109,109,119,119,119],"relic_stats":{"counters":[29,106],"Charon\u0027s Ashes":[398],"Bag of Preparation":[30],"Letter Opener":[140],"Orichalcum":[240],"War Paint":["Burning Pact","Battle Trance"],"Burning Blood":146,"Mercury Hourglass":[258],"Blood Vial":17,"Mummified Hand":[75],"Bronze Scales":[162],"Gambling Chip":[4],"Pandora\u0027s Box":["Intimidate","Clothesline","Feed","Warcry","Headbutt","Warcry","Metallicize"],"Tiny Chest":1,"Necronomicon":[56],"obtain_stats":[{"Ice Cream":41,"Bag of Preparation":27,"Burning Blood":0,"ClockworkSouvenir":41,"Blood Vial":26,"Matryoshka":6,"Mummified Hand":14,"Strawberry":47,"Gambling Chip":55,"Tiny Chest":26,"Necronomicon":22,"Toxic Egg 2":43,"Pear":54,"NeowsBlessing":0,"Thread and Needle":3,"Charon\u0027s Ashes":40,"Letter Opener":42,"Orichalcum":9,"War Paint":31,"Mercury Hourglass":23,"Anchor":45,"Bronze Scales":46,"Pandora\u0027s Box":17,"Coffee Dripper":34,"Membership Card":25},{"Ice Cream":22,"Bag of Preparation":14,"Burning Blood":0,"ClockworkSouvenir":22,"Blood Vial":13,"Matryoshka":3,"Mummified Hand":8,"Strawberry":24,"Gambling Chip":28,"Tiny Chest":13,"Necronomicon":12,"Toxic Egg 2":23,"Pear":27,"NeowsBlessing":0,"Thread and Needle":2,"Charon\u0027s Ashes":22,"Letter Opener":23,"Orichalcum":4,"War Paint":17,"Mercury Hourglass":13,"Anchor":23,"Bronze Scales":23,"Pandora\u0027s Box":9,"Coffee Dripper":18,"Membership Card":13},{"Ice Cream":70,"Bag of Preparation":41,"Burning Blood":0,"ClockworkSouvenir":70,"Blood Vial":39,"Matryoshka":3,"Mummified Hand":21,"Strawberry":77,"Gambling Chip":99,"Tiny Chest":39,"Necronomicon":37,"Toxic Egg 2":73,"Pear":94,"NeowsBlessing":0,"Thread and Needle":2,"Charon\u0027s Ashes":70,"Letter Opener":73,"Orichalcum":6,"War Paint":51,"Mercury Hourglass":39,"Anchor":73,"Bronze Scales":73,"Pandora\u0027s Box":26,"Coffee Dripper":56,"Membership Card":39}]},"card_choices":[{"not_picked":["Feel No Pain","Ghostly Armor"],"picked":"Clothesline","floor":1},{"not_picked":["Headbutt","Burning Pact"],"picked":"Cleave","floor":2},{"not_picked":["Pummel","Iron Wave"],"picked":"Burning Pact","floor":6},{"not_picked":["Shrug It Off","Dual Wield"],"picked":"Offering","floor":8},{"not_picked":["Entrench","Infernal Blade"],"picked":"Battle Trance","floor":10},{"not_picked":["Perfected Strike","Wild Strike"],"picked":"Flex","floor":11},{"not_picked":["Intimidate","Clash"],"picked":"Dropkick","floor":12},{"not_picked":["Headbutt","Flex"],"picked":"Offering","floor":14},{"not_picked":["Impervious","Exhume"],"picked":"Fiend Fire","floor":16},{"not_picked":["Pommel Strike","Clash"],"picked":"Twin Strike","floor":18},{"not_picked":["Shrug It Off","Headbutt"],"picked":"Rupture","floor":20},{"not_picked":["Heavy Blade","True Grit"],"picked":"Sentinel","floor":21},{"not_picked":["Blood for Blood","Sword Boomerang","Body Slam"],"picked":"SKIP","floor":23},{"not_picked":["Ghostly Armor","Anger"],"picked":"Double Tap","floor":27},{"not_picked":["Havoc+1","Cleave"],"picked":"Whirlwind","floor":29},{"not_picked":["Perfected Strike+1","Anger"],"picked":"True Grit+1","floor":30},{"not_picked":["Flame Barrier","Anger+1"],"picked":"Reaper","floor":31},{"not_picked":["Berserk","Bludgeon"],"picked":"Limit Break","floor":33},{"not_picked":["Perfected Strike+1","Feel No Pain","Headbutt"],"picked":"SKIP","floor":35},{"not_picked":["Flex","Spot Weakness"],"picked":"Shrug It Off","floor":38},{"not_picked":["Power Through","Flex","Body Slam"],"picked":"SKIP","floor":39},{"not_picked":["Clash","Pommel Strike"],"picked":"Seeing Red+1","floor":40},{"not_picked":["Heavy Blade","Anger","Second Wind"],"picked":"SKIP","floor":42},{"not_picked":["Reckless Charge","Uppercut"],"picked":"Limit Break+1","floor":47},{"not_picked":["Corruption","Anger+1"],"picked":"Exhume+1","floor":55}],"player_experience":1381543,"relics_obtained":[{"floor":6,"key":"Matryoshka"},{"floor":9,"key":"Orichalcum"},{"floor":14,"key":"Mummified Hand"},{"floor":22,"key":"Necronomicon"},{"floor":23,"key":"Mercury Hourglass"},{"floor":26,"key":"Blood Vial"},{"floor":26,"key":"Tiny Chest"},{"floor":27,"key":"Bag of Preparation"},{"floor":31,"key":"War Paint"},{"floor":40,"key":"Charon\u0027s Ashes"},{"floor":42,"key":"Letter Opener"},{"floor":43,"key":"Toxic Egg 2"},{"floor":45,"key":"Anchor"},{"floor":46,"key":"Bronze Scales"},{"floor":47,"key":"Strawberry"},{"floor":55,"key":"Gambling Chip"}],"event_choices":[{"damage_healed":0,"gold_gain":0,"player_choice":"Success","damage_taken":5,"relics_obtained":["Thread and Needle"],"max_hp_gain":0,"max_hp_loss":0,"event_name":"Scrap Ooze","floor":3,"gold_loss":0},{"cards_removed":["Strike_R"],"damage_healed":0,"gold_gain":0,"player_choice":"Card Removal","damage_taken":0,"max_hp_gain":0,"max_hp_loss":0,"event_name":"The Cleric","floor":4,"gold_loss":75},{"cards_removed":["Strike_R"],"damage_healed":0,"gold_gain":0,"player_choice":"Card Removal","damage_taken":7,"max_hp_gain":0,"max_hp_loss":0,"event_name":"Golden Wing","floor":5,"gold_loss":0},{"damage_healed":0,"gold_gain":0,"cards_transformed":["Warcry"],"player_choice":"Transformed","damage_taken":0,"max_hp_gain":0,"max_hp_loss":0,"event_name":"Transmorgrifier","floor":19,"gold_loss":0,"cards_obtained":["Reaper"]},{"damage_healed":0,"gold_gain":0,"player_choice":"Obtained Book","damage_taken":21,"max_hp_gain":0,"max_hp_loss":0,"event_name":"Cursed Tome","floor":22,"gold_loss":0},{"damage_healed":0,"gold_gain":0,"player_choice":"Embrace Madness","damage_taken":17,"max_hp_gain":0,"max_hp_loss":0,"event_name":"Winding Halls","floor":36,"gold_loss":0,"cards_obtained":["Madness","Madness"]},{"damage_healed":0,"gold_gain":0,"player_choice":"Ignored","damage_taken":0,"max_hp_gain":0,"max_hp_loss":0,"event_name":"Tomb of Lord Red Mask","floor":37,"gold_loss":0}],"is_beta":false,"boss_relics":[{"not_picked":["Runic Cube","Tiny House"],"picked":"Pandora\u0027s Box"},{"not_picked":["Empty Cage","SacredBark"],"picked":"Coffee Dripper"}],"items_purged_floors":[54],"is_endless":false,"potions_floor_spawned":[1,11,12,14,16,18,20,23,30,33,35,38,47],"ascension_level":20}}