{"host":"oopoa2qluour3scl","time":1612733401,"event":{"mods":["2.2 Compatiblity","AchievementEnabler","AlwaysNeverKeys","BaseMod","Better Match","Better Note","Better Sensory Stone","Better Third Choice","Better Vampires","BetterRewards","Bossed Relics","Colored Powertips","Communication Mod","Minty Spire (QoL Compilation)","Practice Mode","Random Character Button","Relic Filter Mod","Relic Stats","Smile Girya","StS++","StSLib","SuperFastMode","Swap Starting Deck Mod","Weighted Paths"],"gold_per_floor":[113,125,125,125,0,0,35,45,45,56,75,75,101,112,112,208,208,228,153,169,179,179,179,207,207,261,281,300,300,309,378,378,488,488,505,527,577,577,597,597,636,653,676,676,676,247,274,312,312,312,312,312,89,119,119,119],"floor_reached":55,"language":"ENG","playtime":4669,"items_purged":["Burn","Parasite"],"score":807,"play_id":"c659fbd8-be18-49e1-99b3-35ce18cad01f","local_time":"20210207223001","is_ascension_mode":false,"campfire_choices":[{"floor":6.0,"key":"REST"},{"data":"Enlightenment","floor":12.0,"key":"SMITH"},{"floor":15.0,"key":"REST"},{"data":"Blade Dance","floor":23,"key":"SMITH"},{"data":"Concentrate","floor":25,"key":"SMITH"},{"data":"Calculated Gamble","floor":29,"key":"SMITH"},{"data":"Noxious Fumes","floor":32,"key":"SMITH"},{"floor":40,"key":"REST"},{"floor":49,"key":"REST"},{"floor":52,"key":"REST"}],"circlet_count":0,"master_deck":["Predator","Flechettes","Flechettes","Flechettes","Escape Plan","Escape Plan","Escape Plan","Escape Plan","Setup","Leg Sweep","Cloak And Dagger","Backflip","Enlightenment+1","Calculated Gamble+1","Blade Dance","Blade Dance+1","StSpp:SwitchWeapon","Concentrate+1","Unload","Infinite Blades+1","StSpp:Dive+1","Apotheosis+1","Unload","Prepared+1","Noxious Fumes+1","Phantasmal Killer","Quick Slash+1","StSpp:Anticipation+1","StSpp:Landslide","Deadly Poison+1","StSpp:Cataclysm"],"relics":["Ring of the Snake","StSpp:SailorCap","Matryoshka","Centennial Puzzle","StSpp:XCola","Toy Ornithopter","Pandora\u0027s Box","Bird Faced Urn","Nunchaku","CeramicFish","Pear","Fusion Hammer","CaptainsWheel","Smiling Mask","Happy Flower","Blue Candle","StSpp:BrokenTotem","Chemical X","PreservedInsect","Vajra"],"acts_visited":["Exordium","TheCity","TheBeyond","TheEnding"],"potions_floor_usage":[28,28,33,41,50,55],"damage_taken":[{"damage":0.0,"enemies":"2 Louse","floor":1.0,"turns":1.0},{"damage":2.0,"enemies":"Jaw Worm","floor":2.0,"turns":2.0},{"damage":18.0,"enemies":"Gremlin Nob","floor":7.0,"turns":3.0},{"damage":0.0,"enemies":"Small Slimes","floor":8.0,"turns":3.0},{"damage":0.0,"enemies":"Blue Slaver","floor":10.0,"turns":3.0},{"damage":0.0,"enemies":"3 Louse","floor":11.0,"turns":2.0},{"damage":3.0,"enemies":"3 Sentries","floor":13.0,"turns":5.0},{"damage":8.0,"enemies":"Exordium Wildlife","floor":14.0,"turns":2.0},{"damage":25.0,"enemies":"Slime Boss","floor":16.0,"turns":9.0},{"damage":1.0,"enemies":"Spheric Guardian","floor":18.0,"turns":3.0},{"damage":4.0,"enemies":"Shell Parasite","floor":20.0,"turns":2.0},{"damage":0.0,"enemies":"Chosen and Byrds","floor":21.0,"turns":4.0},{"damage":1,"enemies":"Gremlin Leader","floor":24,"turns":5},{"damage":13,"enemies":"Centurion and Healer","floor":27,"turns":3},{"damage":9,"enemies":"3 Cultists","floor":28,"turns":4},{"damage":41,"enemies":"Automaton","floor":33,"turns":7},{"damage":8,"enemies":"3 Shapes","floor":35,"turns":3},{"damage":0,"enemies":"Orb Walker","floor":36,"turns":2},{"damage":18,"enemies":"Mind Bloom Boss Battle","floor":37,"turns":4},{"damage":35,"enemies":"Jaw Worm Horde","floor":39,"turns":4},{"damage":22,"enemies":"Nemesis","floor":41,"turns":5},{"damage":0,"enemies":"Spire Growth","floor":42,"turns":2},{"damage":0,"enemies":"Giant Head","floor":47,"turns":3},{"damage":5,"enemies":"Writhing Mass","floor":48,"turns":4},{"damage":28,"enemies":"Donu and Deca","floor":50,"turns":6},{"damage":17,"enemies":"Shield and Spear","floor":54,"turns":3},{"damage":99,"enemies":"The Heart","floor":55,"turns":3}],"seed_played":"-2167132631426416847","potions_obtained":[{"floor":7.0,"key":"PowerPotion"},{"floor":10.0,"key":"ColorlessPotion"},{"floor":13.0,"key":"Explosive Potion"},{"floor":16.0,"key":"Fruit Juice"},{"floor":20.0,"key":"SkillPotion"},{"floor":24,"key":"Fruit Juice"},{"floor":33,"key":"SkillPotion"},{"floor":35,"key":"Energy Potion"},{"floor":41,"key":"Ancient Potion"},{"floor":42,"key":"FearPotion"},{"floor":54,"key":"Swift Potion"}],"is_trial":false,"path_per_floor":["M","M","?","?","?","R","E","M","T","M","M","R","E","M","R","B",null,"M","$","M","M","?","R","E","R","T","M","M","R","?","T","R","B",null,"M","M","?","?","M","R","E","M","T","T","?","$","E","M","R","B",null,"R","$","E","B"],"character_chosen":"THE_SILENT","items_purchased":["StSpp:Landslide","StSpp:BrokenTotem","Chemical X","StSpp:Cataclysm"],"campfire_rested":5,"item_purchase_floors":[46,46,46,53],"current_hp_per_floor":[35,33,33,21,27,49,31,31,31,31,31,31,28,20,42,32,76,75,75,71,71,71,71,70,70,70,59,72,72,72,82,82,52,96,90,94,80,80,47,75,64,64,64,64,64,64,66,67,95,77,96,96,93,80,0,0],"gold":119,"neow_bonus":"","is_daily":false,"chose_seed":false,"campfire_upgraded":5,"win_rate":0.0,"timestamp":1612733401,"path_taken":["M","M","?","?","?","R","E","M","T","M","?","R","E","M","R","BOSS","M","$","M","M","?","R","E","R","T","?","M","R","?","?","R","BOSS","M","M","?","?","M","R","E","?","T","?","?","$","E","M","R","BOSS","R","$","E","BOSS"],"items_purchased_type":["Card","Relic","Relic","Card"],"build_version":"2020-12-22","purchased_purges":2,"victory":false,"max_hp_per_floor":[70,70,70,70,76,76,76,76,76,76,76,76,76,76,76,76,76,76,76,76,76,76,76,76,76,76,76,86,86,86,96,96,96,96,96,96,96,96,96,96,96,96,96,96,96,96,96,96,96,96,96,96,93,93,93,93],"relic_stats":{"Happy Flower":[6],"counters":[180,696],"CeramicFish":81,"Blue Candle":[0],"PreservedInsect":155,"Smiling Mask":50,"Centennial Puzzle":[51],"Nunchaku":[30],"Bird Faced Urn":[109],"Pandora\u0027s Box":[],"Chemical X":[1],"obtain_stats":[{"Gremlin Horn":40,"CeramicFish":48,"Vajra":28,"Whetstone":26,"Bottled Tornado":43,"Sling":20,"Sozu":0,"Centennial Puzzle":13,"Lizard Tail":10,"HornCleat":30,"Sundial":7,"Strawberry":25,"Philosopher\u0027s Stone":17,"Fusion Hammer":17,"Kunai":16,"Toxic Egg 2":0,"StSpp:XCola":9,"Girya":37,"Pear":26,"Happy Flower":43,"Astrolabe":17,"Dead Branch":30,"Blue Candle":44,"Eternal Feather":8,"Pen Nib":33,"Letter Opener":24,"War Paint":40,"Question Card":38,"Cables":0,"Bottled Flame":10,"Shuriken":38,"Bronze Scales":0,"Bird Faced Urn":9,"Snecko Eye":17,"Molten Egg 2":26,"Pandora\u0027s Box":17,"Black Star":17,"StrikeDummy":6,"Pocketwatch":6,"Regal Pillow":0,"Lantern":6,"Singing Bowl":25,"Snake Skull":0,"Bag of Preparation":4,"Juzu Bracelet":10,"Ancient Tea Set":43,"Smiling Mask":41,"Nunchaku":53,"Dream Catcher":27,"Matryoshka":7,"WristBlade":17,"Mummified Hand":0,"Pantograph":0,"Gambling Chip":40,"Tiny Chest":9,"WingedGreaves":0,"Red Mask":21,"Chemical X":46,"Cracked Core":0,"Ring of the Snake":0,"Potion Belt":44,"Lee\u0027s Waffle":12,"StSpp:SailorCap":4,"NeowsBlessing":0,"The Specimen":2,"Golden Idol":0,"The Courier":9,"betterThird:NestCultRelic":27,"PreservedInsect":9,"Omamori":46,"Frozen Egg 2":23,"Orichalcum":0,"Odd Mushroom":14,"GoldenEye":8,"White Beast Statue":28,"Peace Pipe":27,"DataDisk":40,"CaptainsWheel":37,"Ornamental Fan":46,"betterThird:SlimedRelic":4,"Orrery":0,"StSpp:BrokenTotem":46,"Ectoplasm":0,"Coffee Dripper":34,"Bottled Lightning":54,"Toy Ornithopter":23},{"Gremlin Horn":124,"CeramicFish":30,"Vajra":20,"Whetstone":4,"Bottled Tornado":28,"Sling":43,"Sozu":0,"Centennial Puzzle":52,"Lizard Tail":82,"HornCleat":21,"Sundial":65,"Strawberry":76,"Philosopher\u0027s Stone":113,"Fusion Hammer":70,"Kunai":162,"Toxic Egg 2":105,"StSpp:XCola":157,"Girya":25,"Pear":76,"Happy Flower":175,"Astrolabe":85,"Dead Branch":91,"Blue Candle":175,"Eternal Feather":81,"Pen Nib":169,"Letter Opener":45,"War Paint":97,"Question Card":25,"Cables":0,"Bottled Flame":39,"Shuriken":25,"Bronze Scales":0,"Bird Faced Urn":9,"Snecko Eye":42,"Molten Egg 2":19,"Pandora\u0027s Box":162,"Black Star":54,"StrikeDummy":37,"Pocketwatch":9,"Regal Pillow":33,"Lantern":109,"Singing Bowl":19,"Snake Skull":46,"Bag of Preparation":48,"Juzu Bracelet":66,"Ancient Tea Set":98,"Smiling Mask":174,"Nunchaku":31,"Dream Catcher":77,"Matryoshka":156,"WristBlade":145,"Mummified Hand":0,"Pantograph":0,"Gambling Chip":124,"Tiny Chest":134,"WingedGreaves":46,"Red Mask":73,"Chemical X":175,"Cracked Core":0,"Ring of the Snake":0,"Potion Belt":99,"Lee\u0027s Waffle":67,"StSpp:SailorCap":155,"NeowsBlessing":61,"The Specimen":137,"Golden Idol":0,"The Courier":50,"betterThird:NestCultRelic":118,"PreservedInsect":142,"Omamori":126,"Frozen Egg 2":17,"Orichalcum":46,"Odd Mushroom":144,"GoldenEye":38,"White Beast Statue":119,"Peace Pipe":150,"DataDisk":27,"CaptainsWheel":172,"Ornamental Fan":101,"betterThird:SlimedRelic":107,"Orrery":46,"StSpp:BrokenTotem":175,"Ectoplasm":78,"Coffee Dripper":23,"Bottled Lightning":32,"Toy Ornithopter":3},{"Gremlin Horn":473,"CeramicFish":94,"Vajra":64,"Whetstone":18,"Bottled Tornado":90,"Sling":156,"Sozu":0,"Centennial Puzzle":191,"Lizard Tail":312,"HornCleat":66,"Sundial":230,"Strawberry":283,"Philosopher\u0027s Stone":442,"Fusion Hammer":257,"Kunai":623,"Toxic Egg 2":417,"StSpp:XCola":608,"Girya":81,"Pear":283,"Happy Flower":677,"Astrolabe":329,"Dead Branch":355,"Blue Candle":677,"Eternal Feather":304,"Pen Nib":654,"Letter Opener":167,"War Paint":380,"Question Card":81,"Cables":0,"Bottled Flame":133,"Shuriken":81,"Bronze Scales":0,"Bird Faced Urn":31,"Snecko Eye":150,"Molten Egg 2":61,"Pandora\u0027s Box":629,"Black Star":200,"StrikeDummy":121,"Pocketwatch":31,"Regal Pillow":102,"Lantern":429,"Singing Bowl":61,"Snake Skull":169,"Bag of Preparation":176,"Juzu Bracelet":234,"Ancient Tea Set":384,"Smiling Mask":675,"Nunchaku":96,"Dream Catcher":287,"Matryoshka":605,"WristBlade":568,"Mummified Hand":0,"Pantograph":0,"Gambling Chip":473,"Tiny Chest":527,"WingedGreaves":169,"Red Mask":270,"Chemical X":677,"Cracked Core":0,"Ring of the Snake":0,"Potion Belt":388,"Lee\u0027s Waffle":239,"StSpp:SailorCap":602,"NeowsBlessing":219,"The Specimen":534,"Golden Idol":0,"The Courier":182,"betterThird:NestCultRelic":454,"PreservedInsect":553,"Omamori":478,"Frozen Egg 2":54,"Orichalcum":169,"Odd Mushroom":560,"GoldenEye":124,"White Beast Statue":456,"Peace Pipe":588,"DataDisk":86,"CaptainsWheel":666,"Ornamental Fan":396,"betterThird:SlimedRelic":422,"Orrery":169,"StSpp:BrokenTotem":677,"Ectoplasm":289,"Coffee Dripper":73,"Bottled Lightning":99,"Toy Ornithopter":14}],"Toy Ornithopter":45,"Ring of the Snake":[150]},"card_choices":[{"not_picked":["Poisoned Stab","Quick Slash"],"picked":"Cloak And Dagger","floor":1.0},{"not_picked":["Predator","Setup"],"picked":"Backflip","floor":2.0},{"not_picked":["PiercingWail","Eviscerate"],"picked":"StSpp:ChainedTrap","floor":7.0},{"not_picked":["Deadly Poison","Bane"],"picked":"Calculated Gamble","floor":8.0},{"not_picked":["Quick Slash","Doppelganger"],"picked":"Blade Dance","floor":10.0},{"not_picked":["Flying Knee","Choke"],"picked":"Blade Dance","floor":11.0},{"not_picked":["Slice","Outmaneuver"],"picked":"StSpp:SwitchWeapon","floor":13.0},{"not_picked":["Dodge and Roll","Dagger Spray"],"picked":"Concentrate","floor":14.0},{"not_picked":["Die Die Die","Venomology"],"picked":"Unload","floor":16.0},{"not_picked":["Dagger Throw+1","Cloak And Dagger"],"picked":"Infinite Blades+1","floor":18.0},{"not_picked":["Dagger Throw","StSpp:PoisonousPunch"],"picked":"StSpp:Dive+1","floor":20.0},{"not_picked":["Flying Knee","Dagger Throw","Poisoned Stab+1"],"picked":"SKIP","floor":21},{"not_picked":["Leg Sweep","Flying Knee"],"picked":"Unload","floor":24},{"not_picked":["Dodge and Roll+1","StSpp:CorrosivePoison+1"],"picked":"Prepared+1","floor":27},{"not_picked":["Crippling Poison","StSpp:Lure","Bane"],"picked":"SKIP","floor":28},{"not_picked":["Bullet Time","Malaise"],"picked":"Phantasmal Killer","floor":33},{"not_picked":["StSpp:FiercePoison+1","PiercingWail+1","Escape Plan"],"picked":"SKIP","floor":35},{"not_picked":["Poisoned Stab+1","Flying Knee+1"],"picked":"Quick Slash+1","floor":36},{"not_picked":["Dagger Throw","Leg Sweep","Dash"],"picked":"SKIP","floor":39},{"not_picked":["Underhanded Strike+1","Venomology"],"picked":"StSpp:Anticipation+1","floor":41},{"not_picked":["Reflex","Flying Knee+1","Dagger Throw+1"],"picked":"SKIP","floor":42},{"not_picked":["StSpp:Lure","Grand Finale","Outmaneuver"],"picked":"SKIP","floor":47},{"not_picked":["Dodge and Roll+1","Calculated Gamble"],"picked":"Deadly Poison+1","floor":48},{"not_picked":["PiercingWail","Quick Slash+1","StSpp:SwitchWeapon"],"picked":"SKIP","floor":54}],"player_experience":480256,"relics_obtained":[{"floor":7.0,"key":"Matryoshka"},{"floor":9.0,"key":"Centennial Puzzle"},{"floor":9.0,"key":"StSpp:XCola"},{"floor":13.0,"key":"Toy Ornithopter"},{"floor":24,"key":"Bird Faced Urn"},{"floor":26,"key":"Nunchaku"},{"floor":26,"key":"CeramicFish"},{"floor":31,"key":"Pear"},{"floor":37,"key":"CaptainsWheel"},{"floor":41,"key":"Smiling Mask"},{"floor":43,"key":"Happy Flower"},{"floor":44,"key":"Blue Candle"},{"floor":47,"key":"PreservedInsect"},{"floor":54,"key":"Vajra"}],"event_choices":[{"damage_healed":33.0,"max_hp_gain":0.0,"max_hp_loss":70.0,"gold_gain":0.0,"event_name":"betterThird:BetterShining","player_choice":"Embrace Burn","floor":3.0,"gold_loss":0.0,"damage_taken":0.0},{"damage_healed":0.0,"max_hp_gain":0.0,"max_hp_loss":0.0,"gold_gain":1.0,"event_name":"betterThird:BetterScrap","player_choice":"Relic ","floor":4.0,"gold_loss":0.0,"damage_taken":12.0,"cards_obtained":["Brilliance"]},{"damage_healed":0.0,"max_hp_gain":0.0,"max_hp_loss":0.0,"gold_gain":0.0,"event_name":"betterThird:BetterSerpent","player_choice":"RENOUNCE","floor":5.0,"gold_loss":125.0,"damage_taken":125.0,"cards_obtained":["Enlightenment"]},{"cards_removed":["StSpp:Dive"],"damage_healed":0,"gold_gain":0,"player_choice":"Take \u0026 Give","damage_taken":0,"max_hp_gain":0,"max_hp_loss":0,"event_name":"betterNote:BetterNote","floor":22,"gold_loss":0,"cards_obtained":["Apotheosis"]},{"damage_healed":0,"gold_gain":0,"player_choice":"Read","damage_taken":0,"max_hp_gain":0,"max_hp_loss":0,"event_name":"The Library","floor":30,"gold_loss":0,"cards_obtained":["Noxious Fumes"]},{"damage_healed":0,"gold_gain":0,"player_choice":"Fight","damage_taken":0,"max_hp_gain":0,"max_hp_loss":0,"event_name":"MindBloom","floor":37,"gold_loss":0},{"cards_removed":["StSpp:ChainedTrap"],"damage_healed":0,"gold_gain":0,"player_choice":"Removed Skill","damage_taken":0,"max_hp_gain":0,"max_hp_loss":0,"event_name":"Falling","floor":38,"gold_loss":0},{"damage_healed":0,"gold_gain":0,"player_choice":"Ignored","damage_taken":0,"max_hp_gain":0,"max_hp_loss":0,"event_name":"Tomb of Lord Red Mask","floor":45,"gold_loss":0}],"is_beta":false,"boss_relics":[{"not_picked":["Ring of the Serpent","Calling Bell"],"picked":"Pandora\u0027s Box"},{"not_picked":["Runic Dome","HoveringKite"],"picked":"Fusion Hammer"}],"items_purged_floors":[19,53],"is_endless":false,"potions_floor_spawned":[7,10,13,16,20,24,27,33,35,41,42,47,54],"killed_by":"The Heart","ascension_level":0}}