{"host":"a92fqxohjrzqy5rn","time":1612733525,"event":{"mods":["AchievementEnabler","BaseMod","Minty Spire (QoL Compilation)","Relic Sorter","Smile Girya"],"gold_per_floor":[119,294,294,294,1,1,20,39,39,66,80,11,23,42,42,138,138,152,152,152,102,118,145,70,70,141,152,152,78,91,110,110,213,213,227,239,239,239,250,250,285,285,285,37,57,75,75,95,95,95,95,95,20,50,50],"floor_reached":56,"language":"ENG","playtime":2247,"items_purged":["Strike_G"],"score":1224,"play_id":"104db30f-69a8-4bfb-bcd3-e09d19f25750","local_time":"20210207213205","is_ascension_mode":false,"campfire_choices":[{"data":"Catalyst","floor":6.0,"key":"SMITH"},{"data":"Bouncing Flask","floor":15.0,"key":"SMITH"},{"floor":28.0,"key":"REST"},{"data":"Noxious Fumes","floor":32.0,"key":"SMITH"},{"floor":40.0,"key":"RECALL"},{"floor":47.0,"key":"REST"},{"data":"Venomology","floor":49.0,"key":"SMITH"},{"data":"Envenom","floor":52.0,"key":"SMITH"}],"circlet_count":0,"master_deck":["Defend_G","Defend_G","Defend_G","Defend_G","Survivor","Neutralize","Corpse Explosion","Well Laid Plans","Dagger Spray","Catalyst+1","Outmaneuver","Prepared","Backstab","Die Die Die","Bouncing Flask+1","Footwork","PiercingWail","Venomology+1","Accuracy+1","Wraith Form v2+1","Deadly Poison+1","Necronomicurse","Riddle With Holes","Blade Dance+1","Noxious Fumes+1","Prepared+1","Envenom+1","Distraction+1","Parasite","Blade Dance+1","Accuracy","Catalyst"],"relics":["Ring of the Serpent","Bag of Marbles","HornCleat","Bird Faced Urn","Astrolabe","Necronomicon","MealTicket","Shuriken","Meat on the Bone","Juzu Bracelet","Ancient Tea Set","Bottled Tornado","Strawberry"],"acts_visited":["Exordium","TheCity","TheBeyond","TheEnding"],"potions_floor_usage":[],"damage_taken":[{"damage":0.0,"enemies":"Small Slimes","floor":1.0,"turns":3.0},{"damage":0.0,"enemies":"2 Louse","floor":7.0,"turns":2.0},{"damage":8.0,"enemies":"Jaw Worm","floor":8.0,"turns":3.0},{"damage":22.0,"enemies":"Gremlin Nob","floor":10.0,"turns":4.0},{"damage":0.0,"enemies":"Exordium Thugs","floor":11.0,"turns":3.0},{"damage":3.0,"enemies":"Red Slaver","floor":13.0,"turns":2.0},{"damage":0.0,"enemies":"3 Louse","floor":14.0,"turns":1.0},{"damage":15.0,"enemies":"The Guardian","floor":16.0,"turns":7.0},{"damage":4.0,"enemies":"Chosen","floor":18.0,"turns":4.0},{"damage":0.0,"enemies":"3 Byrds","floor":22.0,"turns":3.0},{"damage":22.0,"enemies":"Book of Stabbing","floor":23.0,"turns":4.0},{"damage":65.0,"enemies":"Cultist and Chosen","floor":27.0,"turns":8.0},{"damage":20.0,"enemies":"Sentry and Sphere","floor":30.0,"turns":4.0},{"damage":10.0,"enemies":"Chosen and Byrds","floor":31.0,"turns":3.0},{"damage":19.0,"enemies":"Champ","floor":33.0,"turns":9.0},{"damage":21.0,"enemies":"3 Shapes","floor":35.0,"turns":6.0},{"damage":40.0,"enemies":"3 Darklings","floor":36.0,"turns":4.0},{"damage":11.0,"enemies":"Transient","floor":39.0,"turns":5.0},{"damage":26.0,"enemies":"Reptomancer","floor":41.0,"turns":6.0},{"damage":6.0,"enemies":"Maw","floor":45.0,"turns":6.0},{"damage":63.0,"enemies":"Spire Growth","floor":46.0,"turns":5.0},{"damage":10.0,"enemies":"Writhing Mass","floor":48.0,"turns":7.0},{"damage":43.0,"enemies":"Donu and Deca","floor":50.0,"turns":6.0},{"damage":9.0,"enemies":"Shield and Spear","floor":54.0,"turns":5.0},{"damage":109,"enemies":"The Heart","floor":55,"turns":8}],"seed_played":"-3073733721945279082","potions_obtained":[{"floor":7.0,"key":"GamblersBrew"},{"floor":8.0,"key":"Dexterity Potion"},{"floor":10.0,"key":"Weak Potion"},{"floor":14.0,"key":"SkillPotion"},{"floor":18.0,"key":"PowerPotion"},{"floor":22.0,"key":"Poison Potion"},{"floor":30.0,"key":"FairyPotion"},{"floor":31.0,"key":"GhostInAJar"},{"floor":35.0,"key":"CunningPotion"},{"floor":39.0,"key":"LiquidBronze"},{"floor":41.0,"key":"AttackPotion"},{"floor":48.0,"key":"SteroidPotion"}],"is_trial":false,"path_per_floor":["M","?","?","?","$","R","M","M","T","E","M","$","M","M","R","B",null,"M","?","?","?","M","E","$","?","T","M","R","$","M","M","R","B",null,"M","M","?","?","M","R","E","?","T","$","M","M","R","M","R","B",null,"R","$","E","B",null],"character_chosen":"THE_SILENT","items_purchased":["Bag of Marbles","Catalyst","Bouncing Flask","Riddle With Holes","Noxious Fumes","Bottled Tornado","Accuracy"],"campfire_rested":2,"item_purchase_floors":[5,5,12,24,29,44,53],"current_hp_per_floor":[63,63,63,63,63,63,63,55,55,33,35,35,32,32,32,21,63,59,43,43,43,43,23,38,38,38,30,48,63,43,35,35,38,63,48,26,26,26,35,35,31,31,31,46,52,30,48,46,46,25,63,63,63,67,32],"gold":50,"neow_bonus":"THREE_RARE_CARDS","is_daily":false,"chose_seed":false,"campfire_upgraded":5,"win_rate":0.0,"timestamp":1612733525,"path_taken":["M","?","?","?","$","R","?","M","T","E","M","?","M","M","R","BOSS","M","?","?","?","?","E","$","?","T","M","R","?","M","M","R","BOSS","M","?","?","?","M","R","E","?","T","?","M","M","R","M","R","BOSS","R","$","E","BOSS"],"items_purchased_type":["Relic","Card","Card","Card","Card","Relic","Card"],"build_version":"2020-12-22","purchased_purges":1,"victory":true,"max_hp_per_floor":[63,63,63,63,63,63,63,63,63,63,63,63,63,63,63,63,63,63,63,63,63,63,63,63,63,63,63,63,63,63,63,63,63,63,63,63,63,63,63,63,63,63,63,63,63,63,63,63,63,63,63,63,63,70,70],"card_choices":[{"not_picked":["A Thousand Cuts","Glass Knife"],"picked":"Corpse Explosion","floor":0.0},{"not_picked":["Bane","Backflip"],"picked":"Well Laid Plans","floor":1.0},{"not_picked":["Blade Dance","Predator"],"picked":"Outmaneuver","floor":7.0},{"not_picked":["Dagger Throw","Deadly Poison"],"picked":"Prepared","floor":8.0},{"not_picked":["Finisher","Deflect"],"picked":"Backstab","floor":10.0},{"not_picked":["Calculated Gamble","Tactician"],"picked":"Die Die Die","floor":11.0},{"not_picked":["Prepared","Escape Plan"],"picked":"Footwork","floor":13.0},{"not_picked":["Backflip","Well Laid Plans"],"picked":"PiercingWail","floor":14.0},{"not_picked":["Grand Finale","Tools of the Trade"],"picked":"Venomology","floor":16.0},{"not_picked":["Endless Agony","Poisoned Stab","Caltrops+1"],"picked":"SKIP","floor":18.0},{"not_picked":["Quick Slash+1","Flechettes","Acrobatics"],"picked":"SKIP","floor":22.0},{"not_picked":["Masterful Stab","A Thousand Cuts","Acrobatics"],"picked":"SKIP","floor":23.0},{"not_picked":["Bane","Cloak And Dagger"],"picked":"Blade Dance+1","floor":27.0},{"not_picked":["Quick Slash+1","Bane","Finisher+1"],"picked":"SKIP","floor":30.0},{"not_picked":["Expertise","Dagger Spray"],"picked":"Prepared+1","floor":31.0},{"not_picked":["Adrenaline","Glass Knife"],"picked":"Envenom","floor":33.0},{"not_picked":["Tactician","Backflip+1","Quick Slash"],"picked":"SKIP","floor":35.0},{"not_picked":["Dodge and Roll+1","Underhanded Strike"],"picked":"Distraction+1","floor":36.0},{"not_picked":["Cloak And Dagger","Slice","Sucker Punch"],"picked":"SKIP","floor":39.0},{"not_picked":["Outmaneuver+1","Flechettes+1"],"picked":"Skewer","floor":41.0},{"not_picked":["Deadly Poison+1","Blur+1","Outmaneuver"],"picked":"SKIP","floor":45.0},{"not_picked":["Outmaneuver+1","Endless Agony","Cloak And Dagger+1"],"picked":"SKIP","floor":46.0},{"not_picked":["Deadly Poison+1","Masterful Stab+1"],"picked":"Blade Dance+1","floor":48.0},{"not_picked":["Storm of Steel","Blade Dance"],"picked":"Catalyst","floor":54.0}],"player_experience":220626,"relics_obtained":[{"floor":9.0,"key":"HornCleat"},{"floor":10.0,"key":"Bird Faced Urn"},{"floor":19.0,"key":"Necronomicon"},{"floor":23.0,"key":"Shuriken"},{"floor":26.0,"key":"Meat on the Bone"},{"floor":41.0,"key":"Juzu Bracelet"},{"floor":54.0,"key":"Strawberry"}],"event_choices":[{"damage_healed":0.0,"max_hp_gain":0.0,"max_hp_loss":0.0,"gold_gain":175.0,"event_name":"Liars Game","player_choice":"AGREE","floor":2.0,"gold_loss":0.0,"damage_taken":0.0,"cards_obtained":["Doubt"]},{"cards_removed":["Doubt"],"damage_healed":0.0,"max_hp_gain":0.0,"max_hp_loss":0.0,"gold_gain":0.0,"event_name":"Living Wall","player_choice":"Forget","floor":3.0,"gold_loss":0.0,"damage_taken":0.0},{"damage_healed":0.0,"max_hp_gain":0.0,"max_hp_loss":0.0,"gold_gain":0.0,"event_name":"Match and Keep!","player_choice":"1 cards matched","floor":4.0,"gold_loss":0.0,"damage_taken":0.0,"cards_obtained":["Dagger Spray"]},{"damage_healed":0.0,"max_hp_gain":0.0,"max_hp_loss":0.0,"gold_gain":0.0,"event_name":"Cursed Tome","player_choice":"Obtained Book","floor":19.0,"gold_loss":0.0,"damage_taken":16.0},{"damage_healed":0.0,"max_hp_gain":0.0,"max_hp_loss":0.0,"gold_gain":0.0,"event_name":"The Mausoleum","player_choice":"Opened","floor":20.0,"gold_loss":0.0,"damage_taken":0.0,"relics_obtained":["MealTicket"]},{"damage_healed":0.0,"max_hp_gain":0.0,"max_hp_loss":0.0,"gold_gain":0.0,"event_name":"The Joust","player_choice":"Bet on Murderer","floor":21.0,"gold_loss":50.0,"damage_taken":0.0},{"cards_removed":["Strike_G"],"damage_healed":0.0,"max_hp_gain":0.0,"max_hp_loss":0.0,"gold_gain":0.0,"event_name":"Back to Basics","player_choice":"Elegance","floor":25.0,"gold_loss":0.0,"damage_taken":0.0},{"cards_removed":["Defend_G"],"damage_healed":0.0,"max_hp_gain":0.0,"max_hp_loss":0.0,"gold_gain":0.0,"event_name":"Falling","player_choice":"Removed Skill","floor":37.0,"gold_loss":0.0,"damage_taken":0.0},{"damage_healed":0.0,"max_hp_gain":0.0,"max_hp_loss":0.0,"gold_gain":0.0,"event_name":"The Woman in Blue","player_choice":"Bought 0 Potions","floor":38.0,"gold_loss":0.0,"damage_taken":0.0},{"cards_removed":["Skewer"],"damage_healed":0.0,"max_hp_gain":0.0,"max_hp_loss":0.0,"gold_gain":0.0,"event_name":"WeMeetAgain","player_choice":"Gave Card","floor":42.0,"gold_loss":0.0,"damage_taken":0.0,"relics_obtained":["Ancient Tea Set"]}],"is_beta":false,"boss_relics":[{"not_picked":["Tiny House","Cursed Key"],"picked":"Astrolabe"},{"not_picked":["Coffee Dripper","Pandora\u0027s Box"],"picked":"Ring of the Serpent"}],"items_purged_floors":[5],"is_endless":false,"potions_floor_spawned":[7,8,10,14,18,22,30,31,35,39,41,48],"ascension_level":0}}