{"host":"hs5g5f0q56ds4vmn","time":1612662847,"event":{"mods":["AchievementEnabler","BaseMod","DeckTracker","Highlight Path","Minty Spire (QoL Compilation)","SuperFastMode","everything is the same but u backflip on backflip"],"gold_per_floor":[367,367,317,328,345,378,229,229,277,332,361,385,92,107,107,210,210,220,220,238,238,238],"floor_reached":21,"language":"KOR","playtime":1345,"items_purged":["Zap","Defend_B"],"score":290,"play_id":"1fce0407-9b10-4629-b544-5b9a4a37fb54","local_time":"20210207105407","is_ascension_mode":true,"campfire_choices":[{"data":"Sunder","floor":8.0,"key":"SMITH"},{"floor":15.0,"key":"REST"}],"circlet_count":0,"master_deck":["AscendersBane","Dualcast+1","Auto Shields","Sunder+1","Hologram","White Noise","Cold Snap","Coolheaded","Recycle","Defragment","Turbo","Core Surge","Thunder Strike","Core Surge","Self Repair","Undo","Redo","Ball Lightning","Meteor Strike","Capacitor"],"relics":["Cracked Core","Strawberry","War Paint","Ginger","Turnip","Odd Mushroom","Blood Vial","Pandora\u0027s Box","Nilry\u0027s Codex"],"acts_visited":["Exordium","TheCity"],"potions_floor_usage":[],"damage_taken":[{"damage":3.0,"enemies":"2 Louse","floor":1.0,"turns":2.0},{"damage":1.0,"enemies":"Jaw Worm","floor":4.0,"turns":3.0},{"damage":0.0,"enemies":"Small Slimes","floor":5.0,"turns":3.0},{"damage":14.0,"enemies":"Lagavulin","floor":6.0,"turns":7.0},{"damage":13.0,"enemies":"Lagavulin Event","floor":10.0,"turns":10.0},{"damage":6.0,"enemies":"Gremlin Nob","floor":11.0,"turns":3.0},{"damage":21.0,"enemies":"The Mushroom Lair","floor":12.0,"turns":4.0},{"damage":0.0,"enemies":"Blue Slaver","floor":14.0,"turns":3.0},{"damage":18.0,"enemies":"The Guardian","floor":16.0,"turns":13.0},{"damage":29,"enemies":"Shell Parasite","floor":18,"turns":6},{"damage":7,"enemies":"Chosen","floor":20,"turns":3},{"damage":51,"enemies":"Centurion and Healer","floor":21,"turns":4}],"seed_played":"-7387416690179087676","potions_obtained":[{"floor":4.0,"key":"FairyPotion"},{"floor":6.0,"key":"EssenceOfDarkness"},{"floor":11.0,"key":"SkillPotion"}],"is_trial":false,"path_per_floor":["M","?","?","M","M","E","$","R","T","?","E","?","$","M","R","B",null,"M","?","M","M"],"character_chosen":"DEFECT","items_purchased":["Cold Snap","Coolheaded","Defragment","Blood Vial"],"campfire_rested":1,"item_purchase_floors":[7,7,13,13],"current_hp_per_floor":[65,50,50,49,49,42,42,42,42,29,23,2,2,4,27,11,62,42,26,21,0,0],"gold":238,"neow_bonus":"TWO_FIFTY_GOLD","is_daily":false,"chose_seed":false,"campfire_upgraded":1,"win_rate":0.0,"timestamp":1612662847,"path_taken":["M","?","?","?","M","E","$","R","T","?","E","?","$","M","R","BOSS","M","?","M","M"],"items_purchased_type":["Card","Card","Card","Relic"],"build_version":"2020-12-22","purchased_purges":2,"victory":false,"max_hp_per_floor":[75,75,72,72,72,79,79,79,79,79,79,79,79,79,79,79,79,79,79,79,79,79],"card_choices":[{"not_picked":["Blizzard","Steam Power"],"picked":"Auto Shields","floor":1.0},{"not_picked":["Stack","Skim"],"picked":"Sunder","floor":4.0},{"not_picked":["Ball Lightning","Go for the Eyes"],"picked":"Hologram","floor":5.0},{"not_picked":["Auto Shields","BootSequence"],"picked":"White Noise","floor":6.0},{"not_picked":["FTL","Barrage","Reinforced Body"],"picked":"SKIP","floor":11.0},{"not_picked":["Steam","Beam Cell"],"picked":"Recycle","floor":12.0},{"not_picked":["Steam","Streamline"],"picked":"Turbo","floor":14.0},{"not_picked":["Thunder Strike","All For One"],"picked":"Core Surge","floor":16.0},{"not_picked":["Streamline","Cold Snap","Rebound+1"],"picked":"SKIP","floor":18},{"not_picked":["Barrage","Streamline+1"],"picked":"Capacitor","floor":20}],"player_experience":625864,"relics_obtained":[{"floor":6.0,"key":"Strawberry"},{"floor":9.0,"key":"War Paint"},{"floor":10.0,"key":"Ginger"},{"floor":11.0,"key":"Turnip"},{"floor":12.0,"key":"Odd Mushroom"},{"floor":19,"key":"Nilry\u0027s Codex"}],"event_choices":[{"damage_healed":0.0,"max_hp_gain":0.0,"max_hp_loss":0.0,"gold_gain":0.0,"event_name":"Shining Light","player_choice":"Entered Light","floor":2.0,"gold_loss":0.0,"damage_taken":15.0,"cards_upgraded":["Strike_B","Defend_B"]},{"cards_removed":["Parasite"],"damage_healed":0.0,"max_hp_gain":0.0,"max_hp_loss":0.0,"gold_gain":0.0,"event_name":"The Cleric","player_choice":"Card Removal","floor":3.0,"gold_loss":50.0,"damage_taken":0.0},{"damage_healed":0.0,"max_hp_gain":0.0,"max_hp_loss":0.0,"gold_gain":30.0,"event_name":"Dead Adventurer","player_choice":"Searched \u00272\u0027 times","floor":10.0,"gold_loss":0.0,"damage_taken":0.0},{"damage_healed":0.0,"max_hp_gain":0.0,"max_hp_loss":0.0,"gold_gain":0.0,"event_name":"Mushrooms","player_choice":"Fought Mushrooms","floor":12.0,"gold_loss":0.0,"damage_taken":0.0},{"damage_healed":0,"gold_gain":0,"player_choice":"Obtained Book","damage_taken":16,"max_hp_gain":0,"max_hp_loss":0,"event_name":"Cursed Tome","floor":19,"gold_loss":0}],"is_beta":false,"boss_relics":[{"not_picked":["Inserter","SlaversCollar"],"picked":"Pandora\u0027s Box"}],"items_purged_floors":[7,13],"is_endless":false,"potions_floor_spawned":[4,6,10,11],"killed_by":"Centurion and Healer","ascension_level":11}}