{"host":"cijhj3091wf4aho3","time":1612670464,"event":{"mods":["BaseMod","Colored Map","Colored Powertips","Downfall","Friendly Minions","GifTheSpireLib","Highlight Path","Minty Spire (QoL Compilation)","Permanent Neow","Random Character Button","Relic Sorter","Relic Stats","StSLib","everything is the same but u backflip on backflip","slay the spire mod where everything is the same but ironclad has a cowboy hat"],"gold_per_floor":[0,15,25,25,25,53,53,38,38,67,67,52,52,52,66,66,66,66],"floor_reached":16,"language":"ENG","playtime":561,"items_purged":[],"score":133,"play_id":"7d269b49-9d46-46f2-99ce-8769c00ea7e1","local_time":"20210206200104","is_ascension_mode":true,"campfire_choices":[{"data":"bronze:RecursiveStrike","floor":1,"key":"SMITH"},{"data":"bronze:Goto","floor":11,"key":"SMITH"},{"data":"bronze:Replicate","floor":13,"key":"SMITH"}],"circlet_count":0,"master_deck":["bronze:Strike","bronze:Strike","bronze:Strike","bronze:Defend","bronze:Defend","bronze:Defend","bronze:Defend","bronze:Replicate+1","bronze:Goto+1","bronze:RecursiveStrike+1","bronze:Frontload","bronze:HyperBeam"],"relics":["bronze:BronzeCore","downfall:BrokenWingStatue","Blood Vial","InkBottle","Bird Faced Urn"],"acts_visited":["Exordium"],"potions_floor_usage":[16],"damage_taken":[{"damage":7,"enemies":"Jaw Worm","floor":2,"turns":2},{"damage":2,"enemies":"2 Louse","floor":3,"turns":2},{"damage":10,"enemies":"3 Sentries","floor":6,"turns":7},{"damage":0,"enemies":"downfall:FleeingMerchant","floor":8,"turns":4},{"damage":3,"enemies":"Lagavulin","floor":10,"turns":5},{"damage":0,"enemies":"downfall:FleeingMerchant","floor":12,"turns":4},{"damage":7,"enemies":"Small Slimes","floor":15,"turns":3},{"damage":77,"enemies":"IC_STATUS_ARCHETYPE","floor":16,"turns":10}],"seed_played":"-2700302418799747695","potions_obtained":[{"floor":10,"key":"Regen Potion"},{"floor":15,"key":"SteroidPotion"}],"is_trial":false,"path_per_floor":["R","M","M","?","?","E","T","$","T","E","R","$","R","?","M","B"],"character_chosen":"THE_AUTOMATON","items_purchased":[],"campfire_rested":0,"item_purchase_floors":[],"current_hp_per_floor":[70,63,61,61,61,51,51,53,53,52,52,54,54,54,49,0,0,0],"gold":66,"neow_bonus":"THREE_RARE_CARDS","is_daily":false,"chose_seed":false,"campfire_upgraded":3,"win_rate":0.0,"timestamp":1612670464,"path_taken":["R","M","M","?","?","E","T","$","?","E","R","$","R","?","M","BOSS"],"items_purchased_type":[],"build_version":"2020-12-22","purchased_purges":0,"victory":false,"max_hp_per_floor":[70,70,70,70,70,70,70,70,70,70,70,70,70,70,70,70,70,70],"relic_stats":{"Blood Vial":10,"counters":[8,37],"Bird Faced Urn":[0],"obtain_stats":[{"Blood Vial":6,"bronze:BronzeCore":0,"downfall:BrokenWingStatue":5,"Bird Faced Urn":10,"InkBottle":9},{"Blood Vial":3,"bronze:BronzeCore":0,"downfall:BrokenWingStatue":2,"Bird Faced Urn":5,"InkBottle":4},{"Blood Vial":11,"bronze:BronzeCore":0,"downfall:BrokenWingStatue":4,"Bird Faced Urn":20,"InkBottle":15}],"InkBottle":[5]},"card_choices":[{"not_picked":["bronze:ShipIt","bronze:SpaghettiCode"],"picked":"bronze:RecursiveStrike","floor":0},{"not_picked":["bronze:Invalidate","bronze:WildBeam","bronze:BitShift"],"picked":"SKIP","floor":2},{"not_picked":["bronze:CutThrough","bronze:WildBeam"],"picked":"bronze:Frontload","floor":3},{"not_picked":["bronze:BronzeOrb","bronze:WhirlingStrike","bronze:Frontload"],"picked":"SKIP","floor":6},{"not_picked":["bronze:Branch","bronze:Virus","bronze:FineTuning"],"picked":"SKIP","floor":8},{"not_picked":["bronze:DelayedGuard","bronze:Invalidate","bronze:Repair"],"picked":"SKIP","floor":10},{"not_picked":["bronze:Invalidate","bronze:Shield"],"picked":"bronze:HyperBeam","floor":12},{"not_picked":["bronze:BuggyMess","bronze:Constructor","bronze:Repair"],"picked":"SKIP","floor":15}],"player_experience":570553,"relics_obtained":[{"floor":6,"key":"Blood Vial"},{"floor":9,"key":"InkBottle"},{"floor":10,"key":"Bird Faced Urn"}],"event_choices":[],"is_beta":false,"boss_relics":[],"items_purged_floors":[],"is_endless":false,"potions_floor_spawned":[10,15],"killed_by":"IC_STATUS_ARCHETYPE","ascension_level":5}}