{"host":"s24sb66hw4a4sfft","time":1612685218,"event":{"mods":["AchievementEnabler","BaseMod","Colored Map","Colored Powertips","Googly Eyes","Hermit","Hubris","Minty Spire (QoL Compilation)","Quick Restart","Shop Mod","StSLib","The Poker Player"],"gold_per_floor":[109,109,120,120,68,98,98,139,186,204,204,237,44,57,57,154,154,168,23,34,34,48,75,75,86,86,86,86,100,130,147,147,248,248,262,262,272,222,272,272,0,26,51,51,83,101,51,63,63,63],"floor_reached":51,"language":"ENG","playtime":2053,"items_purged":["Wish","Vigilance+1"],"score":980,"play_id":"c5a9722c-616a-4dff-9233-242cef8379a2","local_time":"20210207030658","is_ascension_mode":false,"campfire_choices":[{"floor":7.0,"key":"REST"},{"floor":15.0,"key":"REST"},{"data":"Eruption","floor":24.0,"key":"SMITH"},{"data":"Vigilance","floor":27.0,"key":"SMITH"},{"data":"Prostrate","floor":32.0,"key":"SMITH"},{"floor":40.0,"key":"REST"},{"floor":44.0,"key":"REST"},{"floor":49.0,"key":"REST"}],"circlet_count":0,"master_deck":["Eruption+1","Prostrate+1","CrushJoints+1","Consecrate+1","Weave+1","WheelKick+1","Conclude+1","JustLucky+1","FollowUp+1","CutThroughFate+1","CutThroughFate+1","ReachHeaven+1","JustLucky+1","CutThroughFate+1","hermit:Ricochet+1"],"relics":["PureWater","Art of War","Molten Egg 2","Smiling Mask","Lantern","hubris:Metronome","Vajra","Pandora\u0027s Box","Pen Nib","MutagenicStrength","MealTicket","hubris:PeanutButter","hubris:Towel","Happy Flower","SlaversCollar","Torii","Red Mask","hubris:DisguiseKit","Boot","Gremlin Horn"],"acts_visited":["Exordium","TheCity","TheBeyond"],"potions_floor_usage":[50,50],"damage_taken":[{"damage":3.0,"enemies":"2 Louse","floor":1.0,"turns":2.0},{"damage":3.0,"enemies":"Jaw Worm","floor":3.0,"turns":3.0},{"damage":24.0,"enemies":"3 Sentries","floor":6.0,"turns":16.0},{"damage":2.0,"enemies":"Small Slimes","floor":8.0,"turns":6.0},{"damage":3.0,"enemies":"Red Slaver","floor":10.0,"turns":3.0},{"damage":12.0,"enemies":"Gremlin Nob","floor":12.0,"turns":3.0},{"damage":0.0,"enemies":"2 Fungi Beasts","floor":14.0,"turns":2.0},{"damage":0.0,"enemies":"Hexaghost","floor":16.0,"turns":2.0},{"damage":0.0,"enemies":"Shell Parasite","floor":18.0,"turns":1.0},{"damage":0.0,"enemies":"Chosen","floor":20.0,"turns":1.0},{"damage":0.0,"enemies":"Snake Plant","floor":22.0,"turns":1.0},{"damage":0.0,"enemies":"Book of Stabbing","floor":23.0,"turns":1.0},{"damage":0.0,"enemies":"3 Cultists","floor":25.0,"turns":1.0},{"damage":0.0,"enemies":"Centurion and Healer","floor":29.0,"turns":2.0},{"damage":0.0,"enemies":"Slavers","floor":30.0,"turns":1.0},{"damage":0.0,"enemies":"Snake Plant","floor":31.0,"turns":1.0},{"damage":10.0,"enemies":"hubris:MusketHawk","floor":33.0,"turns":3.0},{"damage":0.0,"enemies":"3 Shapes","floor":35.0,"turns":1.0},{"damage":0.0,"enemies":"Orb Walker","floor":37.0,"turns":1.0},{"damage":0.0,"enemies":"Mind Bloom Boss Battle","floor":39.0,"turns":1.0},{"damage":0.0,"enemies":"Nemesis","floor":42.0,"turns":1.0},{"damage":0.0,"enemies":"Giant Head","floor":45.0,"turns":1.0},{"damage":0.0,"enemies":"3 Darklings","floor":46.0,"turns":1.0},{"damage":0.0,"enemies":"Spire Growth","floor":48.0,"turns":1.0},{"damage":59,"enemies":"Awakened One","floor":50,"turns":5}],"seed_played":"-7451528008244565192","potions_obtained":[{"floor":3.0,"key":"Block Potion"},{"floor":8.0,"key":"CultistPotion"},{"floor":12.0,"key":"SteroidPotion"},{"floor":14.0,"key":"FearPotion"},{"floor":20.0,"key":"Weak Potion"},{"floor":22.0,"key":"Fruit Juice"},{"floor":29.0,"key":"BlessingOfTheForge"},{"floor":30.0,"key":"FairyPotion"},{"floor":33.0,"key":"PowerPotion"},{"floor":46.0,"key":"DuplicationPotion"}],"is_trial":false,"path_per_floor":["M","?","M","?","$","E","R","M","T","M","?","E","$","M","R","B",null,"M","$","M","?","M","E","R","M","T","R","?","M","E","M","R","B",null,"M","?","M","$","?","R","?","E","T","R","E","M","$","M","R","B",null],"character_chosen":"WATCHER","items_purchased":["CrushJoints+1","Vajra","Conclude+1","Pen Nib"],"campfire_rested":5,"item_purchase_floors":[5,13,13,19],"current_hp_per_floor":[69,62,59,52,52,28,49,47,47,44,44,32,32,32,53,53,72,72,72,72,72,77,77,77,77,77,77,77,77,77,77,77,67,77,77,77,77,77,77,77,77,77,77,77,77,77,77,77,77,18],"gold":63,"neow_bonus":"RANDOM_COMMON_RELIC","is_daily":false,"chose_seed":false,"campfire_upgraded":3,"win_rate":0.0,"timestamp":1612685218,"path_taken":["M","?","M","?","?","E","R","M","T","?","?","E","$","M","R","BOSS","M","$","M","?","M","E","R","M","T","R","?","M","E","M","R","BOSS","M","?","?","$","?","R","?","E","T","R","E","M","?","M","R","BOSS"],"items_purchased_type":["Card","Relic","Card","Relic"],"build_version":"2020-12-22","purchased_purges":2,"victory":true,"max_hp_per_floor":[72,72,72,72,72,72,72,72,72,72,72,72,72,72,72,72,72,72,72,72,72,77,77,77,77,77,77,77,77,77,77,77,77,77,77,77,77,77,77,77,77,77,77,77,77,77,77,77,77,77],"card_choices":[{"not_picked":["BowlingBash","Crescendo"],"picked":"Prostrate","floor":1.0},{"not_picked":["BowlingBash","Study","InnerPeace"],"picked":"SKIP","floor":3.0},{"not_picked":["Indignation","FlyingSleeves+1"],"picked":"Wish","floor":6.0},{"not_picked":["WaveOfTheHand","Halt"],"picked":"Consecrate+1","floor":8.0},{"not_picked":["Consecrate+1","PathToVictory"],"picked":"Weave+1","floor":10.0},{"not_picked":["Brilliance+1","SashWhip+1"],"picked":"WheelKick+1","floor":12.0},{"not_picked":["Prostrate","ClearTheMind"],"picked":"JustLucky+1","floor":14.0},{"not_picked":["JustLucky+1","PathToVictory+1","EmptyBody"],"picked":"SKIP","floor":18.0},{"not_picked":["DeceiveReality","SandsOfTime+1"],"picked":"FollowUp+1","floor":20.0},{"not_picked":["Halt","Fasting2+1"],"picked":"CutThroughFate+1","floor":22.0},{"not_picked":["Vengeance","BowlingBash+1","Protect+1"],"picked":"SKIP","floor":23.0},{"not_picked":["Conclude+1","Devotion"],"picked":"CutThroughFate+1","floor":25.0},{"not_picked":["Protect+1","PathToVictory+1"],"picked":"ReachHeaven+1","floor":29.0},{"not_picked":["Conclude+1","TalkToTheHand+1"],"picked":"JustLucky+1","floor":30.0},{"not_picked":["Sanctity","WaveOfTheHand","Wireheading"],"picked":"SKIP","floor":31.0},{"not_picked":["PathToVictory+1","BowlingBash+1","Omniscience"],"picked":"SKIP","floor":35.0},{"not_picked":["FollowUp+1","PathToVictory+1"],"picked":"CutThroughFate+1","floor":37.0},{"not_picked":["Evaluate+1","BowlingBash+1","Worship"],"picked":"SKIP","floor":42.0},{"not_picked":["BowlingBash+1","Vengeance","LikeWater+1","hermit:TakeCover"],"picked":"SKIP","floor":45.0},{"not_picked":["Consecrate+1","JustLucky+1","SashWhip+1","hermit:HeroicBravado"],"picked":"SKIP","floor":46.0},{"not_picked":["Prostrate","CrushJoints+1","Consecrate+1"],"picked":"hermit:Ricochet","floor":48.0}],"player_experience":581468,"relics_obtained":[{"floor":6.0,"key":"Smiling Mask"},{"floor":9.0,"key":"Lantern"},{"floor":12.0,"key":"hubris:Metronome"},{"floor":23.0,"key":"MealTicket"},{"floor":26.0,"key":"hubris:PeanutButter"},{"floor":30.0,"key":"Happy Flower"},{"floor":39.0,"key":"Torii"},{"floor":42.0,"key":"hubris:DisguiseKit"},{"floor":43.0,"key":"Boot"},{"floor":45.0,"key":"Gremlin Horn"}],"event_choices":[{"cards_removed":["Strike_P"],"damage_healed":0.0,"max_hp_gain":0.0,"max_hp_loss":0.0,"gold_gain":0.0,"event_name":"Golden Wing","player_choice":"Card Removal","floor":2.0,"gold_loss":0.0,"damage_taken":7.0},{"damage_healed":0.0,"max_hp_gain":0.0,"max_hp_loss":0.0,"gold_gain":0.0,"event_name":"Scrap Ooze","player_choice":"Success","floor":4.0,"gold_loss":0.0,"damage_taken":7.0,"relics_obtained":["Molten Egg 2"]},{"damage_healed":0.0,"max_hp_gain":0.0,"max_hp_loss":0.0,"gold_gain":0.0,"event_name":"NoteForYourself","player_choice":"Ignored","floor":11.0,"gold_loss":0.0,"damage_taken":0.0},{"damage_healed":0.0,"max_hp_gain":0.0,"max_hp_loss":0.0,"gold_gain":0.0,"event_name":"Drug Dealer","player_choice":"Inject Mutagens","floor":21.0,"gold_loss":0.0,"damage_taken":0.0,"relics_obtained":["MutagenicStrength"]},{"damage_healed":0.0,"max_hp_gain":0.0,"max_hp_loss":0.0,"gold_gain":0.0,"event_name":"Lab","player_choice":"Got Potions","floor":36.0,"gold_loss":0.0,"damage_taken":0.0},{"damage_healed":0.0,"max_hp_gain":0.0,"max_hp_loss":0.0,"gold_gain":0.0,"event_name":"MindBloom","player_choice":"Fight","floor":39.0,"gold_loss":0.0,"damage_taken":0.0},{"damage_healed":0.0,"max_hp_gain":0.0,"max_hp_loss":0.0,"gold_gain":0.0,"event_name":"Tomb of Lord Red Mask","player_choice":"Paid","floor":41.0,"gold_loss":272.0,"damage_taken":0.0,"relics_obtained":["Red Mask"]}],"is_beta":false,"boss_relics":[{"not_picked":["VioletLotus","Philosopher\u0027s Stone"],"picked":"Pandora\u0027s Box"},{"not_picked":["Velvet Choker","hubris:GrandSneckoEye"],"picked":"SlaversCollar"}],"items_purged_floors":[38,47],"is_endless":false,"potions_floor_spawned":[3,8,12,14,20,22,29,30,33,35,37,45,46],"ascension_level":0}}