{"host":"xm9adsgm4dq1zj57","time":1612670512,"event":{"mods":["AchievementEnabler","BaseMod","Colored Map","DeckTracker","Highlight Path","Keyboard Shortcuts","Minty Spire (QoL Compilation)","Permanent Neow","Quick Restart","Rare Cards Sparkle","Slay-I","StSLib","SuperFastMode"],"gold_per_floor":[16,32,49,68,79,113,113,126,126,153,153,179,197,229,229,301,301,321,371,138,148,167,167,167,185,185,48,76,76,109,126,126,126,126],"floor_reached":33,"language":"KOR","playtime":1386,"items_purged":["Metallicize","Strike_R"],"score":638,"play_id":"b66a8286-52b3-4b4d-9803-d2a23b8438d1","local_time":"20210207130152","is_ascension_mode":true,"campfire_choices":[{"data":"Immolate","floor":7.0,"key":"SMITH"},{"data":"Carnage","floor":15.0,"key":"SMITH"},{"floor":23,"key":"REST"},{"data":"Immolate","floor":29,"key":"SMITH"},{"data":"Double Tap","floor":32,"key":"SMITH"}],"circlet_count":0,"master_deck":["AscendersBane","Strike_R","Strike_R","Strike_R","Defend_R","Defend_R","Defend_R","Bash","Immolate+1","Wild Strike","Cleave","Iron Wave","Perfected Strike","Carnage+1","Double Tap+1","Perfected Strike","Evolve","Sever Soul","Shrug It Off","Exhume","Fiend Fire","Burning Pact","Fire Breathing","Immolate+1","Clash+1","Perfected Strike"],"relics":["Burning Blood","Sundial","Oddly Smooth Stone","Singing Bowl","Pen Nib","Mercury Hourglass","Shuriken","Mark of Pain","Meat on the Bone","Art of War","StrikeDummy"],"acts_visited":["Exordium","TheCity"],"potions_floor_usage":[25,28,28,33],"damage_taken":[{"damage":3.0,"enemies":"Cultist","floor":1.0,"turns":3.0},{"damage":12.0,"enemies":"Jaw Worm","floor":2.0,"turns":3.0},{"damage":0.0,"enemies":"Small Slimes","floor":3.0,"turns":1.0},{"damage":16.0,"enemies":"Blue Slaver","floor":4.0,"turns":3.0},{"damage":0.0,"enemies":"Exordium Thugs","floor":5.0,"turns":3.0},{"damage":8.0,"enemies":"Gremlin Nob","floor":6.0,"turns":3.0},{"damage":0.0,"enemies":"Looter","floor":8.0,"turns":1.0},{"damage":8.0,"enemies":"3 Sentries","floor":10.0,"turns":4.0},{"damage":36.0,"enemies":"Gremlin Nob","floor":12.0,"turns":4.0},{"damage":2.0,"enemies":"Red Slaver","floor":13.0,"turns":2.0},{"damage":14.0,"enemies":"3 Sentries","floor":14.0,"turns":3.0},{"damage":18.0,"enemies":"Slime Boss","floor":16.0,"turns":4.0},{"damage":9.0,"enemies":"3 Byrds","floor":18.0,"turns":2.0},{"damage":0,"enemies":"Chosen","floor":21,"turns":3},{"damage":59,"enemies":"Shelled Parasite and Fungi","floor":22,"turns":5},{"damage":11,"enemies":"Sentry and Sphere","floor":25,"turns":3},{"damage":32,"enemies":"Gremlin Leader","floor":28,"turns":4},{"damage":20,"enemies":"Slavers","floor":30,"turns":2},{"damage":6,"enemies":"Cultist and Chosen","floor":31,"turns":3},{"damage":68,"enemies":"Champ","floor":33,"turns":6}],"seed_played":"2366628714823622311","potions_obtained":[{"floor":2.0,"key":"SkillPotion"},{"floor":5.0,"key":"BlessingOfTheForge"},{"floor":6.0,"key":"Strength Potion"},{"floor":13.0,"key":"DuplicationPotion"},{"floor":18.0,"key":"SkillPotion"},{"floor":21,"key":"SteroidPotion"},{"floor":24,"key":"SneckoOil"},{"floor":24,"key":"Regen Potion"},{"floor":25,"key":"Regen Potion"},{"floor":30,"key":"BloodPotion"}],"is_trial":false,"path_per_floor":["M","M","M","M","M","E","R","M","T","E","?","E","M","E","R","B",null,"M","?","$","M","M","R","?","M","T","$","E","R","E","M","R","B"],"character_chosen":"IRONCLAD","items_purchased":["Fiend Fire","Fire Breathing"],"campfire_rested":1,"item_purchase_floors":[20,27],"current_hp_per_floor":[71,65,71,61,67,65,65,71,71,69,58,28,34,26,26,14,61,60,53,53,61,10,34,34,38,38,38,36,36,34,46,46,0,0],"gold":126,"neow_bonus":"TRANSFORM_TWO_CARDS","is_daily":false,"chose_seed":false,"campfire_upgraded":4,"win_rate":0.0,"timestamp":1612670512,"path_taken":["M","M","M","M","M","E","R","?","T","E","?","E","M","E","R","BOSS","M","?","?","M","M","R","?","?","T","$","E","R","E","M","R","BOSS"],"items_purchased_type":["Card","Card"],"build_version":"2020-12-22","purchased_purges":2,"victory":false,"max_hp_per_floor":[75,75,75,75,75,75,75,75,75,75,75,75,77,77,77,77,77,79,79,79,81,83,83,83,83,83,83,83,83,83,83,83,83,83],"card_choices":[{"not_picked":["Thunderclap","Twin Strike"],"picked":"Wild Strike","floor":1.0},{"not_picked":["Twin Strike","Rupture"],"picked":"Cleave","floor":2.0},{"not_picked":["Pommel Strike","Spot Weakness"],"picked":"Iron Wave","floor":3.0},{"not_picked":["Whirlwind","Hemokinesis"],"picked":"Perfected Strike","floor":4.0},{"not_picked":["Headbutt","Body Slam"],"picked":"Carnage","floor":5.0},{"not_picked":["Searing Blow","Disarm"],"picked":"Double Tap","floor":6.0},{"not_picked":["Infernal Blade","Pommel Strike"],"picked":"Perfected Strike","floor":8.0},{"not_picked":["Body Slam","Flex"],"picked":"Evolve","floor":10.0},{"not_picked":["Thunderclap","Twin Strike"],"picked":"Sever Soul","floor":12.0},{"not_picked":["True Grit","Clothesline","Heavy Blade"],"picked":"Singing Bowl","floor":13.0},{"not_picked":["Wild Strike","Havoc"],"picked":"Shrug It Off","floor":14.0},{"not_picked":["Limit Break","Reaper"],"picked":"Exhume","floor":16.0},{"not_picked":["Blood for Blood+1","Cleave","Body Slam"],"picked":"Singing Bowl","floor":18.0},{"not_picked":["Twin Strike+1","Havoc","Dual Wield"],"picked":"Singing Bowl","floor":21},{"not_picked":["Entrench","Sword Boomerang+1","True Grit"],"picked":"Singing Bowl","floor":22},{"not_picked":["Warcry","Evolve"],"picked":"Burning Pact","floor":25},{"not_picked":["Body Slam","Wild Strike"],"picked":"Immolate","floor":28},{"not_picked":["Clothesline+1","Rage"],"picked":"Clash+1","floor":30},{"not_picked":["Flex","Clothesline"],"picked":"Perfected Strike","floor":31}],"player_experience":960328,"relics_obtained":[{"floor":6.0,"key":"Sundial"},{"floor":9.0,"key":"Oddly Smooth Stone"},{"floor":10.0,"key":"Singing Bowl"},{"floor":12.0,"key":"Mercury Hourglass"},{"floor":14.0,"key":"Shuriken"},{"floor":26,"key":"Meat on the Bone"},{"floor":28,"key":"Art of War"},{"floor":30,"key":"StrikeDummy"}],"event_choices":[{"damage_healed":0.0,"max_hp_gain":0.0,"max_hp_loss":0.0,"gold_gain":0.0,"event_name":"Scrap Ooze","player_choice":"Success","floor":11.0,"gold_loss":0.0,"damage_taken":11.0,"relics_obtained":["Pen Nib"]},{"damage_healed":0,"gold_gain":50,"player_choice":"Touch","damage_taken":7,"max_hp_gain":0,"max_hp_loss":0,"event_name":"FaceTrader","floor":19,"gold_loss":0},{"damage_healed":0,"gold_gain":0,"player_choice":"Got Potions","damage_taken":0,"max_hp_gain":0,"max_hp_loss":0,"event_name":"Lab","floor":24,"gold_loss":0}],"is_beta":false,"boss_relics":[{"not_picked":["Philosopher\u0027s Stone","Velvet Choker"],"picked":"Mark of Pain"}],"items_purged_floors":[20,27],"is_endless":false,"potions_floor_spawned":[2,5,6,13,18,21,25,30],"killed_by":"Champ","ascension_level":20}}