{"host":"4lch21uqe3ag08cj","time":1612660069,"event":{"mods":["AchievementEnabler","BaseMod","Block Reminder","Colored Map","Colored Powertips","Minty Spire (QoL Compilation)","Permanent Neow","Relic Stats"],"gold_per_floor":[117,117,132,149,149,149,175,195,241,241,241,256,269,297,297,393,393,404,419,89,106,106,106],"floor_reached":22,"language":"ENG","playtime":1154,"items_purged":["Strike_R"],"score":245,"play_id":"aa86bbe1-4a4c-4d47-bfdc-8c0e80bf9199","local_time":"20210206220749","is_ascension_mode":true,"campfire_choices":[{"data":"Bash","floor":6,"key":"SMITH"},{"data":"True Grit","floor":10,"key":"SMITH"},{"data":"Evolve","floor":15,"key":"SMITH"}],"circlet_count":0,"master_deck":["Strike_R","Strike_R","Strike_R","Defend_R","Defend_R","Defend_R","Defend_R","Bash+1","CurseOfTheBell","Shrug It Off","Dropkick","Dropkick","Dropkick","True Grit+1","Second Wind","Evolve+1","Limit Break","Intimidate"],"relics":["Calling Bell","Oddly Smooth Stone","Pantograph","Unceasing Top","Shuriken","Potion Belt","Toy Ornithopter","Pen Nib","Coffee Dripper","Meat on the Bone"],"acts_visited":["Exordium","TheCity"],"potions_floor_usage":[14,16,19,22],"damage_taken":[{"damage":1,"enemies":"2 Louse","floor":1,"turns":3},{"damage":0,"enemies":"Small Slimes","floor":3,"turns":3},{"damage":0,"enemies":"Cultist","floor":4,"turns":3},{"damage":0,"enemies":"Gremlin Nob","floor":7,"turns":3},{"damage":0,"enemies":"Large Slime","floor":8,"turns":4},{"damage":2,"enemies":"Blue Slaver","floor":12,"turns":4},{"damage":1,"enemies":"Exordium Wildlife","floor":13,"turns":5},{"damage":12,"enemies":"Lagavulin","floor":14,"turns":7},{"damage":20,"enemies":"The Guardian","floor":16,"turns":11},{"damage":18,"enemies":"Chosen","floor":18,"turns":5},{"damage":48,"enemies":"Spheric Guardian","floor":19,"turns":8},{"damage":13,"enemies":"Centurion and Healer","floor":21,"turns":5},{"damage":41,"enemies":"Snecko","floor":22,"turns":5}],"seed_played":"6746292584993477473","potions_obtained":[{"floor":3,"key":"Energy Potion"},{"floor":4,"key":"SteroidPotion"},{"floor":11,"key":"ElixirPotion"},{"floor":11,"key":"Energy Potion"},{"floor":11,"key":"SneckoOil"},{"floor":14,"key":"Block Potion"},{"floor":16,"key":"Fruit Juice"}],"is_trial":false,"path_per_floor":["M","?","M","M","?","R","E","M","T","R","?","M","M","E","R","B",null,"M","M","$","M","M"],"character_chosen":"IRONCLAD","items_purchased":["Meat on the Bone"],"campfire_rested":0,"item_purchase_floors":[20],"current_hp_per_floor":[79,79,79,79,72,72,72,72,72,72,72,70,69,62,62,60,80,62,24,24,23,0,0],"gold":106,"neow_bonus":"BOSS_RELIC","is_daily":false,"chose_seed":false,"campfire_upgraded":3,"win_rate":0.0,"timestamp":1612660069,"path_taken":["M","?","M","M","?","R","E","M","T","R","?","M","M","E","R","BOSS","M","M","$","M","M"],"items_purchased_type":["Relic"],"build_version":"2020-12-22","purchased_purges":1,"victory":false,"max_hp_per_floor":[80,80,80,80,80,80,80,80,80,80,80,80,80,80,80,80,80,80,85,85,85,85,85],"relic_stats":{"counters":[13,66],"Shuriken":[22],"Pantograph":18,"Pen Nib":[7],"obtain_stats":[{"Calling Bell":0,"Potion Belt":7,"Shuriken":5,"Pantograph":0,"Oddly Smooth Stone":0,"Pen Nib":14,"Coffee Dripper":17,"Burning Blood":0,"Unceasing Top":0,"Toy Ornithopter":9,"Meat on the Bone":20},{"Calling Bell":0,"Potion Belt":4,"Shuriken":3,"Pantograph":0,"Oddly Smooth Stone":0,"Pen Nib":8,"Coffee Dripper":9,"Burning Blood":0,"Unceasing Top":0,"Toy Ornithopter":5,"Meat on the Bone":11},{"Calling Bell":0,"Potion Belt":12,"Shuriken":9,"Pantograph":0,"Oddly Smooth Stone":0,"Pen Nib":32,"Coffee Dripper":43,"Burning Blood":0,"Unceasing Top":0,"Toy Ornithopter":16,"Meat on the Bone":56}],"Unceasing Top":[8],"Toy Ornithopter":15,"Meat on the Bone":12},"card_choices":[{"not_picked":["Entrench","True Grit"],"picked":"Shrug It Off","floor":1},{"not_picked":["Sentinel","Iron Wave"],"picked":"Dropkick","floor":3},{"not_picked":["Havoc","Clash"],"picked":"Dropkick","floor":4},{"not_picked":["Intimidate","Immolate"],"picked":"True Grit","floor":7},{"not_picked":["Thunderclap","Clash"],"picked":"Second Wind","floor":8},{"not_picked":["Second Wind","Body Slam","Rupture"],"picked":"SKIP","floor":12},{"not_picked":["Armaments","Body Slam","Flex"],"picked":"SKIP","floor":13},{"not_picked":["Burning Pact","Heavy Blade"],"picked":"Evolve","floor":14},{"not_picked":["Berserk","Brutality"],"picked":"Limit Break","floor":16},{"not_picked":["Bloodletting","Sword Boomerang+1","Havoc"],"picked":"SKIP","floor":18},{"not_picked":["Sever Soul","Shrug It Off","Perfected Strike"],"picked":"SKIP","floor":19},{"not_picked":["Rampage","Twin Strike"],"picked":"Intimidate","floor":21}],"player_experience":44460,"relics_obtained":[{"floor":0,"key":"Oddly Smooth Stone"},{"floor":0,"key":"Pantograph"},{"floor":0,"key":"Unceasing Top"},{"floor":7,"key":"Potion Belt"},{"floor":9,"key":"Toy Ornithopter"},{"floor":14,"key":"Pen Nib"}],"event_choices":[{"damage_healed":0,"gold_gain":0,"cards_transformed":["Strike_R"],"player_choice":"Change","damage_taken":0,"max_hp_gain":0,"max_hp_loss":0,"event_name":"Living Wall","floor":2,"gold_loss":0,"cards_obtained":["Dropkick"]},{"damage_healed":0,"gold_gain":0,"player_choice":"Success","damage_taken":7,"relics_obtained":["Shuriken"],"max_hp_gain":0,"max_hp_loss":0,"event_name":"Scrap Ooze","floor":5,"gold_loss":0},{"damage_healed":0,"gold_gain":0,"player_choice":"Got Potions","damage_taken":0,"max_hp_gain":0,"max_hp_loss":0,"event_name":"Lab","floor":11,"gold_loss":0}],"is_beta":false,"boss_relics":[{"not_picked":["Sozu","SacredBark"],"picked":"Coffee Dripper"}],"items_purged_floors":[20],"is_endless":false,"potions_floor_spawned":[3,4,14,16],"killed_by":"Snecko","ascension_level":2}}