{"host":"c6u7e77myxvw4d0m","time":1612683472,"event":{"mods":["AchievementEnabler","BaseMod","Bestiary","Colored Map","Colored Powertips","Minty Spire (QoL Compilation)","Rare Cards Sparkle","Relic Stats","everything is the same but u backflip on backflip"],"gold_per_floor":[163,178,253,253,23,56,56,97,145,145,145,145,218,232,232,321,321,334,358,29,54,90,126,126,74,119,157,157,157,175,196,196,291,291,314,327,327,21,21,21,21,21],"floor_reached":41,"language":"ENG","playtime":2761,"items_purged":[],"score":995,"play_id":"560ba7c9-3e46-472b-ac58-3019e813f3f8","local_time":"20210207093752","is_ascension_mode":true,"campfire_choices":[{"data":"Blade Dance","floor":7.0,"key":"SMITH"},{"floor":10.0,"key":"REST"},{"data":"Footwork","floor":12.0,"key":"SMITH"},{"data":"Neutralize","floor":15.0,"key":"SMITH"},{"floor":24.0,"key":"REST"},{"data":"Burst","floor":29.0,"key":"SMITH"},{"floor":32.0,"key":"REST"},{"floor":40,"key":"REST"}],"circlet_count":0,"master_deck":["AscendersBane","Strike_G","Strike_G+1","Strike_G+1","Defend_G","Defend_G","Defend_G","Defend_G","Defend_G","Survivor","Neutralize+1","Terror","Predator","Blade Dance+1","Footwork+1","Poisoned Stab+1","Blur","Skewer+1","Venomology","Flying Knee","Corpse Explosion","Leg Sweep","Cloak And Dagger","Well Laid Plans","Bullet Time","Deflect+1","Deadly Poison","Catalyst+1","Acrobatics","Deadly Poison","Burst+1","Adrenaline","Cloak And Dagger","After Image","Catalyst","Catalyst","Panache"],"relics":["Tiny House","Golden Idol","Pen Nib","Art of War","Bronze Scales","Whetstone","Philosopher\u0027s Stone","Vajra","Red Mask","Blood Vial","Happy Flower","Bag of Preparation","Empty Cage","Toy Ornithopter","Membership Card","Shuriken"],"acts_visited":["Exordium","TheCity","TheBeyond"],"potions_floor_usage":[41],"damage_taken":[{"damage":0.0,"enemies":"Cultist","floor":1.0,"turns":3.0},{"damage":0.0,"enemies":"Small Slimes","floor":2.0,"turns":2.0},{"damage":0.0,"enemies":"Gremlin Nob","floor":6.0,"turns":3.0},{"damage":17.0,"enemies":"3 Sentries","floor":8.0,"turns":11.0},{"damage":17.0,"enemies":"Gremlin Nob","floor":13.0,"turns":4.0},{"damage":0.0,"enemies":"2 Louse","floor":14.0,"turns":2.0},{"damage":16.0,"enemies":"The Guardian","floor":16.0,"turns":11.0},{"damage":0.0,"enemies":"Chosen","floor":18.0,"turns":3.0},{"damage":4.0,"enemies":"3 Byrds","floor":19.0,"turns":2.0},{"damage":8.0,"enemies":"3 Cultists","floor":21.0,"turns":4.0},{"damage":16.0,"enemies":"Masked Bandits","floor":22.0,"turns":3.0},{"damage":15.0,"enemies":"Gremlin Leader","floor":23.0,"turns":4.0},{"damage":7.0,"enemies":"Book of Stabbing","floor":27.0,"turns":2.0},{"damage":3.0,"enemies":"Snecko","floor":30.0,"turns":4.0},{"damage":7.0,"enemies":"Centurion and Healer","floor":31.0,"turns":3.0},{"damage":38.0,"enemies":"Collector","floor":33.0,"turns":4.0},{"damage":0.0,"enemies":"Orb Walker","floor":35.0,"turns":3.0},{"damage":33,"enemies":"3 Darklings","floor":36,"turns":6},{"damage":52,"enemies":"Reptomancer","floor":41,"turns":4}],"seed_played":"-4964612656131474599","potions_obtained":[{"floor":0.0,"key":"CunningPotion"},{"floor":1.0,"key":"Strength Potion"},{"floor":8.0,"key":"EntropicBrew"},{"floor":22.0,"key":"ColorlessPotion"},{"floor":23.0,"key":"Explosive Potion"},{"floor":27.0,"key":"DistilledChaos"}],"is_trial":false,"path_per_floor":["M","M","?","?","$","E","R","E","T","R","?","R","?","M","R","B",null,"M","M","$","M","?","E","R","$","T","E","?","R","M","M","R","B",null,"M","M","?","$","?","R","E"],"character_chosen":"THE_SILENT","items_purchased":["Footwork","Poisoned Stab","Blur","Well Laid Plans","Vajra","Bullet Time","Acrobatics","Membership Card","Shuriken"],"campfire_rested":4,"item_purchase_floors":[5,5,5,20,20,20,25,38,38],"current_hp_per_floor":[64,64,53,53,53,53,53,36,36,55,55,55,38,38,38,22,54,54,50,50,42,26,11,30,30,30,25,25,25,24,19,38,11,51,53,22,22,22,22,41,0,0],"gold":21,"neow_bonus":"BOSS_RELIC","is_daily":false,"chose_seed":false,"campfire_upgraded":4,"win_rate":0.0,"timestamp":1612683472,"path_taken":["M","M","?","?","$","E","R","E","T","R","?","R","?","M","R","BOSS","M","M","$","M","?","E","R","$","T","E","?","R","M","M","R","BOSS","M","M","?","?","?","R","E"],"items_purchased_type":["Card","Card","Card","Card","Relic","Card","Card","Relic","Relic"],"build_version":"2020-12-22","purchased_purges":0,"victory":false,"max_hp_per_floor":[71,71,71,64,64,64,64,64,64,64,64,64,64,64,64,64,64,64,64,64,64,64,64,64,64,64,64,64,64,64,64,64,64,64,64,64,64,64,64,64,64,64],"relic_stats":{"Blood Vial":14,"Happy Flower":[8],"counters":[19,78],"Golden Idol":133,"Shuriken":[2],"Bronze Scales":[193],"Pen Nib":[15],"Art of War":[8],"Bag of Preparation":[12],"Whetstone":["Strike_G","Poisoned Stab"],"obtain_stats":[{"Tiny House":0,"Happy Flower":26,"Golden Idol":4,"Vajra":20,"Pen Nib":6,"Bag of Preparation":27,"Whetstone":13,"Empty Cage":34,"Blood Vial":23,"Shuriken":38,"Bronze Scales":9,"Philosopher\u0027s Stone":17,"Art of War":8,"Red Mask":22,"Membership Card":38,"Toy Ornithopter":37,"Ring of the Snake":0},{"Tiny House":0,"Happy Flower":12,"Golden Idol":2,"Vajra":9,"Pen Nib":3,"Bag of Preparation":13,"Whetstone":5,"Empty Cage":16,"Blood Vial":12,"Shuriken":18,"Bronze Scales":4,"Philosopher\u0027s Stone":7,"Art of War":4,"Red Mask":11,"Membership Card":18,"Toy Ornithopter":18,"Ring of the Snake":0},{"Tiny House":0,"Happy Flower":52,"Golden Idol":5,"Vajra":41,"Pen Nib":8,"Bag of Preparation":54,"Whetstone":23,"Empty Cage":65,"Blood Vial":52,"Shuriken":74,"Bronze Scales":19,"Philosopher\u0027s Stone":36,"Art of War":19,"Red Mask":48,"Membership Card":74,"Toy Ornithopter":74,"Ring of the Snake":0}],"Toy Ornithopter":5},"card_choices":[{"not_picked":["Distraction","Prepared"],"picked":"Terror","floor":0.0},{"not_picked":["Slice","Noxious Fumes"],"picked":"Predator","floor":1.0},{"not_picked":["Prepared","Quick Slash"],"picked":"Blade Dance","floor":2.0},{"not_picked":["Terror","Dodge and Roll"],"picked":"Skewer","floor":6.0},{"not_picked":["Tactician","Poisoned Stab"],"picked":"Venomology","floor":8.0},{"not_picked":["Sucker Punch","Crippling Poison"],"picked":"Flying Knee","floor":14.0},{"not_picked":["Storm of Steel","Grand Finale"],"picked":"Corpse Explosion","floor":16.0},{"not_picked":["Sucker Punch","Cloak And Dagger"],"picked":"Leg Sweep","floor":18.0},{"not_picked":["Dagger Throw","Bane"],"picked":"Cloak And Dagger","floor":19.0},{"not_picked":["Dodge and Roll","Dagger Spray"],"picked":"Deflect+1","floor":21.0},{"not_picked":["Expertise","Bane"],"picked":"Deadly Poison","floor":22.0},{"not_picked":["Flying Knee","Expertise"],"picked":"Catalyst+1","floor":23.0},{"not_picked":["Cloak And Dagger","Blade Dance"],"picked":"Deadly Poison","floor":27.0},{"not_picked":["Sucker Punch","Underhanded Strike"],"picked":"Adrenaline","floor":30.0},{"not_picked":["Outmaneuver","Eviscerate"],"picked":"Cloak And Dagger","floor":31.0},{"not_picked":["Venomology","Doppelganger"],"picked":"After Image","floor":33.0},{"not_picked":["Eviscerate","Noxious Fumes"],"picked":"Catalyst","floor":35},{"not_picked":["All Out Attack+1","Underhanded Strike"],"picked":"Catalyst","floor":36},{"not_picked":["Dark Shackles","Purity"],"picked":"Panache","floor":39}],"player_experience":705843,"relics_obtained":[{"floor":6.0,"key":"Pen Nib"},{"floor":8.0,"key":"Art of War"},{"floor":9.0,"key":"Bronze Scales"},{"floor":13.0,"key":"Whetstone"},{"floor":22.0,"key":"Red Mask"},{"floor":23.0,"key":"Blood Vial"},{"floor":26.0,"key":"Happy Flower"},{"floor":27.0,"key":"Bag of Preparation"}],"event_choices":[{"damage_healed":0.0,"max_hp_gain":0.0,"max_hp_loss":0.0,"gold_gain":75.0,"event_name":"World of Goop","player_choice":"Gather Gold","floor":3.0,"gold_loss":0.0,"damage_taken":11.0},{"damage_healed":0.0,"max_hp_gain":0.0,"max_hp_loss":7.0,"gold_gain":0.0,"event_name":"Golden Idol","player_choice":"Lose Max HP","floor":4.0,"gold_loss":0.0,"damage_taken":0.0,"relics_obtained":["Golden Idol"]},{"damage_healed":0.0,"max_hp_gain":0.0,"max_hp_loss":0.0,"gold_gain":0.0,"event_name":"Living Wall","player_choice":"Grow","floor":11.0,"gold_loss":0.0,"damage_taken":0.0,"cards_upgraded":["Skewer"]},{"damage_healed":0.0,"max_hp_gain":0.0,"max_hp_loss":0.0,"gold_gain":0.0,"event_name":"Dead Adventurer","player_choice":"Searched \u00271\u0027 times","floor":13.0,"gold_loss":0.0,"damage_taken":0.0},{"damage_healed":0.0,"max_hp_gain":0.0,"max_hp_loss":0.0,"gold_gain":0.0,"event_name":"Masked Bandits","player_choice":"Fought Bandits","floor":22.0,"gold_loss":0.0,"damage_taken":0.0},{"damage_healed":0.0,"max_hp_gain":0.0,"max_hp_loss":0.0,"gold_gain":0.0,"event_name":"The Library","player_choice":"Read","floor":28.0,"gold_loss":0.0,"damage_taken":0.0,"cards_obtained":["Burst"]},{"damage_healed":0,"gold_gain":0,"player_choice":"Gave Potion","damage_taken":0,"relics_obtained":["Toy Ornithopter"],"max_hp_gain":0,"max_hp_loss":0,"event_name":"WeMeetAgain","floor":37,"gold_loss":0},{"damage_healed":0,"gold_gain":0,"player_choice":"Memory 1","damage_taken":0,"max_hp_gain":0,"max_hp_loss":0,"event_name":"SensoryStone","floor":39,"gold_loss":0}],"is_beta":false,"boss_relics":[{"not_picked":["Black Star","Calling Bell"],"picked":"Philosopher\u0027s Stone"},{"not_picked":["Busted Crown","HoveringKite"],"picked":"Empty Cage"}],"items_purged_floors":[],"is_endless":false,"potions_floor_spawned":[1,2,8,22,23,27,30,36],"killed_by":"Reptomancer","ascension_level":20}}