{"host":"7du22lxzqv5spo2i","time":1612682418,"event":{"mods":["AchievementEnabler","BaseMod","Minty Spire (QoL Compilation)","Quick Restart"],"gold_per_floor":[113,113,126,126,44,44,71,81,81,91,106,133,83,83,83,188,188,207,207,227,242,258,285,285,311,311,311,410,426,336,368,368,465,465,480,499,351,351,351,382,382,416,442,452,452,471,324,324,324,324,324,324,80,106,106],"floor_reached":56,"language":"ENG","playtime":5895,"items_purged":["Strike_G","Defend_G"],"score":1508,"play_id":"e12c8ae1-3d48-4a40-84c4-4538509f74ac","local_time":"20210207012018","is_ascension_mode":true,"campfire_choices":[{"data":"Storm of Steel","floor":6.0,"key":"SMITH"},{"data":"Blade Dance","floor":15.0,"key":"SMITH"},{"data":"Footwork","floor":24.0,"key":"SMITH"},{"data":"Reflex","floor":27.0,"key":"SMITH"},{"data":"Leg Sweep","floor":32.0,"key":"SMITH"},{"data":"Blade Dance","floor":41.0,"key":"SMITH"},{"floor":45,"key":"RECALL"},{"data":"Adrenaline","floor":49,"key":"SMITH"},{"data":"Survivor","floor":52,"key":"SMITH"}],"circlet_count":0,"master_deck":["Defend_G","Defend_G","Defend_G","Defend_G+1","Survivor+1","Dagger Throw","Storm of Steel+1","Poisoned Stab","Footwork+1","Cloak And Dagger","Accuracy","Blade Dance+1","Corpse Explosion","Escape Plan","Reflex+1","Accuracy","Leg Sweep+1","Blade Dance+1","Tactician+1","Outmaneuver+1","Accuracy","Blade Dance+1","PiercingWail+1","Adrenaline+1"],"relics":["Ring of the Snake","NeowsBlessing","Blue Candle","Snake Skull","White Beast Statue","Coffee Dripper","Meat on the Bone","Bottled Flame","InkBottle","Omamori","Runic Pyramid","Tough Bandages","Lantern","Orrery","Toy Ornithopter","Happy Flower"],"acts_visited":["Exordium","TheCity","TheBeyond","TheEnding"],"potions_floor_usage":[42,55,55,55],"damage_taken":[{"damage":0.0,"enemies":"2 Louse","floor":1.0,"turns":1.0},{"damage":0.0,"enemies":"Cultist","floor":3.0,"turns":1.0},{"damage":0.0,"enemies":"Lagavulin","floor":7.0,"turns":1.0},{"damage":0.0,"enemies":"Small Slimes","floor":8.0,"turns":3.0},{"damage":3.0,"enemies":"Blue Slaver","floor":10.0,"turns":2.0},{"damage":0.0,"enemies":"Red Slaver","floor":11.0,"turns":3.0},{"damage":3.0,"enemies":"3 Sentries","floor":12.0,"turns":6.0},{"damage":0.0,"enemies":"Slime Boss","floor":16.0,"turns":6.0},{"damage":0.0,"enemies":"3 Byrds","floor":18.0,"turns":2.0},{"damage":2.0,"enemies":"2 Thieves","floor":20.0,"turns":2.0},{"damage":10.0,"enemies":"Snecko","floor":21.0,"turns":4.0},{"damage":0.0,"enemies":"Centurion and Healer","floor":22.0,"turns":1.0},{"damage":0.0,"enemies":"Slavers","floor":23.0,"turns":2.0},{"damage":20.0,"enemies":"Book of Stabbing","floor":25.0,"turns":5.0},{"damage":9.0,"enemies":"Chosen and Byrds","floor":29.0,"turns":6.0},{"damage":1.0,"enemies":"Gremlin Leader","floor":31.0,"turns":3.0},{"damage":28.0,"enemies":"Collector","floor":33.0,"turns":7.0},{"damage":0.0,"enemies":"Orb Walker","floor":35.0,"turns":2.0},{"damage":0.0,"enemies":"3 Shapes","floor":36.0,"turns":3.0},{"damage":0.0,"enemies":"Nemesis","floor":40.0,"turns":5.0},{"damage":0,"enemies":"Reptomancer","floor":42,"turns":2},{"damage":7,"enemies":"Writhing Mass","floor":44,"turns":5},{"damage":0,"enemies":"Spire Growth","floor":46,"turns":4},{"damage":0,"enemies":"Donu and Deca","floor":50,"turns":4},{"damage":0,"enemies":"Shield and Spear","floor":54,"turns":3},{"damage":40,"enemies":"The Heart","floor":55,"turns":8}],"seed_played":"-5691198767817402472","potions_obtained":[{"floor":8.0,"key":"GamblersBrew"},{"floor":10.0,"key":"Energy Potion"},{"floor":12.0,"key":"FearPotion"},{"floor":16.0,"key":"Explosive Potion"},{"floor":18.0,"key":"Energy Potion"},{"floor":20.0,"key":"Explosive Potion"},{"floor":21.0,"key":"Swift Potion"},{"floor":22.0,"key":"SteroidPotion"},{"floor":23.0,"key":"Fire Potion"},{"floor":25.0,"key":"Swift Potion"},{"floor":31.0,"key":"SmokeBomb"},{"floor":33.0,"key":"DuplicationPotion"},{"floor":35.0,"key":"Dexterity Potion"},{"floor":36.0,"key":"FearPotion"},{"floor":42,"key":"AttackPotion"},{"floor":44,"key":"PowerPotion"},{"floor":46,"key":"CultistPotion"},{"floor":48,"key":"FairyPotion"},{"floor":54,"key":"GhostInAJar"}],"is_trial":false,"path_per_floor":["M","?","M","?","$","R","E","M","T","M","M","E","?","?","R","B",null,"M","?","M","M","M","E","R","E","T","R","?","M","?","E","R","B",null,"M","M","$","?","?","E","R","E","T","M","R","M","$","?","R","B",null,"R","$","E","B",null],"character_chosen":"THE_SILENT","items_purchased":["Footwork","Accuracy","Orrery","Toy Ornithopter"],"campfire_rested":0,"item_purchase_floors":[5,37,47,53],"current_hp_per_floor":[70,70,70,63,63,63,63,63,63,60,60,57,57,62,62,62,75,75,75,73,63,63,63,63,43,43,43,43,46,46,45,45,29,75,75,75,75,75,75,75,75,75,75,68,68,68,68,68,68,68,75,75,75,75,47],"gold":106,"neow_bonus":"THREE_ENEMY_KILL","is_daily":false,"chose_seed":false,"campfire_upgraded":8,"win_rate":0.0,"timestamp":1612682418,"path_taken":["M","?","?","?","$","R","E","M","T","M","M","E","?","?","R","BOSS","M","?","?","M","M","E","R","E","T","R","?","M","?","E","R","BOSS","M","M","$","?","?","E","R","E","T","?","R","?","$","?","R","BOSS","R","$","E","BOSS"],"items_purchased_type":["Card","Card","Relic","Relic"],"build_version":"2020-12-22","purchased_purges":2,"victory":true,"max_hp_per_floor":[70,70,70,70,70,70,70,70,70,70,70,70,70,75,75,75,75,75,75,75,75,75,75,75,75,75,75,75,75,75,75,75,75,75,75,75,75,75,75,75,75,75,75,75,75,75,75,75,75,75,75,75,75,75,75],"card_choices":[{"not_picked":["Deflect","Sucker Punch"],"picked":"Dagger Throw","floor":1.0},{"not_picked":["Eviscerate","Outmaneuver"],"picked":"Poisoned Stab","floor":3.0},{"not_picked":["Choke","Bane"],"picked":"Cloak And Dagger","floor":7.0},{"not_picked":["Endless Agony","Underhanded Strike"],"picked":"Accuracy","floor":8.0},{"not_picked":["Prepared","Bane","Deflect"],"picked":"SKIP","floor":10.0},{"not_picked":["PiercingWail","Riddle With Holes"],"picked":"Blade Dance","floor":11.0},{"not_picked":["Doppelganger","Riddle With Holes","Bouncing Flask"],"picked":"SKIP","floor":12.0},{"not_picked":["Grand Finale","Venomology"],"picked":"Corpse Explosion","floor":16.0},{"not_picked":["Sucker Punch","Poisoned Stab","Outmaneuver"],"picked":"SKIP","floor":18.0},{"not_picked":["Cloak And Dagger","Choke"],"picked":"Escape Plan","floor":20.0},{"not_picked":["Backstab","Poisoned Stab"],"picked":"Reflex","floor":21.0},{"not_picked":["Slice","Dodge and Roll"],"picked":"Accuracy","floor":22.0},{"not_picked":["Heel Hook","Concentrate","Backstab+1"],"picked":"SKIP","floor":23.0},{"not_picked":["Dodge and Roll","Endless Agony"],"picked":"Leg Sweep","floor":25.0},{"not_picked":["Deflect","Bane"],"picked":"Blade Dance+1","floor":29.0},{"not_picked":["Skewer","PiercingWail","Quick Slash"],"picked":"SKIP","floor":31.0},{"not_picked":["PiercingWail+1","Acrobatics"],"picked":"Tactician","floor":35.0},{"not_picked":["Backflip","Endless Agony+1"],"picked":"Outmaneuver+1","floor":36.0},{"not_picked":["Finisher","Reflex+1"],"picked":"Blade Dance","floor":40.0},{"not_picked":["Deadly Poison","Poisoned Stab+1","Flying Knee"],"picked":"SKIP","floor":42},{"not_picked":["Well Laid Plans+1","Underhanded Strike","Outmaneuver"],"picked":"SKIP","floor":44},{"not_picked":["Backflip","Outmaneuver+1"],"picked":"PiercingWail+1","floor":46},{"not_picked":["Dagger Throw+1","Blade Dance"],"picked":"Adrenaline","floor":47},{"not_picked":["Burst","Riddle With Holes","Dash+1"],"picked":"SKIP","floor":54}],"player_experience":541077,"relics_obtained":[{"floor":7.0,"key":"Blue Candle"},{"floor":9.0,"key":"Snake Skull"},{"floor":12.0,"key":"White Beast Statue"},{"floor":23.0,"key":"Meat on the Bone"},{"floor":25.0,"key":"Bottled Flame"},{"floor":26.0,"key":"InkBottle"},{"floor":31.0,"key":"Omamori"},{"floor":40.0,"key":"Tough Bandages"},{"floor":42,"key":"Lantern"},{"floor":54,"key":"Happy Flower"}],"event_choices":[{"damage_healed":0.0,"max_hp_gain":0.0,"max_hp_loss":0.0,"gold_gain":0.0,"cards_transformed":["Strike_G"],"event_name":"Transmorgrifier","player_choice":"Transformed","floor":2.0,"gold_loss":0.0,"damage_taken":0.0,"cards_obtained":["Storm of Steel"]},{"cards_removed":["Strike_G"],"damage_healed":0.0,"max_hp_gain":0.0,"max_hp_loss":0.0,"gold_gain":0.0,"event_name":"Golden Wing","player_choice":"Card Removal","floor":4.0,"gold_loss":0.0,"damage_taken":7.0},{"cards_removed":["Strike_G"],"damage_healed":0.0,"max_hp_gain":0.0,"max_hp_loss":0.0,"gold_gain":0.0,"event_name":"The Cleric","player_choice":"Card Removal","floor":13.0,"gold_loss":50.0,"damage_taken":0.0},{"damage_healed":0.0,"max_hp_gain":5.0,"max_hp_loss":0.0,"gold_gain":0.0,"event_name":"Big Fish","player_choice":"Donut","floor":14.0,"gold_loss":0.0,"damage_taken":0.0},{"damage_healed":0.0,"max_hp_gain":0.0,"max_hp_loss":0.0,"gold_gain":0.0,"event_name":"The Woman in Blue","player_choice":"Bought 0 Potions","floor":19.0,"gold_loss":0.0,"damage_taken":0.0},{"damage_healed":0.0,"max_hp_gain":0.0,"max_hp_loss":0.0,"gold_gain":99.0,"event_name":"Nest","player_choice":"Stole From Cult","floor":28.0,"gold_loss":0.0,"damage_taken":0.0},{"cards_removed":["Strike_G"],"damage_healed":0.0,"max_hp_gain":0.0,"max_hp_loss":0.0,"gold_gain":0.0,"event_name":"Designer","player_choice":"Upgrade and Remove","floor":30.0,"gold_loss":90.0,"damage_taken":0.0,"cards_upgraded":["Defend_G"]},{"cards_removed":["Neutralize"],"damage_healed":0.0,"max_hp_gain":0.0,"max_hp_loss":0.0,"gold_gain":0.0,"event_name":"Falling","player_choice":"Removed Attack","floor":38.0,"gold_loss":0.0,"damage_taken":0.0},{"damage_healed":0.0,"max_hp_gain":0.0,"max_hp_loss":0.0,"gold_gain":0.0,"event_name":"Upgrade Shrine","player_choice":"Upgraded","floor":39.0,"gold_loss":0.0,"damage_taken":0.0,"cards_upgraded":["Tactician"]},{"damage_healed":0,"gold_gain":0,"player_choice":"Got Potions","damage_taken":0,"max_hp_gain":0,"max_hp_loss":0,"event_name":"Lab","floor":48,"gold_loss":0}],"is_beta":false,"boss_relics":[{"not_picked":["Ectoplasm","Velvet Choker"],"picked":"Coffee Dripper"},{"not_picked":["Snecko Eye","SacredBark"],"picked":"Runic Pyramid"}],"items_purged_floors":[37,53],"is_endless":false,"potions_floor_spawned":[8,10,12,16,18,20,21,22,23,25,29,31,33,35,36,40,42,44,46,54],"ascension_level":1}}