{"host":"sxnl403xm2xmiyj1","time":1612693324,"event":{"mods":["AchievementEnabler","BaseMod","Colored Map","Keyboard Shortcuts","Minty Spire (QoL Compilation)","Quick Restart","StSLib","SuperFastMode"],"gold_per_floor":[116,133,133,152,164,193,203,2,80,45,45,120,136,166,166,265,265,280,250,250],"floor_reached":19,"language":"KOR","playtime":372,"items_purged":[],"score":251,"play_id":"d4c67b13-a74b-4ed7-8db8-7fbd1764955b","local_time":"20210207192204","is_ascension_mode":true,"campfire_choices":[{"data":"True Grit","floor":11.0,"key":"SMITH"},{"data":"Demon Form","floor":15.0,"key":"SMITH"}],"circlet_count":0,"master_deck":["Strike_R","Strike_R","Strike_R","Strike_R","Defend_R","Defend_R","Defend_R","Defend_R","Bash","Demon Form","True Grit+1","Fire Breathing","Inflame","Heavy Blade","Demon Form+1","Wild Strike","Immolate","Second Wind","Fire Breathing+1","Flex","Berserk+1","Armaments"],"relics":["Burning Blood","Mercury Hourglass","Frozen Egg 2","Ice Cream","Empty Cage"],"acts_visited":["Exordium","TheCity"],"potions_floor_usage":[19],"damage_taken":[{"damage":10.0,"enemies":"Small Slimes","floor":1.0,"turns":4.0},{"damage":7.0,"enemies":"Jaw Worm","floor":2.0,"turns":5.0},{"damage":14.0,"enemies":"2 Louse","floor":4.0,"turns":3.0},{"damage":28.0,"enemies":"Gremlin Gang","floor":5.0,"turns":7.0},{"damage":28.0,"enemies":"Gremlin Nob","floor":6.0,"turns":4.0},{"damage":12.0,"enemies":"Large Slime","floor":7.0,"turns":4.0},{"damage":7.0,"enemies":"2 Fungi Beasts","floor":13.0,"turns":3.0},{"damage":16.0,"enemies":"Lagavulin","floor":14.0,"turns":6.0},{"damage":10.0,"enemies":"Hexaghost","floor":16.0,"turns":7.0},{"damage":50.0,"enemies":"Shell Parasite","floor":18.0,"turns":6.0},{"damage":13,"enemies":"2 Thieves","floor":19,"turns":2}],"seed_played":"7371326989522079774","potions_obtained":[{"floor":1.0,"key":"Ancient Potion"},{"floor":5.0,"key":"CultistPotion"},{"floor":6.0,"key":"DistilledChaos"},{"floor":7.0,"key":"ElixirPotion"},{"floor":14.0,"key":"Explosive Potion"}],"is_trial":false,"path_per_floor":["M","M","?","M","M","E","M","$","T","?","R","?","M","E","R","B",null,"M","M"],"character_chosen":"IRONCLAD","items_purchased":["Immolate","Second Wind"],"campfire_rested":0,"item_purchase_floors":[8,8],"current_hp_per_floor":[68,67,72,64,42,20,14,14,14,35,35,24,23,13,13,9,66,22,9,9],"gold":250,"neow_bonus":"THREE_RARE_CARDS","is_daily":false,"chose_seed":false,"campfire_upgraded":2,"win_rate":0.0,"timestamp":1612693324,"path_taken":["M","M","?","M","M","E","M","$","T","?","R","?","M","E","R","BOSS","M","M"],"items_purchased_type":["Card","Card"],"build_version":"2020-12-22","purchased_purges":0,"victory":false,"max_hp_per_floor":[80,80,85,85,85,85,85,85,85,85,85,85,85,85,85,85,85,85,85,85],"card_choices":[{"not_picked":["Brutality","Exhume"],"picked":"Demon Form","floor":0.0},{"not_picked":["Warcry","Clash"],"picked":"True Grit","floor":1.0},{"not_picked":["Wild Strike","Warcry"],"picked":"Fire Breathing","floor":2.0},{"not_picked":["Sword Boomerang","Shrug It Off"],"picked":"Inflame","floor":4.0},{"not_picked":["Intimidate","Clothesline"],"picked":"Heavy Blade","floor":5.0},{"not_picked":["Infernal Blade","Flame Barrier"],"picked":"Demon Form","floor":6.0},{"not_picked":["Perfected Strike","Wild Strike","Dual Wield"],"picked":"SKIP","floor":7.0},{"not_picked":["Perfected Strike","Dual Wield"],"picked":"Wild Strike","floor":7.0},{"not_picked":["Flex","Dark Embrace+1"],"picked":"Fire Breathing+1","floor":13.0},{"not_picked":["Headbutt","Feed"],"picked":"Flex","floor":14.0},{"not_picked":["Feed","Bludgeon"],"picked":"Berserk+1","floor":16.0},{"not_picked":["Iron Wave","Anger","Armaments"],"picked":"SKIP","floor":18.0},{"not_picked":["Iron Wave","Anger"],"picked":"Armaments","floor":18.0}],"player_experience":192699,"relics_obtained":[{"floor":6.0,"key":"Mercury Hourglass"},{"floor":9.0,"key":"Frozen Egg 2"},{"floor":14.0,"key":"Ice Cream"}],"event_choices":[{"damage_healed":0.0,"max_hp_gain":5.0,"max_hp_loss":0.0,"gold_gain":0.0,"event_name":"Big Fish","player_choice":"Donut","floor":3.0,"gold_loss":0.0,"damage_taken":0.0},{"damage_healed":21.0,"max_hp_gain":0.0,"max_hp_loss":0.0,"gold_gain":0.0,"event_name":"The Cleric","player_choice":"Healed","floor":10.0,"gold_loss":35.0,"damage_taken":0.0},{"damage_healed":0.0,"max_hp_gain":0.0,"max_hp_loss":0.0,"gold_gain":75.0,"event_name":"World of Goop","player_choice":"Gather Gold","floor":12.0,"gold_loss":0.0,"damage_taken":11.0}],"is_beta":false,"boss_relics":[{"not_picked":["Pandora\u0027s Box","Philosopher\u0027s Stone"],"picked":"Empty Cage"}],"items_purged_floors":[],"is_endless":false,"potions_floor_spawned":[1,5,6,7,14],"killed_by":"2 Thieves","ascension_level":8}}