{"host":"hjajo0rafoe1e6c4","time":1612680389,"event":{"mods":["AchievementEnabler","BaseMod","Bestiary","Colored Map","Colored Powertips","Downfall","Highlight Path","Minty Spire (QoL Compilation)","Relic Stats","StSLib"],"gold_per_floor":[115,115,115,65,65,96,121,20,20,64,77,116,139,152,152,273,273,294,217,217,231,244,285,306,77,77,77,116,241,277,277,277,400,400,423,439,439,167,191,230,230,257,257,288,303,303,0,18,18,18,18,18,18,56,56],"floor_reached":56,"language":"ENG","playtime":2881,"items_purged":["Strike_R"],"score":1589,"play_id":"70233040-d41b-4b6d-85f3-b466ea3ff97e","local_time":"20210207014629","is_ascension_mode":true,"campfire_choices":[{"data":"Flex","floor":15,"key":"SMITH"},{"floor":27,"key":"RECALL"},{"data":"J.A.X.","floor":32,"key":"SMITH"},{"data":"Rage","floor":41,"key":"SMITH"},{"data":"Battle Trance","floor":49,"key":"SMITH"},{"data":"Flex","floor":52,"key":"SMITH"}],"circlet_count":0,"master_deck":["Bash+1","Reaper+1","Offering+1","Battle Trance+1","Headbutt+1","Anger","Disarm","Flex+1","Burning Pact","Double Tap+1","Sword Boomerang","Rage+1","Body Slam+1","Anger+1","Armaments+1","Flex+1","J.A.X.+1","Clash","Berserk","Spot Weakness+1","Offering+1","Inflame","Flex+1","Battle Trance+1"],"relics":["Astrolabe","Golden Idol","Lantern","Odd Mushroom","Paper Frog","Unceasing Top","Whetstone","Empty Cage","Mummified Hand","Thread and Needle","Membership Card","Happy Flower","Mercury Hourglass","Pear","TungstenRod","Singing Bowl","Potion Belt","Pandora\u0027s Box","Blue Candle","War Paint","Gambling Chip","Letter Opener","Anchor","Red Mask","White Beast Statue"],"acts_visited":["Exordium","TheCity","TheBeyond","TheEnding"],"potions_floor_usage":[22,33,55,55,55,55],"damage_taken":[{"damage":9,"enemies":"2 Louse","floor":1,"turns":4},{"damage":21,"enemies":"3 Sentries","floor":6,"turns":5},{"damage":6,"enemies":"The Mushroom Lair","floor":7,"turns":2},{"damage":13,"enemies":"Gremlin Nob","floor":10,"turns":3},{"damage":2,"enemies":"Jaw Worm","floor":11,"turns":3},{"damage":13,"enemies":"3 Sentries","floor":12,"turns":5},{"damage":6,"enemies":"Small Slimes","floor":13,"turns":1},{"damage":6,"enemies":"2 Fungi Beasts","floor":14,"turns":2},{"damage":39,"enemies":"The Guardian","floor":16,"turns":4},{"damage":17,"enemies":"2 Thieves","floor":18,"turns":2},{"damage":6,"enemies":"Chosen","floor":21,"turns":1},{"damage":21,"enemies":"Snake Plant","floor":22,"turns":3},{"damage":35,"enemies":"Book of Stabbing","floor":23,"turns":4},{"damage":9,"enemies":"Cultist and Chosen","floor":24,"turns":3},{"damage":6,"enemies":"Slavers","floor":28,"turns":3},{"damage":21,"enemies":"Colosseum Slavers","floor":29,"turns":2},{"damage":6,"enemies":"Colosseum Nobs","floor":29,"turns":3},{"damage":11,"enemies":"Book of Stabbing","floor":30,"turns":3},{"damage":28,"enemies":"Collector","floor":33,"turns":3},{"damage":7,"enemies":"Orb Walker","floor":35,"turns":1},{"damage":7,"enemies":"3 Darklings","floor":36,"turns":2},{"damage":30,"enemies":"Writhing Mass","floor":39,"turns":4},{"damage":7,"enemies":"Nemesis","floor":40,"turns":1},{"damage":15,"enemies":"Giant Head","floor":44,"turns":3},{"damage":12,"enemies":"4 Shapes","floor":45,"turns":1},{"damage":14,"enemies":"Sphere and 2 Shapes","floor":48,"turns":2},{"damage":29,"enemies":"Donu and Deca","floor":50,"turns":4},{"damage":12,"enemies":"Shield and Spear","floor":54,"turns":1},{"damage":58,"enemies":"The Heart","floor":55,"turns":5}],"seed_played":"8277158730818094684","potions_obtained":[{"floor":7,"key":"hexamod:SoulburnPotion"},{"floor":10,"key":"sneckomod:MuddlingPotion"},{"floor":11,"key":"SteroidPotion"},{"floor":13,"key":"Strength Potion"},{"floor":16,"key":"Energy Potion"},{"floor":23,"key":"CultistPotion"},{"floor":24,"key":"BloodPotion"},{"floor":29,"key":"DistilledChaos"},{"floor":45,"key":"sneckomod:MuddlingPotion"},{"floor":48,"key":"Dexterity Potion"}],"is_trial":false,"path_per_floor":["M","?","?","$","?","E","?","$","T","E","M","E","M","M","R","B",null,"M","$","?","M","M","E","M","$","T","R","E","?","E","?","R","B",null,"M","M","?","$","M","E","R","T","T","E","M","?","?","M","R","B",null,"R","$","E","B",null],"character_chosen":"IRONCLAD","items_purchased":["Anger","Flex","Rage","Membership Card","Happy Flower","Inflame","Blue Candle","War Paint","Swift Potion"],"campfire_rested":0,"item_purchase_floors":[4,8,19,25,25,38,38,38,38],"current_hp_per_floor":[74,74,67,67,52,46,55,55,55,50,54,56,64,68,68,44,74,63,63,63,74,59,40,71,71,71,71,84,70,75,75,75,67,88,90,90,90,90,74,69,69,69,69,56,96,98,98,86,86,81,98,98,98,88,50],"gold":56,"neow_bonus":"BOSS_RELIC","is_daily":false,"chose_seed":false,"campfire_upgraded":5,"win_rate":0.0,"timestamp":1612680389,"path_taken":["M","?","?","$","?","E","?","$","T","E","M","E","M","M","R","BOSS","M","$","?","?","M","E","M","$","T","R","E","?","E","?","R","BOSS","M","M","?","$","?","E","R","?","T","E","M","?","?","M","R","BOSS","R","$","E","BOSS"],"items_purchased_type":["Card","Card","Card","Relic","Relic","Card","Relic","Relic","Potion"],"build_version":"2020-12-22","purchased_purges":1,"victory":true,"max_hp_per_floor":[80,74,74,74,74,74,74,74,74,74,74,74,74,74,74,74,74,74,74,74,74,74,74,74,74,74,74,84,84,86,86,86,88,88,90,90,90,90,90,92,92,92,92,94,96,98,98,98,98,98,98,98,98,100,100],"relic_stats":{"Happy Flower":[12],"Singing Bowl":16,"counters":[29,80],"Golden Idol":244,"Astrolabe":["Reaper","Offering","Battle Trance"],"Blue Candle":[0],"Whetstone":["Bash","Strike_R"],"Letter Opener":[232],"War Paint":["Double Tap","Spot Weakness"],"Mercury Hourglass":[159],"Mummified Hand":[19],"Gambling Chip":[6],"Pandora\u0027s Box":["Clash","Berserk"],"obtain_stats":[{"Lantern":6,"Singing Bowl":29,"Whetstone":12,"Empty Cage":17,"Burning Blood":0,"Mummified Hand":20,"Gambling Chip":40,"Red Mask":47,"Paper Frog":9,"Potion Belt":30,"Pear":28,"Happy Flower":25,"Golden Idol":2,"Astrolabe":0,"Blue Candle":38,"Thread and Needle":23,"Letter Opener":43,"Odd Mushroom":7,"War Paint":38,"White Beast Statue":54,"Mercury Hourglass":26,"Anchor":44,"Pandora\u0027s Box":34,"Membership Card":25,"Unceasing Top":10,"TungstenRod":29},{"Lantern":2,"Singing Bowl":17,"Whetstone":6,"Empty Cage":9,"Burning Blood":0,"Mummified Hand":10,"Gambling Chip":23,"Red Mask":25,"Paper Frog":3,"Potion Belt":18,"Pear":15,"Happy Flower":14,"Golden Idol":1,"Astrolabe":0,"Blue Candle":21,"Thread and Needle":13,"Letter Opener":23,"Odd Mushroom":3,"War Paint":21,"White Beast Statue":28,"Mercury Hourglass":14,"Anchor":24,"Pandora\u0027s Box":19,"Membership Card":14,"Unceasing Top":4,"TungstenRod":17},{"Lantern":9,"Singing Bowl":50,"Whetstone":22,"Empty Cage":29,"Burning Blood":0,"Mummified Hand":31,"Gambling Chip":64,"Red Mask":68,"Paper Frog":11,"Potion Belt":53,"Pear":45,"Happy Flower":42,"Golden Idol":4,"Astrolabe":0,"Blue Candle":59,"Thread and Needle":39,"Letter Opener":64,"Odd Mushroom":11,"War Paint":59,"White Beast Statue":75,"Mercury Hourglass":42,"Anchor":67,"Pandora\u0027s Box":56,"Membership Card":42,"Unceasing Top":14,"TungstenRod":50}],"Unceasing Top":[5],"TungstenRod":64},"card_choices":[{"not_picked":["Body Slam","Bloodletting"],"picked":"Headbutt","floor":1},{"not_picked":["Rupture","Armaments","Sword Boomerang"],"picked":"SKIP","floor":6},{"not_picked":["Sever Soul","Twin Strike"],"picked":"Disarm","floor":7},{"not_picked":["Sword Boomerang","Headbutt","Hemokinesis"],"picked":"SKIP","floor":10},{"not_picked":["Juggernaut","Infernal Blade","Second Wind"],"picked":"SKIP","floor":11},{"not_picked":["Iron Wave","Immolate","Sword Boomerang"],"picked":"SKIP","floor":12},{"not_picked":["Warcry","Clash"],"picked":"Burning Pact","floor":13},{"not_picked":["Heavy Blade","Clash","Body Slam"],"picked":"SKIP","floor":14},{"not_picked":["Barricade","Bludgeon"],"picked":"Double Tap","floor":16},{"not_picked":["True Grit","Clothesline"],"picked":"Sword Boomerang","floor":18},{"not_picked":["Headbutt","Twin Strike"],"picked":"Body Slam+1","floor":21},{"not_picked":["Clothesline","Evolve"],"picked":"Anger+1","floor":22},{"not_picked":["Twin Strike","Evolve","Clash"],"picked":"SKIP","floor":23},{"not_picked":["Warcry+1","Sword Boomerang"],"picked":"Armaments+1","floor":24},{"not_picked":["Demon Form","Iron Wave","Whirlwind"],"picked":"SKIP","floor":28},{"not_picked":["Heavy Blade","True Grit"],"picked":"Flex","floor":29},{"not_picked":["Shrug It Off","Armaments","True Grit"],"picked":"Singing Bowl","floor":30},{"not_picked":["Barricade","Double Tap","Immolate"],"picked":"Singing Bowl","floor":33},{"not_picked":["Flame Barrier+1","Armaments+1","Reckless Charge+1"],"picked":"Singing Bowl","floor":35},{"not_picked":["Iron Wave+1","Headbutt+1"],"picked":"Spot Weakness","floor":36},{"not_picked":["Wild Strike+1","Corruption"],"picked":"Flex+1","floor":39},{"not_picked":["Bloodletting","Wild Strike+1","Warcry"],"picked":"Singing Bowl","floor":40},{"not_picked":["Reckless Charge+1","Sword Boomerang","Body Slam+1"],"picked":"Singing Bowl","floor":44},{"not_picked":["Shrug It Off+1","Havoc+1","Thunderclap+1"],"picked":"Singing Bowl","floor":45},{"not_picked":["Thinking Ahead","Bandage Up","Swift Strike"],"picked":"Singing Bowl","floor":46},{"not_picked":["Clash","Second Wind+1"],"picked":"Battle Trance","floor":48},{"not_picked":["Power Through","Disarm+1","Perfected Strike+1"],"picked":"Singing Bowl","floor":54}],"player_experience":256096,"relics_obtained":[{"floor":6,"key":"Lantern"},{"floor":7,"key":"Odd Mushroom"},{"floor":9,"key":"Paper Frog"},{"floor":10,"key":"Unceasing Top"},{"floor":12,"key":"Whetstone"},{"floor":23,"key":"Thread and Needle"},{"floor":26,"key":"Mercury Hourglass"},{"floor":28,"key":"Pear"},{"floor":29,"key":"TungstenRod"},{"floor":29,"key":"Singing Bowl"},{"floor":30,"key":"Potion Belt"},{"floor":40,"key":"Gambling Chip"},{"floor":43,"key":"Letter Opener"},{"floor":44,"key":"Anchor"},{"floor":54,"key":"White Beast Statue"}],"event_choices":[{"damage_healed":0,"gold_gain":0,"player_choice":"Lose Max HP","damage_taken":0,"relics_obtained":["Golden Idol"],"max_hp_gain":0,"max_hp_loss":6,"event_name":"Golden Idol","floor":2,"gold_loss":0},{"cards_removed":["Defend_R"],"damage_healed":0,"gold_gain":0,"player_choice":"Card Removal","damage_taken":7,"max_hp_gain":0,"max_hp_loss":0,"event_name":"Golden Wing","floor":3,"gold_loss":0},{"damage_healed":0,"gold_gain":0,"player_choice":"Entered Light","damage_taken":15,"max_hp_gain":0,"max_hp_loss":0,"event_name":"Shining Light","floor":5,"gold_loss":0,"cards_upgraded":["Headbutt","Defend_R"]},{"damage_healed":0,"gold_gain":0,"player_choice":"Fought Mushrooms","damage_taken":0,"max_hp_gain":0,"max_hp_loss":0,"event_name":"Mushrooms","floor":7,"gold_loss":0},{"damage_healed":0,"gold_gain":0,"player_choice":"Gave Potion","damage_taken":0,"relics_obtained":["Mummified Hand"],"max_hp_gain":0,"max_hp_loss":0,"event_name":"WeMeetAgain","floor":20,"gold_loss":0},{"damage_healed":0,"gold_gain":0,"player_choice":"Fight","damage_taken":0,"max_hp_gain":0,"max_hp_loss":0,"event_name":"Colosseum","floor":29,"gold_loss":0},{"damage_healed":0,"gold_gain":0,"player_choice":"Fought Nobs","damage_taken":0,"max_hp_gain":0,"max_hp_loss":0,"event_name":"Colosseum","floor":29,"gold_loss":0},{"damage_healed":0,"gold_gain":0,"player_choice":"Obtain J.A.X.","damage_taken":0,"max_hp_gain":0,"max_hp_loss":0,"event_name":"Drug Dealer","floor":31,"gold_loss":0,"cards_obtained":["J.A.X."]},{"damage_healed":0,"gold_gain":0,"player_choice":"Copied","damage_taken":0,"max_hp_gain":0,"max_hp_loss":0,"event_name":"Duplicator","floor":37,"gold_loss":0,"cards_obtained":["Offering"]},{"damage_healed":0,"gold_gain":0,"player_choice":"Memory 1","damage_taken":0,"max_hp_gain":0,"max_hp_loss":0,"event_name":"SensoryStone","floor":46,"gold_loss":0},{"damage_healed":0,"gold_gain":0,"player_choice":"Paid","damage_taken":0,"relics_obtained":["Red Mask"],"max_hp_gain":0,"max_hp_loss":0,"event_name":"Tomb of Lord Red Mask","floor":47,"gold_loss":303}],"is_beta":false,"boss_relics":[{"not_picked":["Cursed Key","Busted Crown"],"picked":"Empty Cage"},{"not_picked":["Velvet Choker","Runic Pyramid"],"picked":"Pandora\u0027s Box"}],"items_purged_floors":[8],"is_endless":false,"potions_floor_spawned":[7,10,11,12,13,16,18,23,24,29,45,48,54],"ascension_level":3}}