{"host":"sc0o2qwpf9j16a4i","time":1612725652,"event":{"mods":["AchievementEnabler","BaseMod","BetterRewards","Block Reminder","Colored Map","Colored Powertips","Custom Start","Highlight Path","Minty Spire (QoL Compilation)","Relic Stats"],"gold_per_floor":[111,121,121,121,141,168,178,178,178,212,212,229,244,275,275,371,371,386,301,40,40,59,59,59,77,77,77,77,77],"floor_reached":28,"language":"ENG","playtime":675,"items_purged":[],"score":363,"play_id":"c786a8de-ecf4-4846-85b2-5353a45aad73","local_time":"20210207212052","daily_mods":["Insanity","Purple Cards","Binary"],"is_ascension_mode":false,"campfire_choices":[{"data":"Body Slam","floor":8,"key":"SMITH"},{"data":"Armaments","floor":15,"key":"SMITH"},{"data":"ForeignInfluence","floor":23,"key":"SMITH"},{"floor":27,"key":"REST"}],"circlet_count":0,"master_deck":["FollowUp","Reckless Charge","Body Slam","WindmillStrike","MentalFortress","Flex","CrushJoints","Body Slam+1","JustLucky","ForeignInfluence+1","Armaments+1","Shrug It Off","ThirdEye","Clothesline","Heavy Blade","Protect","Evaluate","Thunderclap","SandsOfTime","Twin Strike","True Grit+1","Iron Wave","Reckless Charge","Evolve","Consecrate","Clash+1","CutThroughFate+1","Bloodletting","Warcry","Searing Blow","InnerPeace","Seeing Red","Iron Wave","Adaptation","True Grit","Rupture","FlyingSleeves","Shrug It Off","Clash","Worship","Evolve","Thunderclap","PathToVictory","Warcry","FlurryOfBlows","CarveReality","Anger","Bloodletting","EmptyFist","Perfected Strike","Pommel Strike","Pommel Strike","Regret","SashWhip","Pommel Strike","Protect","Clothesline","Worship","Limit Break","Clothesline","Dual Wield","Ghostly","Ghostly","Ghostly","Ghostly","Ghostly"],"relics":["Burning Blood","Ornamental Fan","Mummified Hand","White Beast Statue","Paper Frog","Juzu Bracelet","Black Star","Bag of Preparation","Letter Opener","Magic Flower"],"acts_visited":["Exordium","TheCity"],"potions_floor_usage":[6,10,13,14,14,14,25],"damage_taken":[{"damage":0,"enemies":"2 Louse","floor":1,"turns":1},{"damage":8,"enemies":"Jaw Worm","floor":2,"turns":3},{"damage":0,"enemies":"Small Slimes","floor":5,"turns":2},{"damage":22,"enemies":"Lagavulin","floor":6,"turns":7},{"damage":0,"enemies":"Looter","floor":7,"turns":2},{"damage":4,"enemies":"Gremlin Nob","floor":10,"turns":3},{"damage":0,"enemies":"Red Slaver","floor":12,"turns":1},{"damage":0,"enemies":"3 Louse","floor":13,"turns":2},{"damage":5,"enemies":"3 Sentries","floor":14,"turns":5},{"damage":3,"enemies":"Slime Boss","floor":16,"turns":7},{"damage":6,"enemies":"2 Thieves","floor":18,"turns":3},{"damage":13,"enemies":"Shell Parasite","floor":22,"turns":5},{"damage":38,"enemies":"Sentry and Sphere","floor":25,"turns":8},{"damage":31,"enemies":"Chosen and Byrds","floor":28,"turns":4}],"seed_played":"5928377377755594876","potions_obtained":[{"floor":2,"key":"DuplicationPotion"},{"floor":5,"key":"Swift Potion"},{"floor":7,"key":"Ancient Potion"},{"floor":10,"key":"ColorlessPotion"},{"floor":12,"key":"GamblersBrew"},{"floor":13,"key":"DuplicationPotion"},{"floor":14,"key":"ElixirPotion"},{"floor":16,"key":"SkillPotion"},{"floor":18,"key":"SmokeBomb"},{"floor":25,"key":"LiquidMemories"}],"is_trial":true,"path_per_floor":["M","M","?","?","M","E","M","R","T","E","?","M","M","E","R","B",null,"M","?","$","?","M","R","?","M","T","R","M"],"character_chosen":"IRONCLAD","items_purchased":["Letter Opener"],"campfire_rested":1,"item_purchase_floors":[20],"current_hp_per_floor":[80,78,78,62,68,52,58,58,58,60,60,66,72,73,73,76,80,80,80,80,65,58,58,42,10,10,22,0,0],"gold":77,"neow_bonus":"","is_daily":false,"chose_seed":false,"campfire_upgraded":3,"win_rate":0.0,"timestamp":1612725652,"path_taken":["M","M","?","?","M","E","?","R","T","E","?","M","M","E","R","BOSS","M","?","$","?","M","R","?","M","T","R","M"],"items_purchased_type":["Relic"],"build_version":"2020-12-22","purchased_purges":0,"victory":false,"max_hp_per_floor":[80,80,80,80,80,80,80,80,80,80,80,80,80,80,80,80,80,80,80,80,85,85,85,42,42,42,42,42,42],"relic_stats":{"counters":[14,53],"Ornamental Fan":[108],"Mummified Hand":[13],"Magic Flower":[0],"Juzu Bracelet":0,"Black Star":0,"Bag of Preparation":[6],"Letter Opener":[2],"obtain_stats":[{"Ornamental Fan":3,"Mummified Hand":6,"Magic Flower":26,"Juzu Bracelet":14,"Black Star":17,"Bag of Preparation":19,"Letter Opener":20,"Burning Blood":0,"White Beast Statue":9,"Paper Frog":10},{"Ornamental Fan":2,"Mummified Hand":4,"Magic Flower":13,"Juzu Bracelet":9,"Black Star":10,"Bag of Preparation":11,"Letter Opener":11,"Burning Blood":0,"White Beast Statue":5,"Paper Frog":6},{"Ornamental Fan":4,"Mummified Hand":13,"Magic Flower":49,"Juzu Bracelet":26,"Black Star":33,"Bag of Preparation":36,"Letter Opener":36,"Burning Blood":0,"White Beast Statue":15,"Paper Frog":18}],"Burning Blood":72},"card_choices":[{"not_picked":["Clothesline"],"picked":"Pommel Strike","floor":1},{"not_picked":["Study"],"picked":"Pommel Strike","floor":2},{"not_picked":["ThirdEye"],"picked":"SashWhip","floor":5},{"not_picked":["Iron Wave","EmptyMind"],"picked":"SKIP","floor":6},{"not_picked":["Entrench","WheelKick"],"picked":"SKIP","floor":7},{"not_picked":["Thunderclap"],"picked":"Pommel Strike","floor":10},{"not_picked":["FlurryOfBlows"],"picked":"Protect","floor":12},{"not_picked":["Rampage"],"picked":"Clothesline","floor":13},{"not_picked":["Flex"],"picked":"Worship","floor":14},{"not_picked":["Ragnarok"],"picked":"Limit Break","floor":16},{"not_picked":["JustLucky"],"picked":"Clothesline","floor":18},{"not_picked":["Twin Strike+1"],"picked":"Dual Wield","floor":22},{"not_picked":["Headbutt","FlyingSleeves"],"picked":"SKIP","floor":25}],"player_experience":1276225,"relics_obtained":[{"floor":6,"key":"Mummified Hand"},{"floor":9,"key":"White Beast Statue"},{"floor":10,"key":"Paper Frog"},{"floor":14,"key":"Juzu Bracelet"},{"floor":26,"key":"Magic Flower"}],"event_choices":[{"damage_healed":0,"gold_gain":0,"player_choice":"Box","damage_taken":0,"relics_obtained":["Ornamental Fan"],"max_hp_gain":0,"max_hp_loss":0,"event_name":"Big Fish","floor":3,"gold_loss":0,"cards_obtained":["Regret"]},{"damage_healed":0,"gold_gain":0,"player_choice":"Entered Light","damage_taken":16,"max_hp_gain":0,"max_hp_loss":0,"event_name":"Shining Light","floor":4,"gold_loss":0,"cards_upgraded":["Clash","CutThroughFate"]},{"damage_healed":0,"gold_gain":0,"player_choice":"Grow","damage_taken":0,"max_hp_gain":0,"max_hp_loss":0,"event_name":"Living Wall","floor":11,"gold_loss":0,"cards_upgraded":["True Grit"]},{"damage_healed":0,"gold_gain":0,"player_choice":"Obtained Relic","damage_taken":0,"relics_obtained":["Bag of Preparation"],"max_hp_gain":0,"max_hp_loss":0,"event_name":"Addict","floor":19,"gold_loss":85},{"damage_healed":0,"gold_gain":0,"player_choice":"Shed Blood","damage_taken":20,"max_hp_gain":5,"max_hp_loss":0,"event_name":"Forgotten Altar","floor":21,"gold_loss":0},{"damage_healed":0,"gold_gain":0,"player_choice":"Became a Ghost","damage_taken":0,"max_hp_gain":0,"max_hp_loss":43,"event_name":"Ghosts","floor":24,"gold_loss":0,"cards_obtained":["Ghostly","Ghostly","Ghostly","Ghostly","Ghostly"]}],"is_beta":false,"boss_relics":[{"not_picked":["Runic Dome","Runic Cube"],"picked":"Black Star"}],"items_purged_floors":[],"is_endless":false,"potions_floor_spawned":[2,5,7,10,12,13,14,16,18,22,25],"killed_by":"Chosen and Byrds","ascension_level":0}}