{"host":"za9ilm1uiwmpmin1","time":1612707856,"event":{"mods":["AchievementEnabler","Act Like it!","BaseMod","Dota2Spire","Downfall","Friendly Minions","KomeijiMod","Lobotomy","LobotomyExtend","Minty Spire (QoL Compilation)","MostiFishMod","Reorder Act Four","RumiaBox-露米娅的神秘盒子","StSLib","TestMod","Waifu the Spire","[IsaacMod]以撒尖塔","【功能Mod】混沌之环修复补丁"],"gold_per_floor":[117,517,531,531,548,582,596,628,628,628,647,662,691,701,701,803,803,814,828,838,838,849,875,889,919,945,945,960,960,972,998,998,1098,1098,1115,1125,1170,1220,1236,1236,1267,1281,1281,1307,1320,1353,852,863,863,863,863,863,307,307,335,335],"floor_reached":57,"language":"ZHS","playtime":2156,"items_purged":["sneckomod:Unknown","sneckomod:Strike","sneckomod:Strike","sneckomod:Strike"],"score":2508,"play_id":"4bced486-d003-4bf6-bcaa-d14268070dcf","local_time":"20210207222416","is_ascension_mode":true,"campfire_choices":[{"data":"sneckomod:SerpentMind","floor":15,"key":"SMITH"},{"floor":27,"key":"RECALL"},{"data":"sneckomod:SoulDraw","floor":29,"key":"SMITH"},{"data":"sneckomod:UnknownDraw","floor":32,"key":"SMITH"},{"data":"sneckomod:SnekBite","floor":40,"key":"SMITH"},{"data":"sneckomod:Unknown","floor":49,"key":"SMITH"},{"data":"sneckomod:TailWhip","floor":54,"key":"SMITH"}],"circlet_count":0,"master_deck":["AscendersBane","sneckomod:Defend","sneckomod:Defend","sneckomod:Defend","sneckomod:TailWhip+1","sneckomod:SnekBite+1","sneckomod:Unknown+1","sneckomod:UnknownDraw+1","sneckomod:SerpentMind+1","sneckomod:SoulDraw+1","sneckomod:SnakeSap","sneckomod:UnknownStrength+1","sneckomod:Rotation+1","MostiFishMod:StoryBook","sneckomod:Restock"],"relics":["HushsDoor","testmod-TestBox","testmod-Laevatain","TheBible","GreenFoldingFan","testmod-Fanaticism","SynthV:TestCard","LetterFromLob","testmod-IndustrialRevolution","Dota2Spire:MantaStyle","RedMistMask","Dota2Spire:LotusOrb","EasyGame_NEW","Art of War","BookOfRevelations","Dota2Spire:PowerTreads","Dota2Spire:Satanic","testmod-Prudence","Ice Cream","ArrowTower","Dota2Spire:ArmletOfMordiggian","ThornShield","Dota2Spire:DivineRapier","Bronze Scales","SatanicBible","BelialBook","Happy Flower","Lee\u0027s Waffle","GodSword4"],"acts_visited":["Exordium","TheCity","TheBeyond","TheEnding"],"potions_floor_usage":[8,33,56,56,56,56],"damage_taken":[{"damage":19,"enemies":"2 Louse","floor":1,"turns":2},{"damage":0,"enemies":"Small Slimes","floor":3,"turns":2},{"damage":15,"enemies":"Jaw Worm","floor":5,"turns":2},{"damage":4,"enemies":"Gremlin Nob","floor":6,"turns":2},{"damage":10,"enemies":"Large Slime","floor":7,"turns":4},{"damage":8,"enemies":"Lagavulin","floor":8,"turns":4},{"damage":4,"enemies":"Exordium Thugs","floor":11,"turns":2},{"damage":42,"enemies":"Lots of Slimes","floor":12,"turns":4},{"damage":24,"enemies":"3 Sentries","floor":13,"turns":2},{"damage":4,"enemies":"Exordium Wildlife","floor":14,"turns":2},{"damage":4,"enemies":"Slime Boss","floor":16,"turns":2},{"damage":2,"enemies":"3 Byrds","floor":18,"turns":1},{"damage":4,"enemies":"Spheric Guardian","floor":19,"turns":2},{"damage":42,"enemies":"Snake Plant","floor":20,"turns":2},{"damage":46,"enemies":"Cultist and Chosen","floor":22,"turns":4},{"damage":17,"enemies":"Book of Stabbing","floor":23,"turns":2},{"damage":21,"enemies":"Centurion and Healer","floor":24,"turns":2},{"damage":58,"enemies":"Slavers","floor":25,"turns":2},{"damage":4,"enemies":"Snake Plant","floor":28,"turns":2},{"damage":21,"enemies":"Cultist and Chosen","floor":30,"turns":3},{"damage":6,"enemies":"Gremlin Leader","floor":31,"turns":3},{"damage":4,"enemies":"Collector","floor":33,"turns":2},{"damage":44,"enemies":"3 Shapes","floor":35,"turns":2},{"damage":36,"enemies":"3 Darklings","floor":36,"turns":2},{"damage":58,"enemies":"2 Orb Walkers","floor":37,"turns":2},{"damage":4,"enemies":"Mind Bloom Boss Battle","floor":38,"turns":2},{"damage":32,"enemies":"4 Shapes","floor":39,"turns":2},{"damage":28,"enemies":"Giant Head","floor":41,"turns":5},{"damage":48,"enemies":"Sphere and 2 Shapes","floor":42,"turns":2},{"damage":83,"enemies":"Nemesis","floor":44,"turns":3},{"damage":37,"enemies":"Jaw Worm Horde","floor":45,"turns":2},{"damage":66,"enemies":"Giant Head","floor":46,"turns":4},{"damage":10,"enemies":"4 Shapes","floor":48,"turns":1},{"damage":20,"enemies":"Time Eater","floor":50,"turns":2},{"damage":10,"enemies":"Shield and Spear","floor":55,"turns":1},{"damage":34,"enemies":"The Heart","floor":56,"turns":3}],"seed_played":"4081108479304106933","potions_obtained":[{"floor":6,"key":"FearPotion"},{"floor":8,"key":"testmod-SpacePotion"},{"floor":11,"key":"LiquidMemories"},{"floor":25,"key":"testmod-TestPotion"},{"floor":30,"key":"Dexterity Potion"},{"floor":35,"key":"ColorlessPotion"},{"floor":36,"key":"testmod-TestPotion"},{"floor":38,"key":"Dota2Spire:Clarity"}],"is_trial":false,"path_per_floor":["M","?","M","?","M","E","M","E","T","M","M","M","E","M","R","B",null,"M","M","M","?","M","E","M","E","T","R","M","R","M","E","R","B",null,"M","M","?","?","M","R","E","M","T","E","M","E","$","M","R","B",null,null,"$","R","E","B",null],"character_chosen":"THE_SNECKO","items_purchased":["SatanicBible","MostiFishMod:StoryBook","BelialBook","Happy Flower","Lee\u0027s Waffle"],"campfire_rested":0,"item_purchase_floors":[47,47,53,53,53],"current_hp_per_floor":[80,80,90,95,90,95,95,95,95,95,95,95,95,95,95,95,90,90,90,90,90,84,93,93,93,93,93,93,93,93,93,93,93,86,86,86,86,86,86,86,86,86,86,86,86,86,86,86,86,86,86,86,93,93,93,93],"gold":335,"neow_bonus":"BOSS_RELIC","is_daily":false,"chose_seed":false,"campfire_upgraded":6,"win_rate":0.0,"timestamp":1612707856,"path_taken":["M","?","M","?","M","E","M","E","T","M","M","?","E","?","R","BOSS","M","M","M","?","M","E","M","E","T","R","M","R","M","E","R","BOSS","M","M","?","?","M","R","E","M","T","E","?","E","$","M","R","BOSS","$","R","E","BOSS"],"items_purchased_type":["Relic","Card","Relic","Relic","Relic"],"build_version":"2020-12-22","purchased_purges":4,"victory":true,"max_hp_per_floor":[90,90,90,95,95,95,95,95,95,95,95,95,95,95,95,95,90,90,90,90,90,90,93,93,93,93,93,93,93,93,93,93,93,86,86,86,86,86,86,86,86,86,86,86,86,86,86,86,86,86,86,86,93,93,93,93],"card_choices":[{"not_picked":["sneckomod:SnekBeam","sneckomod:WideSting","sneckomod:SoulRoll"],"picked":"SKIP","floor":1},{"not_picked":["sneckomod:UnknownColorless","sneckomod:UnknownWeak","sneckomod:UnknownCommonSkill","sneckomod:ImprovisedAttack"],"picked":"sneckomod:UnknownDraw","floor":3},{"not_picked":["sneckomod:UnknownUncommonSkill","sneckomod:RainOfDice","sneckomod:UnknownDraw","sneckomod:UnknownCommonSkill","sneckomod:DiceCrush"],"picked":"SKIP","floor":5},{"not_picked":["sneckomod:Nope","sneckomod:UnknownUncommonSkill","sneckomod:UnknownBlock","sneckomod:UnknownCommonSkill"],"picked":"sneckomod:SerpentMind","floor":6},{"not_picked":["sneckomod:DiceCrush","sneckomod:MasterEye","sneckomod:DiceBlock","sneckomod:SnekBeam","sneckomod:QuickBite"],"picked":"SKIP","floor":7},{"not_picked":["sneckomod:SoulRoll","sneckomod:DiceCrush","sneckomod:RainOfDice","sneckomod:UnknownDexterity","sneckomod:DiceBlock"],"picked":"SKIP","floor":8},{"not_picked":["sneckomod:UnknownColorless","sneckomod:UnknownX","sneckomod:UnknownDexterity","sneckomod:DiceCrush"],"picked":"Bomb","floor":11},{"not_picked":["sneckomod:RainOfDice","sneckomod:UnknownCommonAttack","sneckomod:IronFang","sneckomod:UnknownRareSkill","sneckomod:WideSting"],"picked":"SKIP","floor":12},{"not_picked":["sneckomod:Unknown2Cost","sneckomod:QuickBite","sneckomod:UnknownCommonSkill","sneckomod:Nope","sneckomod:UnknownVulnerable"],"picked":"SKIP","floor":13},{"not_picked":["sneckomod:QuickMove","sneckomod:TrashToTreasure","sneckomod:DefensiveFlair","sneckomod:IronFang"],"picked":"sneckomod:SoulDraw","floor":14},{"not_picked":["sneckomod:Unknown1Cost+1","sneckomod:UnknownWeak+1","sneckomod:TrashToTreasure","sneckomod:UnknownVulnerable","sneckomod:DiceBlock"],"picked":"SKIP","floor":18},{"not_picked":["sneckomod:DiceCrush","sneckomod:UnknownCommonSkill+1","sneckomod:UnknownCommonAttack","sneckomod:Unknown1Cost","sneckomod:DiceBlock"],"picked":"SKIP","floor":19},{"not_picked":["sneckomod:IronFang+1","sneckomod:MasterEye","sneckomod:Unknown2Cost","sneckomod:UnknownClassSLIMEBOUND+1","sneckomod:SoulRoll"],"picked":"SKIP","floor":20},{"not_picked":["sneckomod:UnknownClassTHE_BRONZE_AUTOMATON","sneckomod:ImprovisedGuard+1","sneckomod:UnknownDexterity","sneckomod:DiceBlock"],"picked":"sneckomod:SnakeSap","floor":22},{"not_picked":["sneckomod:SoulDraw+1","sneckomod:Cheat","sneckomod:UnknownDexterity","sneckomod:MasterEye","sneckomod:SnekBeam+1"],"picked":"SKIP","floor":23},{"not_picked":["sneckomod:UnknownCommonSkill","sneckomod:DiceBlock","sneckomod:UnknownClass古明地觉","sneckomod:UnknownUncommonPower+1","sneckomod:DiceBoulder"],"picked":"SKIP","floor":24},{"not_picked":["sneckomod:UnknownBlock","sneckomod:UnknownExhaust+1","sneckomod:UnknownStrike+1","sneckomod:QuickBite"],"picked":"sneckomod:UnknownStrength+1","floor":25},{"not_picked":["sneckomod:DiceCrush","sneckomod:UnknownUncommonPower","sneckomod:UnknownDraw+1","sneckomod:UnknownUncommonAttack","sneckomod:IronFang"],"picked":"SKIP","floor":28},{"not_picked":["sneckomod:UnknownDraw+1","sneckomod:Unknown0Cost+1","sneckomod:Unknown2Cost","sneckomod:UnknownExhaust+1","sneckomod:SnekBeam"],"picked":"SKIP","floor":30},{"not_picked":["sneckomod:UnknownClassSLIMEBOUND+1","sneckomod:UnknownDexterity","sneckomod:UnknownX","sneckomod:WideSting","sneckomod:SoulRoll"],"picked":"SKIP","floor":31},{"not_picked":["sneckomod:UnknownColorless+1","sneckomod:RainOfDice","sneckomod:Nope+1","sneckomod:Unknown1Cost"],"picked":"sneckomod:Rotation+1","floor":35},{"not_picked":["sneckomod:SlitherStrike","sneckomod:QuickMove","sneckomod:UnknownUncommonSkill+1","sneckomod:SoulDraw","sneckomod:WideSting"],"picked":"SKIP","floor":36},{"not_picked":["sneckomod:DiceCrush","sneckomod:UnknownDraw","sneckomod:UnknownUncommonSkill","sneckomod:Unknown0Cost","sneckomod:DiceBlock"],"picked":"SKIP","floor":39},{"not_picked":["sneckomod:SerpentMind","sneckomod:DiceCrush+1","sneckomod:UnendingSupply+1","sneckomod:Unknown2Cost+1","sneckomod:SlitherStrike+1"],"picked":"SKIP","floor":41},{"not_picked":["sneckomod:UnknownX+1","sneckomod:UnknownDexterity","sneckomod:Unknown2Cost+1","sneckomod:DiceCrush+1","sneckomod:UnknownClassSLIMEBOUND+1"],"picked":"SKIP","floor":42},{"not_picked":["sneckomod:SoulDraw+1","sneckomod:Unknown1Cost","sneckomod:UnknownBlock","sneckomod:Unknown2Cost","sneckomod:DiceBlock+1"],"picked":"SKIP","floor":44},{"not_picked":["sneckomod:RainOfDice+1","sneckomod:UnknownCommonSkill+1","sneckomod:Unknown1Cost","sneckomod:IronFang+1","sneckomod:UnknownCommonAttack+1"],"picked":"SKIP","floor":45},{"not_picked":["sneckomod:Transmogrify","sneckomod:UnknownClass古明地觉+1","sneckomod:CheapStock+1","sneckomod:UnknownBlock+1","sneckomod:SerpentIdol"],"picked":"SKIP","floor":46},{"not_picked":["sneckomod:UnknownCommonSkill+1","sneckomod:QuickBite","sneckomod:IronFang","sneckomod:WideSting","sneckomod:UnknownClass古明地觉"],"picked":"SKIP","floor":48},{"not_picked":["sneckomod:QuickBite","sneckomod:SerpentMind","sneckomod:RainOfDice+1","sneckomod:IronFang"],"picked":"sneckomod:Restock","floor":55}],"player_experience":1108401,"relics_obtained":[{"floor":1,"key":"SynthV:TestCard"},{"floor":1,"key":"LetterFromLob"},{"floor":6,"key":"testmod-IndustrialRevolution"},{"floor":8,"key":"Dota2Spire:MantaStyle"},{"floor":12,"key":"RedMistMask"},{"floor":13,"key":"Dota2Spire:LotusOrb"},{"floor":23,"key":"Art of War"},{"floor":25,"key":"BookOfRevelations"},{"floor":26,"key":"Dota2Spire:PowerTreads"},{"floor":31,"key":"Dota2Spire:Satanic"},{"floor":37,"key":"Ice Cream"},{"floor":38,"key":"ArrowTower"},{"floor":41,"key":"Dota2Spire:ArmletOfMordiggian"},{"floor":43,"key":"ThornShield"},{"floor":44,"key":"Dota2Spire:DivineRapier"},{"floor":46,"key":"Bronze Scales"},{"floor":55,"key":"GodSword4"}],"event_choices":[{"damage_healed":0,"gold_gain":400,"player_choice":"Sell","damage_taken":0,"max_hp_gain":0,"max_hp_loss":0,"event_name":"恩洛斯的盘子","floor":2,"relics_lost":["DaveBox"],"gold_loss":0},{"damage_healed":0,"gold_gain":0,"player_choice":"Donut","damage_taken":0,"max_hp_gain":5,"max_hp_loss":0,"event_name":"Big Fish","floor":4,"gold_loss":0},{"damage_healed":0,"gold_gain":0,"player_choice":"Fight","damage_taken":0,"max_hp_gain":0,"max_hp_loss":0,"event_name":"Mysterious Sphere","floor":37,"gold_loss":0},{"damage_healed":0,"gold_gain":0,"player_choice":"Fight","damage_taken":0,"max_hp_gain":0,"max_hp_loss":0,"event_name":"MindBloom","floor":38,"gold_loss":0}],"is_beta":false,"boss_relics":[{"not_picked":["testmod-Nine","sneckomod:SneckoBoss"],"picked":"EasyGame_NEW"},{"not_picked":[]},{"not_picked":["testmod-GoldenSoul","Fusion Hammer"],"picked":"testmod-Prudence"},{"not_picked":[]}],"items_purged_floors":[17,34,47,53],"is_endless":false,"potions_floor_spawned":[6,8,11,13,20,23,25,30,31,33,35,36,38,42,46,48,55],"ascension_level":10}}