{"host":"v2nniiiz7kpx7fwo","time":1612671477,"event":{"mods":["2.2 Compatiblity","AchievementEnabler","BaseMod","Colored Map","Colored Powertips","DeckTracker","Highlight Path","KOR Keyword Fix","Minty Spire (QoL Compilation)","Permanent Neow","Rare Cards Sparkle","StSLib","SuperFastMode"],"gold_per_floor":[113,133,133,83,83,110,121,121,174,21,55,67,102,174,174,272,272,289,204,204,204,216,549,549,549,573,573,590,603,630,20,20,122,122,136,147,193,193,193,227,227,227,227,227,259,281,3,18,18,18],"floor_reached":51,"language":"KOR","playtime":2297,"items_purged":["Strike_R"],"score":1191,"play_id":"26dd8cae-a849-49ff-b617-3c0914537f22","local_time":"20210207131757","is_ascension_mode":true,"campfire_choices":[{"floor":8,"key":"REST"},{"floor":15,"key":"REST"},{"floor":27,"key":"REST"},{"floor":32,"key":"REST"},{"floor":42,"key":"REST"},{"data":"Pain","floor":44,"key":"PURGE"},{"floor":49,"key":"REST"}],"circlet_count":0,"master_deck":["Strike_R+1","Strike_R","Strike_R+1","Defend_R","Defend_R","Defend_R","Defend_R","Bash","Limit Break+1","Spot Weakness","Heavy Blade+1","Body Slam+1","Cleave+1","Infinite Blades","Offering","CurseOfTheBell","FollowUp+1","Backstab+1","Writhe","Finesse","Flex+1","Second Wind+1","Double Tap","Steam Power+1","Judgement","Conserve Battery+1","Whirlwind+1","True Grit+1","Madness","Madness","Collect+1","Injury","Steam Power+1","Devotion","Dramatic Entrance+1"],"relics":["Burning Blood","Strawberry","Molten Egg 2","Pen Nib","PrismaticShard","Peace Pipe","Mummified Hand","Calling Bell","Anchor","White Beast Statue","Prayer Wheel","Lizard Tail","Singing Bowl","Old Coin","Nilry\u0027s Codex","Whetstone","Bag of Preparation","Chemical X","CaptainsWheel","Cursed Key","Incense Burner","Magic Flower","Bronze Scales","MawBank","TungstenRod"],"acts_visited":["Exordium","TheCity","TheBeyond"],"potions_floor_usage":[11,11,16,23,24,29,30,30,30,30,30,33,33,33,33,37,40,42,45,45,46,50,50],"damage_taken":[{"damage":6,"enemies":"Cultist","floor":1,"turns":3},{"damage":9,"enemies":"2 Louse","floor":2,"turns":2},{"damage":54,"enemies":"Gremlin Nob","floor":6,"turns":5},{"damage":0,"enemies":"Small Slimes","floor":7,"turns":2},{"damage":20,"enemies":"3 Sentries","floor":11,"turns":4},{"damage":9,"enemies":"3 Louse","floor":12,"turns":4},{"damage":34,"enemies":"Gremlin Nob","floor":13,"turns":4},{"damage":33,"enemies":"Slime Boss","floor":16,"turns":6},{"damage":6,"enemies":"Chosen","floor":18,"turns":3},{"damage":20,"enemies":"Spheric Guardian","floor":22,"turns":4},{"damage":20,"enemies":"Book of Stabbing","floor":23,"turns":3},{"damage":27,"enemies":"Centurion and Healer","floor":28,"turns":4},{"damage":0,"enemies":"Shelled Parasite and Fungi","floor":29,"turns":2},{"damage":39,"enemies":"Gremlin Leader","floor":30,"turns":5},{"damage":10,"enemies":"Automaton","floor":33,"turns":3},{"damage":13,"enemies":"Orb Walker","floor":35,"turns":3},{"damage":21,"enemies":"3 Darklings","floor":36,"turns":3},{"damage":18,"enemies":"2 Orb Walkers","floor":37,"turns":2},{"damage":56,"enemies":"Reptomancer","floor":40,"turns":5},{"damage":62,"enemies":"Nemesis","floor":45,"turns":7},{"damage":13,"enemies":"Sphere and 2 Shapes","floor":46,"turns":3},{"damage":5,"enemies":"Transient","floor":48,"turns":5},{"damage":62,"enemies":"Awakened One","floor":50,"turns":8}],"seed_played":"283654716827477271","potions_obtained":[{"floor":6,"key":"SkillPotion"},{"floor":7,"key":"LiquidBronze"},{"floor":11,"key":"BloodPotion"},{"floor":13,"key":"Regen Potion"},{"floor":18,"key":"Energy Potion"},{"floor":22,"key":"FearPotion"},{"floor":23,"key":"EntropicBrew"},{"floor":28,"key":"DistilledChaos"},{"floor":29,"key":"SpeedPotion"},{"floor":30,"key":"SteroidPotion"},{"floor":33,"key":"BloodPotion"},{"floor":35,"key":"SkillPotion"},{"floor":36,"key":"BloodPotion"},{"floor":37,"key":"Weak Potion"},{"floor":40,"key":"DuplicationPotion"},{"floor":45,"key":"BloodPotion"},{"floor":46,"key":"PowerPotion"},{"floor":48,"key":"LiquidBronze"}],"is_trial":false,"path_per_floor":["M","M","?","?","?","E","M","R","T","$","E","M","E","?","R","B",null,"M","?","?","?","M","E","?","?","T","R","M","M","E","$","R","B",null,"M","M","?","T","?","E","?","R","T","R","E","M","$","M","R","B",null],"character_chosen":"IRONCLAD","items_purchased":["PrismaticShard","EntropicBrew","Chemical X","CaptainsWheel","TungstenRod"],"campfire_rested":6,"item_purchase_floors":[10,31,31,31,47],"current_hp_per_floor":[72,69,69,69,73,25,31,57,57,57,43,40,12,12,38,26,72,72,72,72,72,58,46,47,31,31,59,42,50,19,19,49,45,88,81,66,74,74,61,14,14,64,64,64,31,31,31,35,66,13],"gold":18,"neow_bonus":"ONE_RANDOM_RARE_CARD","is_daily":false,"chose_seed":false,"campfire_upgraded":0,"win_rate":0.0,"timestamp":1612671477,"path_taken":["M","M","?","?","?","E","M","R","T","$","E","M","E","?","R","BOSS","M","?","?","?","?","E","?","?","T","R","M","M","E","$","R","BOSS","M","M","?","?","?","E","?","R","T","R","E","M","?","?","R","BOSS"],"items_purchased_type":["Relic","Potion","Relic","Relic","Relic"],"build_version":"2020-12-22","purchased_purges":1,"victory":true,"max_hp_per_floor":[80,80,80,80,87,87,87,87,87,87,87,87,87,87,87,87,87,87,87,87,87,87,89,94,94,94,94,98,100,102,102,102,102,102,102,102,102,102,102,102,102,102,102,102,102,106,106,106,106,106],"card_choices":[{"not_picked":["Anger","Flame Barrier","Headbutt"],"picked":"SKIP","floor":1},{"not_picked":["Havoc","Anger"],"picked":"Spot Weakness","floor":2},{"not_picked":["Barricade","Blood for Blood+1"],"picked":"Heavy Blade+1","floor":6},{"not_picked":["Anger+1","Uppercut+1"],"picked":"Body Slam+1","floor":7},{"not_picked":["Envenom","Clothesline+1","Fire Breathing"],"picked":"SKIP","floor":11},{"not_picked":["Thunderclap+1","Underhanded Strike+1"],"picked":"Cleave+1","floor":12},{"not_picked":["Study","Purity"],"picked":"Infinite Blades","floor":13},{"not_picked":["Seek","All For One+1"],"picked":"Offering","floor":16},{"not_picked":["Jack Of All Trades","Prostrate"],"picked":"FollowUp+1","floor":18},{"not_picked":["Deep Breath+1","InnerPeace"],"picked":"Backstab+1","floor":18},{"not_picked":["Bandage Up","BowlingBash+1"],"picked":"Finesse","floor":22},{"not_picked":["Sweeping Beam+1","Second Wind"],"picked":"Flex+1","floor":22},{"not_picked":["Bouncing Flask","Glass Knife+1","Rebound+1"],"picked":"Singing Bowl","floor":23},{"not_picked":["Eviscerate+1","Dash+1","Carnage+1"],"picked":"Singing Bowl","floor":28},{"not_picked":["InnerPeace+1","Indignation","JustLucky+1"],"picked":"Singing Bowl","floor":28},{"not_picked":["Swivel","EmptyBody","EmptyFist+1"],"picked":"Singing Bowl","floor":29},{"not_picked":["LikeWater","Clash+1"],"picked":"Second Wind+1","floor":29},{"not_picked":["Slice+1","Buffer","Fasting2"],"picked":"Singing Bowl","floor":30},{"not_picked":["Night Terror","Thinking Ahead"],"picked":"Double Tap","floor":33},{"not_picked":["Crescendo","PathToVictory+1"],"picked":"Steam Power+1","floor":35},{"not_picked":["Dagger Throw+1","Predator+1"],"picked":"Judgement","floor":35},{"not_picked":["Wireheading","Enlightenment"],"picked":"Conserve Battery+1","floor":36},{"not_picked":["Underhanded Strike+1","Reprogram"],"picked":"Whirlwind+1","floor":36},{"not_picked":["Jack Of All Trades","Deadly Poison+1"],"picked":"True Grit+1","floor":37},{"not_picked":["CarveReality+1","PathToVictory+1"],"picked":"Collect+1","floor":40},{"not_picked":["Consecrate+1","Slice+1"],"picked":"Steam Power+1","floor":45},{"not_picked":["Iron Wave+1","Outmaneuver+1","Dual Wield"],"picked":"Singing Bowl","floor":46},{"not_picked":["Study","Armaments+1","Shrug It Off"],"picked":"Singing Bowl","floor":46},{"not_picked":["Outmaneuver","Undo"],"picked":"Devotion","floor":48},{"not_picked":["BowlingBash+1","FearNoEvil+1"],"picked":"Dramatic Entrance+1","floor":48}],"player_experience":366890,"relics_obtained":[{"floor":6,"key":"Molten Egg 2"},{"floor":9,"key":"Pen Nib"},{"floor":11,"key":"Peace Pipe"},{"floor":13,"key":"Mummified Hand"},{"floor":17,"key":"Anchor"},{"floor":17,"key":"White Beast Statue"},{"floor":17,"key":"Prayer Wheel"},{"floor":23,"key":"Old Coin"},{"floor":25,"key":"Nilry\u0027s Codex"},{"floor":26,"key":"Whetstone"},{"floor":30,"key":"Bag of Preparation"},{"floor":37,"key":"Incense Burner"},{"floor":38,"key":"Magic Flower"},{"floor":40,"key":"Bronze Scales"},{"floor":45,"key":"MawBank"}],"event_choices":[{"damage_healed":0,"gold_gain":0,"player_choice":"Ignored","damage_taken":0,"max_hp_gain":0,"max_hp_loss":0,"event_name":"Liars Game","floor":3,"gold_loss":0},{"cards_removed":["Strike_R"],"damage_healed":0,"gold_gain":0,"player_choice":"Card Removal","damage_taken":0,"max_hp_gain":0,"max_hp_loss":0,"event_name":"The Cleric","floor":4,"gold_loss":50},{"damage_healed":0,"gold_gain":0,"player_choice":"Success","damage_taken":3,"relics_obtained":["Strawberry"],"max_hp_gain":0,"max_hp_loss":0,"event_name":"Scrap Ooze","floor":5,"gold_loss":0},{"damage_healed":0,"gold_gain":72,"player_choice":"Gained Gold","damage_taken":0,"max_hp_gain":0,"max_hp_loss":0,"event_name":"Golden Wing","floor":14,"gold_loss":0},{"damage_healed":0,"gold_gain":0,"player_choice":"Obtained Relic","damage_taken":0,"relics_obtained":["Lizard Tail"],"max_hp_gain":0,"max_hp_loss":0,"event_name":"Addict","floor":19,"gold_loss":85},{"damage_healed":0,"gold_gain":0,"player_choice":"Opened","damage_taken":0,"relics_obtained":["Singing Bowl"],"max_hp_gain":0,"max_hp_loss":0,"event_name":"The Mausoleum","floor":20,"gold_loss":0,"cards_obtained":["Writhe"]},{"damage_healed":0,"gold_gain":0,"player_choice":"Upgraded","damage_taken":0,"max_hp_gain":0,"max_hp_loss":0,"event_name":"Upgrade Shrine","floor":21,"gold_loss":0,"cards_upgraded":["Limit Break"]},{"damage_healed":0,"gold_gain":0,"player_choice":"Shed Blood","damage_taken":22,"max_hp_gain":5,"max_hp_loss":0,"event_name":"Forgotten Altar","floor":24,"gold_loss":0},{"damage_healed":0,"gold_gain":0,"player_choice":"Obtained Book","damage_taken":16,"max_hp_gain":0,"max_hp_loss":0,"event_name":"Cursed Tome","floor":25,"gold_loss":0},{"damage_healed":0,"gold_gain":0,"player_choice":"Fight","damage_taken":0,"max_hp_gain":0,"max_hp_loss":0,"event_name":"Mysterious Sphere","floor":37,"gold_loss":0},{"damage_healed":0,"gold_gain":0,"player_choice":"Embrace Madness","damage_taken":13,"max_hp_gain":0,"max_hp_loss":0,"event_name":"Winding Halls","floor":39,"gold_loss":0,"cards_obtained":["Madness","Madness"]},{"damage_healed":0,"gold_gain":0,"player_choice":"Ignored","damage_taken":0,"max_hp_gain":0,"max_hp_loss":0,"event_name":"Tomb of Lord Red Mask","floor":41,"gold_loss":0}],"is_beta":false,"boss_relics":[{"not_picked":["Runic Pyramid","Black Blood"],"picked":"Calling Bell"},{"not_picked":["Sozu","Black Star"],"picked":"Cursed Key"}],"items_purged_floors":[31],"is_endless":false,"potions_floor_spawned":[6,7,11,13,18,22,23,28,29,30,33,35,36,37,40,45,46,48],"ascension_level":7}}