{"host":"tj6tjcyqgbd0xj5u","time":1612727310,"event":{"mods":["Aspiration","BaseMod","Better Match","BetterRewards","Challenge The Spire","Conspire","Defuse TimeMaze Blight","Dota2Spire","Downfall","Energized Spire","Evolution","GifTheSpireLib","Good Game Mod","Halation","Hubris","Hyrulean Relics","Infinite Spire","Minty Spire (QoL Compilation)","Reliquary","Replay The Spire","Reworked Bosses","Spikes Relics","StS++","StSLib","Stuff the Spire"],"gold_per_floor":[109,109,59,74,74,104,104,124,149,149,169,203,221,254,254,254,254],"floor_reached":16,"language":"ENG","playtime":451,"items_purged":[],"score":189,"play_id":"761fcacf-4655-45fe-b789-b9df504910ef","local_time":"20210207154830","is_ascension_mode":true,"campfire_choices":[{"data":"ReplayTheSpireMod:Strike From Hell","floor":7,"key":"SMITH"},{"floor":15,"key":"REST"}],"circlet_count":0,"master_deck":["Wild Strike","Strike_R","Strike_R","Strike_R","Defend_R","Defend_R","Defend_R","Defend_R","Bash","Discovery","ReplayTheSpireMod:Strike From Hell+1","Havoc","Replay:Undeath\u0027s Touch","Pommel Strike","Flex","hubris:CleavingFinish"],"relics":["Burning Blood","EVO:Axolotl","REME:ComplimentaryCards","NeowsBlessing","Gambling Chip","aspiration:BabyByrd","aspiration:TomeofQuesting","Dota2Spire:PhaseBoots","Durian","Nunchaku","Vajra"],"acts_visited":["Exordium"],"potions_floor_usage":[11,13,16],"damage_taken":[{"damage":0,"enemies":"Jaw Worm","floor":1,"turns":1},{"damage":0,"enemies":"Small Slimes","floor":4,"turns":1},{"damage":0,"enemies":"Lagavulin","floor":6,"turns":1},{"damage":0,"enemies":"2 Louse","floor":8,"turns":2},{"damage":11,"enemies":"Looter","floor":11,"turns":2},{"damage":30,"enemies":"Gremlin Nob","floor":12,"turns":4},{"damage":24,"enemies":"Large Slime","floor":13,"turns":5},{"damage":28,"enemies":"Lagavulin","floor":14,"turns":5},{"damage":42,"enemies":"The Guardian","floor":16,"turns":7}],"seed_played":"7162138849470008012","potions_obtained":[{"floor":4,"key":"Energy Potion"},{"floor":12,"key":"Fire Potion"},{"floor":14,"key":"Strength Potion"}],"is_trial":false,"path_per_floor":["M","?","?","M","?","E","R","M","T","T","M","E","M","E","R","B"],"character_chosen":"IRONCLAD","items_purchased":[],"campfire_rested":1,"item_purchase_floors":[],"current_hp_per_floor":[78,75,75,80,80,80,80,80,80,85,80,56,38,16,41,0,0],"gold":254,"neow_bonus":"THREE_ENEMY_KILL","is_daily":false,"chose_seed":false,"campfire_upgraded":1,"win_rate":0.0,"timestamp":1612727310,"path_taken":["M","?","?","M","?","E","R","M","T","?","M","E","M","E","R","BOSS"],"items_purchased_type":[],"build_version":"2020-12-22","purchased_purges":0,"victory":false,"max_hp_per_floor":[80,80,80,80,80,80,80,80,80,85,85,85,85,85,85,85,85],"card_choices":[{"not_picked":["StSpp:CounterStrike","Carnage"],"picked":"ReplayTheSpireMod:Strike From Hell","floor":1},{"not_picked":["Body Slam","Headbutt"],"picked":"Havoc","floor":4},{"not_picked":["Blood for Blood","hubris:CleavingFinish"],"picked":"Replay:Undeath\u0027s Touch","floor":6},{"not_picked":["StuffTheSpire:Incineration","StSpp:Sprint","StSpp:CounterStrike"],"picked":"SKIP","floor":8},{"not_picked":["conspire:HitWhereItHurts","Iron Wave"],"picked":"Pommel Strike","floor":11},{"not_picked":["Wild Strike","Body Slam"],"picked":"Flex","floor":12},{"not_picked":["Replay:Undeath\u0027s Touch","Clothesline","Searing Blow"],"picked":"SKIP","floor":13},{"not_picked":["Headbutt","Iron Wave"],"picked":"hubris:CleavingFinish","floor":14}],"player_experience":125007,"relics_obtained":[{"floor":6,"key":"aspiration:TomeofQuesting"},{"floor":9,"key":"Dota2Spire:PhaseBoots"},{"floor":10,"key":"Durian"},{"floor":12,"key":"Nunchaku"},{"floor":14,"key":"Vajra"}],"event_choices":[{"damage_healed":0,"gold_gain":0,"player_choice":"Success","damage_taken":3,"relics_obtained":["Gambling Chip"],"max_hp_gain":0,"max_hp_loss":0,"event_name":"Scrap Ooze","floor":2,"gold_loss":0},{"cards_removed":["Strike_R"],"damage_healed":0,"gold_gain":0,"player_choice":"Card Removal","damage_taken":0,"max_hp_gain":0,"max_hp_loss":0,"event_name":"The Cleric","floor":3,"gold_loss":50}],"is_beta":false,"boss_relics":[],"items_purged_floors":[],"is_endless":false,"potions_floor_spawned":[4,12,14],"killed_by":"The Guardian","ascension_level":6}}