{"host":"ynimr9ugvc6f046i","time":1612708768,"event":{"mods":["2.2 Compatiblity","BaseMod","Colored Map","DeckTracker","Highlight Path","Keyboard Shortcuts","Minty Spire (QoL Compilation)","Permanent Neow","Quick Restart","StSLib","SuperFastMode"],"gold_per_floor":[111,111,0,23,42,42,62,62,135,135,179,179,193,216,216,311,311,336,336,336,351,368,399,415,447,493,493,493,493,493],"floor_reached":29,"language":"KOR","playtime":478,"items_purged":[],"score":634,"play_id":"fbdf8f22-2b47-40d7-afa9-31d3b25fa240","local_time":"20210207233928","is_ascension_mode":true,"campfire_choices":[{"floor":6.0,"key":"REST"},{"data":"Eruption","floor":8.0,"key":"SMITH"},{"floor":10.0,"key":"REST"},{"data":"Ragnarok","floor":15.0,"key":"SMITH"}],"circlet_count":0,"master_deck":["AscendersBane","Strike_P+1","Strike_P+1","Defend_P","Defend_P","Defend_P+1","Eruption+1","Vigilance+1","Indignation","Ragnarok+1","LessonLearned+1","MentalFortress","EmptyFist","DeusExMachina","Consecrate","InnerPeace","Adaptation","Tantrum"],"relics":["PureWater","Bloody Idol","White Beast Statue","Bag of Marbles","Coffee Dripper","Regal Pillow","WingedGreaves"],"acts_visited":["Exordium","TheCity"],"potions_floor_usage":[],"damage_taken":[{"damage":0.0,"enemies":"Small Slimes","floor":1.0,"turns":2.0},{"damage":2.0,"enemies":"2 Louse","floor":4.0,"turns":3.0},{"damage":0.0,"enemies":"Cultist","floor":5.0,"turns":2.0},{"damage":10.0,"enemies":"Looter","floor":7.0,"turns":4.0},{"damage":0.0,"enemies":"Gremlin Nob","floor":11.0,"turns":2.0},{"damage":8.0,"enemies":"Blue Slaver","floor":13.0,"turns":4.0},{"damage":11.0,"enemies":"2 Fungi Beasts","floor":14.0,"turns":3.0},{"damage":19.0,"enemies":"The Guardian","floor":16.0,"turns":7.0},{"damage":12.0,"enemies":"3 Byrds","floor":18.0,"turns":3.0},{"damage":14.0,"enemies":"2 Thieves","floor":21.0,"turns":2.0},{"damage":11.0,"enemies":"Snake Plant","floor":22.0,"turns":2.0},{"damage":0.0,"enemies":"Gremlin Leader","floor":23.0,"turns":2.0},{"damage":0.0,"enemies":"Snecko","floor":24.0,"turns":3.0},{"damage":22.0,"enemies":"Book of Stabbing","floor":25.0,"turns":3.0},{"damage":0.0,"enemies":"Centurion and Healer","floor":27.0,"turns":1.0},{"damage":40,"enemies":"Gremlin Leader","floor":29,"turns":2}],"seed_played":"-4731283252918831750","potions_obtained":[{"floor":1.0,"key":"EssenceOfSteel"},{"floor":5.0,"key":"StancePotion"},{"floor":11.0,"key":"LiquidBronze"},{"floor":14.0,"key":"Swift Potion"},{"floor":16.0,"key":"LiquidBronze"},{"floor":18.0,"key":"BlessingOfTheForge"},{"floor":21.0,"key":"LiquidBronze"},{"floor":23.0,"key":"BottledMiracle"},{"floor":25.0,"key":"SmokeBomb"}],"is_trial":false,"path_per_floor":["M","?","$","M","M","R","M","R","T","R","E","?","M","M","R","B",null,"M","?","?","M","M","E","M","E","T","M","?","E"],"character_chosen":"WATCHER","items_purchased":[],"campfire_rested":2,"item_purchase_floors":[],"current_hp_per_floor":[43,20,20,18,18,38,28,28,28,48,48,53,45,34,34,15,59,47,47,47,43,37,42,47,30,35,35,35,0,0],"gold":493,"neow_bonus":"TRANSFORM_TWO_CARDS","is_daily":false,"chose_seed":false,"campfire_upgraded":2,"win_rate":0.0,"timestamp":1612708768,"path_taken":["M","?","$","M","M","R","M","R","T","R","E","?","M","M","R","BOSS","M","?","?","M","M","E","?","E","T","M","?","E"],"items_purchased_type":[],"build_version":"2020-12-22","purchased_purges":0,"victory":false,"max_hp_per_floor":[68,68,68,68,68,68,68,68,68,68,68,73,73,73,73,73,73,73,73,73,73,73,73,73,73,73,73,73,73,73],"card_choices":[{"not_picked":["ReachHeaven","BattleHymn","ThirdEye"],"picked":"SKIP","floor":1.0},{"not_picked":["PathToVictory","Prostrate"],"picked":"MentalFortress","floor":4.0},{"not_picked":["Halt","FlurryOfBlows","CarveReality"],"picked":"SKIP","floor":5.0},{"not_picked":["ThirdEye","FlurryOfBlows","Protect"],"picked":"SKIP","floor":7.0},{"not_picked":["BowlingBash","FlyingSleeves"],"picked":"EmptyFist","floor":11.0},{"not_picked":["ForeignInfluence","Evaluate","FollowUp"],"picked":"SKIP","floor":13.0},{"not_picked":["Wallop","Blasphemy","Swivel"],"picked":"SKIP","floor":14.0},{"not_picked":["Wish","Ragnarok"],"picked":"DeusExMachina","floor":16.0},{"not_picked":["Swivel","CutThroughFate+1","ClearTheMind"],"picked":"SKIP","floor":18.0},{"not_picked":["ClearTheMind","SashWhip","Swivel"],"picked":"SKIP","floor":21.0},{"not_picked":["CrushJoints","Halt"],"picked":"InnerPeace","floor":22.0},{"not_picked":["PathToVictory","JustLucky","Establishment"],"picked":"SKIP","floor":23.0},{"not_picked":["CutThroughFate+1","WaveOfTheHand","SignatureMove"],"picked":"SKIP","floor":24.0},{"not_picked":["SignatureMove+1","Collect"],"picked":"Adaptation","floor":25.0}],"player_experience":570181,"relics_obtained":[{"floor":9.0,"key":"White Beast Statue"},{"floor":11.0,"key":"Bag of Marbles"},{"floor":23.0,"key":"Regal Pillow"},{"floor":25.0,"key":"WingedGreaves"}],"event_choices":[{"damage_healed":0.0,"max_hp_gain":0.0,"max_hp_loss":0.0,"gold_gain":0.0,"event_name":"Golden Idol","player_choice":"Take Damage","floor":2.0,"gold_loss":0.0,"damage_taken":23.0,"relics_obtained":["Golden Idol"]},{"damage_healed":0.0,"max_hp_gain":5.0,"max_hp_loss":0.0,"gold_gain":0.0,"event_name":"Big Fish","player_choice":"Donut","floor":12.0,"gold_loss":0.0,"damage_taken":0.0},{"damage_healed":0.0,"max_hp_gain":0.0,"max_hp_loss":0.0,"gold_gain":0.0,"event_name":"Forgotten Altar","player_choice":"Gave Idol","floor":19.0,"relics_lost":["Golden Idol"],"gold_loss":0.0,"damage_taken":0.0,"relics_obtained":["Bloody Idol"]},{"damage_healed":0.0,"max_hp_gain":0.0,"max_hp_loss":0.0,"gold_gain":0.0,"cards_transformed":["Strike_P"],"event_name":"Transmorgrifier","player_choice":"Transformed","floor":20.0,"gold_loss":0.0,"damage_taken":0.0,"cards_obtained":["Consecrate"]},{"damage_healed":0.0,"max_hp_gain":0.0,"max_hp_loss":0.0,"gold_gain":0.0,"event_name":"The Library","player_choice":"Read","floor":28.0,"gold_loss":0.0,"damage_taken":0.0,"cards_obtained":["Tantrum"]}],"is_beta":false,"boss_relics":[{"not_picked":["Busted Crown","Velvet Choker"],"picked":"Coffee Dripper"}],"items_purged_floors":[],"is_endless":false,"potions_floor_spawned":[1,5,11,13,14,16,18,21,22,23,24,25,27],"killed_by":"Gremlin Leader","ascension_level":20}}