{"host":"92wx9z21c4p52du4","time":1612664904,"event":{"mods":["Arknights","BaseMod","Infinite Spire","Lobotomy","Minty Spire (QoL Compilation)","Reliquary","Robot Space Explorer","StSLib","The Blue Laboratory","The Disciple","The Jungle","The Runesmith","TheSurvivalist"],"gold_per_floor":[118,118,133,152,152,152,171,182,260,286,286,54,54,83,83,185,185,195,145,145,45,320,351,365,365,365,381,381,381],"floor_reached":28,"language":"ENG","playtime":1629,"items_purged":["ats:Defend"],"score":273,"play_id":"aa0007bc-c44d-471f-a699-3ff077f1a96c","local_time":"20210206202824","is_ascension_mode":false,"campfire_choices":[{"data":"ats:Flexible Camouflage","floor":6,"key":"SMITH"},{"data":"ats:Apocalypse","floor":11,"key":"SMITH"},{"data":"ats:Phantom","floor":13,"key":"SMITH"},{"data":"ats:Soul Absorption","floor":15,"key":"SMITH"},{"floor":25,"key":"REST"}],"circlet_count":0,"master_deck":["ats:Strike S","ats:Strike V","ats:Armor Crushing Shot","ats:Defend+1","ats:Defend","PunishingBird","ats:Red Shift","UniverseFragment","SpiderBud","ShyLook","ats:Poison Spread","BlackArmy","ats:Poison Spread","Funeral","ats:Apocalypse+1","ats:Phantom+1","VoidDream","ats:Wolf Pack","Murderer","ats:Steam Pump+1","HappyTeddy","ats:Consecutive Shot Auto","ats:Shell Defense","Regret","Bloodbath","ats:Guard Mode","QueenBee","ats:Apocalypse"],"relics":["PureWater","CogitoBucket","Ginger","infinitespire:Cubic Diamond","reliquary:QuartzCube","ats:Originium","infinitespire:Lucky Rock","ats:Assault","Thread and Needle","Sozu","HellTrain","War Paint","Molten Egg 2"],"acts_visited":["Exordium","Exordium"],"potions_floor_usage":[10,16,16],"damage_taken":[{"damage":12,"enemies":"Small Slimes","floor":1,"turns":6},{"damage":4,"enemies":"2 Louse","floor":3,"turns":3},{"damage":10,"enemies":"Jaw Worm","floor":4,"turns":5},{"damage":4,"enemies":"Exordium Thugs","floor":7,"turns":4},{"damage":8,"enemies":"2 Fungi Beasts","floor":8,"turns":2},{"damage":0,"enemies":"Gremlin Nob","floor":10,"turns":2},{"damage":19,"enemies":"3 Sentries","floor":14,"turns":4},{"damage":10,"enemies":"The Guardian","floor":16,"turns":7},{"damage":15,"enemies":"theJungle:5_Spyders","floor":18,"turns":4},{"damage":1,"enemies":"theJungle:GiantWrat","floor":20,"turns":4},{"damage":57,"enemies":"theJungle:Cassacara","floor":23,"turns":6},{"damage":37,"enemies":"theJungle:2_Snecko_Cultists","floor":24,"turns":5},{"damage":21,"enemies":"theJungle:Snecko_Cultist_And_Trap","floor":27,"turns":4},{"damage":34,"enemies":"theJungle:2_Flameangoes","floor":28,"turns":5}],"seed_played":"-2686618323915772832","potions_obtained":[{"floor":3,"key":"Weak Potion"},{"floor":7,"key":"infinitespire:BlackPotion"},{"floor":10,"key":"Strength Potion"},{"floor":16,"key":"blueLaboratory:AbyssPotion"}],"is_trial":false,"path_per_floor":["M","?","M","M","?","R","M","M","T","E","R","$","R","E","R","B",null,"M","?","M","$","?","E","M","R","T","M","M"],"character_chosen":"DOCTOR_CLASS","items_purchased":["ats:Assault","ats:Phantom","ats:Shell Defense"],"campfire_rested":1,"item_purchase_floors":[12,12,21],"current_hp_per_floor":[60,57,53,43,43,43,43,35,35,35,35,35,35,25,25,27,72,58,58,67,67,67,23,3,24,24,10,0,0],"gold":381,"neow_bonus":"","is_daily":false,"chose_seed":false,"campfire_upgraded":4,"win_rate":0.0,"timestamp":1612664904,"path_taken":["M","?","M","M","?","R","M","M","T","E","R","?","R","E","R","BOSS","M","?","M","$","?","E","M","R","T","?","M"],"items_purchased_type":["Relic","Card","Card"],"build_version":"2020-12-22","purchased_purges":1,"victory":false,"max_hp_per_floor":[72,72,72,72,72,72,72,72,72,72,72,72,72,72,72,72,72,72,72,72,72,72,72,72,72,72,72,72,72],"card_choices":[{"not_picked":["WallGazer","OldLady"],"picked":"PunishingBird","floor":1},{"not_picked":["ats:Apocalypse","ats:Consecutive Shot Auto"],"picked":"ats:Red Shift","floor":1},{"not_picked":["SnowQueen","MeatLantern"],"picked":"UniverseFragment","floor":3},{"not_picked":["ats:Guard Mode","ats:Part Time Job"],"picked":"ats:Absolute Focus","floor":3},{"not_picked":["HeroicMonk","FairyFestival"],"picked":"SpiderBud","floor":4},{"not_picked":["ats:Sword Rain","ats:Apocalypse"],"picked":"ats:Flexible Camouflage","floor":4},{"not_picked":["Bloodbath","CrumblingArmor","Alriune"],"picked":"Singing Bowl","floor":7},{"not_picked":["FairyFestival","Scorched"],"picked":"ShyLook","floor":7},{"not_picked":["ats:Cat Scratch","ats:Assault Order"],"picked":"ats:Poison Spread","floor":7},{"not_picked":["BeautyBeast","MHz"],"picked":"BlackArmy","floor":8},{"not_picked":["ats:Automatic Cover","ats:Burning Ground"],"picked":"ats:Poison Spread","floor":8},{"not_picked":["Scorched","QueenOfHatred"],"picked":"Funeral","floor":10},{"not_picked":["ats:Mental Burst","ats:Counter Healing Mode"],"picked":"ats:Apocalypse","floor":10},{"not_picked":["WallGazer","MHz","BeautyBeast"],"picked":"Singing Bowl","floor":14},{"not_picked":["ats:Burning Ground","ats:Song Of Battle"],"picked":"ats:Soul Absorption","floor":14},{"not_picked":["FairyFestival","CrumblingArmor"],"picked":"VoidDream","floor":16},{"not_picked":["ats:Soul Rend","ats:Shadow Assault"],"picked":"ats:Wolf Pack","floor":16},{"not_picked":["LaLuna","BeautyBeast"],"picked":"Murderer","floor":18},{"not_picked":["ats:Consecutive Shot Auto","ats:Absolute Focus"],"picked":"ats:Steam Pump","floor":18},{"not_picked":["BeautyBeast","MeatLantern"],"picked":"HappyTeddy","floor":20},{"not_picked":["ats:Cat Scratch+1","ats:Directed Diagnosis"],"picked":"ats:Consecutive Shot Auto","floor":20},{"not_picked":["CherryBlossoms","BigBadWolf","OSAHOGD"],"picked":"Singing Bowl","floor":23},{"not_picked":["ats:Directed Diagnosis","ats:Explosion Area Strengthen+1"],"picked":"ats:Shadow Assault","floor":23},{"not_picked":["LittlePrince","Porccubus"],"picked":"Bloodbath","floor":24},{"not_picked":["ats:Cat Scratch","ats:Curse Doll"],"picked":"ats:Guard Mode","floor":24},{"not_picked":["MHz","Scorched"],"picked":"QueenBee","floor":27},{"not_picked":["ats:Chain Hook+1","ats:Beaten Up"],"picked":"ats:Apocalypse","floor":27}],"player_experience":196918,"relics_obtained":[{"floor":9,"key":"reliquary:QuartzCube"},{"floor":10,"key":"ats:Originium"},{"floor":10,"key":"infinitespire:Lucky Rock"},{"floor":14,"key":"ats:Originium"},{"floor":14,"key":"Thread and Needle"},{"floor":23,"key":"ats:Originium"},{"floor":23,"key":"War Paint"},{"floor":26,"key":"Molten Egg 2"}],"event_choices":[{"damage_healed":0,"gold_gain":0,"player_choice":"Success","damage_taken":3,"relics_obtained":["Ginger"],"max_hp_gain":0,"max_hp_loss":0,"event_name":"Scrap Ooze","floor":2,"gold_loss":0},{"damage_healed":0,"gold_gain":275,"player_choice":"Desecrate","damage_taken":0,"max_hp_gain":0,"max_hp_loss":0,"event_name":"Golden Shrine","floor":22,"gold_loss":0,"cards_obtained":["Regret"]}],"is_beta":false,"boss_relics":[{"not_picked":["reliquary:KinkedSpring","Ectoplasm"],"picked":"Sozu"}],"items_purged_floors":[21],"is_endless":false,"potions_floor_spawned":[3,7,10,16,23],"killed_by":"theJungle:2_Flameangoes","ascension_level":0}}