{"host":"dm3der2z84gf27js","time":1612682415,"event":{"mods":["AchievementEnabler","BaseMod","Bestiary","Better Note","Better Third Choice","Colored Map","Colored Powertips","Marisa????????","Minty Spire (QoL Compilation)","Onozuka Komachi Mod","StSLib","The Marked","The Servant 0.9.4"],"gold_per_floor":[116,129,146,161,174,200,200,200,200],"floor_reached":8,"language":"ENG","playtime":707,"items_purged":[],"score":60,"play_id":"cd7f14dd-cffd-4b64-ac57-ea4da1887a17","local_time":"20210207022015","is_ascension_mode":false,"campfire_choices":[{"floor":7,"key":"REST"}],"circlet_count":0,"master_deck":["Komachi:Strike","Komachi:Strike","Komachi:Strike","Komachi:Strike","Komachi:Defend","Komachi:Defend","Komachi:Defend","Komachi:Defend","Komachi:Bound","Komachi:ReaperScythe","Komachi:EtherealCut","Komachi:RiverMist","Komachi:FlowRiver","Komachi:EtherealSwipe","Komachi:GhostlyChain","Komachi:Modesty"],"relics":["Komachi:Relic:FerryingBoat","Blue Candle"],"acts_visited":["Exordium"],"potions_floor_usage":[8],"damage_taken":[{"damage":2,"enemies":"2 Louse","floor":1,"turns":2},{"damage":5,"enemies":"Cultist","floor":2,"turns":3},{"damage":3,"enemies":"Jaw Worm","floor":3,"turns":2},{"damage":19,"enemies":"Exordium Thugs","floor":4,"turns":6},{"damage":11,"enemies":"Lots of Slimes","floor":5,"turns":2},{"damage":21,"enemies":"3 Sentries","floor":6,"turns":8},{"damage":24,"enemies":"Lagavulin","floor":8,"turns":5}],"seed_played":"-5668193551366055603","potions_obtained":[{"floor":4,"key":"Regen Potion"}],"is_trial":false,"path_per_floor":["M","M","M","M","M","E","R","E"],"character_chosen":"KOMACHI_CLASS","items_purchased":[],"campfire_rested":1,"item_purchase_floors":[],"current_hp_per_floor":[80,75,72,53,42,21,45,33,33],"gold":200,"neow_bonus":"TEN_PERCENT_HP_BONUS","is_daily":false,"chose_seed":false,"campfire_upgraded":0,"win_rate":0.0,"timestamp":1612682415,"path_taken":["M","M","M","M","M","E","R","E"],"items_purchased_type":[],"build_version":"2020-12-22","purchased_purges":0,"victory":false,"max_hp_per_floor":[82,82,82,82,82,82,82,82,82],"card_choices":[{"not_picked":["Komachi:LonelySpirit","Komachi:FearAura"],"picked":"Komachi:EtherealCut","floor":1},{"not_picked":["Komachi:BoatSanzu","Komachi:AwaitedRest"],"picked":"Komachi:RiverMist","floor":2},{"not_picked":["Komachi:Drowning","Komachi:SpiritualEnergy"],"picked":"Komachi:FlowRiver","floor":3},{"not_picked":["Komachi:VengefulSpirit","Komachi:GhostlyChain"],"picked":"Komachi:EtherealSwipe","floor":4},{"not_picked":["Komachi:SinnerSpirit","Komachi:LonelySpirit"],"picked":"Komachi:GhostlyChain","floor":5},{"not_picked":["Komachi:SinnerSpirit","Komachi:TrueMeditation"],"picked":"Komachi:Modesty","floor":6}],"player_experience":193451,"relics_obtained":[{"floor":6,"key":"Blue Candle"}],"event_choices":[],"is_beta":false,"boss_relics":[],"items_purged_floors":[],"is_endless":false,"potions_floor_spawned":[4],"killed_by":"Lagavulin","ascension_level":0}}