{"host":"8cqz7u612ax6p4mk","time":1612665702,"event":{"mods":["AchievementEnabler","BaseMod","Bestiary","DeckTracker","Minty Spire (QoL Compilation)","Relic Stats"],"gold_per_floor":[113,63,63,63,63,91,16,32,101,135,150,150,175,194,194,194,194],"floor_reached":16,"language":"ENG","playtime":687,"items_purged":["Regret"],"score":150,"play_id":"a1dd907a-6540-43da-b10f-34ecc0f2bdad","local_time":"20210206214142","is_ascension_mode":true,"campfire_choices":[{"floor":15,"key":"REST"}],"circlet_count":0,"master_deck":["Strike_B","Strike_B","Defend_B","Defend_B","Defend_B","Zap","Dualcast","Hologram+1","Lockon","Skim","Compile Driver","Chill","Seek","Capacitor"],"relics":["Cracked Core","NeowsBlessing","Shuriken","StrikeDummy","Gremlin Horn","The Courier","Pen Nib"],"acts_visited":["Exordium"],"potions_floor_usage":[13,16,16],"damage_taken":[{"damage":0,"enemies":"2 Louse","floor":1,"turns":1},{"damage":0,"enemies":"Lagavulin","floor":6,"turns":1},{"damage":0,"enemies":"Small Slimes","floor":8,"turns":1},{"damage":38,"enemies":"3 Sentries","floor":10,"turns":9},{"damage":1,"enemies":"Cultist","floor":11,"turns":3},{"damage":13,"enemies":"Lagavulin","floor":13,"turns":7},{"damage":0,"enemies":"3 Louse","floor":14,"turns":3},{"damage":40,"enemies":"Slime Boss","floor":16,"turns":8}],"seed_played":"6061638750087020232","potions_obtained":[{"floor":6,"key":"EssenceOfSteel"},{"floor":8,"key":"Dexterity Potion"},{"floor":10,"key":"Dexterity Potion"},{"floor":13,"key":"Explosive Potion"}],"is_trial":false,"path_per_floor":["M","?","?","?","?","E","$","M","T","E","M","?","E","M","R","B"],"character_chosen":"DEFECT","items_purchased":[],"campfire_rested":1,"item_purchase_floors":[],"current_hp_per_floor":[75,75,68,68,68,68,68,68,68,30,29,29,16,16,38,0,0],"gold":194,"neow_bonus":"THREE_ENEMY_KILL","is_daily":false,"chose_seed":false,"campfire_upgraded":0,"win_rate":0.0,"timestamp":1612665702,"path_taken":["M","?","?","?","?","E","$","M","T","E","M","?","E","M","R","BOSS"],"items_purchased_type":[],"build_version":"2020-12-22","purchased_purges":1,"victory":false,"max_hp_per_floor":[75,75,75,75,75,75,75,75,75,75,75,75,75,75,75,75,75],"relic_stats":{"Gremlin Horn":[4,4],"counters":[8,33],"Shuriken":[0],"Pen Nib":[1],"obtain_stats":[{"NeowsBlessing":0,"Gremlin Horn":9,"Shuriken":5,"The Courier":10,"Pen Nib":13,"Cracked Core":0,"StrikeDummy":6},{"NeowsBlessing":0,"Gremlin Horn":3,"Shuriken":1,"The Courier":4,"Pen Nib":6,"Cracked Core":0,"StrikeDummy":2},{"NeowsBlessing":0,"Gremlin Horn":3,"Shuriken":1,"The Courier":12,"Pen Nib":22,"Cracked Core":0,"StrikeDummy":2}]},"card_choices":[{"not_picked":["Cold Snap","Streamline"],"picked":"Hologram","floor":1},{"not_picked":["Streamline","Rebound"],"picked":"Lockon","floor":6},{"not_picked":["Hologram","Rip and Tear"],"picked":"Skim","floor":8},{"not_picked":["Compile Driver","Redo","Hologram"],"picked":"SKIP","floor":10},{"not_picked":["Redo","Hologram"],"picked":"Compile Driver","floor":10},{"not_picked":["Capacitor","Auto Shields"],"picked":"Chill","floor":11},{"not_picked":["Go for the Eyes","Streamline"],"picked":"Seek","floor":13},{"not_picked":["Darkness","Scrape"],"picked":"Capacitor","floor":14}],"player_experience":164643,"relics_obtained":[{"floor":6,"key":"StrikeDummy"},{"floor":9,"key":"Gremlin Horn"},{"floor":10,"key":"The Courier"},{"floor":13,"key":"Pen Nib"}],"event_choices":[{"cards_removed":["Defend_B"],"damage_healed":0,"gold_gain":0,"player_choice":"Card Removal","damage_taken":0,"max_hp_gain":0,"max_hp_loss":0,"event_name":"The Cleric","floor":2,"gold_loss":50},{"cards_removed":["Strike_B"],"damage_healed":0,"gold_gain":0,"player_choice":"Card Removal","damage_taken":7,"max_hp_gain":0,"max_hp_loss":0,"event_name":"Golden Wing","floor":3,"gold_loss":0},{"damage_healed":0,"gold_gain":0,"player_choice":"Grow","damage_taken":0,"max_hp_gain":0,"max_hp_loss":0,"event_name":"Living Wall","floor":4,"gold_loss":0,"cards_upgraded":["Hologram"]},{"damage_healed":0,"gold_gain":0,"player_choice":"Box","damage_taken":0,"relics_obtained":["Shuriken"],"max_hp_gain":0,"max_hp_loss":0,"event_name":"Big Fish","floor":5,"gold_loss":0,"cards_obtained":["Regret"]},{"cards_removed":["Strike_B"],"damage_healed":0,"gold_gain":0,"player_choice":"Purged","damage_taken":0,"max_hp_gain":0,"max_hp_loss":0,"event_name":"Purifier","floor":12,"gold_loss":0}],"is_beta":false,"boss_relics":[],"items_purged_floors":[7],"is_endless":false,"potions_floor_spawned":[6,8,10,13],"killed_by":"Slime Boss","ascension_level":1}}