{"host":"am0cr9xwekqmrere","time":1612728726,"event":{"mods":["AchievementEnabler","Act Like it!","BaseMod","Better Altar","Better Match","Better Note","Better Sensory Stone","Better Skull","Better Third Choice","BetterRewards","Conspire","Downfall","Hubris","Infinite Spire","Minty Spire (QoL Compilation)","Rare Cards Sparkle","Spicy Shops","StSLib","Unceasing Turn Reminder"],"gold_per_floor":[99,118,131,581,202,244,319,219,247,147,147,160,190,209,225,327,327,327,343,343,343,363,363,363,263,263,32,48,76,86,99,114,114,114,114],"floor_reached":33,"language":"ENG","playtime":1678,"items_purged":["downfall:Icky","downfall:Icky","downfall:Icky"],"score":302,"play_id":"b8d01aac-fdd8-4bba-b4e8-8ef624087f8b","local_time":"20210207141206","is_ascension_mode":false,"campfire_choices":[{"floor":1.0,"key":"RECALL"},{"floor":8.0,"key":"REST"},{"floor":10.0,"key":"REST"},{"data":"bronze:Shell","floor":18.0,"key":"SMITH"},{"floor":25.0,"key":"DIG"}],"circlet_count":0,"master_deck":["bronze:Strike","bronze:Strike","bronze:Strike","bronze:Strike","bronze:Defend","bronze:Defend","bronze:Defend","bronze:Defend","bronze:Replicate","bronze:Goto","bronze:Frontload","bronze:Shell+1","bronze:BronzeArmor+1","bronze:Overheat","bronze:OilSpill","bronze:ThunderWave","bronze:HardenedForm+1","bronze:Constructor","LessonLearned+1","infinitespire:Starlight","infinitespire:Gouge","bronze:ForceShield","bronze:Repulsor+1","bronze:Shell","bronze:BronzeOrb+1","bronze:Branch","bronze:Terminator+1","bronze:ItsAFeature+1","bronze:FineTuning","bronze:Overheat"],"relics":["bronze:BronzeCore","bronze:ProtectiveGoggles","Shovel","Lantern","Frozen Egg 2","downfall:HeartBlessingRed","Singing Bowl","downfall:HeartBlessingGreen","hubris:TenFootPole","conspire:SpecialSausage","hexamod:Sixitude","downfall:HeartBlessingBlue","Nunchaku","Membership Card","conspire:TopHat"],"acts_visited":["Exordium","TheCity"],"potions_floor_usage":[],"damage_taken":[{"damage":6.0,"enemies":"Small Slimes","floor":2.0,"turns":5.0},{"damage":6.0,"enemies":"Jaw Worm","floor":3.0,"turns":5.0},{"damage":0.0,"enemies":"downfall:FleeingMerchant","floor":5.0,"turns":4.0},{"damage":45.0,"enemies":"conspire:MimicChest","floor":6.0,"turns":13.0},{"damage":9.0,"enemies":"Lagavulin","floor":9.0,"turns":5.0},{"damage":0.0,"enemies":"2 Louse","floor":12.0,"turns":3.0},{"damage":17.0,"enemies":"3 Sentries","floor":13.0,"turns":10.0},{"damage":2.0,"enemies":"Lots of Slimes","floor":14.0,"turns":3.0},{"damage":15.0,"enemies":"Exordium Wildlife","floor":15.0,"turns":6.0},{"damage":12.0,"enemies":"SI_SHIV_ARCHETYPE","floor":16.0,"turns":13.0},{"damage":9.0,"enemies":"Shell Parasite","floor":19.0,"turns":10.0},{"damage":8.0,"enemies":"Chosen and Byrds","floor":22.0,"turns":7.0},{"damage":0.0,"enemies":"downfall:FleeingMerchant","floor":27.0,"turns":4.0},{"damage":0.0,"enemies":"Centurion and Healer","floor":28.0,"turns":6.0},{"damage":22.0,"enemies":"Slavers","floor":29.0,"turns":6.0},{"damage":0.0,"enemies":"Snecko","floor":30.0,"turns":3.0},{"damage":0,"enemies":"Snake Plant","floor":31,"turns":6},{"damage":4,"enemies":"Chosen and Byrds","floor":32,"turns":5},{"damage":109,"enemies":"DF_ARCHETYPE_CLAW","floor":33,"turns":8}],"seed_played":"385227622874379351","potions_obtained":[{"floor":6.0,"key":"SteroidPotion"},{"floor":12.0,"key":"Dexterity Potion"},{"floor":13.0,"key":"AttackPotion"},{"floor":14.0,"key":"BlessingOfTheForge"},{"floor":15.0,"key":"bronze:CleanCodePotion"},{"floor":19.0,"key":"infinitespire:BlackPotion"},{"floor":22.0,"key":"Slimebound:ThreeZeroPotion"},{"floor":28.0,"key":"Guardian:BlockOnCardUsePotion"},{"floor":31,"key":"Guardian:BlockOnCardUsePotion"}],"is_trial":false,"path_per_floor":["R","M","M","?","$","?","T","R","E","R","?","M","E","M","M","B",null,"R","M","?","AVR","M","?","T","R","?","$","M","E","M","M","M","B"],"character_chosen":"THE_AUTOMATON","items_purchased":["Shovel","Membership Card","bronze:Branch"],"campfire_rested":2,"item_purchase_floors":[5,27,27],"current_hp_per_floor":[70,64,58,58,58,13,13,34,27,48,48,48,33,31,18,6,76,76,67,67,67,69,69,69,79,79,86,88,66,66,76,82,0,0,0],"gold":114,"neow_bonus":"RANDOM_COMMON_RELIC","is_daily":false,"chose_seed":false,"campfire_upgraded":1,"win_rate":0.0,"timestamp":1612728726,"path_taken":["R","M","M","?","$","?","T","R","E","R","?","M","E","M","M","BOSS","R","M","?","AVR","M","?","T","R","?","$","M","E","M","M","M","BOSS"],"items_purchased_type":["Relic","Relic","Card"],"build_version":"2020-12-22","purchased_purges":3,"victory":false,"max_hp_per_floor":[70,70,70,70,70,70,70,70,72,72,72,72,74,74,76,76,76,76,76,76,76,76,76,76,86,86,86,88,88,88,88,88,88,88,88],"card_choices":[{"not_picked":["bronze:Turbo","bronze:Shield"],"picked":"bronze:Frontload","floor":2.0},{"not_picked":["bronze:Return","bronze:GetLatest"],"picked":"bronze:Shell","floor":3.0},{"not_picked":["bronze:Frontload","bronze:Shield"],"picked":"bronze:BronzeArmor","floor":5.0},{"not_picked":["bronze:Deprecate","bronze:Philosophize"],"picked":"bronze:Overheat","floor":6.0},{"not_picked":["bronze:Frontload","bronze:BronzeArmor","bronze:Branch"],"picked":"Singing Bowl","floor":9.0},{"not_picked":["bronze:Return","bronze:Invalidate"],"picked":"bronze:OilSpill","floor":12.0},{"not_picked":["bronze:Overheat","bronze:Deprecate","bronze:Flail"],"picked":"Singing Bowl","floor":13.0},{"not_picked":["bronze:Deprecate","bronze:ForLoop"],"picked":"bronze:ThunderWave","floor":14.0},{"not_picked":["bronze:OilSpill","bronze:Turbo","bronze:BuggyMess"],"picked":"Singing Bowl","floor":15.0},{"not_picked":["bronze:BurnOut","bronze:Mutator+1"],"picked":"bronze:HardenedForm+1","floor":16.0},{"not_picked":["bronze:Shield","bronze:Iterate"],"picked":"bronze:Constructor","floor":19.0},{"not_picked":["bronze:Philosophize","bronze:DelayedSlice"],"picked":"bronze:ForceShield","floor":22.0},{"not_picked":["bronze:BitShift+1","bronze:Frontload+1"],"picked":"bronze:BronzeOrb+1","floor":27.0},{"not_picked":["bronze:DigitalCarnage","bronze:CutThrough","bronze:Invalidate+1"],"picked":"Singing Bowl","floor":28.0},{"not_picked":["bronze:RecursiveStrike","bronze:ForLoop"],"picked":"bronze:Terminator+1","floor":29.0},{"not_picked":["bronze:Frontload+1","bronze:Turbo+1"],"picked":"bronze:ItsAFeature+1","floor":30.0},{"not_picked":["bronze:Iterate","bronze:Invalidate"],"picked":"bronze:FineTuning","floor":31},{"not_picked":["bronze:Boost","bronze:Flail"],"picked":"bronze:Overheat","floor":32}],"player_experience":2740004,"relics_obtained":[{"floor":6.0,"key":"Lantern"},{"floor":7.0,"key":"Frozen Egg 2"},{"floor":9.0,"key":"Singing Bowl"},{"floor":13.0,"key":"hubris:TenFootPole"},{"floor":25.0,"key":"Nunchaku"},{"floor":29.0,"key":"conspire:TopHat"}],"event_choices":[{"damage_healed":0.0,"max_hp_gain":0.0,"max_hp_loss":0.0,"gold_gain":0.0,"event_name":"conspire:LoneGhost","player_choice":"Disagree","floor":11.0,"gold_loss":0.0,"damage_taken":0.0},{"cards_removed":["bronze:HardenedForm"],"damage_healed":0.0,"max_hp_gain":0.0,"max_hp_loss":0.0,"gold_gain":0.0,"event_name":"betterNote:BetterNote","player_choice":"Take \u0026 Give","floor":20.0,"gold_loss":0.0,"damage_taken":0.0,"cards_obtained":["LessonLearned"]},{"damage_healed":0.0,"max_hp_gain":0.0,"max_hp_loss":0.0,"gold_gain":0.0,"event_name":"The Library","player_choice":"Read","floor":26.0,"gold_loss":0.0,"damage_taken":0.0,"cards_obtained":["bronze:Shell"]}],"is_beta":false,"boss_relics":[{"not_picked":["hubris:ScarierMask","conspire:SeveredTorchhead"],"picked":"conspire:SpecialSausage"}],"items_purged_floors":[5,21,27],"is_endless":false,"potions_floor_spawned":[6,12,13,14,15,19,22,28,31],"killed_by":"DF_ARCHETYPE_CLAW","ascension_level":0}}