{"host":"i1jfmzuw7df2nlxn","time":1612738083,"event":{"mods":["BaseMod","DeckTracker","Minty Spire (QoL Compilation)","Permanent Neow","StSLib","The Wild Card"],"gold_per_floor":[110,127,147,165,184,184,184,184,184],"floor_reached":8,"language":"ENG","playtime":644,"items_purged":[],"score":50,"play_id":"e35e3e78-4c25-47b5-a9e7-e101f5949562","local_time":"20210207174803","is_ascension_mode":false,"campfire_choices":[{"floor":6,"key":"REST"}],"circlet_count":0,"master_deck":["theWildCard:BasicStrike","theWildCard:BasicStrike","theWildCard:BasicStrike","theWildCard:BasicDefend","theWildCard:BasicDefend","theWildCard:BasicDefend","theWildCard:CallToAdventure","theWildCard:Arsene","theWildCard:UnendingRitual","theWildCard:ArchaicAssault","theWildCard:PowerOfTheArcana","theWildCard:SeveringSlash","theWildCard:FinalHour","Iron Wave"],"relics":["theWildCard:VelvetContract"],"acts_visited":["Exordium"],"potions_floor_usage":[],"damage_taken":[{"damage":7,"enemies":"2 Louse","floor":1,"turns":3},{"damage":1,"enemies":"Cultist","floor":2,"turns":3},{"damage":13,"enemies":"Jaw Worm","floor":3,"turns":5},{"damage":7,"enemies":"Exordium Thugs","floor":4,"turns":6},{"damage":27,"enemies":"Lots of Slimes","floor":5,"turns":4},{"damage":18,"enemies":"Lagavulin","floor":8,"turns":6}],"seed_played":"-8099161815128995019","potions_obtained":[{"floor":1,"key":"SneckoOil"},{"floor":2,"key":"DuplicationPotion"},{"floor":5,"key":"Block Potion"}],"is_trial":false,"path_per_floor":["M","M","M","M","M","R","?","E"],"character_chosen":"THE_WILD_CARD","items_purchased":[],"campfire_rested":1,"item_purchase_floors":[],"current_hp_per_floor":[53,52,39,32,5,23,23,5,5],"gold":184,"neow_bonus":"TRANSFORM_CARD","is_daily":false,"chose_seed":false,"campfire_upgraded":0,"win_rate":0.0,"timestamp":1612738083,"path_taken":["M","M","M","M","M","R","?","E"],"items_purchased_type":[],"build_version":"2020-12-22","purchased_purges":0,"victory":false,"max_hp_per_floor":[60,60,60,60,60,60,60,60,60],"card_choices":[{"not_picked":["theWildCard:Patience","theWildCard:SacrificialStroke"],"picked":"theWildCard:ArchaicAssault","floor":1},{"not_picked":["theWildCard:ManOfManyFaces","theWildCard:Michael"],"picked":"theWildCard:PowerOfTheArcana","floor":2},{"not_picked":["theWildCard:IdentityTheft","theWildCard:Polydeuces","theWildCard:EnergizedStroke"],"picked":"SKIP","floor":3},{"not_picked":["theWildCard:PowerOfTheArcana","theWildCard:Alice"],"picked":"theWildCard:SeveringSlash","floor":4},{"not_picked":["theWildCard:ArcaneArts","theWildCard:StalwartBlade"],"picked":"theWildCard:FinalHour","floor":5}],"player_experience":53290,"relics_obtained":[],"event_choices":[{"cards_removed":["theWildCard:BasicDefend"],"damage_healed":0,"gold_gain":0,"player_choice":"Took Card","damage_taken":0,"max_hp_gain":0,"max_hp_loss":0,"event_name":"NoteForYourself","floor":7,"gold_loss":0,"cards_obtained":["Iron Wave"]}],"is_beta":false,"boss_relics":[],"items_purged_floors":[],"is_endless":false,"potions_floor_spawned":[1,2,5],"killed_by":"Lagavulin","ascension_level":0}}