{"host":"i4vlfbz13gs2xtdj","time":1612727483,"event":{"mods":["2.2 Compatiblity","AchievementEnabler","Act Like it!","Aspiration","BaseMod","Bestiary","Better Altar","Better Match","Better Note","Better Sensory Stone","Better Skull","Better Third Choice","BetterRewards","CatGirl Mod","Challenge The Spire","Colored Map","Colored Powertips","Curses Come First","Defuse TimeMaze Blight","Elementarium","Energized Spire","Fox Events","Friendly Minions","GifTheSpireLib","Halation","Hubris","Infinite Spire","Jedi Mod","Marked Mod","Menagerie","Minty Spire (QoL Compilation)","Pale of the Ancients","Potionbrewer","Rare Cards Sparkle","Relic Sorter","Relic Stats","Reliquary","Replay The Spire","Shop Mod","Somnambulant","Spicy Shops","Spikes Relics","Spire Arcade","StSLib","Stuff the Spire","The Blue Laboratory","The Marked","The Sage","Trackpad","Useless Jewels Mod","Wandering Minibosses"],"gold_per_floor":[111,131,150,167,181,181,181,181,181,207,230,265,265,265,265,265,265],"floor_reached":16,"language":"ENG","playtime":1100,"items_purged":[],"score":102,"play_id":"c2973da2-7018-447d-b6bf-c7dd121759ea","local_time":"20210207145123","is_ascension_mode":false,"campfire_choices":[{"data":"theMarked:SoldierOfQuellstein","floor":6,"key":"SMITH"},{"floor":13,"key":"REST"},{"data":"theMarked:EmpowerWeapon","floor":15,"key":"SMITH"}],"circlet_count":0,"master_deck":["Forethought+1","theMarked:Strike+1","theMarked:Strike+1","theMarked:Strike+1","theMarked:Strike+1","theMarked:Strike+1","theMarked:Defend","theMarked:Defend","theMarked:Defend","theMarked:SoldierOfQuellstein+1","theMarked:Memento","theMarked:Improvise","theMarked:EmpowerWeapon+1","theMarked:ChannelForce","theMarked:RepellingDischarge"],"relics":["theMarked:ArtifactOfAir","NeowsBlessing","Menagerie:HuntersKnife","BicycleWheel","Replay:Bottled Eggs","Nunchaku"],"acts_visited":["Menagerie:Menagerie"],"potions_floor_usage":[12,16],"damage_taken":[{"damage":0,"enemies":"Menagerie:StygianBoar","floor":1,"turns":1},{"damage":1,"enemies":"Menagerie:MonstrousExperiment","floor":2,"turns":1},{"damage":0,"enemies":"Menagerie:2_RABBITS","floor":3,"turns":1},{"damage":4,"enemies":"Menagerie:MeltingSalamander","floor":4,"turns":4},{"damage":10,"enemies":"Menagerie:BEAST_MAGE_AND_PROWLING_AMALGAM","floor":5,"turns":8},{"damage":24,"enemies":"3 Sentries","floor":10,"turns":7},{"damage":0,"enemies":"Menagerie:Hexasnake","floor":11,"turns":3},{"damage":16,"enemies":"Menagerie:MaskedSummoner","floor":12,"turns":7},{"damage":44,"enemies":"Menagerie:Suneater","floor":16,"turns":6}],"seed_played":"-6116615943739388580","potions_obtained":[{"floor":1,"key":"sagemod:Wine"},{"floor":10,"key":"blueLaboratory:LouseDecoction"},{"floor":12,"key":"Adrenaline Potion"}],"is_trial":false,"path_per_floor":["M","M","M","M","M","R","?","?","T","?","M","E","R","?","R","B"],"character_chosen":"THE_DEFAULT","items_purchased":[],"campfire_rested":1,"item_purchase_floors":[],"current_hp_per_floor":[70,69,69,65,55,55,58,58,58,34,34,18,38,42,42,0,0],"gold":265,"neow_bonus":"THREE_ENEMY_KILL","is_daily":false,"chose_seed":false,"campfire_upgraded":2,"win_rate":0.0,"timestamp":1612727483,"path_taken":["M","M","M","M","M","R","?","?","T","?","M","E","R","?","R","BOSS"],"items_purchased_type":[],"build_version":"2020-12-22","purchased_purges":0,"victory":false,"max_hp_per_floor":[70,70,70,70,70,70,73,68,68,68,68,68,68,68,68,68,68],"relic_stats":{"Nunchaku":[1],"counters":[25,106],"obtain_stats":[{"Regal Pillow":22,"Calipers":0,"sagemod:Falmels_Amulet":17,"Menagerie:HuntersKnife":8,"Vajra":8,"aspiration:TomeofQuesting":30,"Juzu Bracelet":27,"hubris:EmptyBottle":26,"reliquary:HotPoker":9,"Nunchaku":12,"Ring of Peace":9,"Replay:Antivirus Software":24,"Replay:Bottled Eggs":10,"Cracked Core":0,"hubris:TinFlute":6,"BicycleWheel":9,"Potion Belt":26,"MerchantsRug":22,"potionbrewer:WarMedal":20,"NeowsBlessing":0,"ReplayTheSpireMod:Ring of Addiction":26,"reliquary:RosewoodLute":31,"Ring of Misfortune":4,"ReplayTheSpireMod:Ring of Collecting":4,"halation:PinkSoulGem":21},{"Regal Pillow":12,"Calipers":0,"sagemod:Falmels_Amulet":10,"Menagerie:HuntersKnife":21,"Vajra":6,"aspiration:TomeofQuesting":15,"Juzu Bracelet":15,"hubris:EmptyBottle":14,"reliquary:HotPoker":6,"Nunchaku":24,"Ring of Peace":6,"Replay:Antivirus Software":13,"Replay:Bottled Eggs":22,"Cracked Core":0,"hubris:TinFlute":5,"BicycleWheel":21,"Potion Belt":14,"MerchantsRug":12,"potionbrewer:WarMedal":12,"NeowsBlessing":16,"ReplayTheSpireMod:Ring of Addiction":14,"reliquary:RosewoodLute":15,"Ring of Misfortune":3,"ReplayTheSpireMod:Ring of Collecting":3,"halation:PinkSoulGem":12},{"Regal Pillow":42,"Calipers":0,"sagemod:Falmels_Amulet":33,"Menagerie:HuntersKnife":83,"Vajra":17,"aspiration:TomeofQuesting":60,"Juzu Bracelet":60,"hubris:EmptyBottle":54,"reliquary:HotPoker":17,"Nunchaku":100,"Ring of Peace":17,"Replay:Antivirus Software":47,"Replay:Bottled Eggs":90,"Cracked Core":0,"hubris:TinFlute":14,"BicycleWheel":83,"Potion Belt":54,"MerchantsRug":42,"potionbrewer:WarMedal":42,"NeowsBlessing":68,"ReplayTheSpireMod:Ring of Addiction":54,"reliquary:RosewoodLute":60,"Ring of Misfortune":7,"ReplayTheSpireMod:Ring of Collecting":7,"halation:PinkSoulGem":42}]},"card_choices":[{"not_picked":["theMarked:Memento","theMarked:TunnelVision","theMarked:ResourceFulStrike"],"picked":"SKIP","floor":1},{"not_picked":["theMarked:TunnelVision","theMarked:ResourceFulStrike"],"picked":"theMarked:Memento","floor":1},{"not_picked":["theMarked:WardOff","theMarked:Overcharge"],"picked":"theMarked:Improvise","floor":2},{"not_picked":["theMarked:WardOff","theMarked:Opportunist","theMarked:RogueSparks"],"picked":"SKIP","floor":3},{"not_picked":["theMarked:Overthink","theMarked:WardOff","theMarked:Improvise"],"picked":"SKIP","floor":4},{"not_picked":["theMarked:WastefulAttack","theMarked:LightningStrikesTwice"],"picked":"theMarked:EmpowerWeapon","floor":5},{"not_picked":["theMarked:Parkour","theMarked:Pokerface"],"picked":"theMarked:RepellingDischarge","floor":11},{"not_picked":["theMarked:EnhanceMovement","theMarked:EmpowerWeapon","theMarked:Overthink"],"picked":"SKIP","floor":12}],"player_experience":355253,"relics_obtained":[{"floor":9,"key":"BicycleWheel"},{"floor":10,"key":"Replay:Bottled Eggs"},{"floor":12,"key":"Nunchaku"}],"event_choices":[{"damage_healed":0,"gold_gain":0,"cards_transformed":["theMarked:Defend"],"player_choice":"Vigor","damage_taken":0,"max_hp_gain":3,"max_hp_loss":0,"event_name":"Menagerie:CloudVision","floor":7,"gold_loss":0,"cards_obtained":["theMarked:ChannelForce"]},{"damage_healed":0,"gold_gain":0,"player_choice":"Take","damage_taken":0,"relics_obtained":["Menagerie:HuntersKnife"],"max_hp_gain":0,"max_hp_loss":5,"event_name":"Menagerie:BigGameHunter","floor":8,"gold_loss":0},{"damage_healed":0,"gold_gain":0,"player_choice":"Release","damage_taken":0,"max_hp_gain":0,"max_hp_loss":0,"event_name":"Menagerie:StasisChamber","floor":10,"gold_loss":0},{"damage_healed":4,"gold_gain":0,"player_choice":"LEAVE ","damage_taken":0,"relics_obtained":[],"max_hp_gain":0,"max_hp_loss":0,"event_name":"betterSkull:BetterSkull","floor":14,"gold_loss":0,"cards_upgraded":[]}],"is_beta":false,"boss_relics":[],"items_purged_floors":[],"is_endless":false,"potions_floor_spawned":[1,10,12],"killed_by":"Menagerie:Suneater","ascension_level":0}}