{"host":"5z7rhcocprldured","time":1612725017,"event":{"mods":["2.2 Compatiblity","AchievementEnabler","BaseMod","Best Route Mod","Better Altar","Better Match","Better Note","Better Sensory Stone","Better Skull","Better Third Choice","BetterRewards","Block Reminder","Colored Map","Colored Powertips","Emptier Cage","Googly Eyes","Hermit","Marisa????????","Minty Spire (QoL Compilation)","Permanent Neow","Potionbrewer","Rare Cards Sparkle","StSLib","Synergy Search","The Cursed","The Hierophant","The Runesmith","Unceasing Turn Reminder"],"gold_per_floor":[115,139,139,152,266,299,299,321,369,402,402,376,395,194,194,291,291,311,334,355,374,283,314,314,314,360,376,376,396,409,437,437,547,547,558,116,133,154,178,178,69,69,92,52,87,117,41,61,61,68,68],"floor_reached":50,"language":"ENG","playtime":2946,"items_purged":["hermit:Strike_Hermit","hermit:Covet","hermit:Defend_Hermit","hermit:Defend_Hermit"],"score":747,"play_id":"5344a098-e6f6-40a5-9310-994950bb57d1","local_time":"20210207191017","is_ascension_mode":false,"campfire_choices":[{"floor":7,"key":"REST"},{"floor":15,"key":"REST"},{"data":"hermit:Maintenance","floor":24,"key":"SMITH"},{"floor":32,"key":"REST"},{"data":"hermit:FullyLoaded","floor":40,"key":"SMITH"},{"data":"hermit:TakeAim","floor":42,"key":"SMITH"},{"floor":49,"key":"REST"}],"circlet_count":0,"master_deck":["hermit:Strike_Hermit","hermit:Strike_Hermit+1","hermit:Strike_Hermit","hermit:Defend_Hermit","hermit:Defend_Hermit+1","hermit:Snapshot","hermit:Scavenge","hermit:CursedWeapon+1","The Bomb","hermit:Combo+1","hermit:CalledShot","hermit:FullyLoaded+1","hermit:GoldenBullet","hermit:TakeAim+1","hermit:GhostlyPresence","hermit:Dive+1","hermit:Maintenance+1","hermit:Brawl+1","hermit:GhostlyPresence","hermit:Showdown","hermit:Deadeye","hermit:Enervate","hermit:Gambit","hermit:BodyArmor+1","hermit:Feint+1","hermit:GhostlyPresence+1","hermit:Deadeye","hermit:Scavenge+1","hermit:FlashPowder+1","hermit:HighCaliber+1"],"relics":["hermit:ClaspedLocket","Membership Card","Runesmith:Nanobots","Whetstone","Tiny Chest","Thread and Needle","Bird Faced Urn","Happy Flower","Lizard Tail","Art of War","FaceOfCleric","Mercury Hourglass","SlaversCollar","TungstenRod","Lee\u0027s Waffle","StoneCalendar","hermit:RyeStalk","Toy Ornithopter","Toxic Egg 2","ClockworkSouvenir"],"acts_visited":["Exordium","TheCity","TheBeyond"],"potions_floor_usage":[23,30,31,33,46,48],"damage_taken":[{"damage":4.0,"enemies":"Jaw Worm","floor":1.0,"turns":4.0},{"damage":0,"enemies":"2 Louse","floor":2,"turns":4},{"damage":10,"enemies":"Small Slimes","floor":4,"turns":4},{"damage":26,"enemies":"Gremlin Nob","floor":6,"turns":4},{"damage":2,"enemies":"Exordium Thugs","floor":8,"turns":4},{"damage":16,"enemies":"Lagavulin","floor":10,"turns":6},{"damage":2,"enemies":"Exordium Wildlife","floor":13,"turns":3},{"damage":2,"enemies":"Slime Boss","floor":16,"turns":6},{"damage":11,"enemies":"Spheric Guardian","floor":18,"turns":4},{"damage":2,"enemies":"Chosen","floor":20,"turns":4},{"damage":9,"enemies":"Snecko","floor":21,"turns":4},{"damage":20,"enemies":"Slavers","floor":23,"turns":6},{"damage":20,"enemies":"Snake Plant","floor":27,"turns":5},{"damage":13,"enemies":"Cultist and Chosen","floor":29,"turns":8},{"damage":11,"enemies":"Shelled Parasite and Fungi","floor":30,"turns":4},{"damage":36,"enemies":"Gremlin Leader","floor":31,"turns":5},{"damage":52,"enemies":"Collector","floor":33,"turns":11},{"damage":33,"enemies":"3 Darklings","floor":35,"turns":5},{"damage":0,"enemies":"Orb Walker","floor":37,"turns":3},{"damage":12,"enemies":"Maw","floor":38,"turns":8},{"damage":25,"enemies":"Nemesis","floor":45,"turns":7},{"damage":17,"enemies":"3 Darklings","floor":46,"turns":7},{"damage":28,"enemies":"4 Shapes","floor":48,"turns":3},{"damage":85,"enemies":"Donu and Deca","floor":50,"turns":6}],"seed_played":"-3856624207008816619","potions_obtained":[{"floor":2,"key":"SteroidPotion"},{"floor":4,"key":"SpeedPotion"},{"floor":8,"key":"Swift Potion"},{"floor":10,"key":"potionbrewer:BarricadePotion"},{"floor":21,"key":"Ancient Potion"},{"floor":23,"key":"Weak Potion"},{"floor":29,"key":"EssenceOfSteel"},{"floor":45,"key":"DistilledChaos"},{"floor":46,"key":"Fruit Juice"}],"is_trial":false,"path_per_floor":["M","M","?","M","?","E","R","M","T","E","T","?","M","$","R","B",null,"M","T","M","M","$","E","R","?","T","M","?","M","M","E","R","B",null,"M","$","M","M","T","R","$","R","T","?","E","M","$","M","R","B"],"character_chosen":"HERMIT","items_purchased":["Membership Card","hermit:TakeAim","Bird Faced Urn","hermit:Maintenance","TungstenRod","Lee\u0027s Waffle","StoneCalendar","hermit:Deadeye","ClockworkSouvenir"],"campfire_rested":4,"item_purchase_floors":[0,14,14,22,36,36,36,41,47],"current_hp_per_floor":[71,71,71,61,43,17,39,37,37,21,21,21,19,19,41,41,75,66,66,66,63,63,43,43,75,75,57,57,49,41,10,33,40,79,51,87,88,81,81,81,81,81,81,81,61,59,59,39,68,0,0],"gold":68,"neow_bonus":"","is_daily":false,"chose_seed":false,"campfire_upgraded":3,"win_rate":0.0,"timestamp":1612725017,"path_taken":["M","M","?","M","?","E","R","?","T","E","?","?","?","$","R","BOSS","M","?","M","M","$","E","R","?","T","M","?","?","M","E","R","BOSS","M","$","M","M","?","R","$","R","T","?","E","?","?","M","R","BOSS"],"items_purchased_type":["Relic","Card","Relic","Card","Relic","Relic","Relic","Card","Relic"],"build_version":"2020-12-22","purchased_purges":4,"victory":false,"max_hp_per_floor":[75,75,75,75,75,75,75,75,75,75,75,75,75,75,75,75,75,75,75,75,75,75,75,75,75,75,75,75,76,77,78,78,79,79,80,87,88,89,89,89,89,89,89,89,90,96,96,97,97,97,97],"card_choices":[{"not_picked":["hermit:Vantage","hermit:Showdown"],"picked":"hermit:Scavenge","floor":1},{"not_picked":["hermit:LowProfile","hermit:HoleUp"],"picked":"hermit:CursedWeapon","floor":2},{"not_picked":["Flash of Steel","Secret Technique"],"picked":"The Bomb","floor":3},{"not_picked":["hermit:Headshot","hermit:NoHoldsBarred"],"picked":"hermit:Combo","floor":4},{"not_picked":["hermit:SprayPray","hermit:Desperado","hermit:Roulette"],"picked":"SKIP","floor":6},{"not_picked":["hermit:ItchyTrigger","hermit:Manifest"],"picked":"hermit:CalledShot","floor":8},{"not_picked":["hermit:TakeCover","hermit:Headshot"],"picked":"hermit:FullyLoaded","floor":10},{"not_picked":["hermit:WideOpen","hermit:CalledShot"],"picked":"hermit:GoldenBullet","floor":13},{"not_picked":["hermit:GoldenBullet+1","hermit:CalledShot+1"],"picked":"hermit:GhostlyPresence","floor":18},{"not_picked":["hermit:Manifest","hermit:Misfire"],"picked":"hermit:Combo","floor":20},{"not_picked":["hermit:Coalescence","hermit:Midnight+1"],"picked":"hermit:Dive+1","floor":21},{"not_picked":["hermit:Ricochet","hermit:EyeOfTheStorm+1"],"picked":"hermit:Brawl","floor":23},{"not_picked":["hermit:Manifest+1","hermit:TrackingShot"],"picked":"hermit:GhostlyPresence","floor":27},{"not_picked":["hermit:Glare","hermit:CalledShot"],"picked":"hermit:Showdown","floor":29},{"not_picked":["hermit:Vantage+1","hermit:ItchyTrigger"],"picked":"hermit:Deadeye","floor":30},{"not_picked":["hermit:HighCaliber+1","hermit:RoundhouseKick"],"picked":"hermit:Enervate","floor":31},{"not_picked":["hermit:Roughhouse","hermit:RoundhouseKick"],"picked":"hermit:Gambit","floor":33},{"not_picked":["hermit:Misfire","hermit:HighCaliber"],"picked":"hermit:BodyArmor+1","floor":35},{"not_picked":["hermit:Roulette+1","hermit:Headshot+1"],"picked":"hermit:Feint+1","floor":37},{"not_picked":["hermit:Vantage","hermit:Malice+1"],"picked":"hermit:GhostlyPresence+1","floor":38},{"not_picked":["hermit:PistolWhip+1","hermit:Desperado+1"],"picked":"hermit:Scavenge+1","floor":45},{"not_picked":["hermit:LowProfile+1","hermit:Ricochet"],"picked":"hermit:FlashPowder+1","floor":46},{"not_picked":["hermit:GoldenBullet+1","hermit:Manifest+1"],"picked":"hermit:HighCaliber+1","floor":48}],"player_experience":158894,"relics_obtained":[{"floor":6,"key":"Runesmith:Nanobots"},{"floor":9,"key":"Whetstone"},{"floor":10,"key":"Tiny Chest"},{"floor":11,"key":"Thread and Needle"},{"floor":19,"key":"Happy Flower"},{"floor":23,"key":"Lizard Tail"},{"floor":26,"key":"Art of War"},{"floor":31,"key":"Mercury Hourglass"},{"floor":39,"key":"hermit:RyeStalk"},{"floor":43,"key":"Toy Ornithopter"},{"floor":45,"key":"Toxic Egg 2"}],"event_choices":[{"damage_healed":0,"gold_gain":1,"player_choice":"1","damage_taken":0,"max_hp_gain":0,"max_hp_loss":0,"event_name":"betterStone:BetterStone","floor":3,"gold_loss":0},{"damage_healed":0,"gold_gain":114,"player_choice":"GO UP ","damage_taken":21,"relics_obtained":[],"max_hp_gain":0,"max_hp_loss":0,"event_name":"betterSkull:BetterSkull","floor":5,"gold_loss":0,"cards_upgraded":["hermit:Defend_Hermit"]},{"damage_healed":0,"gold_gain":0,"player_choice":"Left","damage_taken":0,"max_hp_gain":0,"max_hp_loss":0,"event_name":"betterThird:BetterGoop","floor":12,"gold_loss":26},{"cards_removed":["hermit:Combo"],"damage_healed":32,"gold_gain":0,"player_choice":"Offered Uncommon","damage_taken":0,"max_hp_gain":0,"max_hp_loss":0,"event_name":"Bonfire Elementals","floor":25,"gold_loss":0},{"damage_healed":0,"gold_gain":0,"player_choice":"Trade","damage_taken":0,"relics_obtained":["FaceOfCleric"],"max_hp_gain":0,"max_hp_loss":0,"event_name":"FaceTrader","floor":28,"gold_loss":0},{"damage_healed":0,"gold_gain":0,"player_choice":"Upgraded Two","damage_taken":0,"max_hp_gain":0,"max_hp_loss":0,"event_name":"Designer","floor":44,"gold_loss":40,"cards_upgraded":["hermit:Brawl","hermit:Combo"]}],"is_beta":false,"boss_relics":[{"not_picked":["Cursed Key","SacredBark"],"picked":"hermit:ClaspedLocket"},{"not_picked":["Busted Crown","Fusion Hammer"],"picked":"SlaversCollar"}],"items_purged_floors":[14,22,36,41],"is_endless":false,"potions_floor_spawned":[2,4,8,10,18,21,23,29,30,45,46],"killed_by":"Donu and Deca","ascension_level":0}}