{"host":"5rycm1ajjg5acc5q","time":1612664819,"event":{"mods":["BaseMod","Better Third Choice","Downfall","Highlight Path","Infinite Spire","Minty Spire (QoL Compilation)","Replay The Spire","StSLib"],"gold_per_floor":[119,119,46,57,69,104,104,104,104,116,116,130,59,115,115,147,147,246,246,261,273,28,44,44,75,87,87,87,101,113,142,142,162,162,257,257,269,284,284,295,295,329,339,355,355,373,408,418,444,459,459,555,555,555],"floor_reached":53,"language":"ENG","playtime":14357,"items_purged":["Strike_B","Zap"],"score":930,"play_id":"d2e1bf51-07f2-476a-8f49-7c35e66dbe86","local_time":"20210206202659","is_ascension_mode":false,"campfire_choices":[{"data":"Coolheaded","floor":7.0,"key":"SMITH"},{"data":"Chill","floor":15.0,"key":"SMITH"},{"data":"Hologram","floor":17.0,"key":"SMITH"},{"data":"Echo Form","floor":27,"key":"SMITH"},{"floor":34,"key":"REST"},{"data":"1","floor":51,"key":"LIFT"}],"circlet_count":0,"master_deck":["Defend_B","Defend_B","Defend_B","Defend_B","Dualcast","ReplayGash","ReplayGash","Coolheaded+1","Conserve Battery","Hologram+1","FTL","Chill+1","FTL","Reboot","Sweeping Beam","Echo Form+1","ReplayTheSpireMod:System Scan","Conserve Battery+1","FTL","Coolheaded","Melter","Coolheaded","Barrage+1","ReplayTheSpireMod:Reroute Power","Glacier","Electrodynamics","Slimebound:Tackle+1","Slimebound:Tackle+1","Slimebound:Tackle+1","Turbo","Mirror Shield","ReplaySolidLightProjector+1","Rebound+1","infinitespire:Collect+1","Crystallizer+1","Skim+1","Hologram+1","Capacitor","Meteor Strike","Rebound+1","FIFO Queue","Coolheaded+1","Scrape+1","ReplayRNGCard","All For One","Enlightenment","infinitespire:Collect","m_Survivalism"],"relics":["Painkiller Herb","Replay:Bottled Steam","Kunai","ReplayTheSpireMod:Ninjato","Omamori","Potion Belt","Black Star","Blood Vial","HornCleat","infinitespire:WardingShard","Smiling Mask","Replay:Bronze Core","Replay:Kaleidoscope","Nuclear Battery","Replay:Multitool","Replay:Rubber Ducky","Girya","Replay:WaspNest","Replay:Bottled Snecko","Prayer Wheel","infinitespire:EmpoweringShard","Darkstone Periapt","ReplayTheSpireMod:SealedPack"],"acts_visited":["Exordium","TheCity","TheBeyond","Exordium"],"potions_floor_usage":[31,31,31,47,48,52],"damage_taken":[{"damage":0.0,"enemies":"Small Slimes","floor":1.0,"turns":3.0},{"damage":1.0,"enemies":"Cultist","floor":4.0,"turns":3.0},{"damage":6.0,"enemies":"Jaw Worm","floor":5.0,"turns":3.0},{"damage":12.0,"enemies":"Lagavulin","floor":6.0,"turns":7.0},{"damage":0.0,"enemies":"2 Fungi Beasts","floor":10.0,"turns":3.0},{"damage":1.0,"enemies":"Lots of Slimes","floor":12.0,"turns":3.0},{"damage":7.0,"enemies":"Gremlin Nob","floor":14.0,"turns":4.0},{"damage":1.0,"enemies":"Gremlin Nob","floor":16.0,"turns":3.0},{"damage":0.0,"enemies":"Slime Boss","floor":18.0,"turns":5.0},{"damage":16.0,"enemies":"2 Thieves","floor":20.0,"turns":5.0},{"damage":8.0,"enemies":"Chosen","floor":21.0,"turns":4.0},{"damage":14.0,"enemies":"Snake Plant","floor":23.0,"turns":5.0},{"damage":2.0,"enemies":"Nightmare","floor":25.0,"turns":9.0},{"damage":0,"enemies":"Cultist and Chosen","floor":26,"turns":6},{"damage":10,"enemies":"Snecko","floor":29,"turns":6},{"damage":0,"enemies":"3 Cultists","floor":30,"turns":4},{"damage":21,"enemies":"Slavers","floor":31,"turns":5},{"damage":5,"enemies":"Snake Plant","floor":33,"turns":6},{"damage":3,"enemies":"Champ","floor":35,"turns":9},{"damage":0,"enemies":"3 Darklings","floor":37,"turns":5},{"damage":0,"enemies":"Orb Walker","floor":38,"turns":5},{"damage":0,"enemies":"4 Shapes","floor":40,"turns":6},{"damage":0,"enemies":"Giant Head","floor":42,"turns":6},{"damage":0,"enemies":"Jaw Worm Horde","floor":43,"turns":1},{"damage":0,"enemies":"3 Darklings","floor":44,"turns":3},{"damage":0,"enemies":"Sphere and 2 Shapes","floor":46,"turns":3},{"damage":0,"enemies":"Nightmare","floor":47,"turns":7},{"damage":0,"enemies":"Writhing Mass","floor":48,"turns":5},{"damage":9,"enemies":"Giant Head","floor":49,"turns":4},{"damage":0,"enemies":"Jaw Worm Horde","floor":50,"turns":3},{"damage":12,"enemies":"Time Eater","floor":52,"turns":9}],"seed_played":"-2482980453874729079","potions_obtained":[{"floor":1.0,"key":"FearPotion"},{"floor":14.0,"key":"infinitespire:BlackPotion"},{"floor":16.0,"key":"hexamod:SoulburnPotion"},{"floor":18.0,"key":"Strength Potion"},{"floor":25.0,"key":"BlessingOfTheForge"},{"floor":26,"key":"hexamod:SoulburnPotion"},{"floor":29,"key":"BlessingOfTheForge"},{"floor":35,"key":"SpeedPotion"},{"floor":37,"key":"Fire Potion"},{"floor":44,"key":"PowerPotion"},{"floor":46,"key":"SkillPotion"},{"floor":47,"key":"BlessingOfTheForge"}],"is_trial":false,"path_per_floor":["?","?","T","?","?","E","T","PTL","PTL","?","T","?","T","?","T","E","T","B",null,"?","?","T","?","T","NM","?","T","T","?","?","E","?","?","T","B",null,"?","?","AVR","?","?","E","?","?","T","?","NM","?","E","?","T","B",null],"character_chosen":"DEFECT","items_purchased":["ReplayGash","FTL","FTL","Coolheaded","Melter"],"campfire_rested":1,"item_purchase_floors":[3,13,22,22,22],"current_hp_per_floor":[75,75,75,74,68,56,56,56,56,56,56,55,55,48,48,47,47,47,75,59,51,51,37,37,35,37,37,37,29,31,12,12,9,31,30,75,75,75,75,75,75,75,75,75,75,75,75,75,66,68,68,58,75,75],"gold":555,"neow_bonus":"BOSS_RELIC","is_daily":false,"chose_seed":false,"campfire_upgraded":4,"win_rate":0.0,"timestamp":1612664819,"path_taken":["?","?","T","?","?","E","T","PTL","PTL","?","T","?","T","?","T","E","T","BOSS","?","?","T","?","T","NM","?","T","T","?","?","E","?","?","T","BOSS","?","?","AVR","?","?","E","?","?","T","?","NM","?","E","?","T","BOSS"],"items_purchased_type":["Card","Card","Card","Card","Card"],"build_version":"2020-12-22","purchased_purges":2,"victory":false,"max_hp_per_floor":[75,75,75,75,75,75,75,75,75,75,75,75,75,75,75,75,75,75,75,75,75,75,75,75,75,75,75,75,75,75,75,75,75,75,75,75,75,75,75,75,75,75,75,75,75,75,75,75,75,75,75,75,75,75],"card_choices":[{"not_picked":["Steam","Conserve Battery"],"picked":"ReplayGash","floor":1.0},{"not_picked":["Hologram","Leap"],"picked":"Coolheaded","floor":4.0},{"not_picked":["Heatsinks","Storm"],"picked":"Conserve Battery","floor":5.0},{"not_picked":["Tempest","Gash"],"picked":"Hologram","floor":6.0},{"not_picked":["Ball Lightning","Streamline"],"picked":"FTL","floor":10.0},{"not_picked":["Static Discharge","Loop"],"picked":"Chill","floor":12.0},{"not_picked":["Sweeping Beam","Force Field"],"picked":"Reboot","floor":14.0},{"not_picked":["Glacier","Leap"],"picked":"Sweeping Beam","floor":16.0},{"not_picked":["Electrodynamics","Mirror Shield"],"picked":"Echo Form","floor":18.0},{"not_picked":["Tempest","Sweeping Beam+1"],"picked":"ReplayTheSpireMod:System Scan","floor":20.0},{"not_picked":["Turbo","Stack"],"picked":"Conserve Battery+1","floor":21.0},{"not_picked":["Self Repair","Leap+1"],"picked":"Coolheaded","floor":23.0},{"not_picked":["Coolheaded","BasicCrystalCard"],"picked":"Barrage+1","floor":25.0},{"not_picked":["Ball Lightning","Static Discharge","Gash"],"picked":"SKIP","floor":26},{"not_picked":["Cold Snap","Beam Cell"],"picked":"ReplayTheSpireMod:Reroute Power","floor":29},{"not_picked":["Darkness","Panic Button"],"picked":"Glacier","floor":30},{"not_picked":["Ball Lightning","Panic Button"],"picked":"Electrodynamics","floor":31},{"not_picked":["Sweeping Beam+1","Coolheaded+1"],"picked":"Turbo","floor":33},{"not_picked":["Rainbow","Biased Cognition"],"picked":"Mirror Shield","floor":35},{"not_picked":["BasicCrystalCard+1","Gash+1"],"picked":"ReplaySolidLightProjector+1","floor":37},{"not_picked":["Streamline","Gash"],"picked":"Rebound+1","floor":38},{"not_picked":["Gash","Leap","Static Discharge+1"],"picked":"SKIP","floor":40},{"not_picked":["Lockon","Rainbow"],"picked":"Crystallizer+1","floor":42},{"not_picked":["Sweeping Beam+1","Compile Driver"],"picked":"Skim+1","floor":43},{"not_picked":["ReplayTheSpireMod:System Scan+1","Gash"],"picked":"Hologram+1","floor":44},{"not_picked":["Double Energy","Gash+1"],"picked":"Capacitor","floor":46},{"not_picked":["Beam Cell+1","Conserve Battery+1"],"picked":"Meteor Strike","floor":47},{"not_picked":["Panic Button","Self Repair+1"],"picked":"Rebound+1","floor":48},{"not_picked":["Cold Snap","Self Repair"],"picked":"FIFO Queue","floor":48},{"not_picked":["Buffer","Chill"],"picked":"Coolheaded+1","floor":49},{"not_picked":["Leap+1","Sweeping Beam+1"],"picked":"Scrape+1","floor":50},{"not_picked":["Genetic Algorithm+1","Glacier","Melter"],"picked":"SKIP","floor":50},{"not_picked":["Genetic Algorithm+1","Glacier","Melter"],"picked":"SKIP","floor":50},{"not_picked":["ReplayTheSpireMod:Fabricate Wheel","Buffer"],"picked":"ReplayRNGCard","floor":52},{"not_picked":["ReplayRNGCard","Machine Learning"],"picked":"All For One","floor":53},{"not_picked":["Replay:Parry","PanicButton"],"picked":"Enlightenment","floor":53},{"not_picked":["infinitespire:FutureSight","ReplayTheSpireMod:??????????????????????"],"picked":"infinitespire:Collect","floor":53},{"not_picked":["Slimebound:Tackle","Guardian:TwinSlam"],"picked":"m_Survivalism","floor":53}],"player_experience":161168,"relics_obtained":[{"floor":6.0,"key":"Kunai"},{"floor":11.0,"key":"ReplayTheSpireMod:Ninjato"},{"floor":16.0,"key":"Potion Belt"},{"floor":25.0,"key":"Blood Vial"},{"floor":25.0,"key":"HornCleat"},{"floor":31,"key":"infinitespire:WardingShard"},{"floor":31,"key":"Smiling Mask"},{"floor":42,"key":"Replay:Multitool"},{"floor":42,"key":"Replay:Rubber Ducky"},{"floor":45,"key":"Girya"},{"floor":47,"key":"Replay:WaspNest"},{"floor":47,"key":"Replay:Bottled Snecko"},{"floor":49,"key":"infinitespire:EmpoweringShard"},{"floor":49,"key":"Darkstone Periapt"}],"event_choices":[{"damage_healed":0.0,"max_hp_gain":0.0,"max_hp_loss":0.0,"gold_gain":0.0,"event_name":"WeMeetAgain","player_choice":"Gave Potion","floor":2.0,"gold_loss":0.0,"damage_taken":0.0,"relics_obtained":["Replay:Bottled Steam"]},{"damage_healed":0.0,"max_hp_gain":0.0,"max_hp_loss":0.0,"gold_gain":30.0,"event_name":"Dead Adventurer","player_choice":"Searched \u00273\u0027 times","floor":14.0,"gold_loss":0.0,"damage_taken":0.0,"relics_obtained":["Omamori"]},{"damage_healed":0,"gold_gain":0,"player_choice":"Upgraded","damage_taken":0,"max_hp_gain":0,"max_hp_loss":0,"event_name":"Upgrade Shrine","floor":41,"gold_loss":0,"cards_upgraded":["infinitespire:Collect"]}],"is_beta":false,"boss_relics":[{"not_picked":["Inserter","Runic Dome"],"picked":"Black Star"},{"not_picked":["Fusion Hammer","bronze:MakeshiftBattery"],"picked":"Replay:Bronze Core"},{"not_picked":["Velvet Choker","Coffee Dripper"],"picked":"ReplayTheSpireMod:SealedPack"}],"items_purged_floors":[22,39],"is_endless":true,"potions_floor_spawned":[1,14,16,18,25,26,29,35,37,44,46,47],"ascension_level":0}}