{"host":"r4aerl4ckfvw1dw3","time":1612656226,"event":{"mods":["BaseMod","BetterRewards","Minty Spire (QoL Compilation)","Quick Restart","StSLib"],"gold_per_floor":[116,129,147,26,101,101,130,130,182,216,232,232,39,64,64,168,168,183,198,198,12,28,28,53,70,116,116,116,148,148,22,22,22,22],"floor_reached":33,"language":"ENG","playtime":1527,"items_purged":["Strike_R","Strike_R","Strike_R"],"score":406,"play_id":"3e4f23c1-3b69-4a68-9d39-0e154ec80b35","local_time":"20210206160346","is_ascension_mode":true,"campfire_choices":[{"data":"Cleave","floor":6.0,"key":"SMITH"},{"floor":8.0,"key":"REST"},{"data":"Pommel Strike","floor":12.0,"key":"SMITH"},{"data":"Panacea","floor":15.0,"key":"SMITH"},{"data":"Berserk","floor":23.0,"key":"SMITH"},{"floor":27,"key":"REST"},{"floor":30,"key":"REST"},{"data":"Shrug It Off","floor":32,"key":"SMITH"}],"circlet_count":0,"master_deck":["Strike_R","Strike_R+1","Defend_R","Defend_R","Defend_R","Defend_R","Bash+1","Perfected Strike","Thunderclap","Twin Strike","Cleave+1","Anger","Pommel Strike+1","Panacea+1","Shrug It Off+1","Berserk+1","Power Through","True Grit+1","Headbutt","Intimidate+1","Iron Wave+1","Pommel Strike"],"relics":["Burning Blood","Anchor","Whetstone","Mercury Hourglass","The Courier","Membership Card","Oddly Smooth Stone","Red Skull","Nloth\u0027s Gift","Dream Catcher","Frozen Eye"],"acts_visited":["Exordium","TheCity"],"potions_floor_usage":[25,33],"damage_taken":[{"damage":1.0,"enemies":"Cultist","floor":1.0,"turns":3.0},{"damage":0.0,"enemies":"Small Slimes","floor":2.0,"turns":4.0},{"damage":2.0,"enemies":"Jaw Worm","floor":3.0,"turns":2.0},{"damage":50.0,"enemies":"Lagavulin","floor":7.0,"turns":8.0},{"damage":8.0,"enemies":"Gremlin Nob","floor":10.0,"turns":3.0},{"damage":2.0,"enemies":"Large Slime","floor":11.0,"turns":3.0},{"damage":10.0,"enemies":"3 Sentries","floor":14.0,"turns":3.0},{"damage":18.0,"enemies":"Slime Boss","floor":16.0,"turns":6.0},{"damage":2.0,"enemies":"Chosen","floor":18.0,"turns":3.0},{"damage":9.0,"enemies":"Spheric Guardian","floor":19.0,"turns":5.0},{"damage":38.0,"enemies":"Snake Plant","floor":22.0,"turns":3.0},{"damage":16.0,"enemies":"Slavers","floor":24.0,"turns":5.0},{"damage":19,"enemies":"Sentry and Sphere","floor":25,"turns":6},{"damage":23,"enemies":"Gremlin Leader","floor":29,"turns":7},{"damage":56,"enemies":"Automaton","floor":33,"turns":6}],"seed_played":"-1965369178522906751","potions_obtained":[{"floor":7.0,"key":"Fire Potion"},{"floor":10.0,"key":"Regen Potion"},{"floor":14.0,"key":"Ancient Potion"},{"floor":22.0,"key":"EntropicBrew"},{"floor":24.0,"key":"Ancient Potion"},{"floor":25,"key":"DuplicationPotion"},{"floor":29,"key":"CultistPotion"}],"is_trial":false,"path_per_floor":["M","M","M","$","?","R","E","R","T","E","M","R","$","E","R","B",null,"M","M","?","$","M","R","E","M","T","R","?","E","R","$","R","B"],"character_chosen":"IRONCLAD","items_purchased":["Cleave","Panacea","Membership Card","Oddly Smooth Stone","Headbutt","Frozen Eye"],"campfire_rested":3,"item_purchase_floors":[4,13,21,21,21,31],"current_hp_per_floor":[77,80,80,80,72,72,28,52,52,50,54,54,54,50,50,38,70,74,71,71,71,44,44,34,21,21,45,45,28,52,52,52,0,0],"gold":22,"neow_bonus":"RANDOM_COMMON_RELIC","is_daily":false,"chose_seed":false,"campfire_upgraded":5,"win_rate":0.0,"timestamp":1612656226,"path_taken":["M","M","M","$","?","R","E","R","T","E","M","R","$","E","R","BOSS","M","M","?","$","M","R","E","?","T","R","?","E","R","?","R","BOSS"],"items_purchased_type":["Card","Card","Relic","Relic","Card","Relic"],"build_version":"2020-12-22","purchased_purges":3,"victory":false,"max_hp_per_floor":[80,80,80,80,80,80,80,80,80,80,80,80,80,80,80,80,80,80,80,80,80,80,80,80,80,80,80,80,80,80,80,80,80,80],"card_choices":[{"not_picked":["Wild Strike","Armaments"],"picked":"Perfected Strike","floor":1.0},{"not_picked":["Evolve","Havoc"],"picked":"Thunderclap","floor":2.0},{"not_picked":["Clash","Flex"],"picked":"Twin Strike","floor":3.0},{"not_picked":["Berserk","Body Slam"],"picked":"Anger","floor":7.0},{"not_picked":["Warcry","Thunderclap","Battle Trance"],"picked":"SKIP","floor":10.0},{"not_picked":["Warcry","Ghostly Armor"],"picked":"Pommel Strike","floor":11.0},{"not_picked":["Anger","Fire Breathing"],"picked":"Shrug It Off","floor":14.0},{"not_picked":["Brutality","Bludgeon"],"picked":"Berserk","floor":16.0},{"not_picked":["Clash","Warcry+1"],"picked":"Power Through","floor":18.0},{"not_picked":["Wild Strike","Fiend Fire"],"picked":"True Grit","floor":19.0},{"not_picked":["Havoc","Reckless Charge"],"picked":"Intimidate+1","floor":22.0},{"not_picked":["Whirlwind","Twin Strike"],"picked":"Iron Wave+1","floor":24.0},{"not_picked":["Clash+1","Wild Strike","Spot Weakness"],"picked":"SKIP","floor":25},{"not_picked":["Offering","Cleave"],"picked":"Pommel Strike","floor":29}],"player_experience":514062,"relics_obtained":[{"floor":7.0,"key":"Bag of Preparation"},{"floor":9.0,"key":"Whetstone"},{"floor":10.0,"key":"Mercury Hourglass"},{"floor":14.0,"key":"The Courier"},{"floor":24.0,"key":"Red Skull"},{"floor":29,"key":"Dream Catcher"}],"event_choices":[{"damage_healed":0.0,"max_hp_gain":0.0,"max_hp_loss":0.0,"gold_gain":75.0,"event_name":"FaceTrader","player_choice":"Touch","floor":5.0,"gold_loss":0.0,"damage_taken":8.0},{"damage_healed":0.0,"max_hp_gain":0.0,"max_hp_loss":0.0,"gold_gain":0.0,"event_name":"Accursed Blacksmith","player_choice":"Forge","floor":20.0,"gold_loss":0.0,"damage_taken":0.0,"cards_upgraded":["True Grit"]},{"damage_healed":0,"gold_gain":0,"player_choice":"Traded Relic","damage_taken":0,"relics_obtained":["Nloth\u0027s Gift"],"max_hp_gain":0,"max_hp_loss":0,"event_name":"N\u0027loth","floor":28,"relics_lost":["Bag of Preparation"],"gold_loss":0}],"is_beta":false,"boss_relics":[{"not_picked":["Velvet Choker","Runic Cube","Runic Dome"]}],"items_purged_floors":[4,13,31],"is_endless":false,"potions_floor_spawned":[7,10,14,22,24,25,29],"killed_by":"Automaton","ascension_level":7}}