{"host":"bf5upntvbdompq33","time":1612734765,"event":{"mods":["BaseMod","Colored Map","Colored Powertips","Curses Come First","Minty Spire (QoL Compilation)","StSLib","The Dragon Tamer","The Hierophant","The Marked","The Mystic","The Servant 0.9.4"],"gold_per_floor":[111,122,9,22,22,22,56,71,71,146,171,191,191,2,2,97,97,108,0,10,10,10],"floor_reached":21,"language":"ENG","playtime":4351,"items_purged":["Strike_P"],"score":217,"play_id":"907f0dda-b985-45c1-bc5a-f751e8b9bff8","local_time":"20210207145245","is_ascension_mode":true,"campfire_choices":[{"data":"Eruption","floor":6,"key":"SMITH"},{"floor":13,"key":"REST"},{"floor":15,"key":"REST"}],"circlet_count":0,"master_deck":["Strike_P","Strike_P","Strike_P","Defend_P","Defend_P","Defend_P","Defend_P","Eruption+1","Vigilance","BowlingBash","SashWhip","Fasting2","Swivel","Conclude","Halt","EmptyFist","FearNoEvil","SpiritShield","ClearTheMind+1","Evaluate"],"relics":["PureWater","NeowsBlessing","Bag of Preparation","Kunai","Letter Opener","Membership Card","Black Star"],"acts_visited":["Exordium","TheCity"],"potions_floor_usage":[12],"damage_taken":[{"damage":0,"enemies":"Cultist","floor":1,"turns":1},{"damage":0,"enemies":"2 Louse","floor":2,"turns":1},{"damage":0,"enemies":"Small Slimes","floor":4,"turns":1},{"damage":40,"enemies":"Gremlin Nob","floor":7,"turns":4},{"damage":0,"enemies":"Blue Slaver","floor":8,"turns":2},{"damage":19,"enemies":"Lagavulin","floor":11,"turns":7},{"damage":0,"enemies":"2 Fungi Beasts","floor":12,"turns":3},{"damage":23,"enemies":"Slime Boss","floor":16,"turns":8},{"damage":37,"enemies":"3 Byrds","floor":18,"turns":6},{"damage":23,"enemies":"Spheric Guardian","floor":20,"turns":4},{"damage":23,"enemies":"Snecko","floor":21,"turns":3}],"seed_played":"1339625001517301862","potions_obtained":[{"floor":2,"key":"SteroidPotion"},{"floor":7,"key":"SmokeBomb"},{"floor":20,"key":"Block Potion"}],"is_trial":false,"path_per_floor":["M","M","$","M","$","R","E","M","T","?","E","M","R","$","R","B",null,"M","?","M","M"],"character_chosen":"WATCHER","items_purchased":["Fasting2","Swivel","Membership Card"],"campfire_rested":2,"item_purchase_floors":[3,3,14],"current_hp_per_floor":[72,72,72,72,72,72,32,32,32,21,2,2,23,23,44,21,72,35,35,12,0,0],"gold":10,"neow_bonus":"THREE_ENEMY_KILL","is_daily":false,"chose_seed":false,"campfire_upgraded":1,"win_rate":0.0,"timestamp":1612734765,"path_taken":["M","?","$","M","?","R","E","M","T","?","E","M","R","$","R","BOSS","M","?","M","M"],"items_purchased_type":["Card","Card","Relic"],"build_version":"2020-12-22","purchased_purges":1,"victory":false,"max_hp_per_floor":[72,72,72,72,72,72,72,72,72,72,72,72,72,72,72,72,72,72,72,72,72,72],"card_choices":[{"not_picked":["PathToVictory","ForeignInfluence"],"picked":"BowlingBash","floor":1},{"not_picked":["Evaluate","EmptyMind"],"picked":"SashWhip","floor":2},{"not_picked":["FlyingSleeves","ClearTheMind"],"picked":"Conclude","floor":4},{"not_picked":["CrushJoints","Conclude"],"picked":"Halt","floor":7},{"not_picked":["SandsOfTime","MentalFortress"],"picked":"EmptyFist","floor":8},{"not_picked":["FlyingSleeves","ConjureBlade"],"picked":"FearNoEvil","floor":11},{"not_picked":["FlyingSleeves","JustLucky","EmptyFist"],"picked":"SKIP","floor":12},{"not_picked":["Vault","Wish"],"picked":"SpiritShield","floor":16},{"not_picked":["Collect","Pray+1"],"picked":"ClearTheMind+1","floor":18},{"not_picked":["SandsOfTime","Prostrate+1"],"picked":"Evaluate","floor":20}],"player_experience":1501314,"relics_obtained":[{"floor":7,"key":"Bag of Preparation"},{"floor":9,"key":"Kunai"},{"floor":11,"key":"Letter Opener"}],"event_choices":[{"damage_healed":0,"gold_gain":75,"player_choice":"Gather Gold","damage_taken":11,"max_hp_gain":0,"max_hp_loss":0,"event_name":"World of Goop","floor":10,"gold_loss":0},{"damage_healed":0,"gold_gain":0,"player_choice":"Paid Fearfully","damage_taken":0,"max_hp_gain":0,"max_hp_loss":0,"event_name":"Masked Bandits","floor":19,"gold_loss":108}],"is_beta":false,"boss_relics":[{"not_picked":["Velvet Choker","SlaversCollar"],"picked":"Black Star"}],"items_purged_floors":[14],"is_endless":false,"potions_floor_spawned":[2,7,20],"killed_by":"Snecko","ascension_level":3}}