{"host":"3y2rtlgteqp2nuo3","time":1612677784,"event":{"mods":["2.2 Compatiblity","AchievementEnabler","BaseMod","Colored Map","DeckTracker","Highlight Path","Keyboard Shortcuts","Minty Spire (QoL Compilation)","Permanent Neow","Quick Restart","StSLib","SuperFastMode","everything is the same but u backflip on backflip"],"gold_per_floor":[115,74,92,111,131,131,131,144,170,170,170,213,138,157,157,248,248,272,272,291,191,191,191],"floor_reached":22,"language":"KOR","playtime":480,"items_purged":["Strike_P","Strike_P"],"score":372,"play_id":"7dec7552-d0b5-4f4c-a0c7-ccc79ad248aa","local_time":"20210207150304","is_ascension_mode":true,"campfire_choices":[{"data":"Eruption","floor":6.0,"key":"SMITH"},{"data":"Tantrum","floor":11.0,"key":"SMITH"},{"floor":15.0,"key":"REST"}],"circlet_count":0,"master_deck":["AscendersBane","Strike_P","Defend_P","Defend_P","Defend_P","Eruption+1","Vigilance","MentalFortress","Tantrum+1","TalkToTheHand","FearNoEvil"],"relics":["PureWater","Omamori","Golden Idol","Potion Belt","Fusion Hammer"],"acts_visited":["Exordium","TheCity"],"potions_floor_usage":[22],"damage_taken":[{"damage":3.0,"enemies":"Cultist","floor":1.0,"turns":5.0},{"damage":0.0,"enemies":"Small Slimes","floor":3.0,"turns":3.0},{"damage":6.0,"enemies":"2 Louse","floor":4.0,"turns":4.0},{"damage":0.0,"enemies":"Exordium Thugs","floor":5.0,"turns":4.0},{"damage":0.0,"enemies":"Large Slime","floor":8.0,"turns":4.0},{"damage":26.0,"enemies":"Lagavulin","floor":12.0,"turns":4.0},{"damage":0.0,"enemies":"Exordium Wildlife","floor":14.0,"turns":3.0},{"damage":8.0,"enemies":"The Guardian","floor":16.0,"turns":8.0},{"damage":3.0,"enemies":"3 Byrds","floor":18.0,"turns":4.0},{"damage":0.0,"enemies":"Chosen","floor":20.0,"turns":3.0},{"damage":51,"enemies":"Sentry and Sphere","floor":22,"turns":4}],"seed_played":"-7310966017136976506","potions_obtained":[{"floor":4.0,"key":"EntropicBrew"},{"floor":12.0,"key":"Ancient Potion"},{"floor":14.0,"key":"ColorlessPotion"},{"floor":16.0,"key":"Fire Potion"},{"floor":18.0,"key":"SteroidPotion"}],"is_trial":false,"path_per_floor":["M","$","M","M","M","R","?","M","T","?","R","E","$","M","R","B",null,"M","?","M","$","M"],"character_chosen":"WATCHER","items_purchased":["MentalFortress"],"campfire_rested":1,"item_purchase_floors":[2],"current_hp_per_floor":[58,58,58,52,52,52,52,52,52,31,31,5,5,5,23,15,50,47,47,47,47,0,0],"gold":191,"neow_bonus":"REMOVE_TWO","is_daily":false,"chose_seed":false,"campfire_upgraded":2,"win_rate":0.0,"timestamp":1612677784,"path_taken":["M","$","M","?","M","R","?","M","T","?","R","E","$","M","R","BOSS","M","?","M","$","M"],"items_purchased_type":["Card"],"build_version":"2020-12-22","purchased_purges":2,"victory":false,"max_hp_per_floor":[62,62,62,62,62,62,62,62,62,62,62,62,62,62,62,62,62,62,62,62,62,62,62],"card_choices":[{"not_picked":["FlyingSleeves","Wallop","Crescendo"],"picked":"SKIP","floor":1.0},{"not_picked":["Sanctity","Crescendo","BowlingBash"],"picked":"SKIP","floor":3.0},{"not_picked":["FlurryOfBlows","Protect","Consecrate"],"picked":"SKIP","floor":4.0},{"not_picked":["Halt","ClearTheMind","Study"],"picked":"SKIP","floor":5.0},{"not_picked":["SignatureMove","Fasting2"],"picked":"Tantrum","floor":8.0},{"not_picked":["FlurryOfBlows","Wireheading"],"picked":"TalkToTheHand","floor":12.0},{"not_picked":["BowlingBash","FollowUp"],"picked":"FearNoEvil","floor":14.0},{"not_picked":["ForeignInfluence","PathToVictory","Swivel+1"],"picked":"SKIP","floor":18.0},{"not_picked":["ThirdEye","SashWhip","Crescendo"],"picked":"SKIP","floor":20.0}],"player_experience":767588,"relics_obtained":[{"floor":9.0,"key":"Omamori"},{"floor":12.0,"key":"Potion Belt"}],"event_choices":[{"damage_healed":0.0,"max_hp_gain":0.0,"max_hp_loss":0.0,"gold_gain":0.0,"event_name":"Shining Light","player_choice":"Ignored","floor":7.0,"gold_loss":0.0,"damage_taken":0.0},{"damage_healed":0.0,"max_hp_gain":0.0,"max_hp_loss":0.0,"gold_gain":0.0,"event_name":"Golden Idol","player_choice":"Take Damage","floor":10.0,"gold_loss":0.0,"damage_taken":21.0,"relics_obtained":["Golden Idol"]},{"damage_healed":0.0,"max_hp_gain":0.0,"max_hp_loss":0.0,"gold_gain":0.0,"event_name":"Cursed Tome","player_choice":"Ignored","floor":19.0,"gold_loss":0.0,"damage_taken":0.0}],"is_beta":false,"boss_relics":[{"not_picked":["SacredBark","Black Star"],"picked":"Fusion Hammer"}],"items_purged_floors":[13,21],"is_endless":false,"potions_floor_spawned":[4,12,14,16,18],"killed_by":"Sentry and Sphere","ascension_level":20}}