{"host":"lklj3eidp7g5an38","time":1612718666,"event":{"mods":["AchievementEnabler","BaseMod","Colored Map","Colored Powertips","Curses Come First","DeckTracker","Highlight Path","Minty Spire (QoL Compilation)","Relic Stats","StSLib"],"gold_per_floor":[109,109,126,144,55,85,85,235,235,235,261,186,208,9,9,81,81,100,15,15,25,60,60,95,95,145,174,174,7,7,34,34,110,110,127,141,363,363,712,712,746,746,746,775,185,185,215,229,229,229,229,229,39,72,72,72],"floor_reached":55,"language":"ENG","playtime":2911,"items_purged":["Strike_R","Strike_R"],"score":1672,"play_id":"63e206a5-b0cc-428c-9dc0-feb8455318ab","local_time":"20210207172426","is_ascension_mode":true,"campfire_choices":[{"data":"Feed","floor":7.0,"key":"SMITH"},{"data":"Immolate","floor":10.0,"key":"SMITH"},{"data":"Wild Strike","floor":15.0,"key":"SMITH"},{"data":"Impervious","floor":23.0,"key":"SMITH"},{"data":"Dual Wield","floor":25.0,"key":"SMITH"},{"data":"Armaments","floor":30.0,"key":"SMITH"},{"data":"Battle Trance","floor":32.0,"key":"SMITH"},{"data":"Apotheosis","floor":40.0,"key":"SMITH"},{"data":"Fiend Fire","floor":42.0,"key":"SMITH"},{"data":"Evolve","floor":46.0,"key":"SMITH"},{"floor":49.0,"key":"RECALL"},{"data":"Demon Form","floor":52.0,"key":"SMITH"}],"circlet_count":0,"master_deck":["AscendersBane","Defend_R","Defend_R","Defend_R","Bash+1","Power Through","Anger","Wild Strike+1","Combust","Shrug It Off","Immolate+1","Feed+1","Impervious+1","Seeing Red","Demon Form+1","Necronomicurse","Sword Boomerang","Dual Wield+1","Battle Trance+1","Armaments+1","Seeing Red","Thunderclap","Fiend Fire+1","Shrug It Off","Disarm","Apotheosis+1","Purity","Panacea","Disarm","Evolve+1","Trip","Fire Breathing","Flame Barrier","Battle Trance"],"relics":["Burning Blood","Ancient Tea Set","Mercury Hourglass","Paper Frog","Odd Mushroom","ClockworkSouvenir","Velvet Choker","Matryoshka","Necronomicon","Red Mask","Kunai","Dream Catcher","Meat on the Bone","Lee\u0027s Waffle","Bag of Marbles","Sozu","Old Coin","Bag of Preparation","Art of War","Oddly Smooth Stone","FossilizedHelix","Nunchaku","Pen Nib","Akabeko","Eternal Feather"],"acts_visited":["Exordium","TheCity","TheBeyond","TheEnding"],"potions_floor_usage":[],"damage_taken":[{"damage":2.0,"enemies":"Jaw Worm","floor":1.0,"turns":6.0},{"damage":0.0,"enemies":"Small Slimes","floor":3.0,"turns":3.0},{"damage":2.0,"enemies":"2 Louse","floor":4.0,"turns":2.0},{"damage":8.0,"enemies":"3 Sentries","floor":6.0,"turns":4.0},{"damage":19.0,"enemies":"Lagavulin","floor":11.0,"turns":7.0},{"damage":10.0,"enemies":"The Mushroom Lair","floor":13.0,"turns":3.0},{"damage":9.0,"enemies":"Slime Boss","floor":16.0,"turns":7.0},{"damage":0.0,"enemies":"Chosen","floor":18.0,"turns":5.0},{"damage":4.0,"enemies":"2 Thieves","floor":21.0,"turns":5.0},{"damage":1.0,"enemies":"Masked Bandits","floor":22.0,"turns":2.0},{"damage":61.0,"enemies":"Book of Stabbing","floor":24.0,"turns":6.0},{"damage":0.0,"enemies":"Slavers","floor":27.0,"turns":2.0},{"damage":28.0,"enemies":"Gremlin Leader","floor":31.0,"turns":5.0},{"damage":9.0,"enemies":"Champ","floor":33.0,"turns":7.0},{"damage":1.0,"enemies":"3 Darklings","floor":35.0,"turns":2.0},{"damage":3.0,"enemies":"3 Shapes","floor":36.0,"turns":4.0},{"damage":52.0,"enemies":"2 Orb Walkers","floor":39.0,"turns":7.0},{"damage":32.0,"enemies":"Giant Head","floor":41.0,"turns":8.0},{"damage":7.0,"enemies":"Nemesis","floor":44.0,"turns":7.0},{"damage":0.0,"enemies":"Giant Head","floor":47.0,"turns":5.0},{"damage":0.0,"enemies":"Jaw Worm Horde","floor":48.0,"turns":1.0},{"damage":37.0,"enemies":"Time Eater","floor":50.0,"turns":7.0},{"damage":6,"enemies":"Shield and Spear","floor":54,"turns":2},{"damage":112,"enemies":"The Heart","floor":55,"turns":8}],"seed_played":"-1279589473543219089","potions_obtained":[{"floor":1.0,"key":"Energy Potion"},{"floor":11.0,"key":"LiquidMemories"},{"floor":16.0,"key":"Fruit Juice"},{"floor":21.0,"key":"SkillPotion"},{"floor":22.0,"key":"BloodPotion"},{"floor":33.0,"key":"SkillPotion"}],"is_trial":false,"path_per_floor":["M","?","M","M","$","E","R","?","T","R","E","?","?","$","R","B",null,"M","?","?","M","?","R","E","R","T","E","?","$","R","E","R","B",null,"M","M","?","?","?","R","E","R","T","E","$","R","E","M","R","B",null,"R","$","E","B"],"character_chosen":"IRONCLAD","items_purchased":["Immolate","ClockworkSouvenir","Seeing Red","Lee\u0027s Waffle","Evolve","Nunchaku","Pen Nib","Trip","Flame Barrier"],"campfire_rested":0,"item_purchase_floors":[5,14,14,29,45,45,45,45,53],"current_hp_per_floor":[54,54,60,64,64,62,62,62,62,62,49,49,49,49,49,50,75,85,85,64,71,80,80,29,29,29,35,35,107,107,85,85,86,105,110,111,111,101,67,67,53,53,53,78,78,78,84,90,90,71,104,104,104,108,0,0],"gold":72,"neow_bonus":"TRANSFORM_TWO_CARDS","is_daily":false,"chose_seed":false,"campfire_upgraded":11,"win_rate":0.0,"timestamp":1612718666,"path_taken":["M","?","M","M","$","E","R","?","T","R","E","?","?","$","R","BOSS","M","?","?","M","?","R","E","R","T","E","?","?","R","E","R","BOSS","M","M","?","?","?","R","E","R","T","E","$","R","E","M","R","BOSS","R","$","E","BOSS"],"items_purchased_type":["Card","Relic","Card","Relic","Card","Relic","Relic","Card","Card"],"build_version":"2020-12-22","purchased_purges":2,"victory":false,"max_hp_per_floor":[75,75,75,75,75,75,75,75,75,75,75,75,79,79,79,83,83,87,87,87,92,96,96,100,100,100,100,100,107,107,107,107,111,111,111,111,111,111,111,111,111,111,111,115,115,115,115,115,115,115,115,115,115,119,119,119],"relic_stats":{"Lee\u0027s Waffle":72,"counters":[24,115],"Eternal Feather":0,"Pen Nib":[4],"Bag of Preparation":[12],"Burning Blood":136,"Mercury Hourglass":[364],"Sozu":3,"Dream Catcher":0,"Nunchaku":[4],"Necronomicon":[38],"Art of War":[5],"Kunai":[18],"obtain_stats":[{"Bag of Preparation":41,"Ancient Tea Set":6,"Burning Blood":0,"ClockworkSouvenir":14,"Old Coin":39,"Sozu":34,"Dream Catcher":26,"Nunchaku":45,"Matryoshka":19,"Necronomicon":20,"Red Mask":22,"Kunai":24,"Paper Frog":11,"Lee\u0027s Waffle":29,"Velvet Choker":17,"Oddly Smooth Stone":43,"Eternal Feather":54,"Pen Nib":45,"Odd Mushroom":13,"Akabeko":47,"Mercury Hourglass":9,"Bag of Marbles":31,"Art of War":43,"FossilizedHelix":44,"Meat on the Bone":27},{"Bag of Preparation":18,"Ancient Tea Set":4,"Burning Blood":0,"ClockworkSouvenir":6,"Old Coin":17,"Sozu":14,"Dream Catcher":11,"Nunchaku":19,"Matryoshka":8,"Necronomicon":8,"Red Mask":10,"Kunai":11,"Paper Frog":5,"Lee\u0027s Waffle":12,"Velvet Choker":7,"Oddly Smooth Stone":18,"Eternal Feather":23,"Pen Nib":19,"Odd Mushroom":6,"Akabeko":20,"Mercury Hourglass":4,"Bag of Marbles":13,"Art of War":18,"FossilizedHelix":19,"Meat on the Bone":12},{"Bag of Preparation":85,"Ancient Tea Set":15,"Burning Blood":0,"ClockworkSouvenir":25,"Old Coin":77,"Sozu":64,"Dream Catcher":50,"Nunchaku":92,"Matryoshka":37,"Necronomicon":37,"Red Mask":44,"Kunai":50,"Paper Frog":22,"Lee\u0027s Waffle":52,"Velvet Choker":32,"Oddly Smooth Stone":85,"Eternal Feather":107,"Pen Nib":92,"Odd Mushroom":25,"Akabeko":97,"Mercury Hourglass":15,"Bag of Marbles":57,"Art of War":85,"FossilizedHelix":92,"Meat on the Bone":52}],"Meat on the Bone":36},"card_choices":[{"not_picked":["Pummel","Body Slam"],"picked":"Wild Strike","floor":1.0},{"not_picked":["Hemokinesis","Armaments"],"picked":"Combust","floor":3.0},{"not_picked":["Perfected Strike","Clothesline"],"picked":"Shrug It Off","floor":4.0},{"not_picked":["Iron Wave","Armaments"],"picked":"Feed","floor":6.0},{"not_picked":["Anger","Burning Pact"],"picked":"Impervious","floor":11.0},{"not_picked":["Limit Break","Feed"],"picked":"Demon Form","floor":16.0},{"not_picked":["Sentinel","Bloodletting","Havoc"],"picked":"SKIP","floor":18.0},{"not_picked":["Warcry","Entrench"],"picked":"Sword Boomerang","floor":21.0},{"not_picked":["Perfected Strike","Iron Wave"],"picked":"Dual Wield","floor":24.0},{"not_picked":["Dropkick","Twin Strike"],"picked":"Battle Trance","floor":27.0},{"not_picked":["True Grit","Headbutt"],"picked":"Thunderclap","floor":31.0},{"not_picked":["Berserk","Impervious"],"picked":"Fiend Fire","floor":33.0},{"not_picked":["Hemokinesis","True Grit"],"picked":"Shrug It Off","floor":35.0},{"not_picked":["Hemokinesis","Shrug It Off"],"picked":"Disarm","floor":36.0},{"not_picked":["Jack Of All Trades","The Bomb"],"picked":"Apotheosis","floor":38.0},{"not_picked":["Discovery","Flash of Steel"],"picked":"Purity","floor":38.0},{"not_picked":["Impatience","Chrysalis"],"picked":"Panacea","floor":38.0},{"not_picked":["Cleave+1","Pommel Strike"],"picked":"Disarm","floor":39.0},{"not_picked":["Anger","Dropkick","Headbutt"],"picked":"SKIP","floor":41.0},{"not_picked":["Warcry","Power Through+1","Cleave"],"picked":"SKIP","floor":44.0},{"not_picked":["Searing Blow","Havoc+1","Hemokinesis+1"],"picked":"SKIP","floor":47.0},{"not_picked":["Dropkick","Shockwave"],"picked":"Fire Breathing","floor":48.0},{"not_picked":["Blood for Blood","Reaper"],"picked":"Battle Trance","floor":54}],"player_experience":939432,"relics_obtained":[{"floor":6.0,"key":"Ancient Tea Set"},{"floor":9.0,"key":"Mercury Hourglass"},{"floor":11.0,"key":"Paper Frog"},{"floor":13.0,"key":"Odd Mushroom"},{"floor":20.0,"key":"Necronomicon"},{"floor":22.0,"key":"Red Mask"},{"floor":24.0,"key":"Kunai"},{"floor":26.0,"key":"Dream Catcher"},{"floor":27.0,"key":"Meat on the Bone"},{"floor":31.0,"key":"Bag of Marbles"},{"floor":39.0,"key":"Old Coin"},{"floor":41.0,"key":"Bag of Preparation"},{"floor":43.0,"key":"Art of War"},{"floor":43.0,"key":"Oddly Smooth Stone"},{"floor":44.0,"key":"FossilizedHelix"},{"floor":47.0,"key":"Akabeko"},{"floor":54,"key":"Eternal Feather"}],"event_choices":[{"damage_healed":0.0,"max_hp_gain":0.0,"max_hp_loss":0.0,"gold_gain":0.0,"event_name":"Living Wall","player_choice":"Grow","floor":2.0,"gold_loss":0.0,"damage_taken":0.0,"cards_upgraded":["Bash"]},{"damage_healed":0.0,"max_hp_gain":0.0,"max_hp_loss":0.0,"gold_gain":150.0,"event_name":"Liars Game","player_choice":"AGREE","floor":8.0,"gold_loss":0.0,"damage_taken":0.0,"cards_obtained":["Doubt"]},{"cards_removed":["Doubt"],"damage_healed":0.0,"max_hp_gain":0.0,"max_hp_loss":0.0,"gold_gain":0.0,"event_name":"The Cleric","player_choice":"Card Removal","floor":12.0,"gold_loss":75.0,"damage_taken":0.0},{"damage_healed":0.0,"max_hp_gain":0.0,"max_hp_loss":0.0,"gold_gain":0.0,"event_name":"Mushrooms","player_choice":"Fought Mushrooms","floor":13.0,"gold_loss":0.0,"damage_taken":0.0},{"damage_healed":0.0,"max_hp_gain":0.0,"max_hp_loss":0.0,"gold_gain":0.0,"event_name":"Addict","player_choice":"Obtained Relic","floor":19.0,"gold_loss":85.0,"damage_taken":0.0,"relics_obtained":["Matryoshka"]},{"damage_healed":0.0,"max_hp_gain":0.0,"max_hp_loss":0.0,"gold_gain":0.0,"event_name":"Cursed Tome","player_choice":"Obtained Book","floor":20.0,"gold_loss":0.0,"damage_taken":21.0},{"damage_healed":0.0,"max_hp_gain":0.0,"max_hp_loss":0.0,"gold_gain":0.0,"event_name":"Masked Bandits","player_choice":"Fought Bandits","floor":22.0,"gold_loss":0.0,"damage_taken":0.0},{"damage_healed":0.0,"max_hp_gain":0.0,"max_hp_loss":0.0,"gold_gain":0.0,"cards_transformed":["Strike_R","Defend_R"],"event_name":"Drug Dealer","player_choice":"Became Test Subject","floor":28.0,"gold_loss":0.0,"damage_taken":0.0,"cards_obtained":["Armaments","Seeing Red"]},{"damage_healed":0.0,"max_hp_gain":0.0,"max_hp_loss":0.0,"gold_gain":222.0,"event_name":"Tomb of Lord Red Mask","player_choice":"Wore Mask","floor":37.0,"gold_loss":0.0,"damage_taken":0.0},{"damage_healed":0.0,"max_hp_gain":0.0,"max_hp_loss":0.0,"gold_gain":0.0,"event_name":"SensoryStone","player_choice":"Memory 3","floor":38.0,"gold_loss":0.0,"damage_taken":10.0},{"damage_healed":0.0,"max_hp_gain":0.0,"max_hp_loss":0.0,"gold_gain":0.0,"event_name":"Mysterious Sphere","player_choice":"Fight","floor":39.0,"gold_loss":0.0,"damage_taken":0.0}],"is_beta":false,"boss_relics":[{"not_picked":["Tiny House","Astrolabe"],"picked":"Velvet Choker"},{"not_picked":["Runic Cube","Coffee Dripper"],"picked":"Sozu"}],"items_purged_floors":[45,53],"is_endless":false,"potions_floor_spawned":[1,11,16,21,22,33,41,44,47],"killed_by":"The Heart","ascension_level":17}}