{"host":"2eu1om2m922xjaug","time":1612684933,"event":{"mods":["Act Like it!","Arknights","BaseMod","Friendly Minions","Gensokyo","Highlight Path","KinomotoSakuraMod(Ä¾Ö®±¾Ó£)","Kiyohime£¨Çå¼§£©","KomeijiMod","Marisa£¨ìFÓê¡¡Ä§ÀíÉ³£©","Minty Spire (QoL Compilation)","Pale of the Ancients","Prisma Mod","Reimu£¨²©ÀöÁéÃÎ£©","RumiaBox-Â¶Ã×æ«µÄÉñÃØºÐ×Ó","Shop Mod","StSLib","TestMod","Waifu the Spire","Youmu£¨»êÆÇÑýÃÎ£©"],"gold_per_floor":[119,194,207,207,221,247,247,247,247],"floor_reached":8,"language":"ZHS","playtime":265,"items_purged":[],"score":56,"play_id":"0d81ba26-cd73-481c-8b9e-00c8caef380d","local_time":"20210207160213","is_ascension_mode":false,"campfire_choices":[{"floor":7,"key":"RECALL"}],"circlet_count":0,"master_deck":["ats:Strike C","ats:Strike G","ats:Strike S","ats:Strike V","ats:Armor Crushing Shot","ats:Defend","ats:Defend","ats:Defend","ats:Emotion Absorption","ats:Explosion Area Strengthen","ats:Assault Order","ats:Hammer On","ats:Thorns"],"relics":["ats:Sanity","testmod-TestBox","NeowsBlessing","testmod-IncinerationGenerator","ats:Originium","RuthlessExorcism:ReiMu"],"acts_visited":["Exordium"],"potions_floor_usage":[6,6],"damage_taken":[{"damage":0,"enemies":"Jaw Worm","floor":1,"turns":1},{"damage":0,"enemies":"Cultist","floor":3,"turns":1},{"damage":0,"enemies":"2 Louse","floor":5,"turns":1},{"damage":36,"enemies":"Lagavulin","floor":6,"turns":6},{"damage":31,"enemies":"3 Sentries","floor":8,"turns":4}],"seed_played":"-4843631568384536901","potions_obtained":[{"floor":3,"key":"Dexterity Potion"},{"floor":5,"key":"SteroidPotion"}],"is_trial":false,"path_per_floor":["M","?","M","?","M","E","R","E"],"character_chosen":"DOCTOR_CLASS","items_purchased":[],"campfire_rested":0,"item_purchase_floors":[],"current_hp_per_floor":[72,61,61,61,61,25,25,0,0],"gold":247,"neow_bonus":"THREE_ENEMY_KILL","is_daily":false,"chose_seed":false,"campfire_upgraded":0,"win_rate":0.0,"timestamp":1612684933,"path_taken":["M","?","M","?","M","E","R","E"],"items_purchased_type":[],"build_version":"2020-12-22","purchased_purges":0,"victory":false,"max_hp_per_floor":[72,72,72,72,72,72,72,72,72],"card_choices":[{"not_picked":["ats:Absolute Focus","ats:Curse Doll","ats:Mental Burst"],"picked":"SKIP","floor":1},{"not_picked":["ats:Healing Drone","ats:Hook Shot"],"picked":"ats:Explosion Area Strengthen","floor":3},{"not_picked":["ats:Song Of Battle","ats:Cat Scratch"],"picked":"ats:Hammer On","floor":5},{"not_picked":["ats:Sunburst","ats:Flexible Camouflage"],"picked":"ats:Thorns","floor":6}],"player_experience":231930,"relics_obtained":[{"floor":6,"key":"ats:Originium"},{"floor":6,"key":"RuthlessExorcism:ReiMu"}],"event_choices":[{"damage_healed":0,"gold_gain":75,"player_choice":"Gather Gold","damage_taken":11,"max_hp_gain":0,"max_hp_loss":0,"event_name":"World of Goop","floor":2,"gold_loss":0},{"damage_healed":0,"gold_gain":0,"cards_transformed":["ats:Defend"],"player_choice":"Transformed","damage_taken":0,"max_hp_gain":0,"max_hp_loss":0,"event_name":"Transmorgrifier","floor":4,"gold_loss":0,"cards_obtained":["ats:Assault Order"]}],"is_beta":false,"boss_relics":[],"items_purged_floors":[],"is_endless":false,"potions_floor_spawned":[3,5],"killed_by":"3 Sentries","ascension_level":0}}