{"host":"w7pthw6r6331n954","time":1612717558,"event":{"mods":["AchievementEnabler","Act Like it!","BaseMod","BetterRewards","Colored Map","Colored Powertips","Custom Start","Downfall","Hallownest","Hermit","Jorbs\u0027s Wanderer Trilogy","Minty Spire (QoL Compilation)","Replay The Spire","Shop Mod","StSLib","SuperFastMode"],"gold_per_floor":[114,126,143,160,10,10,42,42,42,57,57,67,67,99,99,99,99],"floor_reached":16,"language":"ENG","playtime":907,"items_purged":[],"score":135,"play_id":"575b0756-635d-408f-84d9-79131f937cbc","local_time":"20210207120558","is_ascension_mode":true,"campfire_choices":[{"floor":6,"key":"RECALL"},{"floor":8,"key":"REST"},{"floor":13,"key":"REST"},{"floor":15,"key":"REST"}],"circlet_count":0,"master_deck":["Strike_B","Strike_B","Strike_B","Strike_B","Defend_B","Defend_B+1","Defend_B","Defend_B+1","Zap","Dualcast","Conserve Battery","Storm","Steam","Beam Cell","Electrodynamics","Ball Lightning","Hallownest:curseDreamersLament","Static Discharge","Reboot"],"relics":["Cracked Core","NeowsBlessing","MerchantsRug","Mercury Hourglass","Hallownest:TeacherSealRelic","War Paint"],"acts_visited":["Exordium"],"potions_floor_usage":[4],"damage_taken":[{"damage":0,"enemies":"Hallownest:2_MossCreeps","floor":1,"turns":1},{"damage":0,"enemies":"Hallownest:monsterHuskWarrior","floor":2,"turns":1},{"damage":0,"enemies":"2_ Uuma","floor":3,"turns":1},{"damage":0,"enemies":"Hallownest:2_Tiktiks_1_Baldur_1_Crawlid","floor":4,"turns":3},{"damage":51,"enemies":"Hallownest:eliteCrystalGuardian","floor":7,"turns":7},{"damage":15,"enemies":"Hallownest:Guard_and_Warrior","floor":10,"turns":3},{"damage":12,"enemies":"Hallownest:1_Ooma_and_2_Uuma","floor":12,"turns":4},{"damage":12,"enemies":"Hallownest:eliteMossKnight","floor":14,"turns":7},{"damage":51,"enemies":"Hallownest:BossHornet","floor":16,"turns":8}],"seed_played":"-427450575763242993","potions_obtained":[{"floor":2,"key":"Explosive Potion"},{"floor":7,"key":"sneckomod:MuddlingPotion"}],"is_trial":false,"path_per_floor":["M","M","M","M","$","R","E","R","T","M","?","M","R","E","R","B"],"character_chosen":"DEFECT","items_purchased":["MerchantsRug"],"campfire_rested":3,"item_purchase_floors":[5],"current_hp_per_floor":[75,75,75,75,75,75,24,46,46,31,31,19,41,29,51,0,0],"gold":99,"neow_bonus":"THREE_ENEMY_KILL","is_daily":false,"chose_seed":false,"campfire_upgraded":0,"win_rate":0.0,"timestamp":1612717558,"path_taken":["M","M","M","M","$","R","E","R","T","?","?","M","R","E","R","BOSS"],"items_purchased_type":["Relic"],"build_version":"2020-12-22","purchased_purges":0,"victory":false,"max_hp_per_floor":[75,75,75,75,75,75,75,75,75,75,75,75,75,75,75,75,75],"card_choices":[{"not_picked":["Redo","Fusion"],"picked":"Conserve Battery","floor":1},{"not_picked":["Recycle","Redo"],"picked":"Storm","floor":2},{"not_picked":["Gash","Redo"],"picked":"Steam","floor":3},{"not_picked":["Ball Lightning","Redo"],"picked":"Beam Cell","floor":4},{"not_picked":["Undo","Reprogram"],"picked":"Electrodynamics","floor":7},{"not_picked":["Go for the Eyes","Fusion"],"picked":"Ball Lightning","floor":10},{"not_picked":["Rip and Tear","Coolheaded"],"picked":"Static Discharge","floor":12},{"not_picked":["Skim","Sunder"],"picked":"Reboot","floor":14}],"player_experience":1222034,"relics_obtained":[{"floor":7,"key":"Mercury Hourglass"},{"floor":14,"key":"War Paint"}],"event_choices":[],"is_beta":false,"boss_relics":[],"items_purged_floors":[],"is_endless":false,"potions_floor_spawned":[2,7],"killed_by":"Hallownest:BossHornet","ascension_level":5}}