{"host":"2pluridizrp50jef","time":1612732073,"event":{"mods":["ATMod(°¢èªMod)","AchievementEnabler","Act Like it!","BaseMod","Bestiary","Better Altar","Better Match","Better Note","Better Sensory Stone","Better Skull","Better Third Choice","BetterRewards","Colored Powertips","Conspire","Curses Come First","Custom Start","Downfall","Energized Spire","Gensokyo","Hallownest","Hubris","Infinite Spire","Lobotomy","LobotomyExtend","Minty Spire (QoL Compilation)","Rare Cards Sparkle","Relic Stats","Replay The Spire","StSLib","noobMod","¡¾ÒÅÎï¿¨ÅÆ¡¿REMEMod"],"gold_per_floor":[99,111,130,143,53,136,163,48,60,235,265,265,279,291,302,401,401,401,413,423,423,423,441,518,518,518,518,518,205,5,23,41,140,140,40,51,64,64,64,64],"floor_reached":38,"language":"ZHS","playtime":49660,"items_purged":["sneckomod:Strike","sneckomod:Defend","Doubt"],"score":528,"play_id":"ffb3a00b-ecd0-41bd-b7c6-8619a2cd4d29","local_time":"20210207130753","is_ascension_mode":false,"campfire_choices":[{"data":"infinitespire:OneForAll","floor":12,"key":"SMITH"},{"floor":18,"key":"RECALL"},{"data":"Apotheosis","floor":30,"key":"SMITH"},{"floor":35,"key":"DIG"}],"circlet_count":0,"master_deck":["sneckomod:Strike","sneckomod:Strike","sneckomod:Defend","sneckomod:Defend","sneckomod:TailWhip","sneckomod:SnekBite","sneckomod:Unknown","AT_FamilyPortrait","infinitespire:OneForAll+1","Guardian:FuturePlans","sneckomod:DiceCrush","sneckomod:MorePower","sneckomod:UnknownExhaust+1","sneckomod:Nope","sneckomod:UnknownRareAttack+1","sneckomod:SoulDraw","sneckomod:QuickBite","sneckomod:UnknownRareSkill+1","sneckomod:UnknownStrike+1","sneckomod:UnknownUncommonPower+1","sneckomod:SerpentIdol","sneckomod:Unknown3Cost+1","sneckomod:UnknownRareSkill+1","sneckomod:UnknownDraw","sneckomod:Unknown0Cost+1","sneckomod:Nope","sneckomod:UnknownUncommonAttack+1","sneckomod:UnknownUncommonSkill+1","sneckomod:Restock","sneckomod:UnknownClassLunar+1","sneckomod:UnknownExhaust+1","sneckomod:UnknownRarePower+1","AT_FamilyPortrait+1","sneckomod:UnknownRarePower+1","sneckomod:ImprovisedAttack+1","sneckomod:UnknownStrike+1","Apotheosis+1","sneckomod:UnknownRareSkill+1","sneckomod:UnknownClassShop Special+1","sneckomod:UnknownRareSkill+1","sneckomod:UnknownRareAttack+1","sneckomod:UnknownRarePower+1","sneckomod:UnlimitedRolls","Violence","sneckomod:UnknownBoss+1","sneckomod:UnknownClassShop Special+1"],"relics":["sneckomod:SneckoSoul","AT_ATBox","REME_ComplimentaryCards","ice","LetterFromLob","Orichalcum","Replay:Kaleidoscope","hubris:GrandSneckoEye","Replay:WaspNest","sneckomod:BabySnecko","downfall:HeartBlessingRed","downfall:HeartBlessingGreen","REME_LowDesire","hubris:SlimyHat","Bag of Preparation","downfall:HeartBlessingBlue","Bottled Lightning"],"acts_visited":["Exordium","TheCity","TheBeyond"],"potions_floor_usage":[33],"damage_taken":[{"damage":27,"enemies":"Cultist","floor":2,"turns":5},{"damage":0,"enemies":"Small Slimes","floor":3,"turns":2},{"damage":18,"enemies":"Jaw Worm","floor":4,"turns":4},{"damage":0,"enemies":"downfall:FleeingMerchant","floor":5,"turns":4},{"damage":10,"enemies":"downfall:FleeingMerchant","floor":8,"turns":4},{"damage":11,"enemies":"Exordium Thugs","floor":9,"turns":3},{"damage":4,"enemies":"Gremlin Nob","floor":11,"turns":4},{"damage":0,"enemies":"Large Slime","floor":13,"turns":4},{"damage":7,"enemies":"2 Fungi Beasts","floor":14,"turns":3},{"damage":13,"enemies":"Blue Slaver","floor":15,"turns":3},{"damage":0,"enemies":"SI_SHIV_ARCHETYPE","floor":16,"turns":7},{"damage":11,"enemies":"3 Byrds","floor":19,"turns":4},{"damage":0,"enemies":"Chosen","floor":20,"turns":3},{"damage":8,"enemies":"3 Cultists","floor":23,"turns":5},{"damage":3,"enemies":"downfall:FleeingMerchant","floor":29,"turns":4},{"damage":0,"enemies":"Centurion and Healer","floor":31,"turns":3},{"damage":7,"enemies":"Cultist and Chosen","floor":32,"turns":4},{"damage":7,"enemies":"WA_ARCHETYPE_CALM","floor":33,"turns":5},{"damage":7,"enemies":"3 Shapes","floor":36,"turns":2},{"damage":17,"enemies":"3 Darklings","floor":37,"turns":3},{"damage":0,"enemies":"infinitespire:Three Voidlings","floor":38,"turns":1}],"seed_played":"-4075642269695712587","potions_obtained":[{"floor":2,"key":"DistilledChaos"},{"floor":11,"key":"LiquidMemories"},{"floor":15,"key":"AttackPotion"},{"floor":33,"key":"SmokeBomb"}],"is_trial":false,"path_per_floor":["R","M","M","M","$","?","T","$","M","?","E","R","M","M","M","B",null,"R","M","M","M","?","M","T","?","?","AVR","?","$","R","M","M","B",null,"R","M","M","?"],"character_chosen":"THE_SNECKO","items_purchased":["Apotheosis"],"campfire_rested":0,"item_purchase_floors":[29],"current_hp_per_floor":[99,72,72,54,54,54,54,44,33,33,29,29,29,22,9,9,99,99,88,88,88,88,85,85,85,85,85,85,99,99,99,92,85,112,122,115,98,98,98,98],"gold":64,"neow_bonus":"TEN_PERCENT_HP_BONUS","is_daily":false,"chose_seed":false,"campfire_upgraded":2,"win_rate":0.0,"timestamp":1612732073,"path_taken":["R","M","M","?","$","?","T","?","M","?","E","R","M","M","M","BOSS","R","M","M","M","?","?","T","?","?","AVR","?","?","R","?","M","BOSS","R","M","M","?"],"items_purchased_type":["Card"],"build_version":"2020-12-22","purchased_purges":3,"victory":false,"max_hp_per_floor":[99,99,99,99,99,99,99,99,99,99,99,99,99,99,99,99,99,99,99,99,99,99,99,99,99,99,99,99,104,104,105,109,112,112,122,127,131,131,131,131],"relic_stats":{"counters":[21,77],"Bag of Preparation":[6],"Orichalcum":[150],"obtain_stats":[{"AT_ATBox":0,"downfall:HeartBlessingRed":30,"downfall:HeartBlessingGreen":30,"Replay:WaspNest":24,"ice":0,"hubris:SlimyHat":34,"Bag of Preparation":34,"Replay:Kaleidoscope":11,"Orichalcum":6,"sneckomod:SneckoSoul":0,"sneckomod:BabySnecko":25,"downfall:HeartBlessingBlue":35,"LetterFromLob":2,"hubris:GrandSneckoEye":17,"Bottled Lightning":35,"REME_LowDesire":34,"REME_ComplimentaryCards":0},{"AT_ATBox":0,"downfall:HeartBlessingRed":15,"downfall:HeartBlessingGreen":15,"Replay:WaspNest":14,"ice":0,"hubris:SlimyHat":18,"Bag of Preparation":18,"Replay:Kaleidoscope":7,"Orichalcum":4,"sneckomod:SneckoSoul":0,"sneckomod:BabySnecko":14,"downfall:HeartBlessingBlue":18,"LetterFromLob":1,"hubris:GrandSneckoEye":11,"Bottled Lightning":18,"REME_LowDesire":18,"REME_ComplimentaryCards":0},{"AT_ATBox":0,"downfall:HeartBlessingRed":59,"downfall:HeartBlessingGreen":59,"Replay:WaspNest":55,"ice":0,"hubris:SlimyHat":71,"Bag of Preparation":71,"Replay:Kaleidoscope":26,"Orichalcum":15,"sneckomod:SneckoSoul":0,"sneckomod:BabySnecko":55,"downfall:HeartBlessingBlue":71,"LetterFromLob":5,"hubris:GrandSneckoEye":43,"Bottled Lightning":71,"REME_LowDesire":71,"REME_ComplimentaryCards":0}]},"card_choices":[{"not_picked":["sneckomod:WideSting","sneckomod:UnknownBlock"],"picked":"sneckomod:DiceCrush","floor":2},{"not_picked":["sneckomod:UnknownCommonAttack","sneckomod:DiceBlock"],"picked":"sneckomod:MorePower","floor":3},{"not_picked":["sneckomod:Unknown2Cost+1","sneckomod:UnknownBoss+1"],"picked":"sneckomod:UnknownExhaust+1","floor":4},{"not_picked":["sneckomod:UnknownBlock","sneckomod:DiceBoulder"],"picked":"sneckomod:Nope","floor":4},{"not_picked":["sneckomod:UnknownBoss+1","sneckomod:UnknownCommonSkill+1"],"picked":"sneckomod:UnknownRareAttack+1","floor":5},{"not_picked":["sneckomod:Unknown1Cost","sneckomod:SoulRoll"],"picked":"sneckomod:SoulDraw","floor":5},{"not_picked":["sneckomod:UnknownDraw","sneckomod:WideSting"],"picked":"sneckomod:QuickBite","floor":6},{"not_picked":["sneckomod:Unknown2Cost+1","sneckomod:UnknownCommonSkill+1"],"picked":"sneckomod:UnknownRareSkill+1","floor":8},{"not_picked":["sneckomod:Unknown3Cost+1","sneckomod:UnknownExhaust+1"],"picked":"sneckomod:UnknownStrike+1","floor":8},{"not_picked":["sneckomod:UnknownExhaust+1","sneckomod:UnknownStrike+1"],"picked":"sneckomod:UnknownUncommonPower+1","floor":8},{"not_picked":["sneckomod:UnknownVulnerable","sneckomod:UnknownUncommonAttack"],"picked":"sneckomod:SerpentIdol","floor":8},{"not_picked":["sneckomod:Unknown2Cost+1","sneckomod:UnknownBlock+1"],"picked":"sneckomod:Unknown3Cost+1","floor":9},{"not_picked":["sneckomod:DiceBoulder","sneckomod:SoulDraw","sneckomod:Nope"],"picked":"SKIP","floor":9},{"not_picked":["sneckomod:UnknownCommonSkill+1","sneckomod:UnknownWeak+1"],"picked":"sneckomod:UnknownRareSkill+1","floor":11},{"not_picked":["sneckomod:WideSting","sneckomod:ImprovisedAttack"],"picked":"sneckomod:UnknownDraw","floor":11},{"not_picked":["sneckomod:SoulRoll","sneckomod:UnknownCommonSkill","sneckomod:UnknownBlock"],"picked":"SKIP","floor":13},{"not_picked":["sneckomod:UnknownDraw+1","sneckomod:UnknownWeak+1"],"picked":"sneckomod:Unknown0Cost+1","floor":14},{"not_picked":["sneckomod:UnknownCommonSkill","sneckomod:DefensiveFlair"],"picked":"sneckomod:Nope","floor":14},{"not_picked":["sneckomod:UnknownCommonSkill+1","sneckomod:UnknownUncommonSkill+1"],"picked":"sneckomod:UnknownUncommonAttack+1","floor":15},{"not_picked":["sneckomod:QuickBite","sneckomod:WideSting","sneckomod:UnknownBoss"],"picked":"SKIP","floor":15},{"not_picked":["sneckomod:UnknownVulnerable+1","sneckomod:UnknownCommonSkill+1"],"picked":"sneckomod:UnknownUncommonSkill+1","floor":16},{"not_picked":["sneckomod:Mudshield","sneckomod:Unknown3Cost"],"picked":"sneckomod:Restock","floor":16},{"not_picked":["sneckomod:UnknownClassGUARDIAN+1","sneckomod:Unknown2Cost+1"],"picked":"sneckomod:UnknownClassLunar+1","floor":19},{"not_picked":["sneckomod:Unknown2Cost+1","sneckomod:UnknownWeak+1"],"picked":"sneckomod:UnknownExhaust+1","floor":19},{"not_picked":["sneckomod:UnknownBlock","sneckomod:IronFang","sneckomod:SoulRoll"],"picked":"SKIP","floor":19},{"not_picked":["sneckomod:UnknownUncommonAttack+1","sneckomod:Unknown2Cost+1"],"picked":"sneckomod:UnknownRarePower+1","floor":20},{"not_picked":["sneckomod:QuickBite","sneckomod:UnknownX","sneckomod:SerpentIdol"],"picked":"SKIP","floor":20},{"not_picked":["sneckomod:UnknownVulnerable+1","sneckomod:UnknownClassGUARDIAN+1"],"picked":"sneckomod:UnknownRarePower+1","floor":23},{"not_picked":["sneckomod:UnknownClassGUARDIAN","sneckomod:UnknownCommonAttack"],"picked":"sneckomod:ImprovisedAttack+1","floor":23},{"not_picked":["sneckomod:UnknownUncommonSkill+1","sneckomod:Unknown2Cost+1"],"picked":"sneckomod:UnknownStrike+1","floor":29},{"not_picked":["sneckomod:DiceCrush+1","sneckomod:UnknownUncommonSkill+1","sneckomod:SnekBeam"],"picked":"SKIP","floor":29},{"not_picked":["sneckomod:UnknownBlock+1","sneckomod:Unknown3Cost+1"],"picked":"sneckomod:UnknownRareSkill+1","floor":31},{"not_picked":["sneckomod:RainOfDice","sneckomod:UnknownCommonAttack+1","sneckomod:UnknownX"],"picked":"SKIP","floor":31},{"not_picked":["sneckomod:UnknownClassGUARDIAN+1","sneckomod:UnknownExhaust+1"],"picked":"sneckomod:UnknownClassShop Special+1","floor":32},{"not_picked":["sneckomod:UnknownVulnerable+1","sneckomod:UnknownExhaust+1"],"picked":"sneckomod:UnknownRareSkill+1","floor":32},{"not_picked":["sneckomod:DiceCrush","sneckomod:UnknownUncommonPower","sneckomod:QuickBite"],"picked":"SKIP","floor":32},{"not_picked":["sneckomod:Unknown2Cost+1","sneckomod:Unknown3Cost+1"],"picked":"sneckomod:UnknownRareAttack+1","floor":33},{"not_picked":["sneckomod:UnknownClassLunar+1","sneckomod:UnknownClassGUARDIAN+1"],"picked":"sneckomod:UnknownRarePower+1","floor":33},{"not_picked":["sneckomod:UnknownRareAttack","sneckomod:UnknownRarePower"],"picked":"sneckomod:UnlimitedRolls","floor":33},{"not_picked":["sneckomod:QuickMove","sneckomod:ImprovisedGuard","sneckomod:UnknownBlock"],"picked":"Violence","floor":36},{"not_picked":["sneckomod:UnknownDraw+1","sneckomod:UnknownStrike+1"],"picked":"sneckomod:UnknownBoss+1","floor":37},{"not_picked":["sneckomod:UnknownBoss+1","sneckomod:Unknown3Cost+1"],"picked":"sneckomod:UnknownClassShop Special+1","floor":37},{"not_picked":["sneckomod:SerpentIdol+1","sneckomod:UnknownCommonSkill","sneckomod:SoulDraw+1","Dark Shackles"],"picked":"SKIP","floor":37}],"player_experience":140867,"relics_obtained":[{"floor":2,"key":"LetterFromLob"},{"floor":6,"key":"Orichalcum"},{"floor":11,"key":"Replay:Kaleidoscope"},{"floor":24,"key":"Replay:WaspNest"},{"floor":34,"key":"hubris:SlimyHat"},{"floor":34,"key":"Bag of Preparation"},{"floor":35,"key":"Bottled Lightning"}],"event_choices":[{"cards_removed":["infinitespire:OneForAll"],"damage_healed":0,"gold_gain":0,"player_choice":"Take \u0026 Give","damage_taken":0,"max_hp_gain":0,"max_hp_loss":0,"event_name":"betterNote:BetterNote","floor":22,"gold_loss":0,"cards_obtained":["AT_FamilyPortrait"]},{"damage_healed":0,"gold_gain":2,"player_choice":"1","damage_taken":0,"max_hp_gain":0,"max_hp_loss":0,"event_name":"betterStone:BetterStone","floor":26,"gold_loss":0}],"is_beta":false,"boss_relics":[{"not_picked":["Kintsugi","Abe\u0027s Treasure"],"picked":"hubris:GrandSneckoEye"},{"not_picked":["REME_DemonsWealth","REME_ChargedStone"],"picked":"REME_LowDesire"}],"items_purged_floors":[5,8,29],"is_endless":false,"potions_floor_spawned":[2,9,11,13,15,16,19,20,31,33],"killed_by":"infinitespire:Three Voidlings","ascension_level":0}}