{"host":"zs3tguvuxkh90jf4","time":1612728319,"event":{"mods":["AchievementEnabler","BaseMod","Better Silent Start","Better-Laid Plans","BetterRewards","Block Reminder","Colored Map","Colored Powertips","Gold Saver","Minty Spire (QoL Compilation)","Shop Mod","StSLib","Transform Curses"],"gold_per_floor":[2541,2541,2554,1569,1584,1584,1613,1662,1662,1690,1690,1700,1700,1727,1727,1798,1798,1809,1821,776,701,712,747,747,780,804,148,177,177,177,189,189,263,263,275,0,0,0,1330,1363,1382,1412,1412,1412,1488,1513,1533,1568,1568,1568,1568,1568,1173,1206,1206],"floor_reached":56,"language":"ENG","playtime":3649,"items_purged":["Strike_B","Strike_B","Regret","Defend_B","Defend_B","Strike_B"],"score":2997,"play_id":"d80b17ad-e442-492a-87bc-15bb33aed3a7","local_time":"20210207120519","is_ascension_mode":true,"campfire_choices":[{"data":"Chill","floor":6.0,"key":"SMITH"},{"floor":15.0,"key":"RECALL"},{"data":"Seek","floor":24.0,"key":"SMITH"},{"data":"Zap","floor":29.0,"key":"SMITH"},{"data":"White Noise","floor":32.0,"key":"SMITH"},{"data":"Ball Lightning","floor":44,"key":"SMITH"},{"data":"Double Energy","floor":49,"key":"SMITH"},{"data":"Aggregate","floor":52,"key":"SMITH"}],"circlet_count":0,"master_deck":["AscendersBane","Strike_B","Defend_B","Zap+1","Dualcast+1","Coolheaded","Ball Lightning+1","Loop","Coolheaded","Hologram","Turbo","Self Repair","Chill+1","Self Repair","Sadistic Nature","Redo+1","Reinforced Body","Cold Snap","Conserve Battery","Double Energy+1","Seek+1","Reinforced Body+1","Blizzard","Multi-Cast","Loop","Cold Snap","Aggregate+1","Loop+1","Consume+1","Aggregate","Zap","BootSequence","White Noise+1","Machine Learning","Static Discharge","Barrage+1","Coolheaded+1","Stack+1","Redo+1","Aggregate+1","Streamline+1"],"relics":["Cracked Core","Cables","Regal Pillow","Strange Spoon","MerchantsRug","Bird Faced Urn","Pen Nib","Chemical X","Oddly Smooth Stone","Bottled Flame","Kunai","HornCleat","Potion Belt","Anchor","Meat on the Bone","Ornamental Fan","Happy Flower","StoneCalendar","Nuclear Battery","Dream Catcher","TheAbacus","Unceasing Top","TungstenRod","Runic Capacitor","Emotion Chip","Blood Vial","Du-Vu Doll","Inserter","Red Mask","Membership Card","Symbiotic Virus","Bottled Tornado","DataDisk","Bronze Scales","Toxic Egg 2","Gremlin Horn","Calipers","Juzu Bracelet","Orichalcum","Centennial Puzzle","War Paint"],"acts_visited":["Exordium","TheCity","TheBeyond","TheEnding"],"potions_floor_usage":[50,53,54,54,55],"damage_taken":[{"damage":2.0,"enemies":"Small Slimes","floor":1.0,"turns":3.0},{"damage":0.0,"enemies":"Cultist","floor":3.0,"turns":3.0},{"damage":6.0,"enemies":"Jaw Worm","floor":5.0,"turns":3.0},{"damage":11.0,"enemies":"3 Sentries","floor":7.0,"turns":8.0},{"damage":11.0,"enemies":"Lagavulin","floor":10.0,"turns":9.0},{"damage":0.0,"enemies":"3 Louse","floor":12.0,"turns":2.0},{"damage":0.0,"enemies":"Gremlin Nob","floor":14.0,"turns":3.0},{"damage":14.0,"enemies":"The Guardian","floor":16.0,"turns":13.0},{"damage":16.0,"enemies":"Chosen","floor":18.0,"turns":7.0},{"damage":18.0,"enemies":"Spheric Guardian","floor":19.0,"turns":4.0},{"damage":7.0,"enemies":"Centurion and Healer","floor":22.0,"turns":7.0},{"damage":0.0,"enemies":"Book of Stabbing","floor":23.0,"turns":3.0},{"damage":33.0,"enemies":"Gremlin Leader","floor":25.0,"turns":7.0},{"damage":0.0,"enemies":"Slavers","floor":28.0,"turns":7.0},{"damage":0.0,"enemies":"Snecko","floor":31.0,"turns":3.0},{"damage":0.0,"enemies":"Collector","floor":33.0,"turns":8.0},{"damage":0.0,"enemies":"3 Shapes","floor":35.0,"turns":4.0},{"damage":27,"enemies":"Reptomancer","floor":40,"turns":7},{"damage":0,"enemies":"3 Darklings","floor":41,"turns":4},{"damage":26,"enemies":"Nemesis","floor":42,"turns":7},{"damage":0,"enemies":"Mind Bloom Boss Battle","floor":46,"turns":4},{"damage":0,"enemies":"Sphere and 2 Shapes","floor":47,"turns":3},{"damage":0,"enemies":"Reptomancer","floor":48,"turns":3},{"damage":0,"enemies":"Donu and Deca","floor":50,"turns":8},{"damage":17,"enemies":"Shield and Spear","floor":54,"turns":5},{"damage":0,"enemies":"The Heart","floor":55,"turns":8}],"seed_played":"1395826784795765840","potions_obtained":[{"floor":3.0,"key":"Swift Potion"},{"floor":10.0,"key":"ColorlessPotion"},{"floor":14.0,"key":"Energy Potion"},{"floor":18.0,"key":"AttackPotion"},{"floor":19.0,"key":"Explosive Potion"},{"floor":22.0,"key":"AttackPotion"},{"floor":28.0,"key":"AttackPotion"},{"floor":33.0,"key":"DistilledChaos"},{"floor":42,"key":"DuplicationPotion"},{"floor":46,"key":"ColorlessPotion"},{"floor":47,"key":"Weak Potion"}],"is_trial":false,"path_per_floor":["M","?","M","$","M","R","E","T","T","E","?","M","?","E","R","B",null,"M","M","$","?","M","E","R","E","T","$","E","R","?","M","R","B",null,"M","?","?","$","$","E","M","E","T","R","T","?","M","E","R","B",null,"R","$","E","B",null],"character_chosen":"DEFECT","items_purchased":["Cables","Regal Pillow","Strange Spoon","Coolheaded","Ball Lightning","MerchantsRug","Matryoshka","Bird Faced Urn","Loop","Coolheaded","Hologram","Chemical X","Oddly Smooth Stone","Bottled Flame","Chill","Self Repair","Sadistic Nature","Block Potion","Multi-Cast","Dream Catcher","Mango","TheAbacus","Loop","Cold Snap","SkillPotion","Runic Capacitor","Emotion Chip","Blood Vial","Membership Card","Symbiotic Virus","Bottled Tornado","Static Discharge","Orichalcum","Centennial Puzzle","Fruit Juice","LiquidMemories","Block Potion","Aggregate+1"],"campfire_rested":0,"item_purchase_floors":[0,0,0,0,0,0,0,0,0,0,0,4,4,4,4,4,4,4,20,20,20,20,20,20,20,27,27,27,39,39,39,39,53,53,53,53,53,53],"current_hp_per_floor":[50,50,52,52,68,68,67,67,67,71,71,71,71,71,71,71,71,71,71,85,85,85,85,85,66,66,66,85,85,85,85,85,85,85,85,85,81,81,81,74,81,75,75,75,75,81,81,81,81,81,81,81,86,86,86],"gold":1206,"neow_bonus":"","is_daily":false,"chose_seed":false,"campfire_upgraded":7,"win_rate":0.0,"timestamp":1612728319,"path_taken":["M","?","?","$","?","R","E","?","T","E","?","?","?","E","R","BOSS","M","M","$","?","M","E","R","E","T","$","E","R","?","?","R","BOSS","M","?","?","?","$","E","M","E","T","R","?","?","M","E","R","BOSS","R","$","E","BOSS"],"items_purchased_type":["Relic","Relic","Relic","Card","Card","Relic","Relic","Relic","Card","Card","Card","Relic","Relic","Relic","Card","Card","Card","Potion","Card","Relic","Relic","Relic","Card","Card","Potion","Relic","Relic","Relic","Relic","Relic","Relic","Card","Relic","Relic","Potion","Potion","Potion","Card"],"build_version":"2020-12-22","purchased_purges":6,"victory":true,"max_hp_per_floor":[71,71,71,71,71,71,71,71,71,71,71,71,71,71,71,71,71,71,71,85,85,85,85,85,85,85,85,85,85,85,85,85,85,85,85,85,81,81,81,81,81,81,81,81,81,81,81,81,81,81,81,81,86,86,86],"card_choices":[{"not_picked":["Sweeping Beam","Undo"],"picked":"Turbo","floor":1.0},{"not_picked":["Compile Driver","Rebound"],"picked":"Self Repair","floor":3.0},{"not_picked":["Gash","Heatsinks"],"picked":"Redo","floor":5.0},{"not_picked":["Gash","Beam Cell"],"picked":"Reinforced Body","floor":7.0},{"not_picked":["Buffer","Steam"],"picked":"Cold Snap","floor":10.0},{"not_picked":["Sweeping Beam","Beam Cell"],"picked":"Conserve Battery","floor":12.0},{"not_picked":["Streamline","Reboot"],"picked":"Double Energy","floor":14.0},{"not_picked":["Rainbow","Machine Learning"],"picked":"Seek","floor":16.0},{"not_picked":["Turbo+1","Rip and Tear"],"picked":"Reinforced Body","floor":18.0},{"not_picked":["FTL","Cold Snap"],"picked":"Blizzard","floor":19.0},{"not_picked":["Hologram","Coolheaded"],"picked":"Aggregate","floor":22.0},{"not_picked":["Turbo+1","Scrape"],"picked":"Loop+1","floor":23.0},{"not_picked":["Auto Shields","Sunder+1"],"picked":"Consume+1","floor":25.0},{"not_picked":["Redo","Skim"],"picked":"Aggregate","floor":28.0},{"not_picked":["Force Field","Machine Learning"],"picked":"White Noise","floor":31.0},{"not_picked":["Fission","Seek"],"picked":"Machine Learning","floor":33.0},{"not_picked":["Leap","Streamline","Steam"],"picked":"SKIP","floor":35.0},{"not_picked":["Beam Cell","Redo"],"picked":"Barrage+1","floor":40},{"not_picked":["Cold Snap","Barrage","Compile Driver"],"picked":"SKIP","floor":41},{"not_picked":["All For One","Meteor Strike"],"picked":"Coolheaded+1","floor":42},{"not_picked":["Hello World","Double Energy+1"],"picked":"Stack+1","floor":46},{"not_picked":["Heatsinks","Rip and Tear"],"picked":"Redo+1","floor":47},{"not_picked":["Rip and Tear","Beam Cell","Leap+1"],"picked":"SKIP","floor":48},{"not_picked":["Compile Driver","Ball Lightning"],"picked":"Streamline+1","floor":54}],"player_experience":544817,"relics_obtained":[{"floor":2.0,"key":"Pen Nib"},{"floor":7.0,"key":"Kunai"},{"floor":8.0,"key":"HornCleat"},{"floor":8.0,"key":"Potion Belt"},{"floor":9.0,"key":"Anchor"},{"floor":9.0,"key":"Meat on the Bone"},{"floor":10.0,"key":"Ornamental Fan"},{"floor":14.0,"key":"StoneCalendar"},{"floor":23.0,"key":"Unceasing Top"},{"floor":25.0,"key":"TungstenRod"},{"floor":28.0,"key":"Du-Vu Doll"},{"floor":40,"key":"DataDisk"},{"floor":42,"key":"Bronze Scales"},{"floor":43,"key":"Toxic Egg 2"},{"floor":45,"key":"Gremlin Horn"},{"floor":46,"key":"Calipers"},{"floor":48,"key":"Juzu Bracelet"},{"floor":54,"key":"War Paint"}],"event_choices":[{"damage_healed":0.0,"max_hp_gain":0.0,"max_hp_loss":0.0,"gold_gain":0.0,"event_name":"Wheel of Change","player_choice":"Relic","floor":2.0,"gold_loss":0.0,"damage_taken":0.0},{"damage_healed":0.0,"max_hp_gain":0.0,"max_hp_loss":0.0,"gold_gain":0.0,"event_name":"Upgrade Shrine","player_choice":"Upgraded","floor":11.0,"gold_loss":0.0,"damage_taken":0.0,"cards_upgraded":["Dualcast"]},{"damage_healed":0.0,"max_hp_gain":0.0,"max_hp_loss":0.0,"gold_gain":0.0,"event_name":"Big Fish","player_choice":"Box","floor":13.0,"gold_loss":0.0,"damage_taken":0.0,"relics_obtained":["Happy Flower"],"cards_obtained":["Regret"]},{"cards_removed":["Defend_B"],"damage_healed":0.0,"max_hp_gain":0.0,"max_hp_loss":0.0,"gold_gain":0.0,"event_name":"Beggar","player_choice":"Gave Gold","floor":21.0,"gold_loss":75.0,"damage_taken":0.0},{"damage_healed":0.0,"max_hp_gain":0.0,"max_hp_loss":0.0,"gold_gain":0.0,"event_name":"Match and Keep!","player_choice":"2 cards matched","floor":30.0,"gold_loss":0.0,"damage_taken":0.0,"cards_obtained":["Zap","BootSequence"]},{"damage_healed":0.0,"max_hp_gain":0.0,"max_hp_loss":0.0,"gold_gain":0.0,"event_name":"Tomb of Lord Red Mask","player_choice":"Paid","floor":36.0,"gold_loss":275.0,"damage_taken":0.0,"relics_obtained":["Red Mask"]},{"damage_healed":0.0,"max_hp_gain":0.0,"max_hp_loss":4.0,"gold_gain":0.0,"event_name":"Winding Halls","player_choice":"Max HP","floor":37.0,"gold_loss":0.0,"damage_taken":0.0},{"damage_healed":0,"gold_gain":0,"player_choice":"Fight","damage_taken":0,"max_hp_gain":0,"max_hp_loss":0,"event_name":"MindBloom","floor":46,"gold_loss":0}],"is_beta":false,"boss_relics":[{"not_picked":["Runic Pyramid","Ectoplasm"],"picked":"Nuclear Battery"},{"not_picked":["SacredBark","Velvet Choker"],"picked":"Inserter"}],"items_purged_floors":[0,4,20,27,39,53],"is_endless":false,"potions_floor_spawned":[3,10,12,14,18,19,22,28,33,42,46,47],"ascension_level":14}}