{"host":"AZZAM","time":1612726939,"event":{"mods":["BaseMod","Colored Map","Highlight Path","Minty Spire (QoL Compilation)","Relic Stats","Unceasing Turn Reminder"],"gold_per_floor":[109,109,120,135,145,145,245,263,263,263,291,291,321,337,337,337,337],"floor_reached":16,"language":"ENG","playtime":463,"items_purged":[],"score":134,"play_id":"1fdadf80-e21b-4945-af7c-d179e6ca86c6","local_time":"20210207224219","is_ascension_mode":true,"campfire_choices":[{"data":"Skewer","floor":6,"key":"SMITH"},{"floor":10,"key":"REST"},{"data":"Wraith Form v2","floor":12,"key":"SMITH"},{"data":"Dash","floor":15,"key":"SMITH"}],"circlet_count":0,"master_deck":["Strike_G","Strike_G","Strike_G","Strike_G","Strike_G","Defend_G","Defend_G","Defend_G","Defend_G","Defend_G","Survivor","Neutralize","Deadly Poison","Dagger Spray","Skewer+1","Terror","PiercingWail","Wraith Form v2+1","Dash+1","Acrobatics"],"relics":["Ring of the Snake","Regal Pillow","Paper Crane","Question Card","Bag of Preparation","Eternal Feather"],"acts_visited":["Exordium"],"potions_floor_usage":[11,13,14,14],"damage_taken":[{"damage":5,"enemies":"2 Louse","floor":1,"turns":2},{"damage":4,"enemies":"Jaw Worm","floor":3,"turns":5},{"damage":0,"enemies":"Cultist","floor":4,"turns":4},{"damage":0,"enemies":"3 Louse","floor":5,"turns":2},{"damage":9,"enemies":"2 Fungi Beasts","floor":8,"turns":3},{"damage":32,"enemies":"3 Sentries","floor":11,"turns":9},{"damage":28,"enemies":"Gremlin Nob","floor":13,"turns":4},{"damage":0,"enemies":"Lots of Slimes","floor":14,"turns":2},{"damage":15,"enemies":"The Guardian","floor":16,"turns":5}],"seed_played":"-8673895291251910689","potions_obtained":[{"floor":1,"key":"GamblersBrew"},{"floor":5,"key":"ColorlessPotion"},{"floor":11,"key":"LiquidMemories"},{"floor":13,"key":"Strength Potion"}],"is_trial":false,"path_per_floor":["M","?","M","M","M","R","?","M","T","R","E","R","E","M","R","B"],"character_chosen":"THE_SILENT","items_purchased":[],"campfire_rested":1,"item_purchase_floors":[],"current_hp_per_floor":[65,40,36,36,36,36,36,27,27,63,31,31,3,3,15,0,0],"gold":337,"neow_bonus":"RANDOM_COMMON_RELIC","is_daily":false,"chose_seed":false,"campfire_upgraded":3,"win_rate":0.0,"timestamp":1612726939,"path_taken":["M","?","M","M","M","R","?","?","T","R","E","R","E","M","R","BOSS"],"items_purchased_type":[],"build_version":"2020-12-18","purchased_purges":0,"victory":false,"max_hp_per_floor":[70,70,70,70,70,70,70,70,70,70,70,70,70,70,70,70,70],"relic_stats":{"Regal Pillow":15,"counters":[9,36],"Eternal Feather":12,"Bag of Preparation":[6],"Question Card":3,"obtain_stats":[{"Regal Pillow":0,"Eternal Feather":13,"Bag of Preparation":11,"Paper Crane":2,"Question Card":9,"Ring of the Snake":0},{"Regal Pillow":0,"Eternal Feather":7,"Bag of Preparation":6,"Paper Crane":1,"Question Card":5,"Ring of the Snake":0},{"Regal Pillow":0,"Eternal Feather":29,"Bag of Preparation":25,"Paper Crane":2,"Question Card":16,"Ring of the Snake":0}],"Ring of the Snake":[18]},"card_choices":[{"not_picked":["Leg Sweep","Poisoned Stab"],"picked":"Deadly Poison","floor":1},{"not_picked":["Poisoned Stab","Dagger Throw"],"picked":"Dagger Spray","floor":3},{"not_picked":["Setup","Dagger Throw"],"picked":"Skewer","floor":4},{"not_picked":["Heel Hook","Leg Sweep"],"picked":"Terror","floor":5},{"not_picked":["Dagger Throw","Dodge and Roll"],"picked":"PiercingWail","floor":8},{"not_picked":["Poisoned Stab","Dash","Sucker Punch"],"picked":"Wraith Form v2","floor":11},{"not_picked":["Prepared","Infinite Blades","Tactician"],"picked":"Dash","floor":13},{"not_picked":["Eviscerate","Setup","Deflect"],"picked":"Acrobatics","floor":14}],"player_experience":84756,"relics_obtained":[{"floor":9,"key":"Question Card"},{"floor":11,"key":"Bag of Preparation"},{"floor":13,"key":"Eternal Feather"}],"event_choices":[{"damage_healed":0,"gold_gain":0,"player_choice":"Success","damage_taken":25,"relics_obtained":["Paper Crane"],"max_hp_gain":0,"max_hp_loss":0,"event_name":"Scrap Ooze","floor":2,"gold_loss":0},{"damage_healed":0,"gold_gain":100,"player_choice":"Pray","damage_taken":0,"max_hp_gain":0,"max_hp_loss":0,"event_name":"Golden Shrine","floor":7,"gold_loss":0}],"is_beta":true,"boss_relics":[],"items_purged_floors":[],"is_endless":false,"potions_floor_spawned":[1,5,11,13],"killed_by":"The Guardian","ascension_level":4}}