{"host":"hzswyuuwdl03wwzr","time":1612715241,"event":{"mods":["100% Spire Juice","ATMod(∞¢Ë™Mod)","AchievementEnabler","Act Like it!","BaseMod","Bossed Relics","CapriCore","Hallownest","Lobotomy","LobotomyExtend","Marisa£®ÏF”Í°°ƒß¿Ì…≥£©","Minty Spire (QoL Compilation)","Quick Restart","Reliquary","Remilia_Scarlet Moed£®¿Ÿ√◊¿Ú—«°§Àπø®¿◊Ãÿ£©3.3.5","Replay The Spire","StSLib","The Cursed","The Immortal","Yakumo Yukari mod","Youmu£®ªÍ∆«—˝√Œ£©","Yuyuko","°æπ¶ƒ‹Mod°øªÏ„Á÷Æª∑–ﬁ∏¥≤π∂°","°æ“≈ŒÔø®≈∆°øREMEMod"],"gold_per_floor":[113,113,113,113,126,126,126,155,155,190,190,223,223,223,0,26,26,145,145,178,178,210,240,305,305,335,4,29,29,29,61,61,61,61,189,189,223,254,254,282,329,329,382,382,405,405,436,461,542,542,542,562,562,562,72,127,163,163],"floor_reached":57,"language":"ZHS","playtime":2359,"items_purged":["Tactician","Defend_MRS"],"score":650,"play_id":"a0551569-7ea0-4b1b-8161-9e5260c24fb8","local_time":"20210208002721","is_ascension_mode":false,"campfire_choices":[{"data":"UpSweep","floor":9.0,"key":"SMITH"},{"data":"LuminesStrike","floor":17.0,"key":"SMITH"},{"data":"OpenUniverse","floor":25.0,"key":"SMITH"},{"data":"BinaryStars","floor":29.0,"key":"SMITH"},{"floor":34.0,"key":"REST"},{"data":"GrandCross","floor":42.0,"key":"SMITH"},{"floor":44.0,"key":"REST"},{"floor":46.0,"key":"RECALL"},{"floor":51.0,"key":"REST"},{"data":"PropBag","floor":54.0,"key":"SMITH"}],"circlet_count":1,"master_deck":["Strike_MRS+1","Strike_MRS+1","Strike_MRS+1","Strike_MRS+1","Defend_MRS","Defend_MRS","Defend_MRS","MasterSpark","UpSweep+1","NonDirectionalLaser+1","EarthLightRay+1","ChargeUpSpray","LuminesStrike+1","GravityBeat","GravityBeat","BinaryStars+1","PulseMagic","AlicesGift","OpenUniverse+1","StarBarrage+1","GrandCross+1","CurseOfTheBell","DoubleSpark+1","Orbital+1","AsteroidBelt+1","PropBag+1","MysteriousBeam+1","DeepEcoloBomb+1"],"relics":["BewitchedHakkero","AT_ATBox","REME_ComplimentaryCards","Bag of Marbles","LetterFromLob","Hallownest:DreamNailRelic","Hallownest:TeacherSealRelic","Circlet","Bag of Marbles","Chameleon Ring","REME_HourglassOfDeath","Hallownest:SalubrasBlessingRelic","Replay:Bandana","RedMistMask","Pet Ghost","reliquary:WeakTea","reliquary:RoseTintedGlasses","Calling Bell","Replay:Mystery Machine","Quantum Egg","Incense Burner","Bottled Lightning","Potion Belt","CatCart","REME_PuzzleBoxRelic","Replay:Bottled Eggs","Gremlin Horn"],"acts_visited":["Hallownest:Greenpath","Hallownest:CityofTears","TheBeyond","TheEnding"],"potions_floor_usage":[],"damage_taken":[{"damage":3.0,"enemies":"Hallownest:2_MossCreeps","floor":1.0,"turns":5.0},{"damage":0.0,"enemies":"Hallownest:2_Baldur","floor":5.0,"turns":2.0},{"damage":14.0,"enemies":"Hallownest:eliteCrystalGuardian","floor":8.0,"turns":5.0},{"damage":4.0,"enemies":"Hallownest:eliteVengeflyKing","floor":10.0,"turns":5.0},{"damage":19.0,"enemies":"Hallownest:eliteCrystalGuardian","floor":12.0,"turns":4.0},{"damage":6.0,"enemies":"Hallownest:monsterHuskWarrior","floor":16.0,"turns":2.0},{"damage":22.0,"enemies":"Hallownest:BossBrokenVessel","floor":18.0,"turns":5.0},{"damage":0.0,"enemies":"Hallownest:3_Youths","floor":20.0,"turns":5.0},{"damage":0.0,"enemies":"Hallownest:2_Mistakes","floor":22.0,"turns":3.0},{"damage":36.0,"enemies":"Hallownest:3_Mistakes","floor":23.0,"turns":7.0},{"damage":23.0,"enemies":"Hallownest:Glutton_and_Coward","floor":24.0,"turns":3.0},{"damage":11.0,"enemies":"Hallownest:Warrior_and_Youth","floor":26.0,"turns":5.0},{"damage":0.0,"enemies":"Hallownest:Master_and_Novice","floor":31.0,"turns":3.0},{"damage":21.0,"enemies":"Hallownest:BossMantisLord","floor":35.0,"turns":5.0},{"damage":18.0,"enemies":"3 Darklings","floor":37.0,"turns":4.0},{"damage":0.0,"enemies":"Orb Walker","floor":38.0,"turns":3.0},{"damage":22.0,"enemies":"Jaw Worm Horde","floor":40.0,"turns":4.0},{"damage":26.0,"enemies":"Sphere and 2 Shapes","floor":41.0,"turns":3.0},{"damage":15.0,"enemies":"R_Hoarder","floor":43.0,"turns":5.0},{"damage":5.0,"enemies":"Writhing Mass","floor":47.0,"turns":3.0},{"damage":0.0,"enemies":"3 Darklings","floor":48.0,"turns":1.0},{"damage":16.0,"enemies":"Orin","floor":49.0,"turns":7.0},{"damage":22.0,"enemies":"Replay:Hell Engine","floor":52.0,"turns":5.0},{"damage":8.0,"enemies":"Shield and Spear","floor":56.0,"turns":3.0},{"damage":113,"enemies":"The Heart","floor":57,"turns":6}],"seed_played":"2621238253122057842","potions_obtained":[{"floor":1.0,"key":"Dexterity Potion"},{"floor":16.0,"key":"ColorlessPotion"},{"floor":18.0,"key":"DuplicationPotion"},{"floor":26.0,"key":"Flashbang"},{"floor":31.0,"key":"Energy Potion"},{"floor":38.0,"key":"Milkshake"},{"floor":41.0,"key":"Venom Potion"},{"floor":48.0,"key":"Explosive Potion"},{"floor":49.0,"key":"SkillPotion"}],"is_trial":false,"path_per_floor":["M","?","?","?","M","PTL","PTL","E","R","E","T","E","?","?","$","M","R","B",null,"M","?","M","M","M","R","M","$","T","R","$","M","?","$","R","B",null,"M","M","?","M","M","R","E","R","T","R","M","M","?","?","R","B",null,"R","$","E","B"],"character_chosen":"MARISA","items_purchased":["Replay:Bandana","reliquary:WeakTea","The Bomb","REME_PuzzleBoxRelic","Replay:Bottled Eggs"],"campfire_rested":3,"item_purchase_floors":[15,27,27,55,55],"current_hp_per_floor":[72,72,72,72,72,72,72,61,61,61,61,50,50,50,50,56,56,40,75,75,75,75,45,34,34,29,29,29,29,29,29,29,29,53,38,77,59,59,59,37,17,17,8,33,33,33,28,28,18,18,43,27,81,81,81,73,0,0],"gold":163,"neow_bonus":"RANDOM_COMMON_RELIC","is_daily":false,"chose_seed":false,"campfire_upgraded":6,"win_rate":0.0,"timestamp":1612715241,"path_taken":["M","?","?","?","?","PTL","PTL","E","R","E","T","E","?","?","$","M","R","BOSS","M","?","M","?","M","R","M","?","T","R","$","?","?","?","R","BOSS","M","M","?","M","?","R","E","R","T","R","M","?","?","?","R","BOSS","R","$","E","BOSS"],"items_purchased_type":["Relic","Relic","Card","Relic","Relic"],"build_version":"2020-12-22","purchased_purges":2,"victory":false,"max_hp_per_floor":[75,75,75,75,75,75,75,75,75,75,75,75,75,75,75,75,75,75,75,75,75,75,75,75,75,75,75,75,75,75,75,75,75,77,77,77,77,77,77,77,77,77,77,79,79,79,79,79,79,79,81,81,81,81,81,81,81,81],"card_choices":[{"not_picked":["ChargeUpSpray","GrandCross"],"picked":"NonDirectionalLaser","floor":1.0},{"not_picked":["GrandCross","EventHorizon"],"picked":"EarthLightRay","floor":5.0},{"not_picked":["GravityBeat","MagicAbsorber"],"picked":"ChargeUpSpray","floor":8.0},{"not_picked":["GravityBeat","NonDirectionalLaser"],"picked":"LuminesStrike","floor":10.0},{"not_picked":["ShootTheMoon","CasketOfStar"],"picked":"GravityBeat","floor":12.0},{"not_picked":["ShootingEcho","WitchOfGreed","6A"],"picked":"SKIP","floor":16.0},{"not_picked":["TreasureHunter","FinalSpark"],"picked":"BinaryStars","floor":18.0},{"not_picked":["IllusionStar","WitchOfGreed"],"picked":"PulseMagic","floor":20.0},{"not_picked":["MagicAbsorber+1","Singularity","PowerUp"],"picked":"SKIP","floor":22.0},{"not_picked":["IllusionStar+1","AsteroidBelt"],"picked":"AlicesGift","floor":23.0},{"not_picked":["Singularity","GalacticHalo"],"picked":"OpenUniverse","floor":24.0},{"not_picked":["GalacticHalo","6A"],"picked":"StarBarrage+1","floor":26.0},{"not_picked":["GravityBeat","EnergyFlow"],"picked":"GrandCross","floor":31.0},{"not_picked":["OpenUniverse","UnstableBomb"],"picked":"DoubleSpark+1","floor":37.0},{"not_picked":["ChargeUpSpray+1","IllusionStar+1","OpenUniverse+1"],"picked":"SKIP","floor":38.0},{"not_picked":["SporeBomb","WitchOfGreed"],"picked":"Orbital+1","floor":40.0},{"not_picked":["SprinkleStarSeal","UnstableBomb+1"],"picked":"AsteroidBelt+1","floor":41.0},{"not_picked":["DC","SporeBomb"],"picked":"PropBag","floor":43.0},{"not_picked":["TreasureHunter","DarkSpark","PulseMagic+1"],"picked":"SKIP","floor":47.0},{"not_picked":["ChargingUp","NonDirectionalLaser+1"],"picked":"MysteriousBeam+1","floor":48.0},{"not_picked":["Singularity","DoubleSpark"],"picked":"DeepEcoloBomb+1","floor":49.0},{"not_picked":["Robbery","ChargingUp+1","WitchOfGreed+1"],"picked":"SKIP","floor":56.0}],"player_experience":39583,"relics_obtained":[{"floor":1.0,"key":"LetterFromLob"},{"floor":8.0,"key":"reliquary:SculptingSteel"},{"floor":10.0,"key":"Chameleon Ring"},{"floor":12.0,"key":"REME_HourglassOfDeath"},{"floor":20.0,"key":"RedMistMask"},{"floor":28.0,"key":"reliquary:RoseTintedGlasses"},{"floor":36.0,"key":"Replay:Mystery Machine"},{"floor":36.0,"key":"Quantum Egg"},{"floor":36.0,"key":"Incense Burner"},{"floor":43.0,"key":"Bottled Lightning"},{"floor":45.0,"key":"Potion Belt"},{"floor":49.0,"key":"CatCart"}],"event_choices":[{"damage_healed":0.0,"max_hp_gain":0.0,"max_hp_loss":0.0,"gold_gain":0.0,"event_name":"Upgrade Shrine","player_choice":"Upgraded","floor":39.0,"gold_loss":0.0,"damage_taken":0.0,"cards_upgraded":["NonDirectionalLaser"]},{"damage_healed":0.0,"max_hp_gain":0.0,"max_hp_loss":0.0,"gold_gain":0.0,"event_name":"OrinTheCat","player_choice":"Fight","floor":49.0,"gold_loss":0.0,"damage_taken":0.0},{"cards_removed":["The Bomb"],"damage_healed":0.0,"max_hp_gain":0.0,"max_hp_loss":0.0,"gold_gain":0.0,"event_name":"Falling","player_choice":"Removed Skill","floor":50.0,"gold_loss":0.0,"damage_taken":0.0}],"is_beta":false,"boss_relics":[{"not_picked":["REME_LowDesire","Fusion Hammer"],"picked":"BewitchedHakkero"},{"not_picked":["RampagingMagicTools","reliquary:RedPaperclip"],"picked":"Calling Bell"}],"items_purged_floors":[15,55],"is_endless":false,"potions_floor_spawned":[1,16,18,26,31,38,41,48,49],"killed_by":"The Heart","ascension_level":0}}