{"host":"2kfsro7skzomnm41","time":1612657979,"event":{"mods":["AchievementEnabler","BaseMod","Googly Eyes","Highlight Path","Minty Spire (QoL Compilation)","StSLib"],"gold_per_floor":[11,23,38,49,63,91,91,41,41,41,41,75,75,102,102,201,201,214,214,226,236,14,14,44,44,68,78,91,14,14,45,45,45,45],"floor_reached":33,"language":"ENG","playtime":2072,"items_purged":["Strike_G"],"score":550,"play_id":"60586cfc-bc4a-4364-a639-c86237e50714","local_time":"20210206193259","is_ascension_mode":true,"campfire_choices":[{"data":"Glass Knife","floor":7.0,"key":"SMITH"},{"floor":10.0,"key":"REST"},{"data":"Neutralize","floor":13.0,"key":"SMITH"},{"data":"Footwork","floor":15.0,"key":"SMITH"},{"data":"Burst","floor":23.0,"key":"SMITH"},{"data":"Noxious Fumes","floor":25,"key":"SMITH"},{"floor":30,"key":"REST"},{"data":"Acrobatics","floor":32,"key":"SMITH"}],"circlet_count":0,"master_deck":["AscendersBane","Strike_G","Strike_G","Defend_G","Defend_G","Defend_G","Defend_G","Defend_G","Survivor","Neutralize+1","Poisoned Stab","Dash","Heel Hook","Noxious Fumes+1","Dagger Spray","Glass Knife+1","Footwork+1","Terror","Corpse Explosion","Acrobatics+1","Footwork","Dodge and Roll+1","Burst+1","PiercingWail","Crippling Poison","Escape Plan"],"relics":["Ring of the Snake","Lizard Tail","Darkstone Periapt","Bronze Scales","Pen Nib","Singing Bowl","Snecko Eye","CultistMask","Thread and Needle","Vajra","PreservedInsect"],"acts_visited":["Exordium","TheCity"],"potions_floor_usage":[33],"damage_taken":[{"damage":5.0,"enemies":"Cultist","floor":1.0,"turns":6.0},{"damage":2.0,"enemies":"2 Louse","floor":2.0,"turns":3.0},{"damage":2.0,"enemies":"Small Slimes","floor":3.0,"turns":4.0},{"damage":3.0,"enemies":"Blue Slaver","floor":4.0,"turns":3.0},{"damage":2.0,"enemies":"Lots of Slimes","floor":5.0,"turns":4.0},{"damage":25.0,"enemies":"3 Sentries","floor":6.0,"turns":6.0},{"damage":8.0,"enemies":"Gremlin Nob","floor":12.0,"turns":3.0},{"damage":17.0,"enemies":"3 Sentries","floor":14.0,"turns":6.0},{"damage":8.0,"enemies":"The Guardian","floor":16.0,"turns":8.0},{"damage":0.0,"enemies":"Spheric Guardian","floor":18.0,"turns":3.0},{"damage":7.0,"enemies":"Shell Parasite","floor":20.0,"turns":6.0},{"damage":13.0,"enemies":"Shelled Parasite and Fungi","floor":21.0,"turns":3.0},{"damage":16.0,"enemies":"Slavers","floor":24.0,"turns":3.0},{"damage":6,"enemies":"Centurion and Healer","floor":27,"turns":4},{"damage":10,"enemies":"Snake Plant","floor":28,"turns":4},{"damage":0,"enemies":"Gremlin Leader","floor":31,"turns":5},{"damage":82,"enemies":"Champ","floor":33,"turns":13}],"seed_played":"3546990149889505579","potions_obtained":[{"floor":2.0,"key":"Block Potion"},{"floor":6.0,"key":"DuplicationPotion"},{"floor":16.0,"key":"SteroidPotion"},{"floor":20.0,"key":"Ancient Potion"},{"floor":21.0,"key":"Energy Potion"},{"floor":31,"key":"FearPotion"}],"is_trial":false,"path_per_floor":["M","M","M","M","M","E","R","?","T","R","?","E","R","E","R","B",null,"M","?","M","M","$","R","E","R","T","M","M","$","R","E","R","B"],"character_chosen":"THE_SILENT","items_purchased":["Burst","Escape Plan"],"campfire_rested":2,"item_purchase_floors":[22,29],"current_hp_per_floor":[58,56,54,51,49,24,24,24,24,45,38,30,30,13,13,5,54,54,54,47,34,34,34,18,18,18,14,4,4,25,27,27,0,0],"gold":45,"neow_bonus":"ONE_RARE_RELIC","is_daily":false,"chose_seed":false,"campfire_upgraded":6,"win_rate":0.0,"timestamp":1612657979,"path_taken":["M","?","M","M","M","E","R","?","T","R","?","E","R","E","R","BOSS","M","?","?","M","$","R","E","R","T","M","?","?","R","E","R","BOSS"],"items_purchased_type":["Card","Card"],"build_version":"2020-12-22","purchased_purges":1,"victory":false,"max_hp_per_floor":[70,70,70,70,70,70,70,70,70,70,70,70,70,70,70,70,70,70,70,70,70,70,70,70,70,70,72,72,72,72,74,74,74,74],"card_choices":[{"not_picked":["Cloak And Dagger","Tactician"],"picked":"Poisoned Stab","floor":1.0},{"not_picked":["Quick Slash","Blade Dance"],"picked":"Dash","floor":2.0},{"not_picked":["Deadly Poison","Backflip"],"picked":"Heel Hook","floor":3.0},{"not_picked":["Backflip","Poisoned Stab"],"picked":"Noxious Fumes","floor":4.0},{"not_picked":["Leg Sweep","Slice"],"picked":"Dagger Spray","floor":5.0},{"not_picked":["Deflect","Dagger Throw"],"picked":"Glass Knife","floor":6.0},{"not_picked":["Bane","Tactician"],"picked":"Footwork","floor":12.0},{"not_picked":["Masterful Stab","Quick Slash"],"picked":"Terror","floor":14.0},{"not_picked":["Grand Finale","Die Die Die"],"picked":"Corpse Explosion","floor":16.0},{"not_picked":["Sucker Punch+1","All Out Attack"],"picked":"Acrobatics","floor":18.0},{"not_picked":["Dagger Spray","Deflect"],"picked":"Footwork","floor":20.0},{"not_picked":["Tactician","Backstab"],"picked":"Dodge and Roll+1","floor":21.0},{"not_picked":["Outmaneuver+1","Cloak And Dagger+1"],"picked":"PiercingWail","floor":24.0},{"not_picked":["Deflect","Quick Slash","Sucker Punch"],"picked":"Singing Bowl","floor":27},{"not_picked":["Bane","Grand Finale"],"picked":"Crippling Poison","floor":28},{"not_picked":["Blade Dance","Infinite Blades+1","Deflect"],"picked":"Singing Bowl","floor":31}],"player_experience":291871,"relics_obtained":[{"floor":6.0,"key":"Darkstone Periapt"},{"floor":9.0,"key":"Bronze Scales"},{"floor":12.0,"key":"Pen Nib"},{"floor":14.0,"key":"Singing Bowl"},{"floor":24.0,"key":"Thread and Needle"},{"floor":26,"key":"Vajra"},{"floor":31,"key":"PreservedInsect"}],"event_choices":[{"cards_removed":["Strike_G"],"damage_healed":0.0,"max_hp_gain":0.0,"max_hp_loss":0.0,"gold_gain":0.0,"event_name":"The Cleric","player_choice":"Card Removal","floor":8.0,"gold_loss":50.0,"damage_taken":0.0},{"cards_removed":["Strike_G"],"damage_healed":0.0,"max_hp_gain":0.0,"max_hp_loss":0.0,"gold_gain":0.0,"event_name":"Golden Wing","player_choice":"Card Removal","floor":11.0,"gold_loss":0.0,"damage_taken":7.0},{"damage_healed":0.0,"max_hp_gain":0.0,"max_hp_loss":0.0,"gold_gain":0.0,"event_name":"FaceTrader","player_choice":"Trade","floor":19.0,"gold_loss":0.0,"damage_taken":0.0,"relics_obtained":["CultistMask"]}],"is_beta":false,"boss_relics":[{"not_picked":["SacredBark","Fusion Hammer"],"picked":"Snecko Eye"}],"items_purged_floors":[22],"is_endless":false,"potions_floor_spawned":[2,6,16,20,21,31],"killed_by":"Champ","ascension_level":11}}