{"host":"8o45mh5p3pp1o2mi","time":1612661016,"event":{"mods":["BaseMod","Bestiary","Better Match","Better Third Choice","BetterRewards","Dark Map","Downfall","Fox Events","Minty Spire (QoL Compilation)","Rare Cards Sparkle","Relic Stats","Replay The Spire","Shop Mod","Spire Exporter","StSLib","everything is the same but u backflip on backflip"],"gold_per_floor":[0,20,120,140,74,74,100,100,111,127,154,164,164,201,215,215,215,215],"floor_reached":16,"language":"ENG","playtime":867,"items_purged":[],"score":104,"play_id":"fdc91a8e-78fc-4e6e-82b9-e70037517f55","local_time":"20210207012336","is_ascension_mode":false,"campfire_choices":[{"floor":1,"key":"DIG"},{"data":"1","floor":6,"key":"LIFT"},{"data":"2","floor":8,"key":"LIFT"},{"floor":13,"key":"REST"}],"circlet_count":0,"master_deck":["sneckomod:Strike","sneckomod:Strike","sneckomod:Strike","sneckomod:Defend+1","sneckomod:Defend","sneckomod:Defend","sneckomod:TailWhip","sneckomod:SnekBite","sneckomod:Unknown","sneckomod:UnknownBoss","sneckomod:UnknownVulnerable","Limit Break","sneckomod:UnknownX","sneckomod:DiceCrush","sneckomod:UnknownRarePower","sneckomod:SlitherStrike","sneckomod:CheapStock","sneckomod:SoulRoll","sneckomod:Nope"],"relics":["sneckomod:SneckoSoul","Girya","ReplayTheSpireMod:TigerMarble","Quantum Egg"],"acts_visited":["Exordium"],"potions_floor_usage":[10],"damage_taken":[{"damage":11,"enemies":"Jaw Worm","floor":2,"turns":4},{"damage":3,"enemies":"Small Slimes","floor":4,"turns":2},{"damage":3,"enemies":"downfall:FleeingMerchant","floor":5,"turns":4},{"damage":4,"enemies":"Cultist","floor":9,"turns":3},{"damage":24,"enemies":"Lots of Slimes","floor":10,"turns":5},{"damage":24,"enemies":"Gremlin Nob","floor":11,"turns":4},{"damage":0,"enemies":"Large Slime","floor":12,"turns":4},{"damage":29,"enemies":"Gremlin Gang","floor":14,"turns":5},{"damage":10,"enemies":"3 Louse","floor":15,"turns":3},{"damage":21,"enemies":"WA_ARCHETYPE_RETAIN","floor":16,"turns":2}],"seed_played":"-6027277150971533966","potions_obtained":[{"floor":4,"key":"Adrenaline Potion"},{"floor":10,"key":"hexamod:SoulburnPotion"},{"floor":12,"key":"Elixir"},{"floor":15,"key":"AttackPotion"}],"is_trial":false,"path_per_floor":["R","M","?","M","$","R","T","R","M","M","E","M","R","M","M","B"],"character_chosen":"THE_SNECKO","items_purchased":["sneckomod:DiceCrush"],"campfire_rested":1,"item_purchase_floors":[5],"current_hp_per_floor":[90,79,79,76,73,73,73,73,69,45,21,21,48,19,15,0,0,0],"gold":215,"neow_bonus":"THREE_RARE_CARDS","is_daily":false,"chose_seed":false,"campfire_upgraded":0,"win_rate":0.0,"timestamp":1612661016,"path_taken":["R","M","?","M","$","R","T","R","M","M","E","M","R","M","M","BOSS"],"items_purchased_type":["Card"],"build_version":"2020-12-22","purchased_purges":0,"victory":false,"max_hp_per_floor":[90,90,90,90,90,90,90,90,90,90,90,90,90,90,90,90,90,90],"relic_stats":{"counters":[10,36],"obtain_stats":[{"Girya":1,"Quantum Egg":11,"ReplayTheSpireMod:TigerMarble":7,"sneckomod:SneckoSoul":0},{"Girya":0,"Quantum Egg":6,"ReplayTheSpireMod:TigerMarble":3,"sneckomod:SneckoSoul":0},{"Girya":0,"Quantum Egg":22,"ReplayTheSpireMod:TigerMarble":10,"sneckomod:SneckoSoul":0}]},"card_choices":[{"not_picked":["sneckomod:UnknownRareAttack","sneckomod:DangerNoodle"],"picked":"sneckomod:UnknownBoss","floor":0},{"not_picked":["sneckomod:IronFang","sneckomod:DiceBoulder"],"picked":"sneckomod:UnknownVulnerable","floor":2},{"not_picked":["sneckomod:SoulDraw","sneckomod:DefensiveFlair"],"picked":"sneckomod:Memorize","floor":4},{"not_picked":["sneckomod:UnknownCommonSkill","sneckomod:DiceBlock"],"picked":"sneckomod:UnknownX","floor":5},{"not_picked":["sneckomod:SoulRoll","sneckomod:SnekBeam"],"picked":"sneckomod:UnknownRarePower","floor":9},{"not_picked":["sneckomod:Memorize","sneckomod:QuickMove"],"picked":"sneckomod:SlitherStrike","floor":10},{"not_picked":["sneckomod:UnknownBlock","sneckomod:SlitherStrike"],"picked":"sneckomod:CheapStock","floor":11},{"not_picked":["sneckomod:UnknownX","sneckomod:RainOfDice"],"picked":"sneckomod:SoulRoll","floor":12},{"not_picked":["sneckomod:DiceBlock","sneckomod:TrashToTreasure"],"picked":"sneckomod:Nope","floor":14},{"not_picked":["sneckomod:SnekBeam","sneckomod:QuickMove","sneckomod:UnknownCommonSkill"],"picked":"SKIP","floor":15}],"player_experience":174721,"relics_obtained":[{"floor":1,"key":"Girya"},{"floor":7,"key":"ReplayTheSpireMod:TigerMarble"},{"floor":11,"key":"Quantum Egg"}],"event_choices":[],"is_beta":false,"boss_relics":[],"items_purged_floors":[],"is_endless":false,"potions_floor_spawned":[4,10,12,15],"killed_by":"WA_ARCHETYPE_RETAIN","ascension_level":0}}