{"host":"xw709scqdmsx7obr","time":1612732383,"event":{"mods":["BaseMod","Colored Map","Downfall","Minty Spire (QoL Compilation)","Replay The Spire","StSLib"],"gold_per_floor":[99,112,212,230,241,271,296,10,26,41,41,51,51,51,68,68,68,68],"floor_reached":16,"language":"ENG","playtime":1983,"items_purged":["bronze:Defend"],"score":104,"play_id":"ef2b1dd2-97be-4d3e-b53e-e9a3473c926c","local_time":"20210207161303","is_ascension_mode":false,"campfire_choices":[{"floor":1,"key":"RECALL"},{"data":"bronze:AlphaBuild","floor":11,"key":"SMITH"},{"floor":13,"key":"REST"}],"circlet_count":0,"master_deck":["bronze:Strike","bronze:Strike","bronze:Strike","bronze:Strike","bronze:Defend","bronze:Defend","bronze:Defend","bronze:Branch","bronze:CloningBeam","bronze:OilSpill","bronze:HyperBeam","bronze:Optimize","bronze:AlphaBuild+1","bronze:Frontload","bronze:Frontload","bronze:OilSpill","bronze:Assembly","m_BronzeAgony","m_BronzeSurvivor"],"relics":["bronze:BronzeCore","Orichalcum","Oddly Smooth Stone"],"acts_visited":["Exordium"],"potions_floor_usage":[16],"damage_taken":[{"damage":6,"enemies":"2 Louse","floor":2,"turns":3},{"damage":0,"enemies":"Cultist","floor":4,"turns":3},{"damage":6,"enemies":"Jaw Worm","floor":5,"turns":3},{"damage":27,"enemies":"3 Sentries","floor":6,"turns":10},{"damage":0,"enemies":"downfall:FleeingMerchant","floor":8,"turns":4},{"damage":13,"enemies":"3 Louse","floor":9,"turns":2},{"damage":6,"enemies":"Blue Slaver","floor":10,"turns":2},{"damage":14,"enemies":"Gremlin Gang","floor":12,"turns":4},{"damage":10,"enemies":"Exordium Wildlife","floor":15,"turns":2},{"damage":18,"enemies":"DF_ARCHETYPE_STREAMLINE","floor":16,"turns":6}],"seed_played":"-9640107474890942","potions_obtained":[{"floor":4,"key":"SteroidPotion"},{"floor":5,"key":"Adrenaline Potion"},{"floor":9,"key":"Death Potion"}],"is_trial":false,"path_per_floor":["R","M","?","M","M","E","T","$","M","M","R","M","R","?","M","B"],"character_chosen":"THE_AUTOMATON","items_purchased":["bronze:AlphaBuild","bronze:Frontload"],"campfire_rested":1,"item_purchase_floors":[8,8],"current_hp_per_floor":[77,71,71,71,65,38,38,38,25,19,19,5,28,28,18,0,0,0],"gold":68,"neow_bonus":"TEN_PERCENT_HP_BONUS","is_daily":false,"chose_seed":false,"campfire_upgraded":1,"win_rate":0.0,"timestamp":1612732383,"path_taken":["R","M","?","M","M","E","T","?","M","M","R","M","R","?","M","BOSS"],"items_purchased_type":["Card","Card"],"build_version":"2020-12-22","purchased_purges":1,"victory":false,"max_hp_per_floor":[77,77,77,77,77,77,77,77,77,77,77,77,77,77,77,77,77,77],"card_choices":[{"not_picked":["bronze:Safeguard","bronze:Philosophize"],"picked":"bronze:Branch","floor":2},{"not_picked":["bronze:Deprecate","bronze:Frontload"],"picked":"bronze:CloningBeam","floor":4},{"not_picked":["bronze:Invalidate","bronze:ForLoop"],"picked":"bronze:OilSpill","floor":5},{"not_picked":["bronze:ItsAFeature","bronze:Invalidate"],"picked":"bronze:HyperBeam","floor":6},{"not_picked":["bronze:Overload","bronze:Iterate"],"picked":"bronze:Optimize","floor":8},{"not_picked":["bronze:DelayedGuard","bronze:Frontload","bronze:OilSpill"],"picked":"SKIP","floor":9},{"not_picked":["bronze:BronzeArmor","bronze:FineTuning"],"picked":"bronze:OilSpill","floor":10},{"not_picked":["bronze:DelayedSlice","bronze:Invalidate"],"picked":"bronze:Assembly","floor":12},{"not_picked":["bronze:MaxOutput","bronze:FollowUp","bronze:Safeguard"],"picked":"SKIP","floor":15}],"player_experience":93003,"relics_obtained":[{"floor":6,"key":"Orichalcum"},{"floor":7,"key":"Oddly Smooth Stone"}],"event_choices":[],"is_beta":false,"boss_relics":[],"items_purged_floors":[8],"is_endless":false,"potions_floor_spawned":[4,5,9,12],"killed_by":"DF_ARCHETYPE_STREAMLINE","ascension_level":0}}