{"host":"uhnh33uh34qot0et","time":1612735225,"event":{"mods":["BaseMod","Colored Map","Downfall","Hermit","Marisa????????","Minty Spire (QoL Compilation)","StSLib","The Bug Knight","The Cursed","The Servant 0.9.4"],"gold_per_floor":[115,129,147,164,164,194,194,211,258,358,72,86,119,139,139,239,239,220,58,58,70,70,95,111,72,72,72,88,100,100,100],"floor_reached":30,"language":"ENG","playtime":883,"items_purged":[],"score":289,"play_id":"5d841357-63e9-48b2-bde2-8a08b463445a","local_time":"20210207230025","is_ascension_mode":false,"campfire_choices":[{"floor":7,"key":"REST"},{"floor":15,"key":"REST"},{"floor":27,"key":"REST"}],"circlet_count":0,"master_deck":["Strike_B","Strike_B","Strike_B","Strike_B","Defend_B","Defend_B","Defend_B","Defend_B","Zap","Dualcast","Capacitor","Coolheaded","Streamline+1","Capacitor","Electrodynamics","BootSequence","Storm","Conserve Battery","Ball Lightning","Storm+1","Static Discharge+1","Creative AI+1","Gash","Thunder Strike","Conserve Battery+1","Sweeping Beam","Thunder Strike","Storm+1","Go for the Eyes","Fusion"],"relics":["SacredBark","StoneCalendar","hexamod:BolsterEngine","MealTicket","Frozen Egg 2","Inserter","Pen Nib","Meat on the Bone"],"acts_visited":["Exordium","TheCity"],"potions_floor_usage":[6,13,13,16,21,29],"damage_taken":[{"damage":9,"enemies":"Jaw Worm","floor":1,"turns":4},{"damage":10,"enemies":"Cultist","floor":2,"turns":4},{"damage":4,"enemies":"Small Slimes","floor":3,"turns":4},{"damage":11,"enemies":"3 Louse","floor":4,"turns":4},{"damage":18,"enemies":"Gremlin Nob","floor":6,"turns":4},{"damage":22,"enemies":"Large Slime","floor":8,"turns":5},{"damage":4,"enemies":"Exordium Wildlife","floor":12,"turns":4},{"damage":0,"enemies":"Lagavulin","floor":13,"turns":7},{"damage":2,"enemies":"Lots of Slimes","floor":14,"turns":2},{"damage":13,"enemies":"Hexaghost","floor":16,"turns":7},{"damage":24,"enemies":"2 Thieves","floor":18,"turns":4},{"damage":0,"enemies":"3 Byrds","floor":21,"turns":2},{"damage":34,"enemies":"Gremlin Leader","floor":23,"turns":6},{"damage":18,"enemies":"Centurion and Healer","floor":24,"turns":4},{"damage":18,"enemies":"3 Cultists","floor":28,"turns":3},{"damage":33,"enemies":"Sentry and Sphere","floor":29,"turns":5},{"damage":30,"enemies":"Slavers","floor":30,"turns":2}],"seed_played":"-5020308903047984074","potions_obtained":[{"floor":1,"key":"PowerPotion"},{"floor":2,"key":"EssenceOfSteel"},{"floor":3,"key":"Ancient Potion"},{"floor":6,"key":"Block Potion"},{"floor":12,"key":"EssenceOfSteel"},{"floor":18,"key":"PowerPotion"},{"floor":28,"key":"SkillPotion"}],"is_trial":false,"path_per_floor":["M","M","M","M","?","E","R","M","T","?","$","M","E","M","R","B",null,"M","$","?","M","?","E","M","$","T","R","M","M","E"],"character_chosen":"DEFECT","items_purchased":["Storm","MealTicket","Conserve Battery","Thunder Strike","Storm+1"],"campfire_rested":3,"item_purchase_floors":[11,11,11,19,25],"current_hp_per_floor":[66,56,52,41,41,23,45,23,23,23,23,19,19,17,39,26,75,51,66,66,66,66,32,14,29,29,51,45,24,0,0],"gold":100,"neow_bonus":"BOSS_RELIC","is_daily":false,"chose_seed":false,"campfire_upgraded":0,"win_rate":0.0,"timestamp":1612735225,"path_taken":["M","M","M","M","?","E","R","?","T","?","$","?","E","M","R","BOSS","M","$","?","M","?","E","M","?","T","R","M","?","E"],"items_purchased_type":["Card","Relic","Card","Card","Card"],"build_version":"2020-12-22","purchased_purges":0,"victory":false,"max_hp_per_floor":[75,75,75,75,75,75,75,75,75,75,75,75,75,75,75,75,75,75,75,75,75,75,75,75,75,75,75,75,75,75,75],"card_choices":[{"not_picked":["Double Energy","Lockon"],"picked":"Capacitor","floor":1},{"not_picked":["Stack","Beam Cell"],"picked":"Coolheaded","floor":2},{"not_picked":["Coolheaded","Beam Cell"],"picked":"Streamline","floor":3},{"not_picked":["Leap","Lockon"],"picked":"Capacitor","floor":4},{"not_picked":["Cold Snap","Melter"],"picked":"Electrodynamics","floor":6},{"not_picked":["Compile Driver","Genetic Algorithm"],"picked":"BootSequence","floor":8},{"not_picked":["Stack","Cold Snap"],"picked":"Ball Lightning","floor":12},{"not_picked":["Scrape","Streamline"],"picked":"Storm+1","floor":13},{"not_picked":["Beam Cell","Gash"],"picked":"Static Discharge+1","floor":14},{"not_picked":["Multi-Cast","Machine Learning+1"],"picked":"Creative AI+1","floor":16},{"not_picked":["Sweeping Beam+1","Fusion"],"picked":"Gash","floor":18},{"not_picked":["Sweeping Beam","Compile Driver"],"picked":"Conserve Battery+1","floor":21},{"not_picked":["Beam Cell","Chill+1"],"picked":"Sweeping Beam","floor":23},{"not_picked":["Stack","Chill+1"],"picked":"Thunder Strike","floor":24},{"not_picked":["Steam Power","Stack"],"picked":"Go for the Eyes","floor":28},{"not_picked":["Consume","Redo+1"],"picked":"Fusion","floor":29}],"player_experience":22354,"relics_obtained":[{"floor":6,"key":"StoneCalendar"},{"floor":9,"key":"hexamod:BolsterEngine"},{"floor":13,"key":"Frozen Egg 2"},{"floor":23,"key":"Pen Nib"},{"floor":26,"key":"Meat on the Bone"}],"event_choices":[{"damage_healed":0,"gold_gain":0,"player_choice":"Upgraded","damage_taken":0,"max_hp_gain":0,"max_hp_loss":0,"event_name":"Upgrade Shrine","floor":5,"gold_loss":0,"cards_upgraded":["Streamline"]},{"damage_healed":0,"gold_gain":100,"player_choice":"Pray","damage_taken":0,"max_hp_gain":0,"max_hp_loss":0,"event_name":"Golden Shrine","floor":10,"gold_loss":0},{"damage_healed":0,"gold_gain":0,"player_choice":"Ignored","damage_taken":0,"max_hp_gain":0,"max_hp_loss":0,"event_name":"Vampires","floor":20,"gold_loss":0}],"is_beta":false,"boss_relics":[{"not_picked":["Busted Crown","Calling Bell"],"picked":"Inserter"}],"items_purged_floors":[],"is_endless":false,"potions_floor_spawned":[1,2,3,6,12,18,28],"killed_by":"Slavers","ascension_level":0}}