{"host":"4ek4eq5z32z3zgvw","time":1612670929,"event":{"mods":["2.2 Compatiblity","AchievementEnabler","Act Like it!","AlwaysNeverKeys","Aspiration","BaseMod","Better Altar","Better Note","Better Sensory Stone","Better Skull","Better Third Choice","BetterRewards","Block Reminder","Card Filter","Colored Map","Colored Powertips","Conspire","Curses Come First","Dark Map","Defuse TimeMaze Blight","Energized Spire","Evolution","GifTheSpireLib","Halation","Hubris","Humility","Infinite Spire","Minty Spire (QoL Compilation)","Permanent Neow","Poor People Problems","Potion Indicator Mod","Quick Restart","Random Character Button","RatMod","Relic Filter","Relic Sorter","Relic Stats","Replay The Spire","Reworked Bosses","Shop Mod","Spikes Relics","StSLib","Stuff the Spire","SuperFastMode","The Blue Laboratory","The Sage","Uncapped","Unceasing Turn Reminder","UnlockEverythingMod","Username Fix","Waifu the Spire","egg"],"gold_per_floor":[115,21,55,0,0,0,34,34,34,54,84,102,120,139,139,211,211,221,221,235,235,254,254,283,293,369,382,54,69,69,4,4,75,75,91,91,91,103,116,149,60,60,60],"floor_reached":42,"language":"ENG","playtime":2026,"items_purged":[],"score":1116,"play_id":"308c5e51-94a4-4f8a-b02a-bdd53af97bc4","local_time":"20210206220849","is_ascension_mode":true,"campfire_choices":[{"data":"ReplayTheSpireMod:Private Reserves","floor":6.0,"key":"SMITH"},{"data":"Inflame","floor":8.0,"key":"SMITH"},{"floor":15.0,"key":"REST"},{"floor":23.0,"key":"REST"},{"data":"Demonic Infusion","floor":30.0,"key":"SMITH"},{"data":"Seeing Red","floor":32.0,"key":"SMITH"}],"circlet_count":0,"master_deck":["AscendersBane","Wild Strike","Headbutt","Wild Strike","Headbutt","Wild Strike","Armaments","Shrug It Off","Armaments","Shrug It Off","Bash","Inflame+1","ReplayTheSpireMod:Private Reserves+1","Decay","Whirlwind","Fiend Fire","Demonic Infusion+1","Replay:Undeath\u0027s Touch","Seeing Red+1","Hemogenesis","Flame Barrier","Limit Break","StuffTheSpire:BloodClot","Rage","Fire Breathing+1","Juggernaut+1","Replay:Many Hands+1","Anger","Flex","ReplayReversal","hubris:StunningStrike","Enlightenment"],"relics":["Burning Blood","halation:PinkSoulGem","EVO:Axolotl","NeowsBlessing","Frozen Egg 2","Ginger","SpikesRelics:ToyHorsey","StuffTheSpire:Experiment12","Honey Jar","infinitespire:DarkRift","Bag of Preparation","Matryoshka","PreservedInsect","StuffTheSpire:CocoNut","hubris:Backtick","hubris:Zylophone","infinitespire:Broken Mirror"],"acts_visited":["Exordium","TheCity","TheBeyond"],"potions_floor_usage":[39,40],"damage_taken":[{"damage":0.0,"enemies":"Jaw Worm","floor":1.0,"turns":1.0},{"damage":0.0,"enemies":"conspire:MimicChest","floor":3.0,"turns":1.0},{"damage":0.0,"enemies":"Lagavulin","floor":7.0,"turns":1.0},{"damage":0.0,"enemies":"Cultist","floor":10.0,"turns":3.0},{"damage":46.0,"enemies":"3 Sentries","floor":11.0,"turns":9.0},{"damage":3.0,"enemies":"Small Slimes","floor":12.0,"turns":3.0},{"damage":0.0,"enemies":"2 Fungi Beasts","floor":13.0,"turns":2.0},{"damage":10.0,"enemies":"Large Slime","floor":14.0,"turns":4.0},{"damage":62.0,"enemies":"Hexaghost","floor":16.0,"turns":7.0},{"damage":0.0,"enemies":"Chosen","floor":18.0,"turns":3.0},{"damage":12.0,"enemies":"2 Thieves","floor":20.0,"turns":3.0},{"damage":16.0,"enemies":"Centurion and Healer","floor":22.0,"turns":3.0},{"damage":11.0,"enemies":"Book of Stabbing","floor":24.0,"turns":3.0},{"damage":2.0,"enemies":"3 Cultists","floor":25.0,"turns":2.0},{"damage":0.0,"enemies":"Snecko","floor":27.0,"turns":3.0},{"damage":3.0,"enemies":"Snake Plant","floor":29.0,"turns":4.0},{"damage":0.0,"enemies":"bossMod:newChamp","floor":33.0,"turns":7.0},{"damage":100.0,"enemies":"3 Darklings","floor":35.0,"turns":7.0},{"damage":3,"enemies":"3 Shapes","floor":38,"turns":4},{"damage":2,"enemies":"Transient","floor":39,"turns":7},{"damage":35,"enemies":"R_Hoarder","floor":40,"turns":4},{"damage":18,"enemies":"Sphere and 2 Shapes","floor":42,"turns":2}],"seed_played":"-2252214415225154263","potions_obtained":[{"floor":7.0,"key":"Dexterity Potion"},{"floor":12.0,"key":"Adrenaline Potion"},{"floor":16.0,"key":"Swift Potion"},{"floor":18.0,"key":"Fire Potion"},{"floor":22.0,"key":"Languid Potion"},{"floor":25.0,"key":"DistilledChaos"},{"floor":29.0,"key":"Elixir"},{"floor":38,"key":"Strength Potion"},{"floor":39,"key":"FearPotion"}],"is_trial":false,"path_per_floor":["M","$","?","$","?","R","E","R","T","M","E","M","M","M","R","B",null,"M","?","M","?","M","R","E","M","T","M","$","M","R","?","R","B",null,"M","?","?","M","M","E","$","M"],"character_chosen":"IRONCLAD","items_purchased":["ReplayTheSpireMod:Private Reserves","ColorlessPotion","Fire Breathing+1","PreservedInsect","Regen Potion","Enlightenment"],"campfire_rested":2,"item_purchase_floors":[2,4,28,28,28,41],"current_hp_per_floor":[77,77,78,78,78,78,78,78,78,78,38,41,47,43,66,10,61,67,47,41,41,31,54,49,53,53,66,66,69,69,76,76,82,84,26,26,26,29,38,14,14,0,0],"gold":60,"neow_bonus":"THREE_ENEMY_KILL","is_daily":false,"chose_seed":false,"campfire_upgraded":4,"win_rate":0.0,"timestamp":1612670929,"path_taken":["M","$","?","$","?","R","E","R","T","M","E","M","M","?","R","BOSS","M","?","M","?","?","R","E","M","T","M","$","M","R","?","R","BOSS","M","?","?","?","M","E","$","M"],"items_purchased_type":["Card","Potion","Card","Relic","Potion","Card"],"build_version":"2020-12-22","purchased_purges":0,"victory":false,"max_hp_per_floor":[78,78,78,78,78,78,78,78,78,78,78,78,78,78,78,78,78,78,78,78,78,78,78,78,78,78,78,78,78,78,85,85,85,85,85,85,85,85,85,85,85,85,85],"relic_stats":{"counters":[22,83],"PreservedInsect":88,"Bag of Preparation":[18],"Ginger":[105],"obtain_stats":[{"NeowsBlessing":0,"PreservedInsect":28,"Bag of Preparation":24,"EVO:Axolotl":0,"Ginger":7,"Frozen Egg 2":3,"Burning Blood":0,"hubris:Zylophone":34,"StuffTheSpire:Experiment12":11,"infinitespire:DarkRift":19,"SpikesRelics:ToyHorsey":9,"Matryoshka":26,"hubris:Backtick":34,"infinitespire:Broken Mirror":40,"Honey Jar":17,"StuffTheSpire:CocoNut":31,"halation:PinkSoulGem":36},{"NeowsBlessing":0,"PreservedInsect":15,"Bag of Preparation":13,"EVO:Axolotl":0,"Ginger":3,"Frozen Egg 2":2,"Burning Blood":0,"hubris:Zylophone":17,"StuffTheSpire:Experiment12":5,"infinitespire:DarkRift":10,"SpikesRelics:ToyHorsey":3,"Matryoshka":14,"hubris:Backtick":17,"infinitespire:Broken Mirror":21,"Honey Jar":9,"StuffTheSpire:CocoNut":16,"halation:PinkSoulGem":18},{"NeowsBlessing":0,"PreservedInsect":48,"Bag of Preparation":43,"EVO:Axolotl":0,"Ginger":3,"Frozen Egg 2":2,"Burning Blood":0,"hubris:Zylophone":59,"StuffTheSpire:Experiment12":15,"infinitespire:DarkRift":34,"SpikesRelics:ToyHorsey":3,"Matryoshka":45,"hubris:Backtick":59,"infinitespire:Broken Mirror":81,"Honey Jar":31,"StuffTheSpire:CocoNut":52,"halation:PinkSoulGem":66}],"Burning Blood":109},"card_choices":[{"not_picked":["Headbutt","Shrug It Off"],"picked":"Inflame","floor":1.0},{"not_picked":["hubris:CleavingFinish","Abandon","Body Slam"],"picked":"SKIP","floor":7.0},{"not_picked":["ReplayTheSpireMod:LeadingStrike","Clothesline","Searing Blow"],"picked":"SKIP","floor":10.0},{"not_picked":["Uppercut","Anger","Twin Strike"],"picked":"SKIP","floor":11.0},{"not_picked":["Reckless Charge","StuffTheSpire:Incineration"],"picked":"Whirlwind","floor":12.0},{"not_picked":["ReplayTheSpireMod:Stacked","Sword Boomerang","Replay:Undeath\u0027s Touch"],"picked":"SKIP","floor":13.0},{"not_picked":["Headbutt","ReplayTheSpireMod:Muscle Training"],"picked":"Fiend Fire","floor":14.0},{"not_picked":["Barricade+1","Brutality+1"],"picked":"Demonic Infusion","floor":16.0},{"not_picked":["True Grit","conspire:Charge","Armaments+1"],"picked":"Replay:Undeath\u0027s Touch","floor":18.0},{"not_picked":["Pommel Strike+1","Sever Soul","Flex"],"picked":"Seeing Red","floor":20.0},{"not_picked":["Whirlwind","BarbarianYell+1","StuffTheSpire:BloodClot+1"],"picked":"Flame Barrier","floor":22.0},{"not_picked":["Thunderclap","ReplayTheSpireMod:Muscle Training","Second Wind"],"picked":"Limit Break","floor":24.0},{"not_picked":["Perfected Strike+1","Headbutt","Shrug It Off"],"picked":"StuffTheSpire:BloodClot","floor":25.0},{"not_picked":["Iron Wave","Body Slam","Sword Boomerang"],"picked":"Rage","floor":27.0},{"not_picked":["Intimidate","Spot Weakness","Sword Boomerang"],"picked":"Juggernaut+1","floor":29.0},{"not_picked":["Brutality+1","Juggernaut+1","StuffTheSpire:TitanForm+1"],"picked":"Replay:Many Hands","floor":33.0},{"not_picked":["Cleave","Body Slam","Thunderclap"],"picked":"Anger","floor":35.0},{"not_picked":["Anger","Defy Death","Heavy Blade"],"picked":"Flex","floor":38},{"not_picked":["Iron Wave","StuffTheSpire:RockThrow","Searing Blow"],"picked":"ReplayReversal","floor":39},{"not_picked":["Sword Boomerang","Shrug It Off","Heavy Blade+1"],"picked":"hubris:StunningStrike","floor":40}],"player_experience":659121,"relics_obtained":[{"floor":3.0,"key":"Frozen Egg 2"},{"floor":7.0,"key":"Ginger"},{"floor":9.0,"key":"SpikesRelics:ToyHorsey"},{"floor":11.0,"key":"StuffTheSpire:Experiment12"},{"floor":24.0,"key":"Bag of Preparation"},{"floor":26.0,"key":"Matryoshka"},{"floor":40,"key":"infinitespire:Broken Mirror"}],"event_choices":[{"damage_healed":0.0,"max_hp_gain":0.0,"max_hp_loss":0.0,"gold_gain":0.0,"event_name":"Wheel of Change","player_choice":"Cursed","floor":5.0,"gold_loss":0.0,"damage_taken":0.0,"cards_obtained":["Decay"]},{"damage_healed":0.0,"max_hp_gain":0.0,"max_hp_loss":0.0,"gold_gain":0.0,"event_name":"betterSkull:BetterSkull","player_choice":"RE ","floor":19.0,"gold_loss":0.0,"damage_taken":22.0,"cards_upgraded":[],"relics_obtained":["infinitespire:DarkRift"]},{"damage_healed":0.0,"max_hp_gain":0.0,"max_hp_loss":0.0,"gold_gain":0.0,"event_name":"Match and Keep!","player_choice":"1 cards matched","floor":21.0,"gold_loss":0.0,"damage_taken":0.0,"cards_obtained":["Hemogenesis"]},{"damage_healed":0.0,"max_hp_gain":0.0,"max_hp_loss":0.0,"gold_gain":0.0,"event_name":"WeMeetAgain","player_choice":"Paid Gold","floor":31.0,"gold_loss":65.0,"damage_taken":0.0,"relics_obtained":["StuffTheSpire:CocoNut"]},{"damage_healed":0.0,"max_hp_gain":0.0,"max_hp_loss":0.0,"gold_gain":0.0,"event_name":"Upgrade Shrine","player_choice":"Upgraded","floor":37.0,"gold_loss":0.0,"damage_taken":0.0,"cards_upgraded":["Replay:Many Hands"]}],"is_beta":false,"boss_relics":[{"not_picked":["sagemod:Falmels_Amulet","ChewingGum"],"picked":"Honey Jar"},{"not_picked":["Runic Cube","hubris:Stopwatch"],"picked":"hubris:Backtick"}],"items_purged_floors":[],"is_endless":false,"potions_floor_spawned":[7,12,16,18,22,25,29,38,39],"killed_by":"Sphere and 2 Shapes","ascension_level":20,"is_humility":true}}