{"host":"pi2z80vhrvi710xz","time":1612691695,"event":{"mods":["2.2 Compatiblity","AchievementEnabler","BaseMod","Colored Map","DeckTracker","Highlight Path","KOR Keyword Fix","Keyboard Shortcuts","Marisa£¨Ùöéë¡¡Øª×âÞÞ£©","Minty Spire (QoL Compilation)","Permanent Neow","Quick Restart","StSLib","SuperFastMode","everything is the same but u backflip on backflip"],"gold_per_floor":[118,68,44,60,12,39,39,139,139,180,255,309,309,344,344,467,517,558,558,593,630,729,729,379,379,379],"floor_reached":25,"language":"KOR","playtime":835,"items_purged":["Defend_MRS"],"score":271,"play_id":"9d8011c9-fe52-4bd9-9193-f1372f7043b4","local_time":"20210207185455","is_ascension_mode":true,"campfire_choices":[{"data":"WitchOfGreed","floor":7,"key":"SMITH"},{"data":"6A","floor":13,"key":"SMITH"},{"data":"MysteriousBeam","floor":15,"key":"SMITH"},{"data":"PowerUp","floor":23,"key":"SMITH"}],"circlet_count":0,"master_deck":["Strike_MRS","Strike_MRS","Strike_MRS+1","Defend_MRS+1","Defend_MRS+1","MasterSpark","UpSweep","6A+1","Acceleration","WitchOfGreed+1","WitchLeyline","MysteriousBeam+1","GrandCross","TreasureHunter","GrandCross","GrandCross","EnergyFlow","PowerUp+1","MilkyWay"],"relics":["MiniHakkero","NeowsBlessing","Bottled Lightning","War Paint","Strawberry","Tiny House","Matryoshka"],"acts_visited":["Exordium","TheCity"],"potions_floor_usage":[10,12,12,16,16,18,20,25,25],"damage_taken":[{"damage":0,"enemies":"2 Louse","floor":1,"turns":1},{"damage":0,"enemies":"Cultist","floor":4,"turns":1},{"damage":0,"enemies":"Lagavulin","floor":6,"turns":1},{"damage":0,"enemies":"Jaw Worm","floor":10,"turns":2},{"damage":25,"enemies":"3 Sentries","floor":12,"turns":6},{"damage":0,"enemies":"Exordium Wildlife","floor":14,"turns":2},{"damage":33,"enemies":"Hexaghost","floor":16,"turns":8},{"damage":28,"enemies":"3 Byrds","floor":18,"turns":5},{"damage":9,"enemies":"2 Thieves","floor":20,"turns":3},{"damage":23,"enemies":"Chosen and Byrds","floor":21,"turns":5},{"damage":32,"enemies":"3 Cultists","floor":25,"turns":4}],"seed_played":"6855826950206899037","potions_obtained":[{"floor":6,"key":"FearPotion"},{"floor":10,"key":"Fruit Juice"},{"floor":10,"key":"PowerPotion"},{"floor":12,"key":"AttackPotion"},{"floor":14,"key":"Energy Potion"},{"floor":16,"key":"FearPotion"},{"floor":17,"key":"Explosive Potion"},{"floor":18,"key":"Explosive Potion"},{"floor":20,"key":"FearPotion"},{"floor":21,"key":"EssenceOfSteel"},{"floor":21,"key":"Dexterity Potion"}],"is_trial":false,"path_per_floor":["M","?","$","M","$","E","R","?","T","M","?","E","R","M","R","B",null,"M","?","M","M","?","R","$","M"],"character_chosen":"MARISA","items_purchased":["Acceleration","WitchOfGreed","MilkyWay","Matryoshka"],"campfire_rested":0,"item_purchase_floors":[3,5,24,24],"current_hp_per_floor":[75,75,75,75,75,75,75,75,75,80,69,51,51,51,51,18,92,64,64,55,32,32,32,32,0,0],"gold":379,"neow_bonus":"THREE_ENEMY_KILL","is_daily":false,"chose_seed":false,"campfire_upgraded":4,"win_rate":0.0,"timestamp":1612691695,"path_taken":["M","?","$","M","$","E","R","?","T","?","?","E","R","M","R","BOSS","M","?","?","M","?","R","$","M"],"items_purchased_type":["Card","Card","Card","Relic"],"build_version":"2020-12-22","purchased_purges":1,"victory":false,"max_hp_per_floor":[75,75,75,75,75,75,75,75,75,80,80,87,87,87,87,87,92,92,92,92,92,92,92,92,92,92],"card_choices":[{"not_picked":["UnstableBomb","IllusionStar"],"picked":"6A","floor":1},{"not_picked":["IllusionStar","MachineGunSpark","SprinkleStarSeal"],"picked":"SKIP","floor":4},{"not_picked":["OneTimeOff","AsteroidBelt"],"picked":"WitchLeyline","floor":6},{"not_picked":["LuminesStrike","GravityBeat","GalacticHalo"],"picked":"SKIP","floor":10},{"not_picked":["ManaRampage","DC"],"picked":"MysteriousBeam","floor":12},{"not_picked":["DarkMatter","GalacticHalo"],"picked":"GrandCross","floor":14},{"not_picked":["JA","FinalSpark"],"picked":"TreasureHunter","floor":16},{"not_picked":["UnstableBomb","EnergyRecoil"],"picked":"GrandCross","floor":17},{"not_picked":["MagicChant","PropBag"],"picked":"GrandCross","floor":18},{"not_picked":["SporeBomb","DoubleSpark"],"picked":"EnergyFlow","floor":20},{"not_picked":["WitchLeyline","AsteroidBelt"],"picked":"PowerUp","floor":21}],"player_experience":30633,"relics_obtained":[{"floor":6,"key":"Bottled Lightning"},{"floor":9,"key":"War Paint"},{"floor":12,"key":"Strawberry"}],"event_choices":[{"cards_removed":["Defend_MRS"],"damage_healed":0,"gold_gain":0,"player_choice":"Card Removal","damage_taken":0,"max_hp_gain":0,"max_hp_loss":0,"event_name":"The Cleric","floor":2,"gold_loss":50},{"damage_healed":0,"gold_gain":100,"player_choice":"Gold","damage_taken":0,"max_hp_gain":0,"max_hp_loss":0,"event_name":"Wheel of Change","floor":8,"gold_loss":0},{"damage_healed":0,"gold_gain":75,"player_choice":"Gather Gold","damage_taken":11,"max_hp_gain":0,"max_hp_loss":0,"event_name":"World of Goop","floor":11,"gold_loss":0},{"cards_removed":["Strike_MRS"],"damage_healed":0,"gold_gain":0,"player_choice":"Purged","damage_taken":0,"max_hp_gain":0,"max_hp_loss":0,"event_name":"Purifier","floor":19,"gold_loss":0},{"damage_healed":0,"gold_gain":99,"player_choice":"Stole From Cult","damage_taken":0,"max_hp_gain":0,"max_hp_loss":0,"event_name":"Nest","floor":22,"gold_loss":0}],"is_beta":false,"boss_relics":[{"not_picked":["Astrolabe","Empty Cage"],"picked":"Tiny House"}],"items_purged_floors":[24],"is_endless":false,"potions_floor_spawned":[6,10,21],"killed_by":"3 Cultists","ascension_level":1}}