{"host":"bgyhjzqafgkxdxsh","time":1612665327,"event":{"mods":["BaseMod","Colored Map","Minty Spire (QoL Compilation)","Relic Stats","StSLib","everything is the same but u backflip on backflip"],"gold_per_floor":[118,42,117,133,133,133,161,161,210,210,239,15,30,61,61,165,165,178,190,46,46,46,81,101,126,126,155,155,189,207,217,217,315,315,327,377,394,407,423,423,451,451,451,477,493,522,522,541,541,541,541,541,18,46,46],"floor_reached":56,"language":"ENG","playtime":3226,"items_purged":["Shame"],"score":1537,"play_id":"5e18c1a8-a1a5-4b36-8c2c-94d1601f3214","local_time":"20210207123527","is_ascension_mode":true,"campfire_choices":[{"data":"True Grit","floor":6,"key":"SMITH"},{"data":"Uppercut","floor":8,"key":"SMITH"},{"floor":10,"key":"REST"},{"data":"Sword Boomerang","floor":15,"key":"SMITH"},{"data":"Infernal Blade","floor":28,"key":"SMITH"},{"data":"Dual Wield","floor":32,"key":"SMITH"},{"data":"Corruption","floor":40,"key":"SMITH"},{"data":"Burning Pact","floor":47,"key":"SMITH"},{"floor":49,"key":"RECALL"},{"data":"Inflame","floor":52,"key":"SMITH"}],"circlet_count":0,"master_deck":["Strike_R","Strike_R+1","Strike_R+1","Strike_R","Defend_R","Defend_R","Defend_R","Defend_R","Bash","Feel No Pain","Uppercut+1","True Grit+1","Sword Boomerang+1","Shrug It Off","Whirlwind","Bludgeon","Burning Pact+1","Twin Strike","Feed","Inflame+1","Clash+1","Dual Wield+1","Seeing Red","Flex+1","Infernal Blade+1","Sentinel","Fiend Fire","Corruption+1","Reaper","Shrug It Off+1","Flame Barrier+1","True Grit","Havoc","Seeing Red+1","True Grit+1","Berserk"],"relics":["Burning Blood","PreservedInsect","Boot","Self Forming Clay","Toy Ornithopter","Calipers","Cursed Key","Chemical X","Gremlin Horn","Bottled Lightning","Question Card","Strawberry","Mercury Hourglass","SlaversCollar","Thread and Needle","MealTicket","Spirit Poop","Charon\u0027s Ashes","Bag of Marbles","Unceasing Top","Pocketwatch"],"acts_visited":["Exordium","TheCity","TheBeyond","TheEnding"],"potions_floor_usage":[16,23,23,25,29,35,38,39,46,46,46,50,50,55],"damage_taken":[{"damage":2,"enemies":"Small Slimes","floor":1,"turns":6},{"damage":12,"enemies":"Jaw Worm","floor":4,"turns":2},{"damage":32,"enemies":"Gremlin Nob","floor":7,"turns":5},{"damage":13,"enemies":"3 Sentries","floor":11,"turns":4},{"damage":0,"enemies":"Cultist","floor":13,"turns":2},{"damage":12,"enemies":"Gremlin Nob","floor":14,"turns":3},{"damage":42,"enemies":"Slime Boss","floor":16,"turns":13},{"damage":19,"enemies":"2 Thieves","floor":18,"turns":4},{"damage":3,"enemies":"Spheric Guardian","floor":19,"turns":3},{"damage":18,"enemies":"Gremlin Leader","floor":23,"turns":6},{"damage":37,"enemies":"Centurion and Healer","floor":24,"turns":8},{"damage":1,"enemies":"Book of Stabbing","floor":25,"turns":2},{"damage":0,"enemies":"Gremlin Leader","floor":27,"turns":4},{"damage":12,"enemies":"Book of Stabbing","floor":29,"turns":4},{"damage":0,"enemies":"3 Cultists","floor":30,"turns":3},{"damage":6,"enemies":"Cultist and Chosen","floor":31,"turns":4},{"damage":55,"enemies":"Automaton","floor":33,"turns":9},{"damage":39,"enemies":"3 Darklings","floor":35,"turns":3},{"damage":36,"enemies":"Mind Bloom Boss Battle","floor":36,"turns":5},{"damage":0,"enemies":"Orb Walker","floor":37,"turns":2},{"damage":50,"enemies":"Maw","floor":38,"turns":8},{"damage":31,"enemies":"Spire Growth","floor":39,"turns":5},{"damage":21,"enemies":"Nemesis","floor":41,"turns":5},{"damage":35,"enemies":"Reptomancer","floor":44,"turns":4},{"damage":0,"enemies":"3 Darklings","floor":45,"turns":2},{"damage":16,"enemies":"Nemesis","floor":46,"turns":5},{"damage":12,"enemies":"4 Shapes","floor":48,"turns":2},{"damage":79,"enemies":"Awakened One","floor":50,"turns":12},{"damage":3,"enemies":"Shield and Spear","floor":54,"turns":2},{"damage":115,"enemies":"The Heart","floor":55,"turns":9}],"seed_played":"-7805531957409519137","potions_obtained":[{"floor":1,"key":"Fruit Juice"},{"floor":7,"key":"LiquidBronze"},{"floor":16,"key":"Weak Potion"},{"floor":22,"key":"FairyPotion"},{"floor":23,"key":"SneckoOil"},{"floor":25,"key":"CultistPotion"},{"floor":27,"key":"ElixirPotion"},{"floor":33,"key":"LiquidMemories"},{"floor":36,"key":"Strength Potion"},{"floor":38,"key":"FearPotion"},{"floor":39,"key":"EntropicBrew"},{"floor":46,"key":"Fire Potion"}],"is_trial":false,"path_per_floor":["M","$","?","M","?","R","E","R","T","R","E","$","M","E","R","B",null,"M","M","$","?","?","E","M","E","T","E","R","E","M","M","R","B",null,"M","?","M","M","M","R","E","?","T","E","M","E","R","M","R","B",null,"R","$","E","B",null],"character_chosen":"IRONCLAD","items_purchased":["True Grit","Sword Boomerang","Toy Ornithopter","Burning Pact","Chemical X","Unceasing Top","Berserk"],"campfire_rested":1,"item_purchase_floors":[2,2,12,12,20,53,53],"current_hp_per_floor":[80,80,69,63,47,47,21,21,21,45,38,38,44,38,38,7,80,70,73,73,57,57,60,35,45,45,58,58,60,66,66,66,17,109,81,54,60,24,40,40,33,33,33,15,21,44,44,46,46,13,121,121,121,121,24],"gold":46,"neow_bonus":"TRANSFORM_CARD","is_daily":false,"chose_seed":false,"campfire_upgraded":8,"win_rate":0.0,"timestamp":1612665327,"path_taken":["M","$","?","M","?","R","E","R","T","R","E","?","?","E","R","BOSS","M","M","$","?","?","E","M","E","T","E","R","E","M","?","R","BOSS","M","?","M","M","M","R","E","?","T","E","M","E","R","M","R","BOSS","R","$","E","BOSS"],"items_purchased_type":["Card","Card","Relic","Card","Relic","Relic","Card"],"build_version":"2020-12-22","purchased_purges":1,"victory":true,"max_hp_per_floor":[80,80,80,80,80,80,80,80,80,80,80,80,80,80,80,80,80,83,83,83,88,88,93,99,99,99,106,106,109,109,109,109,109,109,109,112,112,115,115,115,115,115,115,115,115,118,118,121,121,121,121,121,121,121,121],"relic_stats":{"Gremlin Horn":[23,23],"counters":[30,145],"Self Forming Clay":[255],"PreservedInsect":454,"Charon\u0027s Ashes":[348],"Boot":[178],"Cursed Key":2,"Question Card":16,"Burning Blood":170,"Mercury Hourglass":[312],"MealTicket":0,"Chemical X":[30],"obtain_stats":[{"Calipers":14,"Gremlin Horn":23,"Self Forming Clay":11,"Spirit Poop":42,"Thread and Needle":36,"PreservedInsect":7,"Charon\u0027s Ashes":44,"Boot":9,"Cursed Key":17,"Question Card":26,"Burning Blood":0,"Mercury Hourglass":29,"SlaversCollar":34,"Strawberry":27,"MealTicket":41,"Bag of Marbles":46,"Chemical X":20,"Bottled Lightning":25,"Toy Ornithopter":12,"Unceasing Top":53,"Pocketwatch":54},{"Calipers":6,"Gremlin Horn":10,"Self Forming Clay":4,"Spirit Poop":23,"Thread and Needle":19,"PreservedInsect":3,"Charon\u0027s Ashes":24,"Boot":3,"Cursed Key":7,"Question Card":12,"Burning Blood":0,"Mercury Hourglass":14,"SlaversCollar":17,"Strawberry":13,"MealTicket":23,"Bag of Marbles":26,"Chemical X":9,"Bottled Lightning":12,"Toy Ornithopter":4,"Unceasing Top":28,"Pocketwatch":29},{"Calipers":22,"Gremlin Horn":48,"Self Forming Clay":17,"Spirit Poop":109,"Thread and Needle":89,"PreservedInsect":13,"Charon\u0027s Ashes":113,"Boot":13,"Cursed Key":35,"Question Card":58,"Burning Blood":0,"Mercury Hourglass":66,"SlaversCollar":81,"Strawberry":62,"MealTicket":109,"Bag of Marbles":120,"Chemical X":42,"Bottled Lightning":58,"Toy Ornithopter":17,"Unceasing Top":134,"Pocketwatch":136}],"Toy Ornithopter":70,"Unceasing Top":[22],"Pocketwatch":[3]},"card_choices":[{"not_picked":["Inflame","Flex"],"picked":"Uppercut","floor":1},{"not_picked":["Anger","Feel No Pain"],"picked":"Shrug It Off","floor":4},{"not_picked":["Perfected Strike","Entrench"],"picked":"Whirlwind","floor":7},{"not_picked":["Iron Wave","True Grit"],"picked":"Bludgeon","floor":11},{"not_picked":["True Grit","Wild Strike","Sever Soul"],"picked":"SKIP","floor":13},{"not_picked":["Reckless Charge","Dropkick"],"picked":"Twin Strike","floor":14},{"not_picked":["Impervious","Exhume"],"picked":"Feed","floor":16},{"not_picked":["Perfected Strike","Sword Boomerang"],"picked":"Inflame","floor":18},{"not_picked":["Clothesline","Heavy Blade"],"picked":"Clash+1","floor":19},{"not_picked":["Shrug It Off","Pommel Strike"],"picked":"Dual Wield","floor":23},{"not_picked":["Sword Boomerang","Headbutt"],"picked":"Seeing Red","floor":24},{"not_picked":["Heavy Blade+1","Headbutt"],"picked":"Flex+1","floor":25},{"not_picked":["Dropkick","Shrug It Off","Evolve"],"picked":"Infernal Blade","floor":27},{"not_picked":["Heavy Blade","Inflame+1","Pummel"],"picked":"Sentinel","floor":29},{"not_picked":["Clash","Spot Weakness","Fire Breathing"],"picked":"Fiend Fire","floor":30},{"not_picked":["Dual Wield","Twin Strike+1","Iron Wave","Cleave"],"picked":"SKIP","floor":31},{"not_picked":["Berserk","Double Tap","Immolate"],"picked":"Corruption","floor":33},{"not_picked":["Flex+1","Heavy Blade+1","Perfected Strike+1","Headbutt"],"picked":"SKIP","floor":35},{"not_picked":["Entrench","Pommel Strike","Perfected Strike","Clothesline+1"],"picked":"SKIP","floor":37},{"not_picked":["Metallicize+1","Sentinel+1","Inflame+1"],"picked":"Reaper","floor":38},{"not_picked":["Fire Breathing","Infernal Blade","Reckless Charge"],"picked":"Shrug It Off+1","floor":39},{"not_picked":["Cleave","Shrug It Off","Warcry"],"picked":"Flame Barrier+1","floor":41},{"not_picked":["Hemokinesis","Warcry+1","Headbutt"],"picked":"True Grit","floor":44},{"not_picked":["Shrug It Off","Anger+1","Spot Weakness+1"],"picked":"Havoc","floor":45},{"not_picked":["Blood for Blood+1","Dropkick+1","Infernal Blade+1"],"picked":"Seeing Red+1","floor":46},{"not_picked":["Uppercut","Pommel Strike","Sword Boomerang"],"picked":"True Grit+1","floor":48},{"not_picked":["Reaper","Clothesline+1","Entrench+1","Bloodletting"],"picked":"SKIP","floor":54}],"player_experience":462522,"relics_obtained":[{"floor":7,"key":"PreservedInsect"},{"floor":9,"key":"Boot"},{"floor":11,"key":"Self Forming Clay"},{"floor":14,"key":"Calipers"},{"floor":23,"key":"Gremlin Horn"},{"floor":25,"key":"Bottled Lightning"},{"floor":26,"key":"Question Card"},{"floor":27,"key":"Strawberry"},{"floor":29,"key":"Mercury Hourglass"},{"floor":36,"key":"Thread and Needle"},{"floor":41,"key":"MealTicket"},{"floor":44,"key":"Charon\u0027s Ashes"},{"floor":46,"key":"Bag of Marbles"},{"floor":54,"key":"Pocketwatch"}],"event_choices":[{"damage_healed":0,"gold_gain":75,"player_choice":"Gather Gold","damage_taken":11,"max_hp_gain":0,"max_hp_loss":0,"event_name":"World of Goop","floor":3,"gold_loss":0},{"damage_healed":0,"gold_gain":0,"player_choice":"Entered Light","damage_taken":16,"max_hp_gain":0,"max_hp_loss":0,"event_name":"Shining Light","floor":5,"gold_loss":0,"cards_upgraded":["Strike_R","Strike_R"]},{"damage_healed":0,"gold_gain":0,"player_choice":"Shed Blood","damage_taken":21,"max_hp_gain":5,"max_hp_loss":0,"event_name":"Forgotten Altar","floor":21,"gold_loss":0},{"damage_healed":0,"gold_gain":0,"player_choice":"Got Potions","damage_taken":0,"max_hp_gain":0,"max_hp_loss":0,"event_name":"Lab","floor":22,"gold_loss":0},{"damage_healed":0,"gold_gain":0,"player_choice":"Fight","damage_taken":0,"max_hp_gain":0,"max_hp_loss":0,"event_name":"MindBloom","floor":36,"gold_loss":0},{"cards_removed":["Regret"],"damage_healed":0,"gold_gain":0,"player_choice":"Offered Curse","damage_taken":0,"relics_obtained":["Spirit Poop"],"max_hp_gain":0,"max_hp_loss":0,"event_name":"Bonfire Elementals","floor":42,"gold_loss":0}],"is_beta":false,"boss_relics":[{"not_picked":["Busted Crown","Runic Pyramid"],"picked":"Cursed Key"},{"not_picked":["Tiny House","Black Star"],"picked":"SlaversCollar"}],"items_purged_floors":[53],"is_endless":false,"potions_floor_spawned":[1,7,16,23,25,27,33,36,38,39,46],"ascension_level":3}}