{"host":"m3qxensetu6036ua","time":1612701338,"event":{"mods":["2.2 Compatiblity","AchievementEnabler","BaseMod","Better Altar","Better Match","Better Sensory Stone","Better Skull","Better Third Choice","Better Vampires","Block Reminder","Colored Powertips","Displayed Cursed Tome","Evolution","Good Game Mod","GungeonMod","Hubris","Jedi Mod","Minty Spire (QoL Compilation)","Rare Cards Sparkle","Remove Card Discount Mod","Replay The Spire","Spicy Shops","StSLib","The Cursed"],"gold_per_floor":[118,118,128,145,162,162,175,201,201,201,227,237,264,264,264,359,359,378,378,378],"floor_reached":19,"language":"ENG","playtime":1442,"items_purged":[],"score":380,"play_id":"83fedba9-2faa-4902-8e84-3babc4991b92","local_time":"20210207133538","is_ascension_mode":true,"campfire_choices":[{"floor":6.0,"key":"REST"},{"data":"Hyperbeam","floor":10.0,"key":"SMITH"},{"data":"PiercingWail","floor":15.0,"key":"SMITH"}],"circlet_count":0,"master_deck":["Poisoned Stab","Poisoned Stab","Poisoned Stab","Poisoned Stab","Poisoned Stab","Backflip","Backflip","Backflip","Backflip","Backflip","Survivor","Neutralize","Hyperbeam+1","Dagger Spray","PiercingWail+1","Bouncing Flask","Deadly Poison","PiercingWail","jedi:poisonivy","Adrenaline+1","Regret","Injury","ReplayTheSpireMod:Doomed","Cloak And Dagger"],"relics":["Ring of the Snake","EVO:Axolotl","REME:ComplimentaryCards","NeowsBlessing","DemoMod:SerJunkan","DemoMod:ClearGuonStone","Replay:Rubber Ducky","Golden Egg","DemoMod:GlassGuonStoneRelic","DemoMod:Junk","Replay:Ancient Bell","Blood Vial","Matryoshka","Replay:Kaleidoscope"],"acts_visited":["Exordium","TheCity"],"potions_floor_usage":[],"damage_taken":[{"damage":0.0,"enemies":"Jaw Worm","floor":1.0,"turns":1.0},{"damage":0.0,"enemies":"Small Slimes","floor":3.0,"turns":1.0},{"damage":0.0,"enemies":"2 Louse","floor":4.0,"turns":1.0},{"damage":0.0,"enemies":"2 Fungi Beasts","floor":5.0,"turns":2.0},{"damage":7.0,"enemies":"Exordium Thugs","floor":7.0,"turns":4.0},{"damage":0.0,"enemies":"Replay:BlueRogue","floor":8.0,"turns":5.0},{"damage":0.0,"enemies":"3 Sentries","floor":11.0,"turns":2.0},{"damage":0.0,"enemies":"Large Slime","floor":12.0,"turns":4.0},{"damage":0.0,"enemies":"Gremlin Nob","floor":13.0,"turns":3.0},{"damage":0.0,"enemies":"Fading Forest","floor":16.0,"turns":11.0},{"damage":3,"enemies":"Chosen","floor":18,"turns":4}],"seed_played":"-2485604610982652032","potions_obtained":[{"floor":5.0,"key":"Regen Potion"},{"floor":8.0,"key":"Languid Potion"},{"floor":12.0,"key":"Fire Potion"},{"floor":13.0,"key":"Fire Potion"},{"floor":16.0,"key":"Elixir"}],"is_trial":false,"path_per_floor":["M","?","M","M","M","R","M","E","T","R","E","M","E","?","R","B",null,"M","?"],"character_chosen":"THE_SILENT","items_purchased":[],"campfire_rested":1,"item_purchase_floors":[],"current_hp_per_floor":[70,37,37,37,37,58,51,51,51,51,51,51,51,51,51,51,70,67,67,67],"gold":378,"neow_bonus":"THREE_ENEMY_KILL","is_daily":false,"chose_seed":false,"campfire_upgraded":2,"win_rate":0.0,"timestamp":1612701338,"path_taken":["M","?","M","M","M","R","M","E","T","R","E","M","E","?","R","BOSS","M","?"],"items_purchased_type":[],"build_version":"2020-12-22","purchased_purges":0,"victory":false,"max_hp_per_floor":[70,70,70,70,70,70,70,70,70,70,70,70,70,70,70,70,70,70,70,70],"card_choices":[{"not_picked":["ReplayTheSpireMod:Exploit Weakness","Poisoned Stab"],"picked":"Dagger Spray","floor":1.0},{"not_picked":["Poisoned Stab","Slice"],"picked":"PiercingWail","floor":3.0},{"not_picked":["Hidden Blade","Underhanded Strike"],"picked":"Bouncing Flask","floor":4.0},{"not_picked":["Slice","Sucker Punch"],"picked":"Deadly Poison","floor":5.0},{"not_picked":["Endless Agony","ReplayTheSpireMod:Shiv Toss","Concentrate"],"picked":"SKIP","floor":7.0},{"not_picked":["Slice","Concentrate","Acrobatics"],"picked":"SKIP","floor":8.0},{"not_picked":["Underhanded Strike","Acrobatics","Dagger Throw"],"picked":"SKIP","floor":11.0},{"not_picked":["Endless Agony","Dagger Throw"],"picked":"PiercingWail","floor":12.0},{"not_picked":["Underhanded Strike","Outmaneuver"],"picked":"jedi:poisonivy","floor":13.0},{"not_picked":["ReplayTheSpireMod:From All Sides","Grand Finale"],"picked":"Adrenaline","floor":16.0},{"not_picked":["hubris:Lust","ReplayTheSpireMod:Faulty Equipment"],"picked":"Regret","floor":17},{"not_picked":["hubris:Sloth","Languid"],"picked":"Injury","floor":17},{"not_picked":["Looming Evil","Doubt"],"picked":"ReplayTheSpireMod:Doomed","floor":17},{"not_picked":["hubris:SlightOfHand","Dagger Throw"],"picked":"Cloak And Dagger","floor":18}],"player_experience":235222,"relics_obtained":[{"floor":8.0,"key":"DemoMod:ClearGuonStone"},{"floor":9.0,"key":"Replay:Rubber Ducky"},{"floor":11.0,"key":"Golden Egg"},{"floor":13.0,"key":"DemoMod:Junk"}],"event_choices":[{"damage_healed":0.0,"max_hp_gain":0.0,"max_hp_loss":0.0,"gold_gain":0.0,"event_name":"betterThird:BetterScrap","player_choice":"Relic ","floor":2.0,"gold_loss":0.0,"damage_taken":33.0,"cards_obtained":["jedi:faster"]},{"damage_healed":0.0,"max_hp_gain":0.0,"max_hp_loss":0.0,"gold_gain":0.0,"event_name":"betterThird:BetterSerpent","player_choice":"Ignored","floor":14.0,"gold_loss":0.0,"damage_taken":264.0}],"is_beta":false,"boss_relics":[{"not_picked":["jedi:battlestandard","hubris:GrandSneckoEye"],"picked":"Replay:Ancient Bell"},{"not_picked":["jedi:shrinkray","Bronze Scales"],"picked":"Blood Vial"},{"not_picked":["hubris:Metronome","jedi:bottledfury"],"picked":"Matryoshka"},{"not_picked":["DemoMod:NanoMachines","Mango"],"picked":"Replay:Kaleidoscope"}],"items_purged_floors":[],"is_endless":false,"potions_floor_spawned":[5,8,12,13,16],"ascension_level":1}}