{"host":"w8xisjf5mgmfjvmt","time":1612680521,"event":{"mods":["BaseMod","BetterRewards","Challenge The Spire","Conspire","Energized Spire","Filter the Spire","Minty Spire (QoL Compilation)","Quarter Circle Forward PUNCH!","Quick Restart","Relic Filter Mod","Relic Stats","Reliquary","Replay The Spire","Shop Mod","Spicy Shops","StSLib","Thieving Mod","¡¾ÒÅÎï¿¨ÅÆ¡¿REMEMod","óô»ðÖ¸ÄÏ"],"gold_per_floor":[137,137,180,180,180,206,206,206,206],"floor_reached":8,"language":"ZHS","playtime":151,"items_purged":[],"score":108,"play_id":"15454e15-de5b-458a-a4d4-e612833bb9fb","local_time":"20210207144841","is_ascension_mode":true,"campfire_choices":[{"data":"Dualcast","floor":7,"key":"SMITH"}],"circlet_count":0,"master_deck":["AscendersBane","Strike_B","Strike_B","Strike_B","Strike_B","Defend_B","Defend_B","Defend_B","Defend_B","Zap","Dualcast+1","Wish","Static Discharge+1","Ball Lightning","Conserve Battery"],"relics":["REME_ComplimentaryCards","Sozu","Replay:Bottled Steam"],"acts_visited":["Exordium"],"potions_floor_usage":[],"damage_taken":[{"damage":3.0,"enemies":"Small Slimes","floor":1.0,"turns":4.0},{"damage":9.0,"enemies":"Jaw Worm","floor":3.0,"turns":4.0},{"damage":36,"enemies":"Gremlin Nob","floor":6,"turns":4},{"damage":10,"enemies":"3 Sentries","floor":8,"turns":3}],"seed_played":"1054550142746680619","potions_obtained":[],"is_trial":false,"path_per_floor":["M","?","M","?","?","E","R","E"],"character_chosen":"DEFECT","items_purchased":[],"campfire_rested":0,"item_purchase_floors":[],"current_hp_per_floor":[61,61,52,52,52,16,16,6,6],"gold":206,"neow_bonus":"BOSS_RELIC","is_daily":false,"chose_seed":false,"campfire_upgraded":1,"win_rate":0.0,"timestamp":1612680521,"path_taken":["M","?","M","?","?","E","R","E"],"items_purchased_type":[],"build_version":"2020-12-22","purchased_purges":0,"victory":false,"max_hp_per_floor":[71,71,71,71,71,71,71,71,71],"relic_stats":{"Sozu":0,"counters":[4,15],"obtain_stats":[{"Sozu":0,"Cracked Core":0,"REME_ComplimentaryCards":0,"Replay:Bottled Steam":6},{"Sozu":0,"Cracked Core":0,"REME_ComplimentaryCards":0,"Replay:Bottled Steam":3},{"Sozu":0,"Cracked Core":0,"REME_ComplimentaryCards":0,"Replay:Bottled Steam":12}]},"card_choices":[{"not_picked":["Hello World","Redo"],"picked":"Conserve Battery","floor":1.0},{"not_picked":["Capacitor","Cold Snap"],"picked":"Ball Lightning","floor":3.0},{"not_picked":["Beam Cell","Go for the Eyes"],"picked":"Conserve Battery","floor":6}],"player_experience":1302206,"relics_obtained":[{"floor":6,"key":"Replay:Bottled Steam"}],"event_choices":[{"damage_healed":0,"gold_gain":0,"player_choice":"Fled","damage_taken":0,"max_hp_gain":0,"max_hp_loss":0,"event_name":"Scrap Ooze","floor":4,"gold_loss":0},{"damage_healed":0,"gold_gain":0,"player_choice":"Ignored","damage_taken":0,"max_hp_gain":0,"max_hp_loss":0,"event_name":"Liars Game","floor":5,"gold_loss":0}],"is_beta":false,"boss_relics":[],"items_purged_floors":[],"is_endless":false,"potions_floor_spawned":[],"killed_by":"3 Sentries","ascension_level":20}}