{"host":"ueef25wtkg2eer3h","time":1612731741,"event":{"mods":["AchievementEnabler","BaseMod","Colored Map","Colored Powertips","DeckTracker","Displayed Cursed Tome","Googly Eyes","Highlight Path","Minty Spire (QoL Compilation)","Slay the Relics Exporter","StSLib"],"gold_per_floor":[119,131,149,149,164,195,272,272,272,272,286,313,22,48,60,168,180,211,239,176,202,231,278,309,353,443,455,15,15,42,42,42,142,142,155,155,155],"floor_reached":36,"language":"ENG","playtime":2372,"items_purged":["Defend_B"],"score":852,"play_id":"c4c3be20-d4a8-4709-a149-302655a2b9e4","local_time":"20210207220221","is_ascension_mode":true,"campfire_choices":[{"floor":8,"key":"REST"},{"floor":10,"key":"REST"},{"data":"Apotheosis","floor":15,"key":"SMITH"},{"floor":27,"key":"REST"},{"data":"Defragment","floor":29,"key":"SMITH"},{"floor":32,"key":"REST"}],"circlet_count":0,"master_deck":["AscendersBane","Strike_B+1","Strike_B","Strike_B","Defend_B","Defend_B","Defend_B+1","Zap","Dualcast","Sweeping Beam","Ball Lightning","Rebound","Coolheaded","Electrodynamics","Beam Cell","Glacier","Apotheosis+1","Capacitor","Chill","Tempest","Machine Learning","Rebound+1","Turbo","Sunder+1","Turbo","Barrage","Self Repair","Defragment+1","Reboot","Reinforced Body+1"],"relics":["Cracked Core","Thread and Needle","Bottled Tornado","Toy Ornithopter","PreservedInsect","MawBank","Runic Pyramid","Tiny Chest","Mummified Hand","Matryoshka","Pear","Girya","InkBottle","Inserter"],"acts_visited":["Exordium","TheCity","TheBeyond"],"potions_floor_usage":[12,12,12,12,12,14,19,24,25,33,33],"damage_taken":[{"damage":9,"enemies":"Jaw Worm","floor":1,"turns":4},{"damage":1,"enemies":"Cultist","floor":2,"turns":3},{"damage":0,"enemies":"Small Slimes","floor":3,"turns":2},{"damage":7,"enemies":"3 Louse","floor":5,"turns":2},{"damage":25,"enemies":"3 Sentries","floor":6,"turns":5},{"damage":7,"enemies":"Looter","floor":11,"turns":2},{"damage":10,"enemies":"Lagavulin","floor":12,"turns":4},{"damage":6,"enemies":"3 Sentries","floor":14,"turns":3},{"damage":0,"enemies":"Slime Boss","floor":16,"turns":6},{"damage":18,"enemies":"Shell Parasite","floor":18,"turns":4},{"damage":7,"enemies":"Spheric Guardian","floor":19,"turns":3},{"damage":0,"enemies":"Cultist and Chosen","floor":21,"turns":3},{"damage":6,"enemies":"Snecko","floor":22,"turns":4},{"damage":20,"enemies":"Slavers","floor":23,"turns":4},{"damage":20,"enemies":"Snake Plant","floor":24,"turns":2},{"damage":0,"enemies":"Gremlin Leader","floor":25,"turns":3},{"damage":35,"enemies":"Book of Stabbing","floor":30,"turns":4},{"damage":40,"enemies":"Champ","floor":33,"turns":7},{"damage":4,"enemies":"Orb Walker","floor":35,"turns":3},{"damage":81,"enemies":"2 Orb Walkers","floor":36,"turns":3}],"seed_played":"-3645777865691140905","potions_obtained":[{"floor":1,"key":"SneckoOil"},{"floor":11,"key":"EntropicBrew"},{"floor":12,"key":"EntropicBrew"},{"floor":14,"key":"Regen Potion"},{"floor":19,"key":"EssenceOfSteel"},{"floor":24,"key":"Swift Potion"},{"floor":25,"key":"DuplicationPotion"}],"is_trial":false,"path_per_floor":["M","M","M","?","M","E","T","R","T","R","M","E","$","E","R","B",null,"M","M","?","M","M","E","M","E","T","R","$","R","E","?","R","B",null,"M","?"],"character_chosen":"DEFECT","items_purchased":["Apotheosis","Capacitor","Chill","Defragment","Pear","FocusPotion"],"campfire_rested":4,"item_purchase_floors":[13,13,13,28,28,28],"current_hp_per_floor":[66,65,65,49,42,17,17,41,41,65,58,73,73,72,72,72,80,62,69,69,69,63,43,28,33,33,57,67,67,32,32,59,36,78,74,0,0],"gold":155,"neow_bonus":"TEN_PERCENT_HP_BONUS","is_daily":false,"chose_seed":false,"campfire_upgraded":2,"win_rate":0.0,"timestamp":1612731741,"path_taken":["M","M","M","?","M","E","?","R","T","R","?","E","$","E","R","BOSS","M","?","?","M","M","E","M","E","T","R","$","R","E","?","R","BOSS","M","?"],"items_purchased_type":["Card","Card","Card","Card","Relic","Potion"],"build_version":"2020-12-22","purchased_purges":1,"victory":false,"max_hp_per_floor":[82,82,82,82,82,82,82,82,82,82,82,82,82,82,82,82,82,82,82,82,82,82,82,82,82,82,82,92,92,92,92,92,92,92,92,92,92],"card_choices":[{"not_picked":["Sunder","Steam"],"picked":"Sweeping Beam","floor":1},{"not_picked":["Conserve Battery","Leap"],"picked":"Ball Lightning","floor":2},{"not_picked":["Auto Shields","Compile Driver"],"picked":"Rebound","floor":3},{"not_picked":["Fusion","Steam"],"picked":"Coolheaded","floor":5},{"not_picked":["Defragment","Steam Power"],"picked":"Electrodynamics","floor":6},{"not_picked":["Consume","Redo"],"picked":"Beam Cell","floor":11},{"not_picked":["Gash","Hologram"],"picked":"Glacier","floor":12},{"not_picked":["Hyperbeam","Redo"],"picked":"Tempest","floor":14},{"not_picked":["Multi-Cast","Amplify"],"picked":"Machine Learning","floor":16},{"not_picked":["Lockon","Streamline"],"picked":"Rebound+1","floor":18},{"not_picked":["Blizzard","Gash"],"picked":"Turbo","floor":19},{"not_picked":["Cold Snap","Leap"],"picked":"Sunder+1","floor":21},{"not_picked":["Gash","Compile Driver","Sweeping Beam"],"picked":"SKIP","floor":22},{"not_picked":["Steam+1","Steam Power"],"picked":"Turbo","floor":23},{"not_picked":["Streamline","Steam"],"picked":"Barrage","floor":24},{"not_picked":["Steam Power","Compile Driver"],"picked":"Self Repair","floor":25},{"not_picked":["Fission","Go for the Eyes","Blizzard"],"picked":"SKIP","floor":30},{"not_picked":["Electrodynamics","Machine Learning"],"picked":"Reboot","floor":33},{"not_picked":["Sweeping Beam","Sunder+1"],"picked":"Reinforced Body+1","floor":35}],"player_experience":292824,"relics_obtained":[{"floor":6,"key":"Thread and Needle"},{"floor":7,"key":"Bottled Tornado"},{"floor":9,"key":"Toy Ornithopter"},{"floor":12,"key":"PreservedInsect"},{"floor":14,"key":"MawBank"},{"floor":23,"key":"Tiny Chest"},{"floor":25,"key":"Mummified Hand"},{"floor":26,"key":"Matryoshka"},{"floor":30,"key":"Girya"}],"event_choices":[{"damage_healed":0,"gold_gain":0,"player_choice":"Entered Light","damage_taken":16,"max_hp_gain":0,"max_hp_loss":0,"event_name":"Shining Light","floor":4,"gold_loss":0,"cards_upgraded":["Strike_B","Defend_B"]},{"cards_removed":["Strike_B"],"damage_healed":0,"gold_gain":0,"player_choice":"Gave Gold","damage_taken":0,"max_hp_gain":0,"max_hp_loss":0,"event_name":"Beggar","floor":20,"gold_loss":75},{"damage_healed":0,"gold_gain":0,"player_choice":"Opened","damage_taken":0,"relics_obtained":["InkBottle"],"max_hp_gain":0,"max_hp_loss":0,"event_name":"The Mausoleum","floor":31,"gold_loss":0},{"damage_healed":0,"gold_gain":0,"player_choice":"Fight","damage_taken":0,"max_hp_gain":0,"max_hp_loss":0,"event_name":"Mysterious Sphere","floor":36,"gold_loss":0}],"is_beta":false,"boss_relics":[{"not_picked":["Nuclear Battery","Runic Dome"],"picked":"Runic Pyramid"},{"not_picked":["Tiny House","Sozu"],"picked":"Inserter"}],"items_purged_floors":[28],"is_endless":false,"potions_floor_spawned":[1,11,12,14,19,24,25],"killed_by":"2 Orb Walkers","ascension_level":12}}