{"host":"yg1n0qads92lo9wl","time":1612708344,"event":{"mods":["BaseMod","Downfall","Luminous","Minty Spire (QoL Compilation)","StSLib","Warlord Emblem"],"gold_per_floor":[99,99,374,374,374,405,405,425,444,444,444,32,32,64,74,74,74,74],"floor_reached":16,"language":"ZHS","playtime":580,"items_purged":["Regret"],"score":138,"play_id":"5b2d130e-004a-44da-8512-ff80b1081803","local_time":"20210207223224","is_ascension_mode":true,"campfire_choices":[{"data":"bronze:Replicate","floor":1,"key":"SMITH"},{"data":"bronze:BuggyMess","floor":13,"key":"SMITH"}],"circlet_count":0,"master_deck":["bronze:Strike","bronze:Strike","bronze:Strike","bronze:Strike","bronze:Defend","bronze:Defend","bronze:Defend","bronze:Defend","bronze:Replicate+1","bronze:Goto","bronze:Overheat","bronze:GetLatest","bronze:WhirlingStrike","bronze:NullPointer","bronze:Repair","bronze:Overheat","bronze:BugBarrage","bronze:Separator+1","bronze:BuggyMess+1","bronze:NullPointer+1","bronze:BugBarrage+1"],"relics":["bronze:BronzeCore","downfall:HeartsMalice","Bag of Preparation","White Beast Statue","downfall:BrokenWingStatue","Molten Egg 2","Darkstone Periapt"],"acts_visited":["Exordium"],"potions_floor_usage":[14,14,16,16],"damage_taken":[{"damage":0,"enemies":"Jaw Worm","floor":2,"turns":1},{"damage":0,"enemies":"Cultist","floor":4,"turns":1},{"damage":0,"enemies":"2 Louse","floor":5,"turns":1},{"damage":18,"enemies":"3 Sentries","floor":6,"turns":6},{"damage":4,"enemies":"Blue Slaver","floor":8,"turns":3},{"damage":7,"enemies":"Exordium Wildlife","floor":9,"turns":4},{"damage":7,"enemies":"downfall:FleeingMerchant","floor":12,"turns":4},{"damage":0,"enemies":"Gremlin Nob","floor":14,"turns":2},{"damage":0,"enemies":"Exordium Thugs","floor":15,"turns":2},{"damage":79,"enemies":"DF_ARCHETYPE_STREAMLINE","floor":16,"turns":9}],"seed_played":"-4858248105845922864","potions_obtained":[{"floor":8,"key":"Energy Potion"},{"floor":9,"key":"Fire Potion"},{"floor":12,"key":"bronze:BurnAndBuffPotion"},{"floor":14,"key":"SmokeBomb"},{"floor":15,"key":"LiquidBronze"}],"is_trial":false,"path_per_floor":["R","M","?","M","M","E","T","M","M","?","?","$","R","E","M","B"],"character_chosen":"THE_AUTOMATON","items_purchased":["Molten Egg 2","bronze:Separator+1","bronze:BuggyMess"],"campfire_rested":0,"item_purchase_floors":[12,12,12],"current_hp_per_floor":[70,70,70,70,70,52,52,48,48,48,48,48,48,55,55,0,0,0],"gold":74,"neow_bonus":"THREE_ENEMY_KILL","is_daily":false,"chose_seed":false,"campfire_upgraded":2,"win_rate":0.0,"timestamp":1612708344,"path_taken":["R","M","?","M","?","E","T","M","M","?","?","?","R","E","M","BOSS"],"items_purchased_type":["Relic","Card","Card"],"build_version":"2020-12-22","purchased_purges":1,"victory":false,"max_hp_per_floor":[70,70,70,70,70,70,70,70,70,70,70,70,70,70,70,70,70,70],"card_choices":[{"not_picked":["bronze:BronzeArmor","bronze:NullPointer"],"picked":"bronze:Overheat","floor":2},{"not_picked":["bronze:Iterate","bronze:Fortify"],"picked":"bronze:GetLatest","floor":4},{"not_picked":["bronze:Iterate","bronze:Frontload"],"picked":"bronze:WhirlingStrike","floor":5},{"not_picked":["bronze:BuggyMess","bronze:Flail"],"picked":"bronze:NullPointer","floor":6},{"not_picked":["bronze:Backtrace","bronze:Deprecate"],"picked":"bronze:Repair","floor":8},{"not_picked":["bronze:HyperBeam","bronze:Iterate"],"picked":"bronze:Overheat","floor":9},{"not_picked":["bronze:FollowUp","bronze:Terminator"],"picked":"bronze:BugBarrage","floor":12},{"not_picked":["bronze:CutThrough+1","bronze:DelayedSlice+1"],"picked":"bronze:NullPointer+1","floor":14},{"not_picked":["bronze:Philosophize","bronze:Boost"],"picked":"bronze:BugBarrage+1","floor":15}],"player_experience":415843,"relics_obtained":[{"floor":6,"key":"Bag of Preparation"},{"floor":7,"key":"White Beast Statue"},{"floor":14,"key":"Darkstone Periapt"}],"event_choices":[],"is_beta":false,"boss_relics":[],"items_purged_floors":[12],"is_endless":false,"potions_floor_spawned":[8,9,12,14,15],"killed_by":"DF_ARCHETYPE_STREAMLINE","ascension_level":1}}