{"host":"by8i6f8xc0ywpsd5","time":1612702555,"event":{"mods":["BaseMod","Colored Map","Minty Spire (QoL Compilation)","Relic Stats"],"gold_per_floor":[114,114,125,46,63,89,112,158,195,224,247,259,290,332,344,432,444,410,422,434,464,34,49,61,61,86,36,36,63,63,94,94,169,169,181,181,193,210,210,240,240,240,264,264,291,308,343,358,358,358,358,358,358,25,57,57],"floor_reached":57,"language":"ENG","playtime":4788,"items_purged":["Strike_R"],"score":2979,"play_id":"1460a293-e6ce-48b5-8b7c-672f0967ffda","local_time":"20210207145555","is_ascension_mode":true,"campfire_choices":[{"floor":12,"key":"REST"},{"data":"Blood for Blood","floor":15,"key":"SMITH"},{"data":"Disarm","floor":28,"key":"SMITH"},{"data":"Feed","floor":30,"key":"SMITH"},{"floor":32,"key":"REST"},{"floor":41,"key":"RECALL"},{"data":"Dark Embrace","floor":44,"key":"SMITH"},{"data":"Feel No Pain","floor":49,"key":"SMITH"},{"data":"Dual Wield","floor":53,"key":"SMITH"}],"circlet_count":0,"master_deck":["AscendersBane","Defend_R+1","Defend_R","Defend_R","Bash","Brutality","Flame Barrier","Shrug It Off","Twin Strike","Blood for Blood+1","Corruption","Shrug It Off","Disarm+1","Dual Wield+1","Reaper+1","Feed+1","Sentinel","Dark Embrace+1","Bloodletting","Burning Pact","Blood for Blood+1","Feel No Pain+1","Barricade","Impervious+1","Dual Wield+1","Entrench","Rupture+1","Disarm+1","Feel No Pain+1","True Grit+1","Exhume","Body Slam","Shrug It Off","Shrug It Off","Shockwave"],"relics":["Burning Blood","MawBank","Vajra","PreservedInsect","Strawberry","Empty Cage","Frozen Eye","Lantern","Nilry\u0027s Codex","Letter Opener","Mummified Hand","Astrolabe","Juzu Bracelet","Charon\u0027s Ashes","Anchor","CaptainsWheel","Meat on the Bone","Bronze Scales","Orrery","Incense Burner"],"acts_visited":["TheCity","TheBeyond","TheEnding"],"potions_floor_usage":[6,13,16,21,24,56,56],"damage_taken":[{"damage":6,"enemies":"Small Slimes","floor":1,"turns":6},{"damage":9,"enemies":"2 Louse","floor":3,"turns":4},{"damage":7,"enemies":"Jaw Worm","floor":5,"turns":4},{"damage":34,"enemies":"Gremlin Nob","floor":6,"turns":4},{"damage":6,"enemies":"Red Slaver","floor":7,"turns":5},{"damage":32,"enemies":"Lagavulin","floor":8,"turns":7},{"damage":0,"enemies":"Exordium Wildlife","floor":10,"turns":4},{"damage":6,"enemies":"Looter","floor":11,"turns":4},{"damage":12,"enemies":"Red Slaver","floor":13,"turns":4},{"damage":5,"enemies":"3 Sentries","floor":14,"turns":4},{"damage":52,"enemies":"The Guardian","floor":16,"turns":16},{"damage":37,"enemies":"2 Thieves","floor":18,"turns":5},{"damage":17,"enemies":"Spheric Guardian","floor":21,"turns":6},{"damage":5,"enemies":"3 Cultists","floor":23,"turns":4},{"damage":18,"enemies":"Centurion and Healer","floor":24,"turns":6},{"damage":48,"enemies":"Gremlin Leader","floor":29,"turns":7},{"damage":78,"enemies":"Slavers","floor":31,"turns":5},{"damage":31,"enemies":"Collector","floor":33,"turns":6},{"damage":14,"enemies":"3 Shapes","floor":35,"turns":12},{"damage":10,"enemies":"Orb Walker","floor":37,"turns":7},{"damage":17,"enemies":"Sphere and 2 Shapes","floor":38,"turns":7},{"damage":6,"enemies":"Giant Head","floor":40,"turns":5},{"damage":4,"enemies":"Nemesis","floor":45,"turns":3},{"damage":5,"enemies":"3 Darklings","floor":46,"turns":3},{"damage":75,"enemies":"Reptomancer","floor":47,"turns":11},{"damage":9,"enemies":"Maw","floor":48,"turns":5},{"damage":19,"enemies":"Donu and Deca","floor":50,"turns":5},{"damage":55,"enemies":"Time Eater","floor":51,"turns":11},{"damage":54,"enemies":"Shield and Spear","floor":55,"turns":7},{"damage":38,"enemies":"The Heart","floor":56,"turns":9}],"seed_played":"-7252587691521312358","potions_obtained":[{"floor":5,"key":"Explosive Potion"},{"floor":8,"key":"ElixirPotion"},{"floor":11,"key":"Energy Potion"},{"floor":13,"key":"FairyPotion"},{"floor":18,"key":"Swift Potion"},{"floor":21,"key":"HeartOfIron"},{"floor":29,"key":"Strength Potion"},{"floor":31,"key":"EssenceOfSteel"},{"floor":55,"key":"SneckoOil"}],"is_trial":false,"path_per_floor":["M","?","M","$","M","E","M","E","T","M","M","R","M","E","R","B",null,"M","?","?","M","$","M","M","?","T","?","R","E","R","E","R","B",null,"M","?","M","M","?","E","R","?","T","R","E","M","E","M","R","B","B",null,"R","$","E","B",null],"character_chosen":"IRONCLAD","items_purchased":["Shrug It Off","AttackPotion","Burning Pact","Frozen Eye","Lantern","Bronze Scales","Orrery"],"campfire_rested":2,"item_purchase_floors":[4,4,22,22,22,54,54],"current_hp_per_floor":[68,68,65,65,64,36,36,10,10,16,16,36,30,38,38,7,58,32,32,32,24,24,43,47,26,26,26,26,90,90,34,62,56,88,110,110,113,120,125,130,130,130,130,130,134,138,142,146,146,150,154,154,154,154,147,123],"gold":57,"neow_bonus":"THREE_RARE_CARDS","is_daily":false,"chose_seed":false,"campfire_upgraded":6,"win_rate":0.0,"timestamp":1612702555,"path_taken":["M","?","M","$","M","E","M","E","T","M","M","R","M","E","R","BOSS","M","?","?","?","$","M","M","?","T","?","R","E","R","E","R","BOSS","M","?","M","?","?","E","R","?","T","R","E","M","E","M","R","BOSS","BOSS","R","$","E","BOSS"],"items_purchased_type":["Card","Potion","Card","Relic","Relic","Relic","Relic"],"build_version":"2020-12-22","purchased_purges":1,"victory":true,"max_hp_per_floor":[68,68,68,68,68,68,68,68,68,68,68,68,68,75,75,75,75,75,75,75,78,78,81,87,87,87,87,87,90,90,94,94,98,98,110,110,114,126,126,130,130,130,130,130,134,138,142,146,146,150,154,154,154,154,158,158],"relic_stats":{"counters":[30,186],"Mummified Hand":[132],"Astrolabe":["Impervious","Cleave","Dual Wield"],"Bronze Scales":[123],"PreservedInsect":442,"Charon\u0027s Ashes":[621],"Juzu Bracelet":1,"Letter Opener":[375],"MawBank":192,"obtain_stats":[{"Lantern":22,"Nilry\u0027s Codex":25,"Astrolabe":34,"Vajra":8,"PreservedInsect":9,"Charon\u0027s Ashes":42,"Juzu Bracelet":40,"Incense Burner":55,"Letter Opener":29,"MawBank":6,"Empty Cage":17,"Burning Blood":0,"Frozen Eye":22,"Anchor":43,"CaptainsWheel":45,"Mummified Hand":31,"Strawberry":14,"Bronze Scales":54,"Orrery":54,"Meat on the Bone":47},{"Lantern":13,"Nilry\u0027s Codex":15,"Astrolabe":18,"Vajra":6,"PreservedInsect":6,"Charon\u0027s Ashes":22,"Juzu Bracelet":22,"Incense Burner":29,"Letter Opener":16,"MawBank":4,"Empty Cage":11,"Burning Blood":0,"Frozen Eye":13,"Anchor":22,"CaptainsWheel":23,"Mummified Hand":17,"Strawberry":10,"Bronze Scales":28,"Orrery":28,"Meat on the Bone":25},{"Lantern":73,"Nilry\u0027s Codex":83,"Astrolabe":101,"Vajra":30,"PreservedInsect":30,"Charon\u0027s Ashes":132,"Juzu Bracelet":132,"Incense Burner":177,"Letter Opener":90,"MawBank":18,"Empty Cage":62,"Burning Blood":0,"Frozen Eye":73,"Anchor":132,"CaptainsWheel":135,"Mummified Hand":95,"Strawberry":46,"Bronze Scales":170,"Orrery":170,"Meat on the Bone":149}],"Burning Blood":144,"Meat on the Bone":0},"card_choices":[{"not_picked":["Impervious","Double Tap"],"picked":"Brutality","floor":0},{"not_picked":["Armaments","Pommel Strike"],"picked":"Flame Barrier","floor":1},{"not_picked":["Sword Boomerang","Clothesline"],"picked":"Twin Strike","floor":3},{"not_picked":["Havoc","Second Wind"],"picked":"Twin Strike","floor":5},{"not_picked":["Dropkick","Wild Strike"],"picked":"Blood for Blood","floor":6},{"not_picked":["True Grit","Iron Wave","Havoc"],"picked":"SKIP","floor":7},{"not_picked":["Sentinel","Rage"],"picked":"Corruption","floor":8},{"not_picked":["Twin Strike","Pummel"],"picked":"Shrug It Off","floor":10},{"not_picked":["Entrench","Hemokinesis"],"picked":"Disarm","floor":11},{"not_picked":["Sever Soul","Body Slam"],"picked":"Dual Wield","floor":13},{"not_picked":["Dark Embrace","Pommel Strike"],"picked":"Reaper","floor":14},{"not_picked":["Corruption","Barricade"],"picked":"Feed","floor":16},{"not_picked":["Armaments","Sever Soul"],"picked":"Sentinel","floor":18},{"not_picked":["Wild Strike","Infernal Blade"],"picked":"Bloodletting","floor":21},{"not_picked":["Evolve+1","Cleave","Flex"],"picked":"SKIP","floor":23},{"not_picked":["Whirlwind","Sword Boomerang","Thunderclap"],"picked":"SKIP","floor":24},{"not_picked":["Sword Boomerang","Body Slam"],"picked":"Blood for Blood+1","floor":29},{"not_picked":["Sentinel","Pummel"],"picked":"Feel No Pain+1","floor":31},{"not_picked":["Exhume","Limit Break"],"picked":"Barricade","floor":33},{"not_picked":["Reckless Charge","Shrug It Off"],"picked":"Entrench","floor":35},{"not_picked":["True Grit","Infernal Blade+1","Dropkick"],"picked":"SKIP","floor":37},{"not_picked":["Whirlwind","Seeing Red"],"picked":"Rupture+1","floor":38},{"not_picked":["Warcry","Sever Soul"],"picked":"Disarm+1","floor":40},{"not_picked":["Wild Strike","Double Tap"],"picked":"Feel No Pain","floor":45},{"not_picked":["Whirlwind","Wild Strike","Warcry"],"picked":"SKIP","floor":46},{"not_picked":["Twin Strike+1","Power Through","True Grit"],"picked":"SKIP","floor":47},{"not_picked":["Pommel Strike","Uppercut"],"picked":"True Grit+1","floor":48},{"not_picked":["Pummel+1","Rage"],"picked":"Exhume","floor":54},{"not_picked":["Blood for Blood","Pommel Strike"],"picked":"Body Slam","floor":54},{"not_picked":["Searing Blow","Flame Barrier"],"picked":"Shrug It Off","floor":54},{"not_picked":["Power Through","Headbutt"],"picked":"Shrug It Off","floor":54},{"not_picked":["Body Slam","Twin Strike"],"picked":"Shockwave","floor":55}],"player_experience":1773019,"relics_obtained":[{"floor":6,"key":"MawBank"},{"floor":8,"key":"Vajra"},{"floor":9,"key":"PreservedInsect"},{"floor":14,"key":"Strawberry"},{"floor":25,"key":"Nilry\u0027s Codex"},{"floor":29,"key":"Letter Opener"},{"floor":31,"key":"Mummified Hand"},{"floor":40,"key":"Juzu Bracelet"},{"floor":43,"key":"Anchor"},{"floor":45,"key":"CaptainsWheel"},{"floor":47,"key":"Meat on the Bone"},{"floor":55,"key":"Incense Burner"}],"event_choices":[{"damage_healed":0,"gold_gain":0,"player_choice":"Leave","damage_taken":0,"max_hp_gain":0,"max_hp_loss":0,"event_name":"The Cleric","floor":2,"gold_loss":0},{"damage_healed":0,"gold_gain":0,"player_choice":"Read","damage_taken":0,"max_hp_gain":0,"max_hp_loss":0,"event_name":"The Library","floor":19,"gold_loss":0,"cards_obtained":["Dark Embrace"]},{"cards_removed":["Strike_R"],"damage_healed":0,"gold_gain":0,"player_choice":"Purged","damage_taken":0,"max_hp_gain":0,"max_hp_loss":0,"event_name":"Purifier","floor":20,"gold_loss":0},{"damage_healed":0,"gold_gain":0,"player_choice":"Obtained Book","damage_taken":21,"max_hp_gain":0,"max_hp_loss":0,"event_name":"Cursed Tome","floor":25,"gold_loss":0},{"damage_healed":0,"gold_gain":0,"player_choice":"Upgraded Two","damage_taken":0,"max_hp_gain":0,"max_hp_loss":0,"event_name":"Designer","floor":27,"gold_loss":50,"cards_upgraded":["Defend_R","Reaper"]},{"damage_healed":0,"gold_gain":0,"player_choice":"Ignored","damage_taken":0,"max_hp_gain":0,"max_hp_loss":0,"event_name":"SecretPortal","floor":36,"gold_loss":0},{"cards_removed":["Cleave"],"damage_healed":5,"gold_gain":0,"player_choice":"Offered Common","damage_taken":0,"max_hp_gain":0,"max_hp_loss":0,"event_name":"Bonfire Elementals","floor":39,"gold_loss":0},{"cards_removed":["Cleave"],"damage_healed":5,"gold_gain":0,"player_choice":"Offered Special","damage_taken":0,"max_hp_gain":0,"max_hp_loss":0,"event_name":"Bonfire Elementals","floor":39,"gold_loss":0},{"damage_healed":0,"gold_gain":0,"player_choice":"Gave Potion","damage_taken":0,"relics_obtained":["Charon\u0027s Ashes"],"max_hp_gain":0,"max_hp_loss":0,"event_name":"WeMeetAgain","floor":42,"gold_loss":0}],"is_beta":false,"boss_relics":[{"not_picked":["Runic Dome","Velvet Choker"],"picked":"Empty Cage"},{"not_picked":["Black Star","Pandora\u0027s Box"],"picked":"Astrolabe"}],"items_purged_floors":[22],"is_endless":false,"potions_floor_spawned":[5,8,11,13,14,18,21,29,31,35,38,40,55],"ascension_level":20}}