{"host":"vlqej45p0v31lhdi","time":1612723425,"event":{"mods":["AchievementEnabler","BaseMod","Bestiary","Colored Powertips","Minty Spire (QoL Compilation)","Relic Stats"],"gold_per_floor":[112,32,49,62,81,111,111,129,129,145,160,173,173,200,200,300,300,288,304,304,17,17,17,52,63,89,89,89,89],"floor_reached":28,"language":"ENG","playtime":2711,"items_purged":[],"score":315,"play_id":"69b3ace7-8a10-4d67-bb8a-c64894293524","local_time":"20210207124345","is_ascension_mode":true,"campfire_choices":[{"data":"Blade Dance","floor":7,"key":"SMITH"},{"floor":13,"key":"REST"},{"data":"Neutralize","floor":15,"key":"SMITH"},{"data":"Footwork","floor":23,"key":"SMITH"},{"floor":27,"key":"REST"}],"circlet_count":0,"master_deck":["Strike_G","Strike_G","Strike_G","Defend_G","Defend_G","Defend_G","Defend_G","Defend_G","Survivor","Neutralize+1","Dagger Throw","Blade Dance+1","Acrobatics","Caltrops","Prepared","Malaise","Crippling Poison","Reflex","Cloak And Dagger","Dash","Bouncing Flask","Burst","Prepared","Prepared+1","Burst","Terror","Footwork+1","Cloak And Dagger","Finisher","Dodge and Roll+1"],"relics":["HoveringKite","Gremlin Horn","Bottled Tornado","Bag of Preparation","SlaversCollar","Chemical X","TungstenRod","PreservedInsect"],"acts_visited":["Exordium","TheCity"],"potions_floor_usage":[6,8,14,14,16,24,24,24,25],"damage_taken":[{"damage":2,"enemies":"Cultist","floor":1,"turns":4},{"damage":0,"enemies":"Small Slimes","floor":3,"turns":2},{"damage":0,"enemies":"Jaw Worm","floor":4,"turns":3},{"damage":8,"enemies":"Blue Slaver","floor":5,"turns":4},{"damage":12,"enemies":"3 Sentries","floor":6,"turns":8},{"damage":4,"enemies":"Exordium Wildlife","floor":8,"turns":4},{"damage":2,"enemies":"2 Fungi Beasts","floor":10,"turns":4},{"damage":8,"enemies":"Red Slaver","floor":11,"turns":4},{"damage":7,"enemies":"Lots of Slimes","floor":12,"turns":3},{"damage":7,"enemies":"Lagavulin","floor":14,"turns":8},{"damage":17,"enemies":"Slime Boss","floor":16,"turns":9},{"damage":22,"enemies":"2 Thieves","floor":18,"turns":4},{"damage":13,"enemies":"Spheric Guardian","floor":19,"turns":5},{"damage":4,"enemies":"Book of Stabbing","floor":24,"turns":5},{"damage":15,"enemies":"Chosen and Byrds","floor":25,"turns":6},{"damage":26,"enemies":"Centurion and Healer","floor":28,"turns":2}],"seed_played":"-8122721042724423956","potions_obtained":[{"floor":3,"key":"Poison Potion"},{"floor":4,"key":"Explosive Potion"},{"floor":5,"key":"SpeedPotion"},{"floor":11,"key":"DistilledChaos"},{"floor":14,"key":"GamblersBrew"},{"floor":16,"key":"EssenceOfSteel"},{"floor":18,"key":"EntropicBrew"},{"floor":24,"key":"ColorlessPotion"}],"is_trial":false,"path_per_floor":["M","$","M","M","M","E","R","M","T","M","M","M","R","E","R","B",null,"M","M","?","$","?","R","E","M","T","R","M"],"character_chosen":"THE_SILENT","items_purchased":["Blade Dance","Acrobatics","Footwork","Chemical X","Cloak And Dagger"],"campfire_rested":2,"item_purchase_floors":[2,2,21,21,21],"current_hp_per_floor":[68,68,68,68,60,48,48,44,44,42,34,27,48,41,41,24,59,37,24,24,24,24,24,20,5,5,26,0,0],"gold":89,"neow_bonus":"BOSS_RELIC","is_daily":false,"chose_seed":false,"campfire_upgraded":3,"win_rate":0.0,"timestamp":1612723425,"path_taken":["M","?","M","M","M","E","R","M","T","M","?","M","R","E","R","BOSS","M","M","?","$","?","R","E","?","T","R","M"],"items_purchased_type":["Card","Card","Card","Relic","Card"],"build_version":"2020-12-22","purchased_purges":0,"victory":false,"max_hp_per_floor":[70,70,70,70,70,70,70,70,70,70,70,70,70,70,70,70,70,70,70,70,70,70,70,70,70,70,70,70,70],"relic_stats":{"Gremlin Horn":[8,8],"counters":[16,75],"HoveringKite":[45],"PreservedInsect":0,"Bag of Preparation":[12],"Chemical X":[3],"obtain_stats":[{"SlaversCollar":17,"Gremlin Horn":6,"HoveringKite":0,"PreservedInsect":26,"Bag of Preparation":14,"Chemical X":21,"Bottled Tornado":9,"TungstenRod":24,"Ring of the Snake":0},{"SlaversCollar":11,"Gremlin Horn":5,"HoveringKite":0,"PreservedInsect":15,"Bag of Preparation":10,"Chemical X":13,"Bottled Tornado":6,"TungstenRod":14,"Ring of the Snake":0},{"SlaversCollar":53,"Gremlin Horn":21,"HoveringKite":0,"PreservedInsect":73,"Bag of Preparation":44,"Chemical X":62,"Bottled Tornado":25,"TungstenRod":67,"Ring of the Snake":0}],"TungstenRod":7},"card_choices":[{"not_picked":["Flying Knee","Infinite Blades"],"picked":"Dagger Throw","floor":1},{"not_picked":["Eviscerate","Terror"],"picked":"Caltrops","floor":3},{"not_picked":["Slice","Sucker Punch"],"picked":"Prepared","floor":4},{"not_picked":["Flying Knee","Dodge and Roll"],"picked":"Malaise","floor":5},{"not_picked":["Outmaneuver","Quick Slash"],"picked":"Crippling Poison","floor":6},{"not_picked":["Noxious Fumes","Bane"],"picked":"Reflex","floor":8},{"not_picked":["Flying Knee","Flechettes","Dodge and Roll"],"picked":"SKIP","floor":10},{"not_picked":["Deadly Poison","Calculated Gamble"],"picked":"Cloak And Dagger","floor":11},{"not_picked":["Skewer","Choke"],"picked":"Dash","floor":12},{"not_picked":["Masterful Stab","Cloak And Dagger"],"picked":"Bouncing Flask","floor":14},{"not_picked":["Wraith Form v2","Envenom"],"picked":"Burst","floor":16},{"not_picked":["Quick Slash","Bane"],"picked":"Prepared","floor":18},{"not_picked":["Acrobatics","Sucker Punch"],"picked":"Prepared+1","floor":19},{"not_picked":["Deadly Poison","Endless Agony"],"picked":"Finisher","floor":24},{"not_picked":["Slice","Deadly Poison"],"picked":"Dodge and Roll+1","floor":25}],"player_experience":2387189,"relics_obtained":[{"floor":6,"key":"Gremlin Horn"},{"floor":9,"key":"Bottled Tornado"},{"floor":14,"key":"Bag of Preparation"},{"floor":24,"key":"TungstenRod"},{"floor":26,"key":"PreservedInsect"}],"event_choices":[{"damage_healed":0,"gold_gain":0,"cards_transformed":["Strike_G","Strike_G"],"player_choice":"Became Test Subject","damage_taken":0,"max_hp_gain":0,"max_hp_loss":0,"event_name":"Drug Dealer","floor":20,"gold_loss":0,"cards_obtained":["Burst","Terror"]}],"is_beta":false,"boss_relics":[{"not_picked":["Calling Bell","SacredBark"],"picked":"SlaversCollar"}],"items_purged_floors":[],"is_endless":false,"potions_floor_spawned":[3,4,5,11,14,16,18,24],"killed_by":"Centurion and Healer","ascension_level":5}}