{"host":"wppa8gky53tnknhf","time":1612671927,"event":{"mods":["AchievementEnabler","Act Like it!","BaseMod","Better Third Choice","BetterRewards","Card Forge","Colored Powertips","Energized Spire","Hubris","Infinite Spire","Marked Mod","Minty Spire (QoL Compilation)","Permanent Neow","Quick Restart","Rare Cards Sparkle","Relic Stats","Reliquary","Remove Card Discount Mod","Replay The Spire","Spikes Relics","Spire Birthday Party","StSLib","Wandering Minibosses"],"gold_per_floor":[113,288,306,323,337,337,368,368,418,418,693,707,671,704,704,805,805,822,822,837,837,837],"floor_reached":21,"language":"ENG","playtime":782,"items_purged":[],"score":198,"play_id":"53029daa-6b00-4944-90f7-55163b779be4","local_time":"20210207042527","is_ascension_mode":true,"campfire_choices":[{"floor":6.0,"key":"RECALL"},{"floor":8.0,"key":"REST"},{"floor":15.0,"key":"REST"}],"circlet_count":0,"master_deck":["Strike_R+1","Strike_R+1","Strike_R+1","Strike_R+1","Strike_R+1","Defend_R+1","Defend_R+1","Defend_R+1","Defend_R+1","Bash+1","Sword Boomerang+1","Pommel Strike+1","Iron Wave+1","infinitespire:OneForAll+1","Thunderclap+1","Rampage+1","Pummel+1","hubris:StunningStrike+1","Iron Wave","Run Through"],"relics":["Burning Blood","Hammer of Thor","Seething Fire","Anvil of the Gods","CherryCoatedStake","Blood Vial","Regal Pillow"],"acts_visited":["Exordium","TheCity"],"potions_floor_usage":[16,16,21],"damage_taken":[{"damage":6.0,"enemies":"Cultist","floor":1.0,"turns":3.0},{"damage":30.0,"enemies":"Jaw Worm","floor":3.0,"turns":8.0},{"damage":2.0,"enemies":"2 Louse","floor":4.0,"turns":2.0},{"damage":18.0,"enemies":"Exordium Thugs","floor":5.0,"turns":4.0},{"damage":28.0,"enemies":"3 Sentries","floor":7.0,"turns":7.0},{"damage":16.0,"enemies":"Large Slime","floor":12.0,"turns":5.0},{"damage":36.0,"enemies":"Lagavulin","floor":14.0,"turns":5.0},{"damage":41,"enemies":"The Guardian","floor":16,"turns":11},{"damage":30,"enemies":"2 Thieves","floor":18,"turns":5},{"damage":44,"enemies":"Spheric Guardian","floor":20,"turns":7},{"damage":24,"enemies":"Centurion and Healer","floor":21,"turns":4}],"seed_played":"7315081574600076843","potions_obtained":[{"floor":1.0,"key":"Adrenaline Potion"},{"floor":3.0,"key":"Dexterity Potion"},{"floor":7.0,"key":"LiquidBronze"},{"floor":20,"key":"PowerPotion"}],"is_trial":false,"path_per_floor":["M","?","M","M","M","R","E","R","T","?","?","M","$","E","R","B",null,"M","?","M","M"],"character_chosen":"IRONCLAD","items_purchased":["Rampage"],"campfire_rested":2,"item_purchase_floors":[13],"current_hp_per_floor":[80,80,56,60,51,51,34,58,58,58,58,52,52,24,63,30,80,59,44,14,0,0],"gold":837,"neow_bonus":"ONE_RARE_RELIC","is_daily":false,"chose_seed":false,"campfire_upgraded":0,"win_rate":0.0,"timestamp":1612671927,"path_taken":["M","?","M","M","M","R","E","R","T","?","?","M","$","E","R","BOSS","M","?","M","M"],"items_purchased_type":["Card"],"build_version":"2020-12-22","purchased_purges":0,"victory":false,"max_hp_per_floor":[80,80,80,80,80,80,80,80,80,80,80,80,80,80,80,80,80,80,85,85,85,85],"relic_stats":{"Blood Vial":10,"Regal Pillow":15,"counters":[11,61],"obtain_stats":[{"Blood Vial":7,"Regal Pillow":14,"CherryCoatedStake":0,"Anvil of the Gods":0,"Hammer of Thor":0,"Seething Fire":0,"Burning Blood":0},{"Blood Vial":5,"Regal Pillow":7,"CherryCoatedStake":0,"Anvil of the Gods":0,"Hammer of Thor":0,"Seething Fire":0,"Burning Blood":0},{"Blood Vial":24,"Regal Pillow":34,"CherryCoatedStake":0,"Anvil of the Gods":0,"Hammer of Thor":0,"Seething Fire":0,"Burning Blood":0}],"Burning Blood":60},"card_choices":[{"not_picked":["Evolve","Armaments"],"picked":"Heavy Blade","floor":1.0},{"not_picked":["Anger","Abandon"],"picked":"Sword Boomerang","floor":3.0},{"not_picked":["Second Wind","ReplayReversal"],"picked":"Pommel Strike","floor":4.0},{"not_picked":["ReplayTheSpireMod:Strike From Hell","Searing Blow"],"picked":"Iron Wave","floor":5.0},{"not_picked":["Cleave","Metallicize"],"picked":"infinitespire:OneForAll","floor":7.0},{"not_picked":["Dark Embrace","hubris:ReadiedAction"],"picked":"Thunderclap","floor":12.0},{"not_picked":["Replay:Undeath\u0027s Touch","Sever Soul"],"picked":"Pummel","floor":14.0},{"not_picked":["Brutality","Exhume"],"picked":"hubris:StunningStrike","floor":16},{"not_picked":["Invigoration","Dropkick"],"picked":"Iron Wave","floor":18},{"not_picked":["Heavy Blade+1","Pommel Strike"],"picked":"Run Through","floor":20}],"player_experience":714755,"relics_obtained":[{"floor":7.0,"key":"Blood Vial"},{"floor":14.0,"key":"Regal Pillow"}],"event_choices":[{"damage_healed":0.0,"max_hp_gain":0.0,"max_hp_loss":0.0,"gold_gain":175.0,"event_name":"betterThird:BetterSerpent","player_choice":"AGREE","floor":2.0,"gold_loss":0.0,"damage_taken":113.0},{"damage_healed":58.0,"max_hp_gain":0.0,"max_hp_loss":80.0,"gold_gain":0.0,"event_name":"betterThird:BetterShining","player_choice":"Leave","floor":10.0,"gold_loss":0.0,"damage_taken":0.0},{"damage_healed":0.0,"max_hp_gain":0.0,"max_hp_loss":0.0,"gold_gain":275.0,"event_name":"Golden Shrine","player_choice":"Desecrate","floor":11.0,"gold_loss":0.0,"damage_taken":0.0,"cards_obtained":["Regret"]},{"damage_healed":0,"gold_gain":0,"player_choice":"Shed Blood","damage_taken":20,"max_hp_gain":5,"max_hp_loss":0,"event_name":"Forgotten Altar","floor":19,"gold_loss":0}],"is_beta":false,"boss_relics":[{"not_picked":["ReplayTheSpireMod:SealedPack","hubris:GrandSneckoEye","energizedSpire:DeadBattery"]}],"items_purged_floors":[],"is_endless":false,"potions_floor_spawned":[1,3,7,20],"killed_by":"Centurion and Healer","ascension_level":1}}