{"host":"oiw60b5ins9fyx34","time":1612679615,"event":{"mods":["BaseMod","Colored Map","Colored Powertips","Minty Spire (QoL Compilation)","Permanent Neow","Quick Restart","Rare Cards Sparkle","Relic Stats","StSLib","The Cursed"],"gold_per_floor":[116,66,84,84,16,16,46,46,46,74,87,87,87,98,98,199,199,218,16,29,29,44,44,76,95,147,181,181,196,121,121,121],"floor_reached":31,"language":"JPN","playtime":831,"items_purged":["Strike_R"],"score":385,"play_id":"29ace943-04fc-4c2d-8471-416ed0fa060d","local_time":"20210207153335","is_ascension_mode":true,"campfire_choices":[{"data":"Infernal Blade","floor":6,"key":"SMITH"},{"data":"Immolate","floor":12,"key":"SMITH"},{"data":"Spot Weakness","floor":15,"key":"SMITH"},{"floor":23,"key":"REST"},{"floor":28,"key":"REST"}],"circlet_count":0,"master_deck":["Strike_R","Defend_R","Defend_R","Defend_R","Defend_R","Bash","Infernal Blade+1","Iron Wave","Havoc","Flame Barrier+1","Immolate+1","Second Wind","Flex","Spot Weakness+1","Double Tap","Clothesline+1","Disarm","Uppercut","Uppercut+1","J.A.X.","Spot Weakness","Pommel Strike","Intimidate","Intimidate","Thunderclap"],"relics":["Burning Blood","NeowsBlessing","Ginger","Bottled Flame","The Courier","Fusion Hammer","Membership Card","Omamori","Potion Belt","InkBottle"],"acts_visited":["Exordium","TheCity"],"potions_floor_usage":[14,16,24,27,28],"damage_taken":[{"damage":0,"enemies":"2 Louse","floor":1,"turns":1},{"damage":0,"enemies":"Small Slimes","floor":3,"turns":1},{"damage":0,"enemies":"Lagavulin","floor":7,"turns":1},{"damage":35,"enemies":"Gremlin Nob","floor":10,"turns":4},{"damage":1,"enemies":"Cultist","floor":11,"turns":3},{"damage":0,"enemies":"3 Louse","floor":14,"turns":1},{"damage":36,"enemies":"Hexaghost","floor":16,"turns":9},{"damage":20,"enemies":"Spheric Guardian","floor":18,"turns":4},{"damage":0,"enemies":"Chosen","floor":20,"turns":3},{"damage":24,"enemies":"Centurion and Healer","floor":22,"turns":3},{"damage":43,"enemies":"Book of Stabbing","floor":24,"turns":7},{"damage":19,"enemies":"Sentry and Sphere","floor":25,"turns":5},{"damage":15,"enemies":"Slavers","floor":27,"turns":4},{"damage":18,"enemies":"Chosen and Byrds","floor":29,"turns":6},{"damage":25,"enemies":"Snake Plant","floor":31,"turns":2}],"seed_played":"-6324533533519381690","potions_obtained":[{"floor":3,"key":"Block Potion"},{"floor":10,"key":"Swift Potion"},{"floor":11,"key":"Explosive Potion"},{"floor":24,"key":"ColorlessPotion"},{"floor":27,"key":"Fruit Juice"}],"is_trial":false,"path_per_floor":["M","?","M","?","$","R","E","$","T","E","M","R","?","M","R","B",null,"M","$","M","?","M","R","E","M","T","E","R","M","?","M"],"character_chosen":"IRONCLAD","items_purchased":["Flame Barrier","Membership Card","Disarm","Uppercut"],"campfire_rested":2,"item_purchase_floors":[5,19,19,19],"current_hp_per_floor":[80,80,80,80,80,80,80,80,80,51,56,56,56,62,62,32,68,54,54,60,60,42,66,29,16,16,7,36,24,24,0,0],"gold":121,"neow_bonus":"THREE_ENEMY_KILL","is_daily":false,"chose_seed":false,"campfire_upgraded":3,"win_rate":0.0,"timestamp":1612679615,"path_taken":["M","?","M","?","$","R","E","$","T","E","?","R","?","M","R","BOSS","M","$","M","?","M","R","E","M","T","E","R","M","?","M"],"items_purchased_type":["Card","Relic","Card","Card"],"build_version":"2020-12-22","purchased_purges":1,"victory":false,"max_hp_per_floor":[80,80,80,80,80,80,80,80,80,80,80,80,80,80,80,80,80,80,80,80,80,80,80,80,80,80,80,85,85,85,85,85],"relic_stats":{"counters":[15,54],"Ginger":[4],"obtain_stats":[{"Potion Belt":26,"Bottled Flame":9,"NeowsBlessing":0,"The Courier":10,"Fusion Hammer":17,"Omamori":24,"Ginger":7,"Membership Card":19,"Burning Blood":0,"InkBottle":27},{"Potion Belt":12,"Bottled Flame":3,"NeowsBlessing":0,"The Courier":4,"Fusion Hammer":7,"Omamori":11,"Ginger":3,"Membership Card":8,"Burning Blood":0,"InkBottle":13},{"Potion Belt":42,"Bottled Flame":3,"NeowsBlessing":0,"The Courier":7,"Fusion Hammer":20,"Omamori":37,"Ginger":3,"Membership Card":24,"Burning Blood":0,"InkBottle":46}],"Burning Blood":66,"InkBottle":[2]},"card_choices":[{"not_picked":["Headbutt","Perfected Strike"],"picked":"Infernal Blade","floor":1},{"not_picked":["Rupture","Headbutt"],"picked":"Iron Wave","floor":3},{"not_picked":["Warcry","Pommel Strike"],"picked":"Immolate","floor":7},{"not_picked":["Wild Strike","Sword Boomerang"],"picked":"Second Wind","floor":10},{"not_picked":["Heavy Blade","Havoc"],"picked":"Flex","floor":11},{"not_picked":["Cleave","Headbutt"],"picked":"Spot Weakness","floor":14},{"not_picked":["Immolate","Impervious"],"picked":"Double Tap","floor":16},{"not_picked":["Evolve","Iron Wave"],"picked":"Clothesline+1","floor":18},{"not_picked":["Anger","Carnage+1"],"picked":"Uppercut+1","floor":20},{"not_picked":["Thunderclap","Warcry"],"picked":"Spot Weakness","floor":22},{"not_picked":["Warcry+1","Blood for Blood"],"picked":"Pommel Strike","floor":24},{"not_picked":["Havoc","Carnage"],"picked":"Intimidate","floor":25},{"not_picked":["Cleave","Twin Strike"],"picked":"Intimidate","floor":27},{"not_picked":["Headbutt","Dropkick"],"picked":"Thunderclap","floor":29}],"player_experience":703113,"relics_obtained":[{"floor":7,"key":"Ginger"},{"floor":9,"key":"Bottled Flame"},{"floor":10,"key":"The Courier"},{"floor":24,"key":"Omamori"},{"floor":26,"key":"Potion Belt"},{"floor":27,"key":"InkBottle"}],"event_choices":[{"cards_removed":["Strike_R"],"damage_healed":0,"gold_gain":0,"player_choice":"Card Removal","damage_taken":0,"max_hp_gain":0,"max_hp_loss":0,"event_name":"The Cleric","floor":2,"gold_loss":50},{"damage_healed":0,"gold_gain":0,"cards_transformed":["Strike_R"],"player_choice":"Transformed","damage_taken":0,"max_hp_gain":0,"max_hp_loss":0,"event_name":"Transmorgrifier","floor":4,"gold_loss":0,"cards_obtained":["Havoc"]},{"damage_healed":0,"gold_gain":0,"player_choice":"Upgraded","damage_taken":0,"max_hp_gain":0,"max_hp_loss":0,"event_name":"Upgrade Shrine","floor":13,"gold_loss":0,"cards_upgraded":["Flame Barrier"]},{"damage_healed":0,"gold_gain":0,"player_choice":"Obtain J.A.X.","damage_taken":0,"max_hp_gain":0,"max_hp_loss":0,"event_name":"Drug Dealer","floor":21,"gold_loss":0,"cards_obtained":["J.A.X."]},{"cards_removed":["Strike_R"],"damage_healed":0,"gold_gain":0,"player_choice":"Gave Gold","damage_taken":0,"max_hp_gain":0,"max_hp_loss":0,"event_name":"Beggar","floor":30,"gold_loss":75}],"is_beta":false,"boss_relics":[{"not_picked":["Black Star","Calling Bell"],"picked":"Fusion Hammer"}],"items_purged_floors":[19],"is_endless":false,"potions_floor_spawned":[3,10,11,24,27],"killed_by":"Snake Plant","ascension_level":5}}