{"host":"88sw61cmk1203zgj","time":1612666601,"event":{"mods":["BaseMod","Minty Spire (QoL Compilation)"],"gold_per_floor":[117,136,136,151,151,170,170,180,205,205,222,254,254,244,244,346,346,365,384,258,258,258,258,258,258,258,258,272,300,314,327,327,430,430,450,500,516,105,125,154,154,165,213,213,88,0,27,39,39,39,39,39,39,74,74],"floor_reached":56,"language":"ENG","playtime":5423,"items_purged":["Strike_B","Defend_B","Defend_B"],"score":1921,"play_id":"efcf04a3-8269-40be-a18f-40575047c045","local_time":"20210206215641","is_ascension_mode":true,"campfire_choices":[{"data":"Self Repair","floor":7,"key":"SMITH"},{"floor":10,"key":"REST"},{"data":"Beam Cell","floor":13,"key":"SMITH"},{"data":"Rebound","floor":15,"key":"SMITH"},{"data":"Echo Form","floor":23,"key":"SMITH"},{"data":"Ghostly","floor":27,"key":"SMITH"},{"data":"Ghostly","floor":32,"key":"SMITH"},{"data":"Seek","floor":41,"key":"SMITH"},{"floor":49,"key":"RECALL"},{"data":"Ghostly","floor":52,"key":"SMITH"}],"circlet_count":0,"master_deck":["AscendersBane","Strike_B","Strike_B","Strike_B+1","Defend_B+1","Defend_B","Zap","Dualcast","Genetic Algorithm+1","Cold Snap","Gash","Self Repair+1","Cold Snap","Gash","Beam Cell+1","Skim","Rebound+1","Echo Form+1","Loop","Glacier","Conserve Battery","Ghostly+1","Ghostly+1","Ghostly+1","Ghostly","Ghostly","Gash","Seek+1","Turbo","Beam Cell","Dark Shackles"],"relics":["Cracked Core","Toy Ornithopter","Dream Catcher","Happy Flower","Runic Pyramid","Sundial","Ancient Tea Set","Busted Crown","Ice Cream","Shuriken","Ornamental Fan","Red Mask","Dead Branch","Bag of Preparation"],"acts_visited":["Exordium","TheCity","TheBeyond","TheEnding"],"potions_floor_usage":[18,31,55,55],"damage_taken":[{"damage":3,"enemies":"2 Louse","floor":1,"turns":2},{"damage":7,"enemies":"Small Slimes","floor":2,"turns":4},{"damage":0,"enemies":"Cultist","floor":4,"turns":3},{"damage":10,"enemies":"Looter","floor":6,"turns":4},{"damage":8,"enemies":"2 Fungi Beasts","floor":8,"turns":4},{"damage":11,"enemies":"Exordium Wildlife","floor":11,"turns":5},{"damage":25,"enemies":"Gremlin Nob","floor":12,"turns":4},{"damage":9,"enemies":"Exordium Thugs","floor":14,"turns":4},{"damage":37,"enemies":"Hexaghost","floor":16,"turns":11},{"damage":8,"enemies":"Shell Parasite","floor":18,"turns":4},{"damage":7,"enemies":"Chosen","floor":19,"turns":4},{"damage":4,"enemies":"Centurion and Healer","floor":28,"turns":10},{"damage":16,"enemies":"Slavers","floor":29,"turns":11},{"damage":15,"enemies":"Snake Plant","floor":30,"turns":8},{"damage":12,"enemies":"Snecko","floor":31,"turns":11},{"damage":11,"enemies":"Automaton","floor":33,"turns":16},{"damage":0,"enemies":"Orb Walker","floor":35,"turns":6},{"damage":0,"enemies":"Mind Bloom Boss Battle","floor":36,"turns":7},{"damage":0,"enemies":"3 Shapes","floor":37,"turns":8},{"damage":0,"enemies":"3 Darklings","floor":39,"turns":8},{"damage":0,"enemies":"Nemesis","floor":40,"turns":9},{"damage":2,"enemies":"Transient","floor":42,"turns":5},{"damage":0,"enemies":"Giant Head","floor":47,"turns":9},{"damage":0,"enemies":"Maw","floor":48,"turns":8},{"damage":0,"enemies":"Donu and Deca","floor":50,"turns":10},{"damage":0,"enemies":"Shield and Spear","floor":54,"turns":8},{"damage":13,"enemies":"The Heart","floor":55,"turns":13}],"seed_played":"3930583818776738285","potions_obtained":[{"floor":1,"key":"Energy Potion"},{"floor":4,"key":"ColorlessPotion"},{"floor":14,"key":"Dexterity Potion"},{"floor":19,"key":"SpeedPotion"},{"floor":36,"key":"LiquidMemories"}],"is_trial":false,"path_per_floor":["M","M","?","M","?","M","R","M","T","R","M","E","R","M","R","B",null,"M","M","$","?","?","R","?","?","T","R","M","E","M","M","R","B",null,"M","?","M","$","M","E","R","M","T","?","$","?","E","M","R","B",null,"R","$","E","B",null],"character_chosen":"DEFECT","items_purchased":["Conserve Battery","Shuriken","Turbo","Beam Cell"],"campfire_rested":1,"item_purchase_floors":[20,38,38,38],"current_hp_per_floor":[65,58,43,43,43,33,33,35,35,57,56,41,41,42,42,15,60,67,70,70,37,37,37,37,37,37,37,37,31,36,37,37,36,37,37,37,37,37,37,37,37,37,37,37,37,37,37,37,37,37,37,37,37,37,37],"gold":74,"neow_bonus":"RANDOM_COMMON_RELIC","is_daily":false,"chose_seed":false,"campfire_upgraded":8,"win_rate":0.0,"timestamp":1612666601,"path_taken":["M","M","?","M","?","M","R","M","T","R","M","E","R","M","R","BOSS","M","M","$","?","?","R","?","?","T","R","M","E","M","?","R","BOSS","M","?","M","$","M","E","R","M","T","?","$","?","E","M","R","BOSS","R","$","E","BOSS"],"items_purchased_type":["Card","Relic","Card","Card"],"build_version":"2020-12-22","purchased_purges":3,"victory":true,"max_hp_per_floor":[75,75,75,75,75,75,75,75,75,75,75,75,75,75,75,75,75,75,75,75,37,37,37,37,37,37,37,37,37,37,37,37,37,37,37,37,37,37,37,37,37,37,37,37,37,37,37,37,37,37,37,37,37,37,37],"card_choices":[{"not_picked":["Loop","Beam Cell"],"picked":"Genetic Algorithm","floor":1},{"not_picked":["Go for the Eyes","Redo"],"picked":"Cold Snap","floor":2},{"not_picked":["Beam Cell","Turbo"],"picked":"Gash","floor":4},{"not_picked":["Barrage","Rainbow"],"picked":"Self Repair","floor":6},{"not_picked":["Auto Shields","Conserve Battery"],"picked":"Cold Snap","floor":8},{"not_picked":["White Noise","Ball Lightning"],"picked":"Gash","floor":10},{"not_picked":["Glacier","Turbo"],"picked":"Beam Cell","floor":11},{"not_picked":["Glacier","Lockon"],"picked":"Skim","floor":12},{"not_picked":["Steam","Force Field"],"picked":"Rebound","floor":14},{"not_picked":["Multi-Cast","Amplify"],"picked":"Echo Form","floor":16},{"not_picked":["Compile Driver","Beam Cell"],"picked":"Loop","floor":18},{"not_picked":["Steam","Ball Lightning"],"picked":"Glacier","floor":19},{"not_picked":["Heatsinks","Go for the Eyes"],"picked":"Gash","floor":28},{"not_picked":["Self Repair","Rainbow","Stack"],"picked":"SKIP","floor":29},{"not_picked":["Coolheaded","Go for the Eyes","Scrape"],"picked":"SKIP","floor":30},{"not_picked":["Blizzard","Hologram","Storm"],"picked":"SKIP","floor":31},{"not_picked":["Machine Learning","All For One"],"picked":"Seek","floor":33},{"not_picked":["Stack"],"picked":"SKIP","floor":35},{"not_picked":["Consume+1"],"picked":"SKIP","floor":37},{"not_picked":["Conserve Battery+1"],"picked":"SKIP","floor":39},{"not_picked":["Multi-Cast"],"picked":"SKIP","floor":40},{"not_picked":["Steam"],"picked":"SKIP","floor":42},{"not_picked":[],"picked":"Dark Shackles","floor":44},{"not_picked":["Rebound"],"picked":"SKIP","floor":47},{"not_picked":["Compile Driver"],"picked":"SKIP","floor":48},{"not_picked":["Auto Shields"],"picked":"SKIP","floor":54}],"player_experience":1554993,"relics_obtained":[{"floor":9,"key":"Dream Catcher"},{"floor":12,"key":"Happy Flower"},{"floor":26,"key":"Sundial"},{"floor":29,"key":"Ancient Tea Set"},{"floor":36,"key":"Ice Cream"},{"floor":40,"key":"Ornamental Fan"},{"floor":47,"key":"Dead Branch"},{"floor":54,"key":"Bag of Preparation"}],"event_choices":[{"damage_healed":0,"gold_gain":0,"player_choice":"Entered Light","damage_taken":15,"max_hp_gain":0,"max_hp_loss":0,"event_name":"Shining Light","floor":3,"gold_loss":0,"cards_upgraded":["Strike_B","Defend_B"]},{"damage_healed":0,"gold_gain":0,"player_choice":"Grow","damage_taken":0,"max_hp_gain":0,"max_hp_loss":0,"event_name":"Living Wall","floor":5,"gold_loss":0,"cards_upgraded":["Genetic Algorithm"]},{"damage_healed":0,"gold_gain":0,"player_choice":"Became a Ghost","damage_taken":0,"max_hp_gain":0,"max_hp_loss":38,"event_name":"Ghosts","floor":21,"gold_loss":0,"cards_obtained":["Ghostly","Ghostly","Ghostly","Ghostly","Ghostly"]},{"damage_healed":0,"gold_gain":0,"player_choice":"Ignored","damage_taken":0,"max_hp_gain":0,"max_hp_loss":0,"event_name":"Vampires","floor":22,"gold_loss":0},{"damage_healed":0,"gold_gain":0,"player_choice":"Ignored","damage_taken":0,"max_hp_gain":0,"max_hp_loss":0,"event_name":"Cursed Tome","floor":24,"gold_loss":0},{"damage_healed":0,"gold_gain":0,"player_choice":"0 cards matched","damage_taken":0,"max_hp_gain":0,"max_hp_loss":0,"event_name":"Match and Keep!","floor":25,"gold_loss":0,"cards_obtained":[]},{"damage_healed":0,"gold_gain":0,"player_choice":"Fight","damage_taken":0,"max_hp_gain":0,"max_hp_loss":0,"event_name":"MindBloom","floor":36,"gold_loss":0},{"damage_healed":0,"gold_gain":0,"player_choice":"Memory 1","damage_taken":0,"max_hp_gain":0,"max_hp_loss":0,"event_name":"SensoryStone","floor":44,"gold_loss":0},{"damage_healed":0,"gold_gain":0,"player_choice":"Paid","damage_taken":0,"relics_obtained":["Red Mask"],"max_hp_gain":0,"max_hp_loss":0,"event_name":"Tomb of Lord Red Mask","floor":46,"gold_loss":88}],"is_beta":false,"boss_relics":[{"not_picked":["Nuclear Battery","Ectoplasm"],"picked":"Runic Pyramid"},{"not_picked":["SlaversCollar","FrozenCore"],"picked":"Busted Crown"}],"items_purged_floors":[20,38,45],"is_endless":false,"potions_floor_spawned":[1,4,14,19,28,30,36,37,42,47],"ascension_level":12}}