{"host":"vyiqbz5w606ur92t","time":1612666395,"event":{"mods":["BaseMod","Downfall","Minty Spire (QoL Compilation)","StSLib"],"gold_per_floor":[149,168,179,179,194,228,276,291,126,161,161,179,222,72,86,200,200,200,211,229,238,252,282,364,249,268,41,54,54,92,110,123,232,232,32,32,32,53,75,75,120,134,151,51,95,111,111,136,149,149,149,149,149,149],"floor_reached":52,"language":"ENG","playtime":7266,"items_purged":["bronze:Strike","bronze:Strike","bronze:Strike"],"score":954,"play_id":"c0c075bc-1051-4c5c-a641-f0696d63b623","local_time":"20210207025315","is_ascension_mode":true,"campfire_choices":[{"data":"bronze:Goto","floor":1.0,"key":"SMITH"},{"floor":11.0,"key":"REST"},{"floor":18.0,"key":"RECALL"},{"data":"1","floor":29.0,"key":"LIFT"},{"data":"2","floor":35.0,"key":"LIFT"},{"data":"3","floor":40.0,"key":"LIFT"},{"data":"bronze:ForLoop","floor":44,"key":"SMITH"},{"data":"bronze:BuggyMess","floor":47,"key":"SMITH"}],"circlet_count":0,"master_deck":["bronze:Defend","bronze:Defend","bronze:Defend","bronze:Defend+1","bronze:Replicate","bronze:Goto+1","bronze:Constructor","bronze:Branch","bronze:DarkDash+1","bronze:Terminator","bronze:Boost","bronze:BuggyMess+1","bronze:Repulsor","bronze:BurnOut","bronze:OilSpill","bronze:HyperBeam","bronze:Deprecate","bronze:MaxOutput","bronze:CutThrough+1","bronze:ForLoop+1","bronze:Turbo","bronze:TinkerersToolbox","bronze:Flail+1","bronze:BitShift+1","bronze:Allocate","bronze:Virus","bronze:BitShift+1"],"relics":["Tiny House","Anchor","hexamod:BolsterEngine","CeramicFish","Girya","Guardian:PocketSentry","Busted Crown","champ:DeflectingBracers","Chemical X","Guardian:GemstoneGun","Sozu","downfall:HeartBlessingRed","downfall:HeartBlessingBlue","sneckomod:BlankCard","Medical Kit","downfall:HeartBlessingGreen","Art of War"],"acts_visited":["Exordium","TheCity","TheBeyond","TheEnding"],"potions_floor_usage":[],"damage_taken":[{"damage":0.0,"enemies":"2 Louse","floor":2.0,"turns":3.0},{"damage":0.0,"enemies":"Cultist","floor":3.0,"turns":4.0},{"damage":2.0,"enemies":"Jaw Worm","floor":5.0,"turns":4.0},{"damage":34.0,"enemies":"Gremlin Nob","floor":6.0,"turns":6.0},{"damage":3.0,"enemies":"Blue Slaver","floor":8.0,"turns":5.0},{"damage":2.0,"enemies":"downfall:FleeingMerchant","floor":9.0,"turns":4.0},{"damage":17.0,"enemies":"Lagavulin","floor":10.0,"turns":9.0},{"damage":0.0,"enemies":"Large Slime","floor":12.0,"turns":5.0},{"damage":24.0,"enemies":"3 Sentries","floor":13.0,"turns":6.0},{"damage":0.0,"enemies":"downfall:FleeingMerchant","floor":14.0,"turns":4.0},{"damage":2.0,"enemies":"2 Fungi Beasts","floor":15.0,"turns":3.0},{"damage":18.0,"enemies":"SI_SHIV_ARCHETYPE","floor":16.0,"turns":10.0},{"damage":0.0,"enemies":"Shell Parasite","floor":19.0,"turns":6.0},{"damage":0.0,"enemies":"Spheric Guardian","floor":20.0,"turns":3.0},{"damage":0.0,"enemies":"Cultist and Chosen","floor":22.0,"turns":5.0},{"damage":23.0,"enemies":"Slavers","floor":23.0,"turns":7.0},{"damage":1.0,"enemies":"downfall:FleeingMerchant","floor":25.0,"turns":4.0},{"damage":0.0,"enemies":"Snake Plant","floor":26.0,"turns":3.0},{"damage":0.0,"enemies":"downfall:FleeingMerchant","floor":27.0,"turns":4.0},{"damage":0.0,"enemies":"Centurion and Healer","floor":28.0,"turns":5.0},{"damage":0.0,"enemies":"Gremlin Leader","floor":30.0,"turns":6.0},{"damage":5.0,"enemies":"Snecko","floor":31.0,"turns":5.0},{"damage":2.0,"enemies":"Shelled Parasite and Fungi","floor":32.0,"turns":4.0},{"damage":19.0,"enemies":"IC_MUSHROOM_ARCHETYPE","floor":33.0,"turns":6.0},{"damage":4.0,"enemies":"Orb Walker","floor":38.0,"turns":3.0},{"damage":0.0,"enemies":"3 Darklings","floor":39.0,"turns":3.0},{"damage":10.0,"enemies":"downfall:FleeingMerchant","floor":42.0,"turns":4.0},{"damage":13,"enemies":"Writhing Mass","floor":43,"turns":4},{"damage":4,"enemies":"Nemesis","floor":45,"turns":5},{"damage":7,"enemies":"4 Shapes","floor":46,"turns":4},{"damage":0,"enemies":"Spire Growth","floor":48,"turns":3},{"damage":0,"enemies":"Transient","floor":49,"turns":5},{"damage":19,"enemies":"WA_ARCHETYPE_DIVINITY","floor":50,"turns":7},{"damage":131,"enemies":"downfall:CharBossMerchant","floor":52,"turns":7}],"seed_played":"552759801874592318","potions_obtained":[{"floor":0.0,"key":"bronze:FreeFunctionsPotion"},{"floor":2.0,"key":"Regen Potion"},{"floor":5.0,"key":"hexamod:SoulburnPotion"},{"floor":8.0,"key":"SneckoOil"},{"floor":12.0,"key":"LiquidMemories"},{"floor":13.0,"key":"Fire Potion"},{"floor":19.0,"key":"LiquidMemories"},{"floor":22.0,"key":"Strength Potion"},{"floor":30.0,"key":"FairyPotion"},{"floor":32.0,"key":"Regen Potion"}],"is_trial":false,"path_per_floor":["R","M","M","?","M","E","T","M","$","E","R","M","E","$","M","B",null,"R","M","M","?","M","E","T","$","M","$","M","R","E","M","M","B",null,"R","?","?","M","M","R","T","$","M","R","E","M","R","M","M","B",null,"E"],"character_chosen":"THE_AUTOMATON","items_purchased":["bronze:Repulsor","Guardian:PocketSentry","Chemical X","bronze:ForLoop","bronze:Allocate","Medical Kit"],"campfire_rested":1,"item_purchase_floors":[9,14,27,27,42,42],"current_hp_per_floor":[75,75,75,75,73,39,39,36,34,17,39,39,30,30,28,10,59,59,59,59,59,59,36,36,35,35,35,35,35,35,30,28,24,62,72,72,72,68,68,68,68,58,45,45,41,34,34,34,34,15,68,0,0,0],"gold":149,"neow_bonus":"BOSS_RELIC","is_daily":false,"chose_seed":false,"campfire_upgraded":3,"win_rate":0.0,"timestamp":1612666395,"path_taken":["R","M","M","?","M","E","T","?","$","E","R","M","E","?","M","BOSS","R","M","M","?","M","E","T","$","M","$","M","R","E","M","M","BOSS","R","?","?","M","M","R","T","?","M","R","E","M","R","M","M","BOSS","E"],"items_purchased_type":["Card","Relic","Relic","Card","Card","Relic"],"build_version":"2020-12-22","purchased_purges":3,"victory":false,"max_hp_per_floor":[75,75,75,75,75,75,75,75,75,75,75,75,75,75,75,75,75,75,75,75,75,75,75,75,75,75,75,75,75,75,75,75,75,75,85,85,85,85,85,85,85,85,85,85,85,85,85,85,85,85,85,85,85,85],"card_choices":[{"not_picked":["bronze:WhirlingStrike","bronze:Overheat"],"picked":"bronze:Constructor","floor":0.0},{"not_picked":["bronze:DigitalCarnage","bronze:BuggyMess"],"picked":"bronze:Branch","floor":2.0},{"not_picked":["bronze:ForLoop","bronze:BitShift"],"picked":"bronze:DarkDash","floor":3.0},{"not_picked":["bronze:Philosophize","bronze:Boost"],"picked":"bronze:Terminator","floor":5.0},{"not_picked":["bronze:Iterate","bronze:Shield","bronze:BronzeArmor"],"picked":"SKIP","floor":6.0},{"not_picked":["bronze:Frontload","bronze:Repulsor"],"picked":"bronze:Boost","floor":8.0},{"not_picked":["bronze:Optimize","bronze:FineTuning"],"picked":"bronze:BuggyMess","floor":9.0},{"not_picked":["bronze:Frontload","bronze:Constructor"],"picked":"bronze:BurnOut","floor":10.0},{"not_picked":["bronze:Deprecate","bronze:ChildClass","bronze:DarkDash"],"picked":"SKIP","floor":12.0},{"not_picked":["bronze:Constructor","bronze:InfiniteLoop"],"picked":"bronze:Turbo","floor":13.0},{"not_picked":["bronze:DelayedGuard","bronze:Separator"],"picked":"bronze:OilSpill","floor":14.0},{"not_picked":["bronze:CutThrough","bronze:Deprecate","bronze:Overheat"],"picked":"SKIP","floor":15.0},{"not_picked":["bronze:RecursiveStrike","bronze:HardenedForm"],"picked":"bronze:HyperBeam","floor":16.0},{"not_picked":["bronze:WildBeam"],"picked":"SKIP","floor":19.0},{"not_picked":["bronze:Separator+1"],"picked":"SKIP","floor":20.0},{"not_picked":["bronze:DelayedSlice+1"],"picked":"SKIP","floor":22.0},{"not_picked":["bronze:InfiniteBeams+1"],"picked":"SKIP","floor":23.0},{"not_picked":["bronze:Constructor"],"picked":"SKIP","floor":25.0},{"not_picked":[],"picked":"bronze:MaxOutput","floor":26.0},{"not_picked":[],"picked":"bronze:CutThrough+1","floor":27.0},{"not_picked":["bronze:Iterate+1"],"picked":"SKIP","floor":28.0},{"not_picked":[],"picked":"bronze:Turbo","floor":30.0},{"not_picked":["bronze:Overheat"],"picked":"SKIP","floor":31.0},{"not_picked":["bronze:Frontload"],"picked":"SKIP","floor":32.0},{"not_picked":[],"picked":"bronze:TinkerersToolbox","floor":33.0},{"not_picked":[],"picked":"bronze:Flail+1","floor":38.0},{"not_picked":[],"picked":"bronze:BitShift+1","floor":39.0},{"not_picked":["bronze:Iterate"],"picked":"SKIP","floor":42.0},{"not_picked":["bronze:CutThrough+1"],"picked":"SKIP","floor":43},{"not_picked":[],"picked":"bronze:Virus","floor":45},{"not_picked":["bronze:ClassDefault"],"picked":"SKIP","floor":46},{"not_picked":["bronze:ClassDefault"],"picked":"SKIP","floor":46},{"not_picked":[],"picked":"bronze:BitShift+1","floor":48},{"not_picked":["bronze:ClassDefault"],"picked":"SKIP","floor":49}],"player_experience":1573585,"relics_obtained":[{"floor":6.0,"key":"Anchor"},{"floor":7.0,"key":"hexamod:BolsterEngine"},{"floor":10.0,"key":"CeramicFish"},{"floor":13.0,"key":"Girya"},{"floor":23.0,"key":"champ:DeflectingBracers"},{"floor":30.0,"key":"Guardian:GemstoneGun"},{"floor":41.0,"key":"sneckomod:BlankCard"},{"floor":45,"key":"Art of War"}],"event_choices":[{"cards_removed":["bronze:Turbo"],"damage_healed":0.0,"max_hp_gain":0.0,"max_hp_loss":0.0,"gold_gain":0.0,"event_name":"Falling","player_choice":"Removed Skill","floor":36.0,"gold_loss":0.0,"damage_taken":0.0}],"is_beta":false,"boss_relics":[{"not_picked":["Runic Dome","SacredBark"],"picked":"Busted Crown"},{"not_picked":["Philosopher\u0027s Stone","Snecko Eye"],"picked":"Sozu"}],"items_purged_floors":[9,25,42],"is_endless":false,"potions_floor_spawned":[2,5,8,12,13,19,22,30,32,39,45,48,49],"killed_by":"downfall:CharBossMerchant","ascension_level":5}}