{"host":"c2p2isezsqpgoqg6","time":1612740858,"event":{"mods":["BaseMod","BetterRewards","Colored Map","DeckTracker","Downfall","Infinite Spire","Minty Spire (QoL Compilation)","Quick Restart","StSLib","SuperFastMode"],"gold_per_floor":[115,115,115,138,71,71,71,71,95,95,109,145,163,179,198,198,198,322,322,342,365,365,69,90,90,90,90],"floor_reached":26,"language":"ENG","playtime":542,"items_purged":["Strike_R"],"score":208,"play_id":"a938a6ee-85d6-4b88-ad54-5176c73ac5ca","local_time":"20210208003418","is_ascension_mode":false,"campfire_choices":[{"data":"Spot Weakness","floor":6,"key":"SMITH"},{"data":"Metallicize","floor":8,"key":"SMITH"},{"data":"Flex","floor":16,"key":"SMITH"},{"data":"Bash","floor":17,"key":"SMITH"},{"data":"Seeing Red","floor":25,"key":"SMITH"}],"circlet_count":0,"master_deck":["Strike_R","Defend_R","Defend_R+1","Defend_R","Defend_R+1","Bash+1","Metallicize+1","Clothesline","Spot Weakness+1","Flex+1","Searing Blow+1","Whirlwind+1","Anger+1","Headbutt+1","Corruption","Body Slam+1","Clash+1","Clothesline+1","Sword Boomerang+1","Armaments+1","RitualDagger+1","Seeing Red+1"],"relics":["Burning Blood","Golden Idol","Smiling Mask","Oddly Smooth Stone","Molten Egg 2","Juzu Bracelet","Astrolabe","Kunai"],"acts_visited":["Exordium","TheCity"],"potions_floor_usage":[26],"damage_taken":[{"damage":9,"enemies":"Small Slimes","floor":1,"turns":3},{"damage":3,"enemies":"Jaw Worm","floor":4,"turns":5},{"damage":0,"enemies":"Cultist","floor":11,"turns":3},{"damage":3,"enemies":"3 Sentries","floor":12,"turns":10},{"damage":1,"enemies":"Looter","floor":13,"turns":4},{"damage":2,"enemies":"Exordium Wildlife","floor":14,"turns":3},{"damage":19,"enemies":"Exordium Thugs","floor":15,"turns":3},{"damage":19,"enemies":"Slime Boss","floor":18,"turns":6},{"damage":10,"enemies":"Chosen","floor":20,"turns":5},{"damage":21,"enemies":"2 Thieves","floor":21,"turns":3},{"damage":22,"enemies":"Chosen and Byrds","floor":24,"turns":6},{"damage":23,"enemies":"Slavers","floor":26,"turns":3}],"seed_played":"-6933598318071702609","potions_obtained":[{"floor":4,"key":"Regen Potion"},{"floor":12,"key":"infinitespire:BlackPotion"},{"floor":13,"key":"ElixirPotion"},{"floor":14,"key":"SpeedPotion"},{"floor":24,"key":"DuplicationPotion"}],"is_trial":false,"path_per_floor":["M","?","T","M","$","R","?","R","T","T","M","E","M","M","M","R","R","B",null,"M","M","?","$","M","R","E"],"character_chosen":"IRONCLAD","items_purchased":["Spot Weakness","Kunai"],"campfire_rested":0,"item_purchase_floors":[5,23],"current_hp_per_floor":[85,81,81,81,81,81,65,65,65,65,71,74,79,81,68,68,68,55,81,77,62,56,56,40,40,17,17],"gold":90,"neow_bonus":"TEN_PERCENT_HP_BONUS","is_daily":false,"chose_seed":false,"campfire_upgraded":5,"win_rate":0.0,"timestamp":1612740858,"path_taken":["M","?","?","?","$","R","?","R","T","T","M","E","M","M","M","R","R","BOSS","M","M","?","$","M","R","E"],"items_purchased_type":["Card","Relic"],"build_version":"2020-12-22","purchased_purges":1,"victory":false,"max_hp_per_floor":[88,81,81,81,81,81,81,81,81,81,81,81,81,81,81,81,81,81,81,81,81,81,81,81,81,81,81],"card_choices":[{"not_picked":["Entrench","Sword Boomerang"],"picked":"Metallicize","floor":1},{"not_picked":["Heavy Blade","Havoc"],"picked":"Clothesline","floor":4},{"not_picked":["Perfected Strike+1","Sword Boomerang+1"],"picked":"Flex","floor":11},{"not_picked":["Clash+1","Fire Breathing"],"picked":"Searing Blow+1","floor":12},{"not_picked":["Thunderclap+1","Power Through"],"picked":"Whirlwind+1","floor":13},{"not_picked":["Iron Wave+1","Battle Trance"],"picked":"Anger+1","floor":14},{"not_picked":["Thunderclap+1","Carnage+1"],"picked":"Headbutt+1","floor":15},{"not_picked":["Bludgeon+1","Barricade"],"picked":"Corruption","floor":18},{"not_picked":["True Grit","Second Wind"],"picked":"Sword Boomerang+1","floor":20},{"not_picked":["Infernal Blade","Disarm"],"picked":"Armaments+1","floor":21},{"not_picked":["Armaments+1","Heavy Blade+1"],"picked":"Seeing Red","floor":24}],"player_experience":480125,"relics_obtained":[{"floor":3,"key":"Smiling Mask"},{"floor":9,"key":"Oddly Smooth Stone"},{"floor":10,"key":"Molten Egg 2"},{"floor":12,"key":"Juzu Bracelet"}],"event_choices":[{"damage_healed":0,"gold_gain":0,"player_choice":"Lose Max HP","damage_taken":0,"relics_obtained":["Golden Idol"],"max_hp_gain":0,"max_hp_loss":7,"event_name":"Golden Idol","floor":2,"gold_loss":0},{"damage_healed":0,"gold_gain":0,"player_choice":"Entered Light","damage_taken":16,"max_hp_gain":0,"max_hp_loss":0,"event_name":"Shining Light","floor":7,"gold_loss":0,"cards_upgraded":["Defend_R","Defend_R"]},{"damage_healed":0,"gold_gain":0,"player_choice":"Joined the Cult","damage_taken":6,"max_hp_gain":0,"max_hp_loss":0,"event_name":"Nest","floor":22,"gold_loss":0,"cards_obtained":["RitualDagger"]}],"is_beta":false,"boss_relics":[{"not_picked":["Velvet Choker","Coffee Dripper"],"picked":"Astrolabe"}],"items_purged_floors":[23],"is_endless":false,"potions_floor_spawned":[4,12,13,14,24],"killed_by":"Slavers","ascension_level":0}}