{"host":"xgo7i0560n9mwvr8","time":1612663940,"event":{"mods":["BaseMod","Colored Map","Downfall","Minty Spire (QoL Compilation)","Permanent Neow","StSLib"],"gold_per_floor":[99,112,129,129,129,149,149,177,194,94,104,124,24,474,493,592,592,592,592,692,710,721,752,752,772,672,171,185,196,196,39,56,161,161,161,180,200,218,1217,1217,1217,1217,1217,1229,241,241,251,269,281,281,281,307,14,14,14,14],"floor_reached":57,"language":"ENG","playtime":7531,"items_purged":["downfall:Icky"],"score":1330,"play_id":"caa47ce2-5a88-4aa8-8a1b-61c8bdbc2228","local_time":"20210206211220","is_ascension_mode":false,"campfire_choices":[{"floor":1.0,"key":"RECALL"},{"data":"Guardian:MultiBeam","floor":10,"key":"SMITH"},{"data":"Guardian:WalkerClaw","floor":13,"key":"SMITH"},{"data":"Guardian:SphericShield","floor":18,"key":"SMITH"},{"data":"Guardian:ShieldCharger","floor":26,"key":"SMITH"},{"data":"Guardian:TimeCapacitor","floor":40,"key":"SMITH"},{"data":"Guardian:Clone","floor":46,"key":"SMITH"},{"data":"Guardian:FastForward","floor":54,"key":"SMITH"}],"circlet_count":0,"master_deck":["Guardian:Strike_Guardian","Guardian:Strike_Guardian+1","Guardian:Strike_Guardian","Guardian:Strike_Guardian","Guardian:Defend_Guardian","Guardian:Defend_Guardian+1","Guardian:Defend_Guardian","Guardian:Defend_Guardian","Guardian:CurlUp","Guardian:TwinSlam+1","Guardian:BronzeOrb+1","Guardian:MultiBeam+1","downfall:Malfunctioning","Guardian:VentSteam","Guardian:EvasiveProtocol","Guardian:WalkerClaw+1","Guardian:Planning","downfall:Icky","downfall:Icky","Guardian:Clone+1","Guardian:SphericShield+1","Guardian:Recover+1","Guardian:Recover+1","Guardian:ShieldCharger","Guardian:ShieldCharger+1","Guardian:SpikerProtocol+1","Guardian:TimeCapacitor+1","Guardian:EvasiveProtocol","Guardian:VentSteam","Guardian:StasisStrike","Guardian:BronzeOrb+1","Guardian:EvasiveProtocol","Guardian:Incinerate","Guardian:TimeBomb+1","Guardian:FastForward+1","Guardian:GuardianWhirl+1","Normality","expansioncontent:Hexaburn","expansioncontent:Hexaburn","Guardian:AncientConstruct","Guardian:WalkerClaw","Guardian:Incinerate","Guardian:Emergency","Guardian:EvasiveProtocol","Guardian:TimeCapacitor","Guardian:SpikerProtocol","Guardian:FloatingOrbs","Guardian:ConstructionForm","Guardian:TimeCapacitor","Guardian:ConstructionForm","Enlightenment","Guardian:ArmoredProtocol","Guardian:Repulse","Guardian:ShieldCharger","Guardian:Clone+1","Guardian:PolyBeam","Guardian:DonusPower+1","Guardian:WalkerClaw","Guardian:Planning"],"relics":["Guardian:ModeShifter","downfall:ShatteredFragment","Strawberry","The Courier","downfall:HeartBlessingRed","downfall:HeartBlessingGreen","Philosopher\u0027s Stone","Incense Burner","Pear","Dead Branch","downfall:HeartBlessingBlue","Guardian:PickAxe","Lee\u0027s Waffle","Blue Candle","Chemical X","Coffee Dripper","Letter Opener","Whetstone","Anchor","Eternal Feather","Ice Cream"],"acts_visited":["Exordium","TheCity","TheBeyond","TheEnding"],"potions_floor_usage":[8,16,20,20,20,25,27,33,36,45,50,55,55,55],"damage_taken":[{"damage":6.0,"enemies":"Jaw Worm","floor":2.0,"turns":4.0},{"damage":2.0,"enemies":"Small Slimes","floor":3.0,"turns":5.0},{"damage":0.0,"enemies":"2 Louse","floor":6.0,"turns":2.0},{"damage":8,"enemies":"Gremlin Nob","floor":8,"turns":3},{"damage":4,"enemies":"Large Slime","floor":9,"turns":4},{"damage":4,"enemies":"Exordium Wildlife","floor":11,"turns":3},{"damage":0,"enemies":"3 Louse","floor":12,"turns":1},{"damage":5,"enemies":"Exordium Wildlife","floor":15,"turns":3},{"damage":17,"enemies":"DF_ARCHETYPE_STREAMLINE","floor":16,"turns":6},{"damage":0,"enemies":"Colosseum Nobs","floor":20,"turns":3},{"damage":7,"enemies":"Spheric Guardian","floor":21,"turns":4},{"damage":6,"enemies":"Shell Parasite","floor":22,"turns":4},{"damage":0,"enemies":"Book of Stabbing","floor":23,"turns":5},{"damage":6,"enemies":"Snecko","floor":25,"turns":5},{"damage":0,"enemies":"downfall:FleeingMerchant","floor":27,"turns":4},{"damage":2,"enemies":"Snake Plant","floor":28,"turns":3},{"damage":0,"enemies":"Cultist and Chosen","floor":29,"turns":6},{"damage":1,"enemies":"downfall:FleeingMerchant","floor":31,"turns":4},{"damage":1,"enemies":"Centurion and Healer","floor":32,"turns":4},{"damage":15,"enemies":"IC_MUSHROOM_ARCHETYPE","floor":33,"turns":7},{"damage":1,"enemies":"3 Darklings","floor":36,"turns":5},{"damage":0,"enemies":"Orb Walker","floor":37,"turns":2},{"damage":0,"enemies":"Jaw Worm Horde","floor":38,"turns":6},{"damage":1,"enemies":"Transient","floor":44,"turns":5},{"damage":1,"enemies":"downfall:FleeingMerchant","floor":45,"turns":4},{"damage":1,"enemies":"Writhing Mass","floor":47,"turns":4},{"damage":3,"enemies":"Sphere and 2 Shapes","floor":48,"turns":3},{"damage":0,"enemies":"Transient","floor":49,"turns":5},{"damage":33,"enemies":"WA_ARCHETYPE_DIVINITY","floor":50,"turns":9},{"damage":0,"enemies":"downfall:CharBossMerchant","floor":52,"turns":9},{"damage":49,"enemies":"downfall:NeowBoss","floor":55,"turns":14},{"damage":36,"enemies":"downfall:NeowBossFinal","floor":56,"turns":10}],"seed_played":"1974742264894172212","potions_obtained":[{"floor":2.0,"key":"Ancient Potion"},{"floor":3.0,"key":"PowerPotion"},{"floor":6.0,"key":"hexamod:SoulburnPotion"},{"floor":9,"key":"hexamod:SoulburnPotion"},{"floor":16,"key":"CultistPotion"},{"floor":21,"key":"champ:CounterPotion"},{"floor":22,"key":"DuplicationPotion"},{"floor":23,"key":"Ancient Potion"},{"floor":25,"key":"SkillPotion"},{"floor":32,"key":"Block Potion"},{"floor":33,"key":"GamblersBrew"},{"floor":37,"key":"bronze:BurnAndBuffPotion"},{"floor":47,"key":"DistilledChaos"},{"floor":49,"key":"bronze:BurnAndBuffPotion"}],"is_trial":false,"path_per_floor":["R","M","M","?","?","M","T","E","M","R","M","M","R","?","M","B",null,"R","?","?","M","M","E","T","M","R","$","M","M","?","$","M","B",null,"R","M","M","M","?","R","T","?","?","M","$","R","M","M","M","B",null,"E","$","R","B","B",null],"character_chosen":"GUARDIAN","items_purchased":["Guardian:PickAxe","Guardian:TimeCapacitor","Guardian:EvasiveProtocol","Lee\u0027s Waffle","Guardian:VentSteam","Guardian:StasisStrike","Guardian:Incinerate","Chemical X","Whetstone","Anchor","Guardian:WalkerClaw","Guardian:Incinerate","Guardian:Emergency","Guardian:Gem_Blue","Guardian:Gem_Blue","Guardian:EvasiveProtocol","Guardian:TimeCapacitor","Guardian:SpikerProtocol","Guardian:FloatingOrbs","Guardian:ConstructionForm","Guardian:TimeCapacitor","Guardian:ConstructionForm","Enlightenment","Guardian:ArmoredProtocol","Guardian:Repulse","Guardian:ShieldCharger","Ice Cream","Strength Potion","Guardian:Planning"],"campfire_rested":0,"item_purchase_floors":[27,27,27,27,27,27,31,31,45,45,45,45,45,45,45,45,45,45,45,45,45,45,45,45,45,45,53,53,53],"current_hp_per_floor":[88,82,80,80,56,56,63,55,51,51,47,47,47,47,42,25,95,95,95,105,98,92,92,92,86,96,122,120,120,115,114,113,98,122,122,121,121,121,121,121,121,116,116,115,114,114,113,110,110,77,122,122,122,122,73,37],"gold":14,"neow_bonus":"TEN_PERCENT_HP_BONUS","is_daily":false,"chose_seed":false,"campfire_upgraded":7,"win_rate":0.0,"timestamp":1612663940,"path_taken":["R","M","M","?","?","M","T","E","M","R","M","M","R","?","M","BOSS","R","?","?","M","M","E","T","M","R","?","M","M","?","$","M","BOSS","R","M","M","M","?","R","T","?","?","M","$","R","M","M","M","BOSS","E","$","R","BOSS","BOSS"],"items_purchased_type":["Relic","Card","Card","Relic","Card","Card","Card","Relic","Relic","Relic","Card","Card","Card","Card","Card","Card","Card","Card","Card","Card","Card","Card","Card","Card","Card","Card","Relic","Potion","Card"],"build_version":"2020-12-22","purchased_purges":1,"victory":true,"max_hp_per_floor":[88,88,88,88,88,88,95,95,95,95,95,95,95,95,95,95,95,95,95,105,105,105,105,105,105,115,122,122,122,122,122,122,122,122,122,122,122,122,122,122,122,122,122,122,122,122,122,122,122,122,122,122,122,122,122,122],"card_choices":[{"not_picked":["Guardian:ArmoredProtocol","Guardian:RollAttack"],"picked":"Guardian:BronzeOrb","floor":2.0},{"not_picked":["Guardian:RefractedBeam","Guardian:PrismaticBarrier"],"picked":"Guardian:MultiBeam","floor":3.0},{"not_picked":["Guardian:TemporalStrike","Guardian:Emergency"],"picked":"Guardian:VentSteam","floor":6.0},{"not_picked":["Guardian:PrismaticBarrier","Guardian:TimeSifter"],"picked":"Guardian:Gem_Red","floor":8},{"not_picked":["Guardian:Gem_Blue","Guardian:CrystalBeam"],"picked":"Guardian:EvasiveProtocol","floor":9},{"not_picked":["Guardian:ChargeCore","Guardian:MultiBeam"],"picked":"Guardian:WalkerClaw","floor":11},{"not_picked":["Guardian:Incinerate","Guardian:Gem_Lightblue"],"picked":"Guardian:Planning","floor":12},{"not_picked":["Guardian:Gem_Red","Guardian:Gem_Blue"],"picked":"Guardian:Clone","floor":15},{"not_picked":["Guardian:AncientConstruct","Guardian:Gem_Synthetic"],"picked":"Guardian:SphericShield","floor":16},{"not_picked":["Guardian:VentSteam","Guardian:Incinerate+1"],"picked":"Guardian:Recover+1","floor":20},{"not_picked":["Guardian:VentSteam","Guardian:DecasProtection"],"picked":"Guardian:Recover+1","floor":21},{"not_picked":["Guardian:TemporalShield","Guardian:RollAttack"],"picked":"Guardian:ShieldCharger","floor":22},{"not_picked":["Guardian:VentSteam","Guardian:TemporalShield"],"picked":"Guardian:Gem_Cyan","floor":23},{"not_picked":["Guardian:CrystalBeam","Guardian:Suspension"],"picked":"Guardian:ShieldCharger","floor":25},{"not_picked":["Guardian:Gem_Fragmented","Guardian:TemporalStrike"],"picked":"Guardian:SpikerProtocol+1","floor":27},{"not_picked":["Guardian:ChargeCore+1","Guardian:ShieldSpikes"],"picked":"Guardian:Gem_Synthetic","floor":28},{"not_picked":["Guardian:ChargeCore","Guardian:Reroute"],"picked":"Guardian:BronzeOrb+1","floor":29},{"not_picked":["Guardian:CrystalBeam","Guardian:Planning+1"],"picked":"Guardian:EvasiveProtocol","floor":31},{"not_picked":["Guardian:Planning","Guardian:WalkerClaw"],"picked":"Guardian:TimeBomb+1","floor":32},{"not_picked":["Guardian:HyperBeam_Guardian","Guardian:SphericShield"],"picked":"Guardian:FastForward","floor":33},{"not_picked":["Guardian:ChargeCore","Guardian:Gem_Lightblue"],"picked":"Guardian:GuardianWhirl","floor":36},{"not_picked":["Guardian:Planning","Guardian:PrimingBeam","Guardian:Preprogram"],"picked":"SKIP","floor":37},{"not_picked":["Guardian:Recover","Guardian:VentSteam+1"],"picked":"Guardian:Gem_Red","floor":38},{"not_picked":["expansioncontent:YouAreMine","expansioncontent:HyperBeam"],"picked":"expansioncontent:Hexaburn","floor":42},{"not_picked":["expansioncontent:YouAreMine","expansioncontent:InvincibleStrength"],"picked":"expansioncontent:Hexaburn","floor":42},{"not_picked":["Guardian:Gem_Fragmented","Guardian:Incinerate+1"],"picked":"Guardian:Gem_White","floor":44},{"not_picked":["Guardian:ArmoredProtocol","Guardian:Gem_Green"],"picked":"Guardian:AncientConstruct","floor":45},{"not_picked":["Guardian:Reroute","Guardian:Suspension+1"],"picked":"Guardian:Clone+1","floor":47},{"not_picked":["Guardian:BronzeOrb","Guardian:VentSteam"],"picked":"Guardian:PolyBeam","floor":48},{"not_picked":["Guardian:Incinerate+1","Guardian:BronzeArmor"],"picked":"Guardian:DonusPower+1","floor":49},{"not_picked":["Guardian:Suspension","Guardian:SentryBeam+1"],"picked":"Guardian:WalkerClaw","floor":52}],"player_experience":1007267,"relics_obtained":[{"floor":7.0,"key":"Strawberry"},{"floor":8,"key":"The Courier"},{"floor":20,"key":"Incense Burner"},{"floor":20,"key":"Pear"},{"floor":23,"key":"Dead Branch"},{"floor":41,"key":"Letter Opener"},{"floor":52,"key":"Eternal Feather"}],"event_choices":[],"is_beta":false,"boss_relics":[{"not_picked":["bronze:MakeshiftBattery","SacredBark"],"picked":"Philosopher\u0027s Stone"},{"not_picked":["Sozu","Busted Crown"],"picked":"Coffee Dripper"}],"items_purged_floors":[45],"is_endless":false,"potions_floor_spawned":[2,3,6,9,16,21,22,23,25,32,33,37,44,47,48,49],"ascension_level":0}}