{"host":"bf5upntvbdompq33","time":1612735904,"event":{"mods":["BaseMod","Colored Map","Colored Powertips","Curses Come First","Minty Spire (QoL Compilation)","StSLib","The Dragon Tamer","The Hierophant","The Marked","The Mystic","The Servant 0.9.4"],"gold_per_floor":[112,112,135,161,187,232,265,298,337,362,394,406,406],"floor_reached":12,"language":"ENG","playtime":487,"items_purged":[],"score":122,"play_id":"9ded79c6-7dd2-4cf2-9d01-c794c90ceee6","local_time":"20210207151144","is_ascension_mode":true,"campfire_choices":[],"circlet_count":0,"master_deck":["Strike_G","Strike_G","Strike_G","Strike_G","Strike_G","Defend_G","Defend_G","Defend_G","Defend_G","Defend_G","Survivor","Neutralize","Footwork","Flying Knee","Blade Dance","Backstab","Setup","Escape Plan","Blur","Cloak And Dagger"],"relics":["Ring of the Snake","NeowsBlessing","Golden Idol","MawBank","Pear","Nunchaku"],"acts_visited":["Exordium"],"potions_floor_usage":[6,6],"damage_taken":[{"damage":0,"enemies":"Jaw Worm","floor":1,"turns":1},{"damage":0,"enemies":"Cultist","floor":4,"turns":1},{"damage":0,"enemies":"2 Louse","floor":5,"turns":1},{"damage":13,"enemies":"Gremlin Nob","floor":6,"turns":3},{"damage":9,"enemies":"2 Fungi Beasts","floor":7,"turns":3},{"damage":7,"enemies":"Looter","floor":8,"turns":3},{"damage":22,"enemies":"Large Slime","floor":10,"turns":7},{"damage":0,"enemies":"3 Louse","floor":11,"turns":3},{"damage":25,"enemies":"Lagavulin","floor":12,"turns":7}],"seed_played":"-24242337577537804","potions_obtained":[{"floor":4,"key":"Fire Potion"},{"floor":5,"key":"Fire Potion"},{"floor":6,"key":"Dexterity Potion"},{"floor":11,"key":"CunningPotion"}],"is_trial":false,"path_per_floor":["M","?","T","M","M","E","M","M","T","M","M","E"],"character_chosen":"THE_SILENT","items_purchased":[],"campfire_rested":0,"item_purchase_floors":[],"current_hp_per_floor":[63,63,63,63,63,60,51,44,44,22,22,0,0],"gold":406,"neow_bonus":"THREE_ENEMY_KILL","is_daily":false,"chose_seed":false,"campfire_upgraded":0,"win_rate":0.0,"timestamp":1612735904,"path_taken":["M","?","?","M","M","E","M","M","T","M","?","E"],"items_purchased_type":[],"build_version":"2020-12-22","purchased_purges":0,"victory":false,"max_hp_per_floor":[70,65,65,65,65,75,75,75,75,75,75,75,75],"card_choices":[{"not_picked":["Dodge and Roll","Prepared"],"picked":"Footwork","floor":1},{"not_picked":["Cloak And Dagger","PiercingWail"],"picked":"Flying Knee","floor":4},{"not_picked":["Cloak And Dagger","Footwork"],"picked":"Blade Dance","floor":5},{"not_picked":["Catalyst","Tactician"],"picked":"Backstab","floor":6},{"not_picked":["PiercingWail","Bane"],"picked":"Setup","floor":7},{"not_picked":["Flechettes","Concentrate"],"picked":"Escape Plan","floor":8},{"not_picked":["Deflect","Dodge and Roll"],"picked":"Blur","floor":10},{"not_picked":["Poisoned Stab","Choke"],"picked":"Cloak And Dagger","floor":11}],"player_experience":1506264,"relics_obtained":[{"floor":3,"key":"MawBank"},{"floor":6,"key":"Pear"},{"floor":9,"key":"Nunchaku"}],"event_choices":[{"damage_healed":0,"gold_gain":0,"player_choice":"Lose Max HP","damage_taken":0,"relics_obtained":["Golden Idol"],"max_hp_gain":0,"max_hp_loss":5,"event_name":"Golden Idol","floor":2,"gold_loss":0}],"is_beta":false,"boss_relics":[],"items_purged_floors":[],"is_endless":false,"potions_floor_spawned":[4,5,6,11],"killed_by":"Lagavulin","ascension_level":9}}