{"host":"5jdby9iqu3ct6557","time":1612663064,"event":{"mods":["BaseMod","DeckTracker","Highlight Path","Minty Spire (QoL Compilation)","Relic Stats","StSLib"],"gold_per_floor":[119,119,133,150,150,150,184,184,235,195,206,216,216,229,229,306,306,326,326,1,1,14,14,44,44,44,72,84,84,115,135,135,209,209,221,234,284,304,320,320,320,320],"floor_reached":41,"language":"ENG","playtime":5245,"items_purged":[],"score":1056,"play_id":"9e3977bc-66ae-4199-93f0-a6131fe141a8","local_time":"20210206205744","is_ascension_mode":true,"campfire_choices":[{"floor":6,"key":"REST"},{"data":"Deadly Poison","floor":8,"key":"SMITH"},{"data":"Neutralize","floor":13,"key":"SMITH"},{"data":"Footwork","floor":15,"key":"SMITH"},{"data":"Catalyst","floor":23,"key":"SMITH"},{"data":"Ghostly","floor":25,"key":"SMITH"},{"floor":32,"key":"REST"},{"floor":40,"key":"RECALL"}],"circlet_count":0,"master_deck":["AscendersBane","Strike_G","Strike_G","Strike_G","Strike_G","Defend_G","Defend_G","Defend_G+1","Defend_G","Defend_G+1","Survivor","Neutralize+1","Sucker Punch","Slice","Underhanded Strike","Deadly Poison+1","Blade Dance","Calculated Gamble","Footwork+1","Corpse Explosion","Acrobatics","Backflip","Ghostly+1","Ghostly","Ghostly","Catalyst+1","Acrobatics","Night Terror","Well Laid Plans","Venomology","Outmaneuver","Concentrate"],"relics":["Ring of the Snake","Anchor","Snake Skull","Cursed Key","Gremlin Horn","Oddly Smooth Stone","Incense Burner","Ninja Scroll","Runic Pyramid","Girya"],"acts_visited":["Exordium","TheCity","TheBeyond"],"potions_floor_usage":[7,14,16,22,24,27,27,37,39,41],"damage_taken":[{"damage":0,"enemies":"2 Louse","floor":1,"turns":4},{"damage":4,"enemies":"Small Slimes","floor":3,"turns":5},{"damage":0,"enemies":"Cultist","floor":4,"turns":4},{"damage":16,"enemies":"3 Sentries","floor":7,"turns":9},{"damage":0,"enemies":"Looter","floor":11,"turns":2},{"damage":0,"enemies":"Exordium Wildlife","floor":12,"turns":6},{"damage":0,"enemies":"Large Slime","floor":14,"turns":4},{"damage":21,"enemies":"The Guardian","floor":16,"turns":14},{"damage":21,"enemies":"Spheric Guardian","floor":18,"turns":7},{"damage":8,"enemies":"3 Byrds","floor":22,"turns":6},{"damage":0,"enemies":"Slavers","floor":24,"turns":2},{"damage":0,"enemies":"Book of Stabbing","floor":27,"turns":6},{"damage":7,"enemies":"Centurion and Healer","floor":28,"turns":5},{"damage":0,"enemies":"Slavers","floor":30,"turns":4},{"damage":2,"enemies":"Shelled Parasite and Fungi","floor":31,"turns":4},{"damage":24,"enemies":"Collector","floor":33,"turns":11},{"damage":0,"enemies":"Orb Walker","floor":35,"turns":4},{"damage":0,"enemies":"3 Darklings","floor":36,"turns":4},{"damage":7,"enemies":"2 Orb Walkers","floor":37,"turns":5},{"damage":1,"enemies":"Transient","floor":38,"turns":6},{"damage":0,"enemies":"Maw","floor":39,"turns":9},{"damage":51,"enemies":"Nemesis","floor":41,"turns":7}],"seed_played":"5065256089158254128","potions_obtained":[{"floor":4,"key":"Poison Potion"},{"floor":10,"key":"Energy Potion"},{"floor":10,"key":"DistilledChaos"},{"floor":14,"key":"SpeedPotion"},{"floor":16,"key":"LiquidMemories"},{"floor":22,"key":"PowerPotion"},{"floor":24,"key":"Fire Potion"},{"floor":27,"key":"Weak Potion"},{"floor":28,"key":"SpeedPotion"}],"is_trial":false,"path_per_floor":["M","?","M","M","?","R","E","R","T","?","M","M","R","M","R","B",null,"M","?","$","?","M","R","E","R","T","E","M","?","E","M","R","B",null,"M","M","?","M","M","R","E"],"character_chosen":"THE_SILENT","items_purchased":["Gremlin Horn","Backflip"],"campfire_rested":2,"item_purchase_floors":[20,20],"current_hp_per_floor":[65,58,54,54,32,53,37,37,37,37,37,37,37,37,37,16,58,37,37,37,36,28,28,28,28,28,28,21,21,21,19,29,5,28,28,28,21,20,20,20,0,0],"gold":320,"neow_bonus":"TEN_PERCENT_HP_BONUS","is_daily":false,"chose_seed":false,"campfire_upgraded":5,"win_rate":0.0,"timestamp":1612663064,"path_taken":["M","?","M","M","?","R","E","R","T","?","M","?","R","M","R","BOSS","M","?","$","?","M","R","E","R","T","E","M","?","E","M","R","BOSS","M","M","?","M","M","R","E"],"items_purchased_type":["Relic","Card"],"build_version":"2020-12-22","purchased_purges":0,"victory":false,"max_hp_per_floor":[72,72,72,72,72,72,72,72,72,72,72,72,72,72,72,72,72,72,72,72,36,36,36,36,36,36,36,36,36,36,36,36,36,36,36,36,36,36,36,36,36,36],"relic_stats":{"Gremlin Horn":[6,6],"counters":[22,128],"Snake Skull":[52],"Cursed Key":0,"obtain_stats":[{"Girya":37,"Anchor":7,"Gremlin Horn":20,"Ninja Scroll":30,"Oddly Smooth Stone":24,"Snake Skull":9,"Incense Burner":27,"Cursed Key":17,"Ring of the Snake":0,"Runic Pyramid":34},{"Girya":19,"Anchor":4,"Gremlin Horn":9,"Ninja Scroll":14,"Oddly Smooth Stone":11,"Snake Skull":4,"Incense Burner":12,"Cursed Key":8,"Ring of the Snake":0,"Runic Pyramid":16},{"Girya":106,"Anchor":22,"Gremlin Horn":55,"Ninja Scroll":78,"Oddly Smooth Stone":63,"Snake Skull":22,"Incense Burner":69,"Cursed Key":48,"Ring of the Snake":0,"Runic Pyramid":93}],"Ring of the Snake":[44]},"card_choices":[{"not_picked":["Acrobatics","Slice"],"picked":"Sucker Punch","floor":1},{"not_picked":["Underhanded Strike","Backflip"],"picked":"Slice","floor":3},{"not_picked":["Escape Plan","Deflect"],"picked":"Underhanded Strike","floor":4},{"not_picked":["Footwork","Choke"],"picked":"Deadly Poison","floor":7},{"not_picked":["Masterful Stab","Prepared"],"picked":"Blade Dance","floor":11},{"not_picked":["Endless Agony","Eviscerate"],"picked":"Calculated Gamble","floor":12},{"not_picked":["Storm of Steel","All Out Attack"],"picked":"Footwork","floor":14},{"not_picked":["A Thousand Cuts","Adrenaline"],"picked":"Corpse Explosion","floor":16},{"not_picked":["Masterful Stab","Deadly Poison"],"picked":"Acrobatics","floor":18},{"not_picked":["Backstab","Dash"],"picked":"Catalyst","floor":22},{"not_picked":["Dagger Throw","Dash"],"picked":"Acrobatics","floor":28},{"not_picked":["Dodge and Roll","Prepared"],"picked":"Night Terror","floor":30},{"not_picked":["Eviscerate","Prepared"],"picked":"Well Laid Plans","floor":31},{"not_picked":["Wraith Form v2","Doppelganger"],"picked":"Venomology","floor":33},{"not_picked":["Finisher","Predator"],"picked":"Outmaneuver","floor":35},{"not_picked":["Dagger Throw+1","Prepared"],"picked":"Concentrate","floor":38}],"player_experience":2554262,"relics_obtained":[{"floor":7,"key":"Anchor"},{"floor":9,"key":"Snake Skull"},{"floor":24,"key":"Oddly Smooth Stone"},{"floor":27,"key":"Incense Burner"},{"floor":30,"key":"Ninja Scroll"},{"floor":37,"key":"Girya"}],"event_choices":[{"cards_removed":["Strike_G"],"damage_healed":0,"gold_gain":0,"player_choice":"Card Removal","damage_taken":7,"max_hp_gain":0,"max_hp_loss":0,"event_name":"Golden Wing","floor":2,"gold_loss":0},{"damage_healed":0,"gold_gain":0,"player_choice":"Entered Light","damage_taken":22,"max_hp_gain":0,"max_hp_loss":0,"event_name":"Shining Light","floor":5,"gold_loss":0,"cards_upgraded":["Defend_G","Defend_G"]},{"damage_healed":0,"gold_gain":0,"player_choice":"Bought 3 Potions","damage_taken":0,"max_hp_gain":0,"max_hp_loss":0,"event_name":"The Woman in Blue","floor":10,"gold_loss":0},{"damage_healed":0,"gold_gain":0,"player_choice":"Ignored","damage_taken":0,"max_hp_gain":0,"max_hp_loss":0,"event_name":"The Mausoleum","floor":19,"gold_loss":0},{"damage_healed":0,"gold_gain":0,"player_choice":"Became a Ghost","damage_taken":0,"max_hp_gain":0,"max_hp_loss":36,"event_name":"Ghosts","floor":21,"gold_loss":0,"cards_obtained":["Ghostly","Ghostly","Ghostly"]},{"damage_healed":0,"gold_gain":0,"player_choice":"Fight","damage_taken":0,"max_hp_gain":0,"max_hp_loss":0,"event_name":"Mysterious Sphere","floor":37,"gold_loss":0}],"is_beta":false,"boss_relics":[{"not_picked":["Snecko Eye","Pandora\u0027s Box"],"picked":"Cursed Key"},{"not_picked":["Philosopher\u0027s Stone","Calling Bell"],"picked":"Runic Pyramid"}],"items_purged_floors":[],"is_endless":false,"potions_floor_spawned":[4,11,14,16,22,24,27,28,30,35,38],"killed_by":"Nemesis","ascension_level":20}}