{"host":"oopoa2qluour3scl","time":1612683716,"event":{"mods":["2.2 Compatiblity","AchievementEnabler","AlwaysNeverKeys","BaseMod","Better Match","Better Note","Better Sensory Stone","Better Third Choice","Better Vampires","BetterRewards","Colored Powertips","Communication Mod","Minty Spire (QoL Compilation)","Practice Mode","Random Character Button","Relic Stats","StSLib","SuperFastMode","Swap Starting Deck Mod"],"gold_per_floor":[114,131,142,158,108,137,149,179,179,190,190,39,39,69,69,166,166,178,178,49,60,71,104,104,134,158,158,158,158,258,258,258,362,362,377,397,408,408,427,463,492,508,532,532,532,532,559,574,574,574,574],"floor_reached":50,"language":"ENG","playtime":2057,"items_purged":["Pain"],"score":654,"play_id":"62cc7b54-a8bd-421d-a8e0-cb1e9794e9a1","local_time":"20210207084156","is_ascension_mode":false,"campfire_choices":[{"floor":13,"key":"REST"},{"data":"Inflame","floor":15,"key":"SMITH"},{"data":"Exhume","floor":24,"key":"SMITH"},{"data":"Brutality","floor":27,"key":"SMITH"},{"floor":29,"key":"REST"},{"data":"J.A.X.","floor":32,"key":"SMITH"},{"data":"Demon Form","floor":44,"key":"SMITH"},{"data":"Limit Break","floor":49,"key":"SMITH"}],"circlet_count":0,"master_deck":["Carnage","Carnage","Carnage","Ghostly Armor","Ghostly Armor","Ghostly Armor","Ghostly Armor","Feel No Pain","Wild Strike","Barricade","Reckless Charge","Headbutt","Burning Pact","Brutality+1","Hemokinesis","Fiend Fire","Inflame+1","Exhume+1","Reckless Charge","Anger","Seeing Red+1","Rupture","Warcry+1","Rupture","Deep Breath","J.A.X.+1","Immolate","Clash+1","Rupture+1","Infernal Blade+1","Demon Form+1","Pummel+1","Uppercut+1","Exhume","Feel No Pain+1","Demon Form","Limit Break+1"],"relics":["Burning Blood","swapstartingdeckmod:Bellows","Incense Burner","Pocketwatch","Letter Opener","Toolbox","Mark of Pain","WarpedTongs","Ornamental Fan","Meat on the Bone","Happy Flower","Sozu","HornCleat","Vajra","Smiling Mask"],"acts_visited":["Exordium","TheCity","TheBeyond"],"potions_floor_usage":[8,50,50],"damage_taken":[{"damage":1,"enemies":"Jaw Worm","floor":1,"turns":3},{"damage":0,"enemies":"Small Slimes","floor":2,"turns":2},{"damage":0,"enemies":"2 Louse","floor":3,"turns":2},{"damage":3,"enemies":"Blue Slaver","floor":4,"turns":3},{"damage":18,"enemies":"3 Sentries","floor":6,"turns":8},{"damage":10,"enemies":"Lots of Slimes","floor":7,"turns":4},{"damage":51,"enemies":"Gremlin Nob","floor":8,"turns":5},{"damage":0,"enemies":"Looter","floor":10,"turns":2},{"damage":2,"enemies":"3 Louse","floor":14,"turns":2},{"damage":7,"enemies":"Slime Boss","floor":16,"turns":5},{"damage":18,"enemies":"3 Byrds","floor":18,"turns":5},{"damage":0,"enemies":"Chosen","floor":21,"turns":3},{"damage":11,"enemies":"Sentry and Sphere","floor":22,"turns":3},{"damage":17,"enemies":"Slavers","floor":23,"turns":4},{"damage":15,"enemies":"Book of Stabbing","floor":25,"turns":4},{"damage":37,"enemies":"Collector","floor":33,"turns":7},{"damage":10,"enemies":"3 Darklings","floor":35,"turns":3},{"damage":25,"enemies":"3 Shapes","floor":36,"turns":3},{"damage":14,"enemies":"Maw","floor":37,"turns":6},{"damage":12,"enemies":"Jaw Worm Horde","floor":39,"turns":3},{"damage":14,"enemies":"4 Shapes","floor":40,"turns":2},{"damage":19,"enemies":"Reptomancer","floor":41,"turns":5},{"damage":21,"enemies":"Writhing Mass","floor":42,"turns":4},{"damage":10,"enemies":"Nemesis","floor":47,"turns":5},{"damage":5,"enemies":"Spire Growth","floor":48,"turns":3},{"damage":62,"enemies":"Awakened One","floor":50,"turns":5}],"seed_played":"-1005732106131709383","potions_obtained":[{"floor":4,"key":"EssenceOfSteel"},{"floor":6,"key":"AttackPotion"},{"floor":10,"key":"FearPotion"},{"floor":16,"key":"Energy Potion"}],"is_trial":false,"path_per_floor":["M","M","M","M","?","E","M","E","T","M","?","$","R","M","R","B",null,"M","?","$","M","M","E","R","E","T","R","?","R","?","?","R","B",null,"M","M","M","?","M","M","E","M","T","R","?","?","E","M","R","B"],"character_chosen":"IRONCLAD","items_purchased":["Toolbox","Anger"],"campfire_rested":2,"item_purchase_floors":[12,20],"current_hp_per_floor":[80,80,80,80,80,68,64,19,19,25,25,25,49,53,53,52,80,68,68,68,74,69,58,58,49,49,49,37,61,61,61,61,42,80,76,57,49,49,55,47,46,43,43,43,27,21,29,42,42,0,0],"gold":574,"neow_bonus":"","is_daily":false,"chose_seed":false,"campfire_upgraded":6,"win_rate":0.0,"timestamp":1612683716,"path_taken":["M","M","M","M","?","E","M","E","T","M","?","$","R","M","R","BOSS","M","?","$","?","M","E","R","E","T","R","?","R","?","?","R","BOSS","M","M","M","?","?","M","E","M","T","R","?","?","E","M","R","BOSS"],"items_purchased_type":["Relic","Card"],"build_version":"2020-12-22","purchased_purges":1,"victory":false,"max_hp_per_floor":[80,80,80,80,80,80,80,80,80,80,80,80,80,80,80,80,80,80,80,80,80,80,80,80,80,80,80,80,80,80,80,80,80,80,80,80,80,80,80,80,80,80,80,80,80,80,80,80,80,80,80],"relic_stats":{"Sozu":11,"Happy Flower":[15],"counters":[185,739],"Ornamental Fan":[88],"Letter Opener":[72],"Smiling Mask":0,"obtain_stats":[{"CeramicFish":48,"Vajra":28,"Whetstone":26,"Bottled Tornado":43,"Sling":20,"Boot":12,"Sozu":0,"Centennial Puzzle":13,"Lizard Tail":10,"HornCleat":30,"Sundial":7,"Strawberry":25,"MealTicket":10,"Prayer Wheel":29,"Fusion Hammer":17,"Toxic Egg 2":23,"Girya":37,"Pear":26,"Happy Flower":26,"Astrolabe":17,"Dead Branch":30,"Blue Candle":9,"Oddly Smooth Stone":13,"Eternal Feather":8,"Letter Opener":24,"War Paint":40,"Question Card":38,"Cables":0,"WarpedTongs":7,"SlaversCollar":34,"Bottled Flame":10,"Shuriken":38,"Bronze Scales":0,"Bird Faced Urn":9,"Snecko Eye":17,"Molten Egg 2":26,"CultistMask":29,"Mark of Pain":17,"Black Star":17,"StrikeDummy":6,"Pocketwatch":6,"Meat on the Bone":25,"Darkstone Periapt":43,"Regal Pillow":0,"Singing Bowl":25,"Snake Skull":0,"Bag of Preparation":4,"Juzu Bracelet":10,"Incense Burner":6,"Ancient Tea Set":43,"Smiling Mask":47,"Nunchaku":53,"Dream Catcher":27,"Mummified Hand":0,"Pantograph":0,"Toolbox":8,"WingedGreaves":0,"Red Mask":21,"Cracked Core":0,"Ring of the Snake":0,"Potion Belt":44,"Lee\u0027s Waffle":12,"NeowsBlessing":0,"Golden Idol":0,"Self Forming Clay":26,"The Courier":9,"swapstartingdeckmod:Bellows":0,"Omamori":30,"Frozen Egg 2":23,"Orichalcum":0,"GoldenEye":8,"DataDisk":40,"Anchor":23,"Ornamental Fan":46,"Orrery":0,"Ectoplasm":0,"Coffee Dripper":34,"Bag of Marbles":0,"Bottled Lightning":54,"Toy Ornithopter":23},{"CeramicFish":30,"Vajra":20,"Whetstone":4,"Bottled Tornado":28,"Sling":43,"Boot":135,"Sozu":0,"Centennial Puzzle":52,"Lizard Tail":82,"HornCleat":21,"Sundial":65,"Strawberry":76,"MealTicket":110,"Prayer Wheel":120,"Fusion Hammer":70,"Toxic Egg 2":158,"Girya":25,"Pear":76,"Happy Flower":174,"Astrolabe":85,"Dead Branch":91,"Blue Candle":133,"Oddly Smooth Stone":135,"Eternal Feather":81,"Letter Opener":45,"War Paint":97,"Question Card":25,"Cables":0,"WarpedTongs":148,"SlaversCollar":121,"Bottled Flame":39,"Shuriken":25,"Bronze Scales":0,"Bird Faced Urn":9,"Snecko Eye":42,"Molten Egg 2":19,"CultistMask":142,"Mark of Pain":169,"Black Star":54,"StrikeDummy":37,"Pocketwatch":9,"Meat on the Bone":174,"Darkstone Periapt":123,"Regal Pillow":33,"Singing Bowl":19,"Snake Skull":46,"Bag of Preparation":48,"Juzu Bracelet":66,"Incense Burner":164,"Ancient Tea Set":98,"Smiling Mask":183,"Nunchaku":31,"Dream Catcher":77,"Mummified Hand":0,"Pantograph":0,"Toolbox":109,"WingedGreaves":46,"Red Mask":73,"Cracked Core":0,"Ring of the Snake":0,"Potion Belt":99,"Lee\u0027s Waffle":67,"NeowsBlessing":61,"Golden Idol":0,"Self Forming Clay":141,"The Courier":50,"swapstartingdeckmod:Bellows":105,"Omamori":120,"Frozen Egg 2":17,"Orichalcum":46,"GoldenEye":38,"DataDisk":27,"Anchor":117,"Ornamental Fan":101,"Orrery":46,"Ectoplasm":78,"Coffee Dripper":23,"Bag of Marbles":128,"Bottled Lightning":32,"Toy Ornithopter":3},{"CeramicFish":94,"Vajra":64,"Whetstone":18,"Bottled Tornado":90,"Sling":156,"Boot":533,"Sozu":0,"Centennial Puzzle":191,"Lizard Tail":312,"HornCleat":66,"Sundial":230,"Strawberry":283,"MealTicket":431,"Prayer Wheel":464,"Fusion Hammer":257,"Toxic Egg 2":634,"Girya":81,"Pear":283,"Happy Flower":693,"Astrolabe":329,"Dead Branch":355,"Blue Candle":524,"Oddly Smooth Stone":533,"Eternal Feather":304,"Letter Opener":167,"War Paint":380,"Question Card":81,"Cables":0,"WarpedTongs":592,"SlaversCollar":470,"Bottled Flame":133,"Shuriken":81,"Bronze Scales":0,"Bird Faced Urn":31,"Snecko Eye":150,"Molten Egg 2":61,"CultistMask":569,"Mark of Pain":674,"Black Star":200,"StrikeDummy":121,"Pocketwatch":31,"Meat on the Bone":693,"Darkstone Periapt":477,"Regal Pillow":102,"Singing Bowl":61,"Snake Skull":169,"Bag of Preparation":176,"Juzu Bracelet":234,"Incense Burner":656,"Ancient Tea Set":384,"Smiling Mask":731,"Nunchaku":96,"Dream Catcher":287,"Mummified Hand":0,"Pantograph":0,"Toolbox":427,"WingedGreaves":169,"Red Mask":270,"Cracked Core":0,"Ring of the Snake":0,"Potion Belt":388,"Lee\u0027s Waffle":239,"NeowsBlessing":219,"Golden Idol":0,"Self Forming Clay":565,"The Courier":182,"swapstartingdeckmod:Bellows":417,"Omamori":464,"Frozen Egg 2":54,"Orichalcum":169,"GoldenEye":124,"DataDisk":86,"Anchor":454,"Ornamental Fan":396,"Orrery":169,"Ectoplasm":289,"Coffee Dripper":73,"Bag of Marbles":499,"Bottled Lightning":99,"Toy Ornithopter":14}],"Burning Blood":404,"Pocketwatch":[32],"WarpedTongs":[103],"Meat on the Bone":72},"card_choices":[{"not_picked":["Armaments","Clash"],"picked":"Wild Strike","floor":1},{"not_picked":["Cleave","Wild Strike"],"picked":"Barricade","floor":2},{"not_picked":["Intimidate","Heavy Blade"],"picked":"Reckless Charge","floor":3},{"not_picked":["Rupture","Flex"],"picked":"Headbutt","floor":4},{"not_picked":["Bloodletting","Pommel Strike"],"picked":"Burning Pact","floor":6},{"not_picked":["Clothesline","Armaments"],"picked":"Dark Embrace","floor":7},{"not_picked":["True Grit","Pommel Strike"],"picked":"Brutality","floor":8},{"not_picked":["Clash","True Grit"],"picked":"Hemokinesis","floor":10},{"not_picked":["Entrench","Rage"],"picked":"Inflame","floor":14},{"not_picked":["Corruption","Offering"],"picked":"Exhume","floor":16},{"not_picked":["Clothesline","Body Slam"],"picked":"Reckless Charge","floor":18},{"not_picked":["Anger","Hemokinesis+1"],"picked":"Seeing Red+1","floor":21},{"not_picked":["Thunderclap","Heavy Blade+1"],"picked":"Rupture","floor":22},{"not_picked":["True Grit","Fire Breathing"],"picked":"Warcry+1","floor":23},{"not_picked":["Inflame","Flex+1"],"picked":"Rupture","floor":25},{"not_picked":["Barricade","Double Tap"],"picked":"Immolate","floor":33},{"not_picked":["Pommel Strike+1","Hemokinesis"],"picked":"Clash+1","floor":35},{"not_picked":["Pommel Strike+1","Infernal Blade"],"picked":"Rupture+1","floor":36},{"not_picked":["Wild Strike","Iron Wave"],"picked":"Infernal Blade+1","floor":37},{"not_picked":["Iron Wave+1","Wild Strike"],"picked":"Pummel+1","floor":39},{"not_picked":["Perfected Strike+1","Iron Wave"],"picked":"Uppercut+1","floor":40},{"not_picked":["Sever Soul","Warcry"],"picked":"Exhume","floor":41},{"not_picked":["Body Slam","Ghostly Armor+1"],"picked":"Feel No Pain+1","floor":42},{"not_picked":["Dual Wield+1","Heavy Blade"],"picked":"Limit Break","floor":47},{"not_picked":["Dark Embrace+1","Thunderclap","Metallicize"],"picked":"SKIP","floor":48}],"player_experience":473838,"relics_obtained":[{"floor":6,"key":"Incense Burner"},{"floor":8,"key":"Pocketwatch"},{"floor":9,"key":"Letter Opener"},{"floor":23,"key":"Ornamental Fan"},{"floor":25,"key":"Meat on the Bone"},{"floor":26,"key":"Happy Flower"},{"floor":41,"key":"HornCleat"},{"floor":43,"key":"Vajra"},{"floor":47,"key":"Smiling Mask"}],"event_choices":[{"cards_removed":["Ghostly Armor"],"damage_healed":0,"gold_gain":0,"player_choice":"Card Removal","damage_taken":0,"max_hp_gain":0,"max_hp_loss":0,"event_name":"The Cleric","floor":5,"gold_loss":50},{"damage_healed":0,"gold_gain":0,"cards_transformed":["Carnage"],"player_choice":"Change","damage_taken":0,"max_hp_gain":0,"max_hp_loss":0,"event_name":"Living Wall","floor":11,"gold_loss":0,"cards_obtained":["Fiend Fire"]},{"damage_healed":0,"gold_gain":0,"player_choice":"Rummage","damage_taken":0,"relics_obtained":["WarpedTongs"],"max_hp_gain":0,"max_hp_loss":0,"event_name":"Accursed Blacksmith","floor":19,"gold_loss":0,"cards_obtained":["Pain"]},{"damage_healed":0,"gold_gain":0,"player_choice":"CARD ","damage_taken":12,"max_hp_gain":0,"max_hp_loss":0,"event_name":"Knowing Skull","floor":28,"potions_obtained":[],"gold_loss":0,"cards_obtained":["Deep Breath"]},{"damage_healed":0,"gold_gain":0,"player_choice":"CARD ","damage_taken":12,"max_hp_gain":0,"max_hp_loss":0,"event_name":"Knowing Skull","floor":28,"potions_obtained":[],"gold_loss":0,"cards_obtained":["Deep Breath"]},{"damage_healed":0,"gold_gain":100,"player_choice":"Pray","damage_taken":0,"max_hp_gain":0,"max_hp_loss":0,"event_name":"Golden Shrine","floor":30,"gold_loss":0},{"damage_healed":0,"gold_gain":0,"player_choice":"Obtain J.A.X.","damage_taken":0,"max_hp_gain":0,"max_hp_loss":0,"event_name":"Drug Dealer","floor":31,"gold_loss":0,"cards_obtained":["J.A.X."]},{"damage_healed":0,"gold_gain":0,"cards_transformed":["Dark Embrace"],"player_choice":"Transformed","damage_taken":0,"max_hp_gain":0,"max_hp_loss":0,"event_name":"Transmorgrifier","floor":38,"gold_loss":0,"cards_obtained":["Demon Form"]},{"damage_healed":0,"gold_gain":3,"player_choice":"2","damage_taken":0,"max_hp_gain":0,"max_hp_loss":16,"event_name":"betterStone:BetterStone","floor":45,"gold_loss":0},{"damage_healed":0,"gold_gain":0,"player_choice":"Random: Green","damage_taken":0,"max_hp_gain":0,"max_hp_loss":0,"event_name":"betterThird:BetterPortal","floor":46,"gold_loss":0},{"damage_healed":0,"gold_gain":0,"player_choice":"","damage_taken":6,"max_hp_gain":0,"max_hp_loss":0,"event_name":"Knowing Skull","floor":46,"potions_obtained":[],"gold_loss":0,"cards_obtained":[]}],"is_beta":false,"boss_relics":[{"not_picked":["Empty Cage","Runic Dome"],"picked":"Mark of Pain"},{"not_picked":["Cursed Key","Astrolabe"],"picked":"Sozu"}],"items_purged_floors":[20],"is_endless":false,"potions_floor_spawned":[4,6,10,16,18,23,25,37,40,41,47,48],"killed_by":"Awakened One","ascension_level":0}}