{"host":"w7tt687j332gugiq","time":1612691151,"event":{"mods":["BaseMod","Minty Spire (QoL Compilation)","StSLib"],"gold_per_floor":[115,290,35,48,48,80,80,108,108,108,108],"floor_reached":10,"language":"ZHS","playtime":246,"items_purged":["Doubt"],"score":104,"play_id":"55bd315c-0192-4518-8ef9-a30573344b76","local_time":"20210207174551","is_ascension_mode":true,"campfire_choices":[{"floor":7,"key":"REST"}],"circlet_count":0,"master_deck":["Strike_G","Strike_G","Strike_G","Strike_G","Defend_G","Defend_G","Defend_G","Defend_G","Defend_G","Survivor","Neutralize","CurseOfTheBell","Accuracy","Infinite Blades","Acrobatics","Dagger Throw+1","Cloak And Dagger"],"relics":["Calling Bell","Toy Ornithopter","Pantograph","Dead Branch","Nunchaku","Molten Egg 2","Snake Skull","Blue Candle"],"acts_visited":["Exordium"],"potions_floor_usage":[6,6],"damage_taken":[{"damage":10,"enemies":"2 Louse","floor":1,"turns":3},{"damage":10,"enemies":"Small Slimes","floor":4,"turns":4},{"damage":12,"enemies":"Lagavulin","floor":6,"turns":7},{"damage":53,"enemies":"Gremlin Nob","floor":8,"turns":5},{"damage":10,"enemies":"3 Sentries","floor":10,"turns":2}],"seed_played":"2594198694114953329","potions_obtained":[{"floor":1,"key":"DistilledChaos"},{"floor":4,"key":"FearPotion"}],"is_trial":false,"path_per_floor":["M","?","$","M","?","E","R","E","T","E"],"character_chosen":"THE_SILENT","items_purchased":["Infinite Blades","Nunchaku"],"campfire_rested":1,"item_purchase_floors":[3,3],"current_hp_per_floor":[53,53,53,43,36,34,55,2,2,0,0],"gold":108,"neow_bonus":"BOSS_RELIC","is_daily":false,"chose_seed":false,"campfire_upgraded":0,"win_rate":0.0,"timestamp":1612691151,"path_taken":["M","?","$","M","?","E","R","E","T","E"],"items_purchased_type":["Card","Relic"],"build_version":"2020-12-22","purchased_purges":1,"victory":false,"max_hp_per_floor":[70,70,70,70,70,70,70,70,70,70,70],"card_choices":[{"not_picked":["Terror","Prepared"],"picked":"Accuracy","floor":1},{"not_picked":["Flying Knee","Terror"],"picked":"Acrobatics","floor":4},{"not_picked":["Malaise","Backflip"],"picked":"Dagger Throw+1","floor":6},{"not_picked":["Reflex","Deflect"],"picked":"Cloak And Dagger","floor":8}],"player_experience":156399,"relics_obtained":[{"floor":0,"key":"Toy Ornithopter"},{"floor":0,"key":"Pantograph"},{"floor":0,"key":"Dead Branch"},{"floor":6,"key":"Molten Egg 2"},{"floor":8,"key":"Snake Skull"},{"floor":9,"key":"Blue Candle"}],"event_choices":[{"damage_healed":0,"gold_gain":175,"player_choice":"AGREE","damage_taken":0,"max_hp_gain":0,"max_hp_loss":0,"event_name":"Liars Game","floor":2,"gold_loss":0,"cards_obtained":["Doubt"]},{"cards_removed":["Strike_G"],"damage_healed":0,"gold_gain":0,"player_choice":"Card Removal","damage_taken":7,"max_hp_gain":0,"max_hp_loss":0,"event_name":"Golden Wing","floor":5,"gold_loss":0}],"is_beta":false,"boss_relics":[],"items_purged_floors":[3],"is_endless":false,"potions_floor_spawned":[1,4],"killed_by":"3 Sentries","ascension_level":8}}