{"host":"x5w9zppki4gdwvc7","time":1612662154,"event":{"mods":["AchievementEnabler","BaseMod","Colored Powertips","DeckTracker","Minty Spire (QoL Compilation)"],"gold_per_floor":[110,120,132,144,18,52,52,87,157,157,177,196,196,196,196,307,307,335,356,136,154,86,86,97,138,147,187,196,295,320,365,374,485,485,508,531,206,224,243,280,294,294,303,303,92,32,73,89,89,89,89],"floor_reached":50,"language":"ENG","playtime":3770,"items_purged":["Strike_P","FlurryOfBlows","Pain"],"score":650,"play_id":"ab9ed38e-1b37-4bd3-b496-efe5b3485f75","local_time":"20210207024234","is_ascension_mode":false,"campfire_choices":[{"floor":7.0,"key":"REST"},{"floor":10.0,"key":"REST"},{"floor":13.0,"key":"REST"},{"data":"WindmillStrike","floor":15.0,"key":"SMITH"},{"data":"LikeWater","floor":23.0,"key":"SMITH"},{"floor":28.0,"key":"REST"},{"floor":32.0,"key":"REST"},{"floor":42.0,"key":"REST"},{"data":"Alpha","floor":44.0,"key":"SMITH"},{"floor":49.0,"key":"REST"}],"circlet_count":0,"master_deck":["Defend_P","Defend_P","Defend_P","Defend_P","Eruption","Vigilance+1","CutThroughFate","Evaluate","MasterReality","LikeWater+1","FlurryOfBlows","FearNoEvil","SignatureMove","WindmillStrike+1","DevaForm","Sanctity+1","Worship","SpiritShield","Vengeance","BattleHymn","LikeWater+1","Shame","DeusExMachina+1","ReachHeaven+1","JustLucky+1","Bite","Bite","Bite","Bite","Bite","Sanctity+1","Alpha+1","LikeWater","Prostrate","Madness+1","Madness+1","DeceiveReality+1","Enlightenment+1","SashWhip+1"],"relics":["PureWater","Centennial Puzzle","Turnip","WingedGreaves","Yang","CeramicFish","Cursed Key","Art of War","Dream Catcher","Question Card","Matryoshka","Philosopher\u0027s Stone","Membership Card","Toxic Egg 2","Darkstone Periapt","Damaru","Gremlin Horn","War Paint","InkBottle","Mercury Hourglass"],"acts_visited":["Exordium","TheCity","TheBeyond"],"potions_floor_usage":[],"damage_taken":[{"damage":0.0,"enemies":"Cultist","floor":1.0,"turns":2.0},{"damage":0.0,"enemies":"2 Louse","floor":2.0,"turns":2.0},{"damage":0.0,"enemies":"Small Slimes","floor":3.0,"turns":3.0},{"damage":21.0,"enemies":"Exordium Wildlife","floor":4.0,"turns":3.0},{"damage":39.0,"enemies":"3 Sentries","floor":6.0,"turns":9.0},{"damage":30.0,"enemies":"Lagavulin","floor":8.0,"turns":5.0},{"damage":1.0,"enemies":"3 Louse","floor":11.0,"turns":5.0},{"damage":2.0,"enemies":"Blue Slaver","floor":12.0,"turns":4.0},{"damage":21.0,"enemies":"Slime Boss","floor":16.0,"turns":10.0},{"damage":16.0,"enemies":"Chosen","floor":18.0,"turns":5.0},{"damage":7.0,"enemies":"3 Byrds","floor":19.0,"turns":4.0},{"damage":3.0,"enemies":"Snake Plant","floor":24.0,"turns":4.0},{"damage":14.0,"enemies":"Gremlin Leader","floor":25.0,"turns":4.0},{"damage":20.0,"enemies":"Slavers","floor":27.0,"turns":6.0},{"damage":28.0,"enemies":"3 Cultists","floor":30.0,"turns":4.0},{"damage":22.0,"enemies":"Automaton","floor":33.0,"turns":9.0},{"damage":15.0,"enemies":"3 Shapes","floor":35.0,"turns":7.0},{"damage":30.0,"enemies":"3 Darklings","floor":36.0,"turns":5.0},{"damage":4.0,"enemies":"Jaw Worm Horde","floor":39.0,"turns":3.0},{"damage":7.0,"enemies":"Giant Head","floor":40.0,"turns":6.0},{"damage":9.0,"enemies":"4 Shapes","floor":41.0,"turns":6.0},{"damage":19.0,"enemies":"Reptomancer","floor":47.0,"turns":5.0},{"damage":7.0,"enemies":"Sphere and 2 Shapes","floor":48.0,"turns":7.0},{"damage":37,"enemies":"Time Eater","floor":50,"turns":3}],"seed_played":"-1567143844291728824","potions_obtained":[{"floor":3.0,"key":"Swift Potion"},{"floor":6.0,"key":"StancePotion"},{"floor":11.0,"key":"SpeedPotion"},{"floor":16.0,"key":"Energy Potion"},{"floor":18.0,"key":"Block Potion"},{"floor":19.0,"key":"SteroidPotion"},{"floor":27.0,"key":"LiquidBronze"},{"floor":33.0,"key":"Swift Potion"},{"floor":40.0,"key":"Ambrosia"},{"floor":41.0,"key":"Strength Potion"},{"floor":47.0,"key":"BottledMiracle"}],"is_trial":false,"path_per_floor":["M","M","M","M","$","E","R","E","T","R","M","M","R","?","R","B",null,"M","M","$","?","$","R","M","E","T","E","R","?","M","?","R","B",null,"M","M","$","?","M","E","M","R","T","R","$","?","E","M","R","B"],"character_chosen":"WATCHER","items_purchased":["LikeWater","PowerPotion","Art of War","BattleHymn","Membership Card","Toxic Egg 2","Enlightenment+1","War Paint","DistilledChaos"],"campfire_rested":7,"item_purchase_floors":[5,5,20,22,37,37,45,45,45],"current_hp_per_floor":[72,72,72,51,51,12,33,3,3,24,23,21,42,42,42,21,72,56,49,49,49,49,49,46,32,32,12,33,33,5,5,20,10,50,39,15,15,9,9,12,9,24,30,30,30,30,17,20,36,0,0],"gold":89,"neow_bonus":"RANDOM_COMMON_RELIC","is_daily":false,"chose_seed":false,"campfire_upgraded":3,"win_rate":0.0,"timestamp":1612662154,"path_taken":["M","M","M","M","$","E","R","E","T","R","M","?","R","?","R","BOSS","M","M","$","?","$","R","M","E","T","E","R","?","M","?","R","BOSS","M","M","$","?","M","E","M","R","T","R","$","?","E","M","R","BOSS"],"items_purchased_type":["Card","Potion","Relic","Card","Relic","Relic","Card","Relic","Potion"],"build_version":"2020-12-22","purchased_purges":3,"victory":false,"max_hp_per_floor":[72,72,72,72,72,72,72,72,72,72,72,72,72,72,72,72,72,72,72,72,72,72,72,72,72,72,72,72,72,72,50,50,50,50,50,50,50,50,50,50,50,50,56,56,56,56,56,56,56,56,56],"card_choices":[{"not_picked":["FlyingSleeves","WaveOfTheHand"],"picked":"FlurryOfBlows","floor":1.0},{"not_picked":["CrushJoints","ThirdEye"],"picked":"CutThroughFate","floor":2.0},{"not_picked":["BattleHymn","Consecrate"],"picked":"Evaluate","floor":3.0},{"not_picked":["DeceiveReality","FlyingSleeves"],"picked":"MasterReality","floor":4.0},{"not_picked":["Fasting2","BowlingBash"],"picked":"FlurryOfBlows","floor":6.0},{"not_picked":["CutThroughFate","Fasting2"],"picked":"FearNoEvil","floor":8.0},{"not_picked":["EmptyBody","WreathOfFlame"],"picked":"SignatureMove","floor":11.0},{"not_picked":["Consecrate","EmptyBody"],"picked":"WindmillStrike","floor":12.0},{"not_picked":["Wish","Alpha"],"picked":"DevaForm","floor":16.0},{"not_picked":["Crescendo","Prostrate"],"picked":"Sanctity+1","floor":18.0},{"not_picked":["MentalFortress","EmptyFist"],"picked":"Worship","floor":19.0},{"not_picked":["CrushJoints","BattleHymn","Perseverance+1"],"picked":"SKIP","floor":24.0},{"not_picked":["FlyingSleeves+1","Wallop+1"],"picked":"LikeWater+1","floor":25.0},{"not_picked":["FollowUp","Fasting2","Tantrum"],"picked":"DeusExMachina","floor":27.0},{"not_picked":["Collect+1","JustLucky","Fasting2"],"picked":"ReachHeaven+1","floor":28.0},{"not_picked":["BattleHymn","PathToVictory+1","ReachHeaven+1"],"picked":"JustLucky+1","floor":30.0},{"not_picked":["FlurryOfBlows","ClearTheMind","FollowUp"],"picked":"Sanctity+1","floor":32.0},{"not_picked":["Judgement","LessonLearned","Brilliance"],"picked":"Alpha","floor":33.0},{"not_picked":["FollowUp","ClearTheMind","Evaluate"],"picked":"LikeWater","floor":35.0},{"not_picked":["SignatureMove+1","Wish","WheelKick"],"picked":"Prostrate","floor":36.0},{"not_picked":["CrushJoints+1","Meditate+1","FollowUp+1","FlurryOfBlows"],"picked":"SKIP","floor":39.0},{"not_picked":["WreathOfFlame+1","Vault+1","Evaluate+1"],"picked":"DeceiveReality+1","floor":40.0},{"not_picked":["SashWhip","MentalFortress+1","ClearTheMind+1","BowlingBash+1"],"picked":"SKIP","floor":41.0},{"not_picked":["CutThroughFate+1","Prostrate+1","ConjureBlade+1"],"picked":"SashWhip+1","floor":47.0},{"not_picked":["MentalFortress","JustLucky","Protect+1","Evaluate+1"],"picked":"SKIP","floor":48.0}],"player_experience":515842,"relics_obtained":[{"floor":6.0,"key":"Turnip"},{"floor":8.0,"key":"WingedGreaves"},{"floor":9.0,"key":"Yang"},{"floor":25.0,"key":"Dream Catcher"},{"floor":26.0,"key":"Question Card"},{"floor":27.0,"key":"Matryoshka"},{"floor":40.0,"key":"Darkstone Periapt"},{"floor":43.0,"key":"Damaru"},{"floor":43.0,"key":"Gremlin Horn"},{"floor":47.0,"key":"Mercury Hourglass"}],"event_choices":[{"damage_healed":0.0,"max_hp_gain":0.0,"max_hp_loss":0.0,"gold_gain":0.0,"event_name":"Dead Adventurer","player_choice":"Searched \u00271\u0027 times","floor":14.0,"gold_loss":0.0,"damage_taken":0.0,"relics_obtained":["CeramicFish"]},{"damage_healed":0.0,"max_hp_gain":0.0,"max_hp_loss":0.0,"gold_gain":0.0,"cards_transformed":["Strike_P","Strike_P"],"event_name":"Drug Dealer","player_choice":"Became Test Subject","floor":21.0,"gold_loss":0.0,"damage_taken":0.0,"cards_obtained":["SpiritShield","Vengeance"]},{"damage_healed":0.0,"max_hp_gain":0.0,"max_hp_loss":0.0,"gold_gain":99.0,"event_name":"Nest","player_choice":"Stole From Cult","floor":29.0,"gold_loss":0.0,"damage_taken":0.0},{"damage_healed":0.0,"max_hp_gain":0.0,"max_hp_loss":22.0,"gold_gain":0.0,"event_name":"Vampires","player_choice":"Became a vampire","floor":31.0,"gold_loss":0.0,"damage_taken":0.0,"cards_obtained":["Bite","Bite","Bite","Bite","Bite"]},{"damage_healed":0.0,"max_hp_gain":0.0,"max_hp_loss":0.0,"gold_gain":0.0,"event_name":"Winding Halls","player_choice":"Embrace Madness","floor":38.0,"gold_loss":0.0,"damage_taken":6.0,"cards_obtained":["Madness","Madness"]},{"damage_healed":0.0,"max_hp_gain":0.0,"max_hp_loss":0.0,"gold_gain":0.0,"event_name":"WeMeetAgain","player_choice":"Paid Gold","floor":46.0,"gold_loss":60.0,"damage_taken":0.0,"relics_obtained":["InkBottle"]}],"is_beta":false,"boss_relics":[{"not_picked":["Velvet Choker","Astrolabe"],"picked":"Cursed Key"},{"not_picked":["Coffee Dripper","Pandora\u0027s Box"],"picked":"Philosopher\u0027s Stone"}],"items_purged_floors":[20,37,45],"is_endless":false,"potions_floor_spawned":[3,6,11,16,18,19,27,33,40,41,47],"killed_by":"Time Eater","ascension_level":0}}