{"host":"artti7o26te9gn1a","time":1612741213,"event":{"mods":["AchievementEnabler","BaseMod","Beaked The Cultist","BetterRewards","Downfall","Minty Spire (QoL Compilation)","StSLib","Trackpad"],"gold_per_floor":[118,64,64,64,13,48,48,64,111,111,111,111,129,154,154,282,282,302,302,302,302,327,327,346,370,396,434,434,61,10,33,33,161,161,186,186,186,202,202,202,202,202,202],"floor_reached":41,"language":"ENG","playtime":2436,"items_purged":["Slimebound:Tackle"],"score":457,"play_id":"92a20672-920a-4f21-98c9-c05adb654f94","local_time":"20210208004013","is_ascension_mode":false,"campfire_choices":[{"data":"Slimebound:Gluttony","floor":10,"key":"SMITH"},{"data":"Slimebound:CorrosiveSpit","floor":12,"key":"SMITH"},{"data":"Slimebound:Schlurp","floor":15,"key":"SMITH"},{"floor":23,"key":"REST"},{"floor":32,"key":"REST"},{"data":"Slimebound:MassFeed","floor":40,"key":"SMITH"}],"circlet_count":0,"master_deck":["Slimebound:Strike_Slimebound","Slimebound:Strike_Slimebound","Slimebound:Defend_Slimebound","Slimebound:Defend_Slimebound","Slimebound:Defend_Slimebound","Slimebound:Defend_Slimebound","Slimebound:CorrosiveSpit+1","Slimebound:Gluttony+1","Slimebound:LeechEnergy","Slimebound:LivingWall","Slimebound:SpikyOuterGoop","Slimebound:TongueLash","Slimebound:Schlurp+1","Slimebound:MassFeed+1","Slimebound:ComboTackle","RitualDagger","Slimebound:SamplingLick+1","Slimebound:MegaLick","Slimebound:ItLooksTasty","Slimebound:TongueLash","Slimebound:HauntingLick","Slimebound:FormOfPuddle+1","Slimebound:TongueLash+1","Swift Strike","Slimebound:Equalize+1"],"relics":["Slimebound:AbsorbEndCombatUpgraded","NeowsBlessing","Juzu Bracelet","Shuriken","Golden Idol","Orichalcum","trackpad:Coffee","Blue Candle","Omamori","Dead Branch","Blood Vial","DollysMirror"],"acts_visited":["Exordium","TheCity","TheBeyond"],"potions_floor_usage":[27,27,27,27,28,41],"damage_taken":[{"damage":0,"enemies":"Small Slimes","floor":1,"turns":1},{"damage":0,"enemies":"Lagavulin","floor":6,"turns":1},{"damage":0,"enemies":"Cultist","floor":8,"turns":1},{"damage":0,"enemies":"2 Louse","floor":13,"turns":2},{"damage":8,"enemies":"Exordium Thugs","floor":14,"turns":5},{"damage":30,"enemies":"The Guardian","floor":16,"turns":11},{"damage":14,"enemies":"Shell Parasite","floor":18,"turns":4},{"damage":34,"enemies":"3 Byrds","floor":22,"turns":7},{"damage":25,"enemies":"3 Cultists","floor":24,"turns":6},{"damage":27,"enemies":"Snake Plant","floor":25,"turns":4},{"damage":16,"enemies":"Gremlin Leader","floor":27,"turns":6},{"damage":9,"enemies":"Colosseum Slavers","floor":28,"turns":3},{"damage":0,"enemies":"Centurion and Healer","floor":31,"turns":5},{"damage":36,"enemies":"Automaton","floor":33,"turns":8},{"damage":0,"enemies":"3 Shapes","floor":35,"turns":7},{"damage":33,"enemies":"3 Darklings","floor":38,"turns":6},{"damage":128,"enemies":"Giant Head","floor":41,"turns":10}],"seed_played":"8636346496533025392","potions_obtained":[{"floor":8,"key":"champ:CounterPotion"},{"floor":16,"key":"Explosive Potion"},{"floor":20,"key":"PowerPotion"},{"floor":20,"key":"GamblersBrew"},{"floor":22,"key":"Energy Potion"},{"floor":25,"key":"EntropicBrew"},{"floor":27,"key":"sneckomod:MuddlingPotion"},{"floor":38,"key":"Weak Potion"}],"is_trial":false,"path_per_floor":["M","$","?","?","?","E","?","M","T","R","?","R","M","M","R","B",null,"M","?","?","?","M","R","M","M","T","E","?","$","$","M","R","B",null,"M","?","?","M","?","R","E"],"character_chosen":"SLIMEBOUND","items_purchased":["Slimebound:LeechEnergy","Blood Vial","DollysMirror","Slimebound:HauntingLick"],"campfire_rested":2,"item_purchase_floors":[2,29,29,30],"current_hp_per_floor":[65,65,70,70,70,70,65,65,65,65,65,65,65,61,61,39,65,58,53,53,47,24,45,31,13,13,5,4,4,4,17,41,15,80,80,80,80,65,65,65,0,0,0],"gold":202,"neow_bonus":"THREE_ENEMY_KILL","is_daily":false,"chose_seed":false,"campfire_upgraded":4,"win_rate":0.0,"timestamp":1612741213,"path_taken":["M","$","?","?","?","E","?","M","T","R","?","R","M","M","R","BOSS","M","?","?","?","M","R","M","M","T","E","?","?","$","M","R","BOSS","M","?","?","M","?","R","E"],"items_purchased_type":["Card","Relic","Relic","Card"],"build_version":"2020-12-22","purchased_purges":1,"victory":false,"max_hp_per_floor":[65,65,70,70,70,70,65,65,65,65,65,65,65,65,65,65,65,68,68,68,68,71,71,74,77,77,77,77,77,77,80,80,80,80,80,80,80,83,83,83,83,83,83],"card_choices":[{"not_picked":["Slimebound:FinishingTackle","Slimebound:SplitLeeching"],"picked":"Slimebound:Gluttony","floor":1},{"not_picked":["Slimebound:Dissolve","Slimebound:Gluttony"],"picked":"Slimebound:LivingWall","floor":6},{"not_picked":["Slimebound:ComboTackle","Slimebound:PressTheAttack"],"picked":"Slimebound:SpikyOuterGoop","floor":8},{"not_picked":["Slimebound:LevelUp","Slimebound:Schlurp"],"picked":"Slimebound:TongueLash","floor":13},{"not_picked":["Slimebound:SlimeSpikes","Slimebound:PressTheAttack"],"picked":"Slimebound:Schlurp","floor":14},{"not_picked":["Slimebound:FirmFortitude","Slimebound:OneTwoCombo"],"picked":"Slimebound:MassFeed","floor":16},{"not_picked":["Slimebound:LevelUp+1","Slimebound:Schlurp+1"],"picked":"Slimebound:ComboTackle","floor":18},{"not_picked":["Slimebound:ComboTackle","Slimebound:SplitLeeching"],"picked":"Slimebound:SamplingLick+1","floor":22},{"not_picked":["Slimebound:ComboTackle","Slimebound:ViciousTackle","Slimebound:SplitAcid"],"picked":"SKIP","floor":24},{"not_picked":["Slimebound:RejuvenatingLick","Slimebound:Schlurp"],"picked":"Slimebound:MegaLick","floor":25},{"not_picked":["Slimebound:LevelUp+1","Slimebound:SplitMire"],"picked":"Slimebound:ItLooksTasty","floor":27},{"not_picked":["Slimebound:GoopTackle+1","Slimebound:Dissolve"],"picked":"Slimebound:FormOfPuddle+1","floor":31},{"not_picked":["Slimebound:ItLooksTasty","Slimebound:SplitAcid"],"picked":"Slimebound:TongueLash+1","floor":35},{"not_picked":["Magnetism","Violence"],"picked":"Swift Strike","floor":36},{"not_picked":["Slimebound:PressTheAttack+1","Slimebound:ItLooksTasty+1"],"picked":"Slimebound:Equalize+1","floor":38}],"player_experience":780163,"relics_obtained":[{"floor":6,"key":"Shuriken"},{"floor":9,"key":"Orichalcum"},{"floor":26,"key":"Omamori"},{"floor":27,"key":"Dead Branch"}],"event_choices":[{"damage_healed":0,"gold_gain":0,"player_choice":"Donut","damage_taken":0,"max_hp_gain":5,"max_hp_loss":0,"event_name":"Big Fish","floor":3,"gold_loss":0},{"damage_healed":0,"gold_gain":0,"player_choice":"Ignored","damage_taken":0,"max_hp_gain":0,"max_hp_loss":0,"event_name":"Liars Game","floor":4,"gold_loss":0},{"damage_healed":0,"gold_gain":0,"player_choice":"Paid Gold","damage_taken":0,"relics_obtained":["Juzu Bracelet"],"max_hp_gain":0,"max_hp_loss":0,"event_name":"WeMeetAgain","floor":5,"gold_loss":51},{"damage_healed":0,"gold_gain":0,"player_choice":"Lose Max HP","damage_taken":0,"relics_obtained":["Golden Idol"],"max_hp_gain":0,"max_hp_loss":5,"event_name":"Golden Idol","floor":7,"gold_loss":0},{"cards_removed":["Slimebound:Split"],"damage_healed":0,"gold_gain":0,"player_choice":"Offered Basic","damage_taken":0,"max_hp_gain":0,"max_hp_loss":0,"event_name":"Bonfire Elementals","floor":11,"gold_loss":0},{"damage_healed":0,"gold_gain":0,"player_choice":"Got Potions","damage_taken":0,"max_hp_gain":0,"max_hp_loss":0,"event_name":"Lab","floor":20,"gold_loss":0},{"damage_healed":0,"gold_gain":0,"player_choice":"Joined the Cult","damage_taken":6,"max_hp_gain":0,"max_hp_loss":0,"event_name":"Nest","floor":21,"gold_loss":0,"cards_obtained":["RitualDagger"]},{"damage_healed":0,"gold_gain":0,"player_choice":"Fight","damage_taken":0,"max_hp_gain":0,"max_hp_loss":0,"event_name":"Colosseum","floor":28,"gold_loss":0},{"damage_healed":0,"gold_gain":0,"player_choice":"Fled From Nobs","damage_taken":0,"max_hp_gain":0,"max_hp_loss":0,"event_name":"Colosseum","floor":28,"gold_loss":0},{"damage_healed":0,"gold_gain":0,"player_choice":"Memory 1","damage_taken":0,"max_hp_gain":0,"max_hp_loss":0,"event_name":"SensoryStone","floor":36,"gold_loss":0},{"cards_removed":["Slimebound:Strike_Slimebound"],"damage_healed":0,"gold_gain":0,"player_choice":"Purged","damage_taken":0,"max_hp_gain":0,"max_hp_loss":0,"event_name":"Purifier","floor":37,"gold_loss":0},{"damage_healed":0,"gold_gain":0,"player_choice":"0 cards matched","damage_taken":0,"max_hp_gain":0,"max_hp_loss":0,"event_name":"Match and Keep!","floor":39,"gold_loss":0,"cards_obtained":[]}],"is_beta":false,"boss_relics":[{"not_picked":["Tiny House","trackpad:Trackpad"],"picked":"trackpad:Coffee"},{"not_picked":["Calling Bell","Black Star"],"picked":"Slimebound:AbsorbEndCombatUpgraded"}],"items_purged_floors":[29],"is_endless":false,"potions_floor_spawned":[8,16,22,24,25,27,38],"killed_by":"Giant Head","ascension_level":0}}