{"host":"6q94iy5iz6612v89","time":1612697532,"event":{"mods":["2.2 Compatiblity","AchievementEnabler","BaseMod","Colored Map","DeckTracker","Keyboard Shortcuts","Minty Spire (QoL Compilation)","Permanent Neow","StSLib","SuperFastMode"],"gold_per_floor":[19,34,54,74,74,74,91,91,114,140,159,169,180,213,213,290,290,310,328,253,303,321,164,164,164,190,190,190],"floor_reached":27,"language":"KOR","playtime":540,"items_purged":["Strike_R","Strike_R"],"score":454,"play_id":"b27ea037-845a-4c4d-84d6-1d68752bd95e","local_time":"20210207203212","is_ascension_mode":true,"campfire_choices":[{"data":"Demon Form","floor":6,"key":"SMITH"},{"data":"Cleave","floor":8,"key":"SMITH"},{"data":"Fire Breathing","floor":15,"key":"SMITH"},{"data":"Shrug It Off","floor":25,"key":"SMITH"}],"circlet_count":0,"master_deck":["AscendersBane","Strike_R","Strike_R","Defend_R","Defend_R+1","Defend_R","Defend_R+1","Bash","Pommel Strike","Cleave+1","Demon Form+1","Fire Breathing+1","Ghostly Armor","Heavy Blade","Pummel","Shrug It Off+1"],"relics":["Burning Blood","TungstenRod","Happy Flower","War Paint","Tiny Chest","Coffee Dripper"],"acts_visited":["Exordium","TheCity"],"potions_floor_usage":[1,10,13,16,27],"damage_taken":[{"damage":6,"enemies":"Jaw Worm","floor":1,"turns":3},{"damage":5,"enemies":"Cultist","floor":2,"turns":3},{"damage":11,"enemies":"Small Slimes","floor":3,"turns":3},{"damage":5,"enemies":"2 Fungi Beasts","floor":4,"turns":3},{"damage":16,"enemies":"Exordium Wildlife","floor":7,"turns":3},{"damage":13,"enemies":"3 Sentries","floor":10,"turns":5},{"damage":11,"enemies":"Blue Slaver","floor":11,"turns":3},{"damage":3,"enemies":"3 Louse","floor":12,"turns":3},{"damage":0,"enemies":"Lots of Slimes","floor":13,"turns":2},{"damage":7,"enemies":"Gremlin Nob","floor":14,"turns":3},{"damage":10,"enemies":"Hexaghost","floor":16,"turns":7},{"damage":8,"enemies":"Chosen","floor":18,"turns":4},{"damage":18,"enemies":"3 Byrds","floor":19,"turns":6},{"damage":42,"enemies":"Snake Plant","floor":22,"turns":6},{"damage":18,"enemies":"Snecko","floor":27,"turns":5}],"seed_played":"-2946364754902731344","potions_obtained":[{"floor":1,"key":"EntropicBrew"},{"floor":5,"key":"AttackPotion"},{"floor":13,"key":"SpeedPotion"},{"floor":14,"key":"Ancient Potion"},{"floor":18,"key":"EssenceOfSteel"}],"is_trial":false,"path_per_floor":["M","M","M","M","?","R","M","R","T","E","M","M","M","E","R","B",null,"M","M","$","?","M","$","?","R","T","M"],"character_chosen":"IRONCLAD","items_purchased":["Shrug It Off"],"campfire_rested":0,"item_purchase_floors":[23],"current_hp_per_floor":[68,69,64,65,65,65,55,55,55,48,43,46,52,51,51,47,68,66,54,54,54,18,18,18,18,18,0,0],"gold":190,"neow_bonus":"ONE_RARE_RELIC","is_daily":false,"chose_seed":false,"campfire_upgraded":4,"win_rate":0.0,"timestamp":1612697532,"path_taken":["M","M","M","M","?","R","M","R","T","E","M","M","?","E","R","BOSS","M","M","$","?","M","$","?","R","T","M"],"items_purchased_type":["Card"],"build_version":"2020-12-22","purchased_purges":2,"victory":false,"max_hp_per_floor":[75,75,75,75,75,75,75,75,75,75,75,75,75,75,75,75,75,75,75,75,75,75,75,75,75,75,75,75],"card_choices":[{"not_picked":["Headbutt","Warcry"],"picked":"Pommel Strike","floor":1},{"not_picked":["True Grit","Bloodletting"],"picked":"Cleave","floor":2},{"not_picked":["Rage","Dark Embrace","Havoc"],"picked":"SKIP","floor":3},{"not_picked":["Iron Wave","Seeing Red"],"picked":"Demon Form","floor":4},{"not_picked":["Thunderclap","Iron Wave","Body Slam"],"picked":"SKIP","floor":7},{"not_picked":["Thunderclap","Iron Wave","Body Slam"],"picked":"SKIP","floor":7},{"not_picked":["Reckless Charge","Bloodletting","Hemokinesis"],"picked":"SKIP","floor":10},{"not_picked":["Reckless Charge","Rampage"],"picked":"Fire Breathing","floor":11},{"not_picked":["Rampage","Blood for Blood","Rage"],"picked":"SKIP","floor":12},{"not_picked":["Clothesline","Heavy Blade"],"picked":"Ghostly Armor","floor":13},{"not_picked":["Body Slam","Fiend Fire","Infernal Blade"],"picked":"SKIP","floor":14},{"not_picked":["Rupture","Blood for Blood","Body Slam"],"picked":"SKIP","floor":18},{"not_picked":["Clothesline","Thunderclap"],"picked":"Heavy Blade","floor":19},{"not_picked":["Sentinel","Berserk"],"picked":"Pummel","floor":22}],"player_experience":1472088,"relics_obtained":[{"floor":9,"key":"Happy Flower"},{"floor":10,"key":"War Paint"},{"floor":14,"key":"Tiny Chest"}],"event_choices":[{"damage_healed":0,"gold_gain":0,"player_choice":"Got Potions","damage_taken":0,"max_hp_gain":0,"max_hp_loss":0,"event_name":"Lab","floor":5,"gold_loss":0},{"damage_healed":0,"gold_gain":50,"player_choice":"Stole From Cult","damage_taken":0,"max_hp_gain":0,"max_hp_loss":0,"event_name":"Nest","floor":21,"gold_loss":0},{"cards_removed":["Strike_R"],"damage_healed":0,"gold_gain":0,"player_choice":"Elegance","damage_taken":0,"max_hp_gain":0,"max_hp_loss":0,"event_name":"Back to Basics","floor":24,"gold_loss":0}],"is_beta":false,"boss_relics":[{"not_picked":["Empty Cage","SacredBark"],"picked":"Coffee Dripper"}],"items_purged_floors":[20,23],"is_endless":false,"potions_floor_spawned":[1,7,13,14,18],"killed_by":"Snecko","ascension_level":20}}