{"host":"oiw60b5ins9fyx34","time":1612707654,"event":{"mods":["BaseMod","Colored Map","Colored Powertips","Minty Spire (QoL Compilation)","Permanent Neow","Quick Restart","Rare Cards Sparkle","Relic Stats","StSLib","The Cursed"],"gold_per_floor":[114,114,114,134,134,134,165,165,212,241,261,286,304,19,19,124,124,136,148,148,167,178,178,208,208,208,221,241,241,241,252,252,252,252],"floor_reached":33,"language":"JPN","playtime":1603,"items_purged":[],"score":359,"play_id":"8988eba8-d2d2-483f-9f82-aea73b8d9726","local_time":"20210207232054","is_ascension_mode":true,"campfire_choices":[{"data":"Bash","floor":6,"key":"SMITH"},{"data":"Fiend Fire","floor":8,"key":"SMITH"},{"data":"Corruption","floor":15,"key":"SMITH"},{"floor":23,"key":"REST"},{"data":"Reaper","floor":25,"key":"SMITH"},{"data":"Dual Wield","floor":30,"key":"SMITH"},{"data":"Hemokinesis","floor":32,"key":"SMITH"}],"circlet_count":0,"master_deck":["Strike_R","Strike_R","Strike_R","Defend_R","Defend_R","Defend_R","Defend_R","Bash+1","Power Through","Evolve","Fiend Fire+1","Dropkick","Fiend Fire+1","Battle Trance","Ghostly Armor","Thunderclap","Blood for Blood","Corruption+1","Reaper+1","CurseOfTheBell","Infernal Blade+1","Dark Embrace+1","Reckless Charge","Hemokinesis+1","Sentinel+1","Shrug It Off+1","Dual Wield+1","Reckless Charge+1"],"relics":["Burning Blood","Bird Faced Urn","Bag of Preparation","Art of War","Ginger","Unceasing Top","Lantern","Calling Bell","MealTicket","Kunai","Thread and Needle","Orichalcum"],"acts_visited":["Exordium","TheCity"],"potions_floor_usage":[22],"damage_taken":[{"damage":13,"enemies":"Jaw Worm","floor":1,"turns":5},{"damage":0,"enemies":"Small Slimes","floor":4,"turns":2},{"damage":10,"enemies":"3 Sentries","floor":7,"turns":11},{"damage":5,"enemies":"Lagavulin","floor":10,"turns":6},{"damage":1,"enemies":"Cultist","floor":11,"turns":4},{"damage":20,"enemies":"3 Sentries","floor":12,"turns":15},{"damage":6,"enemies":"Exordium Wildlife","floor":13,"turns":4},{"damage":48,"enemies":"The Guardian","floor":16,"turns":9},{"damage":0,"enemies":"Chosen","floor":18,"turns":2},{"damage":7,"enemies":"2 Thieves","floor":19,"turns":3},{"damage":42,"enemies":"Shelled Parasite and Fungi","floor":21,"turns":5},{"damage":20,"enemies":"Snake Plant","floor":22,"turns":3},{"damage":30,"enemies":"Slavers","floor":24,"turns":5},{"damage":9,"enemies":"Snecko","floor":27,"turns":5},{"damage":2,"enemies":"Centurion and Healer","floor":28,"turns":4},{"damage":18,"enemies":"Cultist and Chosen","floor":31,"turns":5},{"damage":75,"enemies":"Automaton","floor":33,"turns":6}],"seed_played":"-9145824278232684369","potions_obtained":[{"floor":1,"key":"GamblersBrew"},{"floor":7,"key":"DuplicationPotion"},{"floor":12,"key":"Energy Potion"},{"floor":16,"key":"BloodPotion"},{"floor":22,"key":"SteroidPotion"}],"is_trial":false,"path_per_floor":["M","?","?","M","?","R","E","R","T","E","M","E","M","$","R","B",null,"M","M","?","M","M","R","E","R","T","M","M","?","R","M","R","B"],"character_chosen":"IRONCLAD","items_purchased":["Lantern","Corruption"],"campfire_rested":1,"item_purchase_floors":[14,14],"current_hp_per_floor":[65,65,65,71,71,71,68,68,68,71,72,58,60,60,60,20,59,67,72,65,37,39,60,42,42,42,52,67,54,54,70,70,0,0],"gold":252,"neow_bonus":"ONE_RARE_RELIC","is_daily":false,"chose_seed":false,"campfire_upgraded":6,"win_rate":0.0,"timestamp":1612707654,"path_taken":["M","?","?","?","?","R","E","R","T","E","M","E","M","$","R","BOSS","M","M","?","?","M","R","E","R","T","M","M","?","R","M","R","BOSS"],"items_purchased_type":["Relic","Card"],"build_version":"2020-12-22","purchased_purges":0,"victory":false,"max_hp_per_floor":[72,72,72,72,72,72,72,72,72,72,72,72,72,72,72,72,72,72,72,72,72,72,72,72,72,72,72,72,77,77,77,77,77,77],"relic_stats":{"counters":[17,94],"Bird Faced Urn":[46],"MealTicket":0,"Bag of Preparation":[28],"Art of War":[7],"Ginger":[7],"Kunai":[11],"Orichalcum":[0],"obtain_stats":[{"Calling Bell":17,"Lantern":14,"Bird Faced Urn":0,"MealTicket":17,"Thread and Needle":17,"Bag of Preparation":7,"Art of War":9,"Ginger":10,"Kunai":17,"Orichalcum":24,"Burning Blood":0,"Unceasing Top":12},{"Calling Bell":8,"Lantern":7,"Bird Faced Urn":0,"MealTicket":8,"Thread and Needle":8,"Bag of Preparation":3,"Art of War":3,"Ginger":4,"Kunai":8,"Orichalcum":13,"Burning Blood":0,"Unceasing Top":6},{"Calling Bell":56,"Lantern":47,"Bird Faced Urn":0,"MealTicket":56,"Thread and Needle":56,"Bag of Preparation":18,"Art of War":18,"Ginger":24,"Kunai":56,"Orichalcum":74,"Burning Blood":0,"Unceasing Top":43}],"Burning Blood":90,"Unceasing Top":[3]},"card_choices":[{"not_picked":["Perfected Strike","Carnage"],"picked":"Power Through","floor":1},{"not_picked":["Heavy Blade","True Grit"],"picked":"Dropkick","floor":4},{"not_picked":["Warcry","Flame Barrier"],"picked":"Fiend Fire","floor":7},{"not_picked":["Cleave","Warcry"],"picked":"Battle Trance","floor":10},{"not_picked":["Blood for Blood","Perfected Strike"],"picked":"Ghostly Armor","floor":11},{"not_picked":["Brutality","Twin Strike"],"picked":"Thunderclap","floor":12},{"not_picked":["Battle Trance","Twin Strike"],"picked":"Blood for Blood","floor":13},{"not_picked":["Limit Break","Berserk"],"picked":"Reaper","floor":16},{"not_picked":["True Grit","Hemokinesis"],"picked":"Infernal Blade+1","floor":18},{"not_picked":["Rupture+1","Twin Strike"],"picked":"Dark Embrace+1","floor":19},{"not_picked":["Entrench+1","Twin Strike"],"picked":"Reckless Charge","floor":21},{"not_picked":["Searing Blow","Wild Strike"],"picked":"Hemokinesis","floor":22},{"not_picked":["Second Wind","True Grit"],"picked":"Sentinel+1","floor":24},{"not_picked":["Flex","Metallicize"],"picked":"Shrug It Off+1","floor":27},{"not_picked":["Iron Wave","Wild Strike"],"picked":"Dual Wield","floor":28},{"not_picked":["Battle Trance","Second Wind+1"],"picked":"Reckless Charge+1","floor":31}],"player_experience":707505,"relics_obtained":[{"floor":7,"key":"Bag of Preparation"},{"floor":9,"key":"Art of War"},{"floor":10,"key":"Ginger"},{"floor":12,"key":"Unceasing Top"},{"floor":17,"key":"MealTicket"},{"floor":17,"key":"Kunai"},{"floor":17,"key":"Thread and Needle"},{"floor":24,"key":"Orichalcum"}],"event_choices":[{"damage_healed":0,"gold_gain":0,"cards_transformed":["Strike_R"],"player_choice":"Change","damage_taken":0,"max_hp_gain":0,"max_hp_loss":0,"event_name":"Living Wall","floor":2,"gold_loss":0,"cards_obtained":["Evolve"]},{"damage_healed":0,"gold_gain":0,"cards_transformed":["Strike_R"],"player_choice":"Transformed","damage_taken":0,"max_hp_gain":0,"max_hp_loss":0,"event_name":"Transmorgrifier","floor":3,"gold_loss":0,"cards_obtained":["Fiend Fire"]},{"damage_healed":0,"gold_gain":0,"player_choice":"Upgraded","damage_taken":0,"max_hp_gain":0,"max_hp_loss":0,"event_name":"Upgrade Shrine","floor":5,"gold_loss":0,"cards_upgraded":["Fiend Fire"]},{"damage_healed":0,"gold_gain":0,"player_choice":"Damaged","damage_taken":7,"max_hp_gain":0,"max_hp_loss":0,"event_name":"Wheel of Change","floor":20,"gold_loss":0},{"damage_healed":0,"gold_gain":0,"player_choice":"Shed Blood","damage_taken":18,"max_hp_gain":5,"max_hp_loss":0,"event_name":"Forgotten Altar","floor":29,"gold_loss":0}],"is_beta":false,"boss_relics":[{"not_picked":["Empty Cage","Black Star"],"picked":"Calling Bell"}],"items_purged_floors":[],"is_endless":false,"potions_floor_spawned":[1,7,12,13,16,21,22,27,28],"killed_by":"Automaton","ascension_level":5}}