{"host":"hf83sijwe64ts2lm","time":1612665584,"event":{"mods":["2.2 Compatiblity","BaseMod","Better Altar","Better Match","Better Note","Better Sensory Stone","Better Skull","Better Third Choice","Colored Map","Colored Powertips","Highlight Path","Hubris","Infinite Spire","Minty Spire (QoL Compilation)","Quick Restart","Rare Cards Sparkle","Relic Stats","Reliquary","Replay The Spire","Shop Mod","Spicy Shops","Spire Arcade","StSLib","Thieving Mod"],"gold_per_floor":[115,135,135,149,149,149,181,130,130,149,149,149,164,184,184,283,283,294,294,311,176,187,29,29,82,82,82,101,101,101,101],"floor_reached":30,"language":"ENG","playtime":685,"items_purged":["Normality"],"score":288,"play_id":"919b640f-da78-426a-b812-ea5267ad7c18","local_time":"20210206213944","is_ascension_mode":true,"campfire_choices":[{"floor":6.0,"key":"RECALL"},{"floor":12.0,"key":"REST"},{"floor":24.0,"key":"REST"},{"floor":29,"key":"REST"}],"circlet_count":1,"master_deck":["Strike_R","Strike_R","Strike_R","Strike_R","Strike_R","Defend_R","Defend_R","Defend_R","Defend_R","Bash","Flex","Thunderclap","Replay:Undeath\u0027s Touch","ReplayTheSpireMod:Muscle Training","Replay:Undeath\u0027s Touch+1","Perfected Strike","Heavy Blade","Inflame","Juggernaut","ReplayTheSpireMod:Muscle Training","hubris:SharpeningStone","Rage","Inflame","Anger","Anger","Anger","Sword Boomerang","ReplayTheSpireMod:Splinters","ReplayTheSpireMod:Limb From Limb","Metallicize","infinitespire:OneForAll"],"relics":["Burning Blood","hubris:Towel","Circlet","Electric Blood","Chemical X","Nunchaku","Blue Candle","infinitespire:WardingShard"],"acts_visited":["Exordium","TheCity"],"potions_floor_usage":[28],"damage_taken":[{"damage":6.0,"enemies":"2 Louse","floor":1.0,"turns":3.0},{"damage":8.0,"enemies":"Jaw Worm","floor":2.0,"turns":5.0},{"damage":4.0,"enemies":"Small Slimes","floor":4.0,"turns":3.0},{"damage":18.0,"enemies":"Gremlin Nob","floor":7.0,"turns":4.0},{"damage":17.0,"enemies":"Exordium Wildlife","floor":10.0,"turns":4.0},{"damage":14.0,"enemies":"3 Louse","floor":13.0,"turns":4.0},{"damage":0.0,"enemies":"Red Slaver","floor":14.0,"turns":1.0},{"damage":80.0,"enemies":"Hexaghost","floor":16.0,"turns":9.0},{"damage":9.0,"enemies":"Spheric Guardian","floor":18.0,"turns":3.0},{"damage":10.0,"enemies":"Chosen","floor":20.0,"turns":3.0},{"damage":46.0,"enemies":"Centurion and Healer","floor":22.0,"turns":7.0},{"damage":18,"enemies":"Cultist and Chosen","floor":28,"turns":4},{"damage":65,"enemies":"Gremlin Leader","floor":30,"turns":7}],"seed_played":"5272060211128085308","potions_obtained":[{"floor":2.0,"key":"Weak Potion"},{"floor":4.0,"key":"Cursed Concoction"},{"floor":7.0,"key":"ColorlessPotion"},{"floor":14.0,"key":"FearPotion"},{"floor":18.0,"key":"Elixir"},{"floor":25.0,"key":"GamblersBrew"}],"is_trial":false,"path_per_floor":["M","M","?","M","?","R","E","$","T","M","?","R","M","M","R_BF","B",null,"M","?","M","$","M","$","R","?","T","T","M","R","E"],"character_chosen":"IRONCLAD","items_purchased":["Replay:Undeath\u0027s Touch","Inflame","Chemical X","Anger","Sword Boomerang"],"campfire_rested":3,"item_purchase_floors":[8,21,21,23,23],"current_hp_per_floor":[80,78,83,85,85,85,73,73,73,62,67,85,85,85,85,18,68,65,65,61,61,21,21,46,46,46,46,34,59,0,0],"gold":101,"neow_bonus":"THREE_CARDS","is_daily":false,"chose_seed":false,"campfire_upgraded":0,"win_rate":0.0,"timestamp":1612665584,"path_taken":["M","M","?","M","?","R","E","?","T","?","?","R","?","M","R_BF","BOSS","M","?","M","$","M","?","R","?","T","?","M","R","E"],"items_purchased_type":["Card","Card","Relic","Card","Card"],"build_version":"2020-12-22","purchased_purges":1,"victory":false,"max_hp_per_floor":[80,80,85,85,85,85,85,85,85,85,85,85,85,85,85,85,85,85,85,85,85,85,85,85,85,85,85,85,85,85,85],"relic_stats":{"Nunchaku":[2],"counters":[13,57],"Blue Candle":[2],"Chemical X":[1],"obtain_stats":[{"BranchBurnRelic":12,"Nunchaku":25,"infinitespire:WardingShard":27,"Dead Branch":7,"Blue Candle":26,"Circlet":0,"Chemical X":21,"hubris:Towel":5,"Electric Blood":17,"Burning Blood":0},{"BranchBurnRelic":5,"Nunchaku":11,"infinitespire:WardingShard":11,"Dead Branch":4,"Blue Candle":11,"Circlet":0,"Chemical X":10,"hubris:Towel":3,"Electric Blood":8,"Burning Blood":0},{"BranchBurnRelic":19,"Nunchaku":46,"infinitespire:WardingShard":46,"Dead Branch":15,"Blue Candle":46,"Circlet":0,"Chemical X":39,"hubris:Towel":11,"Electric Blood":33,"Burning Blood":0}],"Burning Blood":66},"card_choices":[{"not_picked":["hubris:ReadiedAction","Rupture"],"picked":"Power Through","floor":0.0},{"not_picked":["Run Through","Warcry"],"picked":"Flex","floor":1.0},{"not_picked":["Second Wind","Havoc"],"picked":"Thunderclap","floor":2.0},{"not_picked":["Warcry","Armaments"],"picked":"Replay:Undeath\u0027s Touch","floor":4.0},{"not_picked":["Flame Barrier","Exhume"],"picked":"ReplayTheSpireMod:Muscle Training","floor":7.0},{"not_picked":["Burning Pact","Abandon"],"picked":"Perfected Strike","floor":10.0},{"not_picked":["Warcry","ReplayTheSpireMod:Strike From Hell"],"picked":"Heavy Blade","floor":13.0},{"not_picked":["Cleave","Warcry"],"picked":"Inflame","floor":14.0},{"not_picked":["Corruption","Brutality"],"picked":"Juggernaut","floor":16.0},{"not_picked":["Run Through","hubris:ReadiedAction"],"picked":"ReplayTheSpireMod:Muscle Training","floor":18.0},{"not_picked":["Brutality","Clothesline+1"],"picked":"Rage","floor":20.0},{"not_picked":["Burning Pact","ReplayTheSpireMod:Strike From Hell"],"picked":"Anger","floor":22.0},{"not_picked":["Armaments","ReplayReversal"],"picked":"ReplayTheSpireMod:Limb From Limb","floor":25.0},{"not_picked":["Clothesline","Warcry+1"],"picked":"Metallicize","floor":25.0},{"not_picked":["Dual Wield","Cleave"],"picked":"infinitespire:OneForAll","floor":28}],"player_experience":152375,"relics_obtained":[{"floor":7.0,"key":"Dead Branch"},{"floor":25.0,"key":"Nunchaku"},{"floor":26.0,"key":"Blue Candle"},{"floor":27.0,"key":"infinitespire:WardingShard"}],"event_choices":[{"damage_healed":0.0,"max_hp_gain":5.0,"max_hp_loss":0.0,"gold_gain":0.0,"event_name":"Big Fish","player_choice":"Donut","floor":3.0,"gold_loss":0.0,"damage_taken":0.0},{"damage_healed":5.0,"max_hp_gain":0.0,"max_hp_loss":0.0,"gold_gain":0.0,"event_name":"betterSkull:BetterSkull","player_choice":"LEAVE ","floor":11.0,"gold_loss":0.0,"damage_taken":0.0,"cards_upgraded":[],"relics_obtained":[]},{"damage_healed":0.0,"max_hp_gain":0.0,"max_hp_loss":0.0,"gold_gain":0.0,"cards_transformed":["Power Through"],"event_name":"Transmorgrifier","player_choice":"Transformed","floor":19.0,"gold_loss":0.0,"damage_taken":0.0,"cards_obtained":["hubris:SharpeningStone"]}],"is_beta":false,"boss_relics":[{"not_picked":["reliquary:Craggleroot","Replay:Wanted Poster"],"picked":"Electric Blood"}],"items_purged_floors":[23],"is_endless":false,"potions_floor_spawned":[2,4,7,14,18],"killed_by":"Gremlin Leader","ascension_level":5}}