{"host":"l029r2dqxfiqiq5i","time":1612717799,"event":{"mods":["Act Like it!","Arknights","BaseMod","Minty Spire (QoL Compilation)","StSLib","óô»ðÖ¸ÄÏ"],"gold_per_floor":[115,129,144,69,82,110,123,123,123,123,154,45,61,61,61,61,61],"floor_reached":16,"language":"ZHS","playtime":508,"items_purged":["ats:Strike V"],"score":112,"play_id":"1139c53a-a53c-4c15-9a01-5808730262b2","local_time":"20210208010959","is_ascension_mode":false,"campfire_choices":[{"floor":8,"key":"REST"},{"floor":10,"key":"REST"},{"floor":15,"key":"REST"}],"circlet_count":0,"master_deck":["ats:Strike C","ats:Strike G","ats:Strike S","ats:Armor Crushing Shot","ats:Defend","ats:Defend","ats:Defend","ats:Defend","ats:Emotion Absorption","ats:Ignite","ats:Explosion Area Strengthen","ats:Cat Scratch","ats:Sashimi Platter","ats:Part Time Job"],"relics":["ats:Sanity","ats:Originium","ats:Berate","Singing Bowl","Pocketwatch","Molten Egg 2"],"acts_visited":["Exordium"],"potions_floor_usage":[6],"damage_taken":[{"damage":7,"enemies":"Small Slimes","floor":1,"turns":5},{"damage":1,"enemies":"Cultist","floor":2,"turns":4},{"damage":11,"enemies":"Jaw Worm","floor":3,"turns":3},{"damage":13,"enemies":"Red Slaver","floor":5,"turns":3},{"damage":26,"enemies":"Lagavulin","floor":6,"turns":6},{"damage":15,"enemies":"Exordium Wildlife","floor":7,"turns":5},{"damage":44,"enemies":"Gremlin Nob","floor":11,"turns":6},{"damage":0,"enemies":"Large Slime","floor":13,"turns":5},{"damage":75,"enemies":"Hexaghost","floor":16,"turns":10}],"seed_played":"1424415440271992981","potions_obtained":[{"floor":5,"key":"FearPotion"}],"is_trial":false,"path_per_floor":["M","M","M","$","M","E","M","R","T","R","E","?","M","$","R","B"],"character_chosen":"DOCTOR_CLASS","items_purchased":[],"campfire_rested":3,"item_purchase_floors":[],"current_hp_per_floor":[72,71,60,60,47,21,6,29,29,52,8,8,20,20,43,7,7],"gold":61,"neow_bonus":"TEN_PERCENT_HP_BONUS","is_daily":false,"chose_seed":false,"campfire_upgraded":0,"win_rate":0.0,"timestamp":1612717799,"path_taken":["M","M","M","$","M","E","M","R","T","R","E","?","M","?","R","BOSS"],"items_purchased_type":[],"build_version":"2020-12-22","purchased_purges":1,"victory":false,"max_hp_per_floor":[79,79,79,79,79,79,79,79,79,79,79,79,79,79,79,79,79],"card_choices":[{"not_picked":["ats:Very Hot Blade","ats:Powerful Strike"],"picked":"ats:Ignite","floor":1},{"not_picked":["ats:Assault Order","ats:Automatic Cover","ats:Rat Pack"],"picked":"SKIP","floor":2},{"not_picked":["ats:Ignite","ats:Revitalization"],"picked":"ats:Explosion Area Strengthen","floor":3},{"not_picked":["ats:Phantom","ats:Assault Order"],"picked":"ats:Cat Scratch","floor":5},{"not_picked":["ats:Leaping Hammer","ats:Curse Doll","ats:Overload"],"picked":"SKIP","floor":6},{"not_picked":["ats:Guard Mode","ats:Revitalization","ats:Powerful Strike"],"picked":"SKIP","floor":7},{"not_picked":["ats:Closed Bolt Burst Fire","ats:Explosion Area Strengthen"],"picked":"ats:Sashimi Platter","floor":11},{"not_picked":["ats:Serious Mode","ats:Very Hot Blade+1"],"picked":"ats:Part Time Job","floor":13}],"player_experience":192191,"relics_obtained":[{"floor":6,"key":"ats:Originium"},{"floor":6,"key":"ats:Berate"},{"floor":9,"key":"Singing Bowl"},{"floor":11,"key":"ats:Originium"},{"floor":11,"key":"Pocketwatch"}],"event_choices":[{"damage_healed":0,"gold_gain":0,"player_choice":"Paid Gold","damage_taken":0,"relics_obtained":["Molten Egg 2"],"max_hp_gain":0,"max_hp_loss":0,"event_name":"WeMeetAgain","floor":12,"gold_loss":109}],"is_beta":false,"boss_relics":[],"items_purged_floors":[4],"is_endless":false,"potions_floor_spawned":[5],"killed_by":"Hexaghost","ascension_level":0}}