{"host":"l60rmjjsfi0fipmi","time":1612708699,"event":{"mods":["BaseMod","Colored Map","DeckTracker","Downfall","Highlight Path","Minty Spire (QoL Compilation)","StSLib"],"gold_per_floor":[99,118,218,229,241,241,241,266,277,45,45,80,80,95,108,208,258,258,278,278,294,294,326,349,366,381,392,407,418,418,13,29,29,29,29],"floor_reached":33,"language":"ENG","playtime":2659,"items_purged":["hexamod:Strike","Pain"],"score":283,"play_id":"21cebbcd-b1e4-4419-a61f-2337a25f9a7e","local_time":"20210207093819","is_ascension_mode":false,"campfire_choices":[{"data":"hexamod:Float","floor":1,"key":"SMITH"},{"data":"hexamod:HeatMetal","floor":11,"key":"SMITH"},{"data":"hexamod:ShieldOfDarkness","floor":13,"key":"SMITH"},{"data":"hexamod:GhostOfSpireFuture","floor":18,"key":"SMITH"},{"data":"hexamod:BurningTouch","floor":30,"key":"SMITH"}],"circlet_count":0,"master_deck":["hexamod:Strike","hexamod:Strike","hexamod:Strike","hexamod:Defend","hexamod:Defend","hexamod:Defend","hexamod:Defend+1","hexamod:Sear","hexamod:Float+1","hexamod:Rewind","hexamod:BurningTouch+1","hexamod:HeatMetal+1","CurseOfTheBell","CurseOfTheBell","hexamod:FirstSeal","hexamod:SwordOfDarkness+1","hexamod:TimeWarp+1","hexamod:ShieldOfDarkness+1","hexamod:GhostOfSpireFuture+1","hexamod:ChargedBarrage","hexamod:ForkedFlame+1","hexamod:ThermalTransfer+1","hexamod:RadiantFlame","hexamod:HauntingEcho+1","hexamod:FifthSeal","hexamod:SixthSeal","hexamod:ExtraCrispy"],"relics":["hexamod:SpiritBrand","Anchor","downfall:ExtraCursedBell","Happy Flower","Molten Egg 2","Unceasing Top","Du-Vu Doll","InkBottle","Shovel","Tiny House","Calipers","Gremlin Horn","Bronze Scales","hexamod:SoulConsumer"],"acts_visited":["Exordium","TheCity"],"potions_floor_usage":[33,33],"damage_taken":[{"damage":0,"enemies":"2 Louse","floor":2,"turns":3},{"damage":0,"enemies":"Jaw Worm","floor":4,"turns":3},{"damage":0,"enemies":"Small Slimes","floor":5,"turns":4},{"damage":8,"enemies":"Gremlin Nob","floor":8,"turns":3},{"damage":0,"enemies":"Red Slaver","floor":9,"turns":3},{"damage":0,"enemies":"downfall:FleeingMerchant","floor":10,"turns":4},{"damage":8,"enemies":"Lagavulin","floor":12,"turns":3},{"damage":0,"enemies":"Lots of Slimes","floor":14,"turns":3},{"damage":0,"enemies":"2 Fungi Beasts","floor":15,"turns":3},{"damage":34,"enemies":"WA_ARCHETYPE_RETAIN","floor":16,"turns":9},{"damage":7,"enemies":"Shell Parasite","floor":19,"turns":3},{"damage":10,"enemies":"Snecko","floor":21,"turns":3},{"damage":4,"enemies":"Slavers","floor":23,"turns":5},{"damage":3,"enemies":"Cultist and Chosen","floor":25,"turns":6},{"damage":5,"enemies":"Snake Plant","floor":26,"turns":3},{"damage":4,"enemies":"Snecko","floor":27,"turns":3},{"damage":2,"enemies":"Cultist and Chosen","floor":28,"turns":4},{"damage":16,"enemies":"Centurion and Healer","floor":29,"turns":5},{"damage":12,"enemies":"downfall:FleeingMerchant","floor":31,"turns":4},{"damage":10,"enemies":"Snake Plant","floor":32,"turns":4},{"damage":41,"enemies":"DF_ARCHETYPE_CLAW","floor":33,"turns":5}],"seed_played":"2317387046389135736","potions_obtained":[{"floor":2,"key":"hexamod:EctoCoolerPotion"},{"floor":14,"key":"BlessingOfTheForge"},{"floor":15,"key":"AttackPotion"},{"floor":17,"key":"Slimebound:ThreeZeroPotion"}],"is_trial":false,"path_per_floor":["R","M","?","M","M","?","T","E","M","$","R","E","R","M","M","B",null,"R","M","?","M","?","E","T","M","M","M","M","M","R","$","M","B"],"character_chosen":"THE_SPIRIT","items_purchased":["hexamod:TimeWarp+1","hexamod:SoulConsumer"],"campfire_rested":0,"item_purchase_floors":[10,31],"current_hp_per_floor":[70,70,70,70,70,70,70,62,62,69,69,68,68,70,70,43,75,75,68,68,58,58,54,54,58,60,56,54,45,45,40,34,0,0,0],"gold":29,"neow_bonus":"RANDOM_COMMON_RELIC","is_daily":false,"chose_seed":false,"campfire_upgraded":5,"win_rate":0.0,"timestamp":1612708699,"path_taken":["R","M","?","M","M","?","T","E","M","$","R","E","R","M","M","BOSS","R","M","?","M","?","E","T","M","M","M","?","M","R","?","M","BOSS"],"items_purchased_type":["Card","Relic"],"build_version":"2020-12-22","purchased_purges":2,"victory":false,"max_hp_per_floor":[70,70,70,70,70,70,70,70,70,70,70,70,70,70,70,70,75,75,75,75,75,75,75,75,75,75,75,75,75,75,75,75,75,75,75],"card_choices":[{"not_picked":["hexamod:Again","hexamod:GhostShield"],"picked":"hexamod:Rewind","floor":2},{"not_picked":["hexamod:GhostLash","hexamod:Again"],"picked":"hexamod:BurningTouch","floor":4},{"not_picked":["hexamod:PhantomFireball","hexamod:Firestarter"],"picked":"hexamod:HeatMetal","floor":5},{"not_picked":["hexamod:GhostflameBarrier","hexamod:RetreatToShadows","hexamod:GhostShield"],"picked":"SKIP","floor":8},{"not_picked":["hexamod:RainOfEmbers+1","hexamod:AdvancingGuard"],"picked":"hexamod:FirstSeal","floor":9},{"not_picked":["hexamod:GhostLash+1","hexamod:SkipABeat"],"picked":"hexamod:SwordOfDarkness+1","floor":10},{"not_picked":["hexamod:SearingWound","hexamod:NightmareStrike+1"],"picked":"hexamod:ShieldOfDarkness","floor":12},{"not_picked":["hexamod:SkipABeat","hexamod:ThermalTransfer+1"],"picked":"hexamod:GhostOfSpireFuture","floor":14},{"not_picked":["hexamod:GhostShield","hexamod:NecessarySacrifice"],"picked":"hexamod:ChargedBarrage","floor":15},{"not_picked":["hexamod:UnlimitedPower","hexamod:TurnItUp"],"picked":"hexamod:ForkedFlame+1","floor":16},{"not_picked":["hexamod:BurningTouch","hexamod:Rewind"],"picked":"hexamod:ThermalTransfer+1","floor":17},{"not_picked":["hexamod:NightmareGuise+1","hexamod:AdvancingGuard+1"],"picked":"hexamod:RadiantFlame","floor":19},{"not_picked":["hexamod:ThermalTransfer+1","hexamod:StepThrough+1"],"picked":"hexamod:HauntingEcho+1","floor":21},{"not_picked":["hexamod:Hexaguard","hexamod:PhantomCloak+1","hexamod:HeatCrush+1"],"picked":"SKIP","floor":23},{"not_picked":["hexamod:FastForward","hexamod:GhostShield","hexamod:ShieldOfDarkness"],"picked":"SKIP","floor":25},{"not_picked":["hexamod:ThermalTransfer+1","hexamod:FastForward","hexamod:GhostLash+1"],"picked":"SKIP","floor":26},{"not_picked":["hexamod:PowerFromBeyond+1","hexamod:StepThrough+1","hexamod:SpectersWail+1"],"picked":"SKIP","floor":27},{"not_picked":["hexamod:ShieldOfDarkness","hexamod:NightmareGuise+1"],"picked":"hexamod:FifthSeal","floor":28},{"not_picked":["hexamod:RecurringNightmare","hexamod:HeatMetal+1","hexamod:BurningTouch+1"],"picked":"SKIP","floor":29},{"not_picked":["hexamod:ThirdSeal","hexamod:FirstSeal"],"picked":"hexamod:SixthSeal","floor":31},{"not_picked":["hexamod:PhantomCloak","hexamod:Again+1","hexamod:NightmareStrike+1"],"picked":"SKIP","floor":31},{"not_picked":["hexamod:HeatCrush+1","hexamod:HeatMetal+1"],"picked":"hexamod:ExtraCrispy","floor":32}],"player_experience":803743,"relics_obtained":[{"floor":6,"key":"Happy Flower"},{"floor":6,"key":"Molten Egg 2"},{"floor":6,"key":"Unceasing Top"},{"floor":7,"key":"Du-Vu Doll"},{"floor":8,"key":"InkBottle"},{"floor":12,"key":"Shovel"},{"floor":23,"key":"Gremlin Horn"},{"floor":24,"key":"Bronze Scales"}],"event_choices":[{"damage_healed":0,"gold_gain":0,"player_choice":"Ignored","damage_taken":0,"max_hp_gain":0,"max_hp_loss":0,"event_name":"Vampires","floor":20,"gold_loss":0}],"is_beta":false,"boss_relics":[{"not_picked":["Black Star","Runic Pyramid"],"picked":"Tiny House"}],"items_purged_floors":[10,31],"is_endless":false,"potions_floor_spawned":[2,14,15,19,23,26],"killed_by":"DF_ARCHETYPE_CLAW","ascension_level":0}}