{"host":"hzswyuuwdl03wwzr","time":1612707974,"event":{"mods":["100% Spire Juice","ATMod(∞¢Ë™Mod)","AchievementEnabler","Act Like it!","BaseMod","Gensokyo","Hallownest","Marisa£®ÏF”Í°°ƒß¿Ì…≥£©","Minty Spire (QoL Compilation)","Reliquary","Remilia_Scarlet Moed£®¿Ÿ√◊¿Ú—«°§Àπø®¿◊Ãÿ£©3.3.5","Replay The Spire","StSLib","The Bug Knight","The Cursed","The Senshi","The Servant 0.9.4","Yakumo Yukari mod","Youmu£®ªÍ∆«—˝√Œ£©","Yuyuko","°æπ¶ƒ‹Mod°øªÏ„Á÷Æª∑–ﬁ∏¥≤π∂°","°æ“≈ŒÔø®≈∆°øREMEMod"],"gold_per_floor":[118,43,43,61,75,75,75],"floor_reached":6,"language":"ZHS","playtime":1874,"items_purged":[],"score":36,"play_id":"12632811-2dc4-406e-8a85-2a60d560212a","local_time":"20210207222614","is_ascension_mode":false,"campfire_choices":[],"circlet_count":0,"master_deck":["HollowMod:NailStrikeStart","HollowMod:NailStrikeStart","HollowMod:NailStrikeStart","HollowMod:QuickDashStart","HollowMod:QuickDashStart","HollowMod:QuickDashStart","HollowMod:QuickDashStart","HollowMod:FocusHealStart","HollowMod:PogoStrike","Dark Shackles","Hallownest:skillGreenpathMap","HollowMod:DescendingDark","HollowMod:QuirrelsAssistance"],"relics":["HollowMod:VesselMask","AT_ATBox","REME_ComplimentaryCards"],"acts_visited":["Hallownest:Greenpath"],"potions_floor_usage":[],"damage_taken":[{"damage":6,"enemies":"2_ Uuma","floor":1,"turns":6},{"damage":0,"enemies":"Hallownest:monsterHuskWarrior","floor":4,"turns":4},{"damage":0,"enemies":"Hallownest:2_MossCreeps","floor":5,"turns":5},{"damage":0,"enemies":"Hallownest:eliteCrystalGuardian","floor":6,"turns":1}],"seed_played":"2092509088976521884","potions_obtained":[{"floor":4,"key":"SpeedPotion"}],"is_trial":false,"path_per_floor":["M","?","?","M","M","E"],"character_chosen":"THE_BUGKNIGHT","items_purchased":[],"campfire_rested":0,"item_purchase_floors":[],"current_hp_per_floor":[69,69,69,75,75,75,75],"gold":75,"neow_bonus":"RANDOM_COLORLESS","is_daily":false,"chose_seed":false,"campfire_upgraded":0,"win_rate":0.0,"timestamp":1612707974,"path_taken":["M","?","?","?","M","E"],"items_purchased_type":[],"build_version":"2020-12-22","purchased_purges":0,"victory":false,"max_hp_per_floor":[75,75,75,75,75,75,75],"card_choices":[{"not_picked":["REME_TwoStrings","AT_LightSaberMaster"],"picked":"Dark Shackles","floor":0},{"not_picked":["HollowMod:SoulStrike","HollowMod:WraithStrike","HollowMod:NewLittleFool"],"picked":"SKIP","floor":1},{"not_picked":["HollowMod:MothsMistake","HollowMod:SharpenedNail","HollowMod:SoulShaman"],"picked":"SKIP","floor":4},{"not_picked":["HollowMod:MawleksShell","HollowMod:DreamGate"],"picked":"HollowMod:QuirrelsAssistance","floor":5}],"player_experience":43809,"relics_obtained":[],"event_choices":[],"is_beta":false,"boss_relics":[],"items_purged_floors":[],"is_endless":false,"potions_floor_spawned":[4],"killed_by":"Hallownest:eliteCrystalGuardian","ascension_level":0}}