{"host":"a3wpq7kyokchzawk","time":1612718206,"event":{"mods":["BaseMod","Colored Map","Highlight Path","Minty Spire (QoL Compilation)","Permanent Neow","Potion Indicator Mod","Relic Stats","Weighted Paths"],"gold_per_floor":[114,124,140,159,2,27,27,50,50,50,114,114,131,159,159,233,233,252,252,45,65,77,77,95,120,146,157,183,183,209,69,69,69,69],"floor_reached":33,"language":"ENG","playtime":4419,"items_purged":["Strike_G","Strike_G"],"score":630,"play_id":"4635d3c7-27aa-424d-b87c-7e9acc710816","local_time":"20210207151646","is_ascension_mode":true,"campfire_choices":[{"floor":7.0,"key":"REST"},{"data":"Bouncing Flask","floor":10.0,"key":"SMITH"},{"data":"Neutralize","floor":12.0,"key":"SMITH"},{"data":"Noxious Fumes","floor":15.0,"key":"SMITH"},{"floor":23.0,"key":"REST"},{"floor":32.0,"key":"REST"}],"circlet_count":0,"master_deck":["AscendersBane","Strike_G","Defend_G","Defend_G","Defend_G","Defend_G","Defend_G","Survivor","Neutralize+1","Riddle With Holes","Sucker Punch","Underhanded Strike","Dagger Spray","Backflip","Predator","Bouncing Flask+1","PiercingWail","Noxious Fumes+1","Bullet Time","Caltrops","Well Laid Plans","Crippling Poison","Eviscerate+1","PiercingWail","Acrobatics","Backflip+1","Burst","Envenom","Reflex"],"relics":["Ring of the Snake","Pen Nib","White Beast Statue","Odd Mushroom","Paper Crane","Runic Dome","Bronze Scales","Bag of Marbles","Toy Ornithopter","Ninja Scroll"],"acts_visited":["Exordium","TheCity"],"potions_floor_usage":[33],"damage_taken":[{"damage":7.0,"enemies":"Cultist","floor":1.0,"turns":4.0},{"damage":0.0,"enemies":"Small Slimes","floor":2.0,"turns":2.0},{"damage":0.0,"enemies":"2 Louse","floor":3.0,"turns":2.0},{"damage":21.0,"enemies":"Large Slime","floor":4.0,"turns":8.0},{"damage":9.0,"enemies":"3 Sentries","floor":6.0,"turns":6.0},{"damage":5.0,"enemies":"The Mushroom Lair","floor":8.0,"turns":4.0},{"damage":7.0,"enemies":"3 Louse","floor":13.0,"turns":3.0},{"damage":10.0,"enemies":"Lagavulin","floor":14.0,"turns":7.0},{"damage":8.0,"enemies":"Hexaghost","floor":16.0,"turns":9.0},{"damage":7.0,"enemies":"3 Byrds","floor":18.0,"turns":7.0},{"damage":5.0,"enemies":"Chosen","floor":21.0,"turns":5.0},{"damage":14.0,"enemies":"Centurion and Healer","floor":22.0,"turns":8.0},{"damage":6.0,"enemies":"Cultist and Chosen","floor":24.0,"turns":5.0},{"damage":11.0,"enemies":"Gremlin Leader","floor":25.0,"turns":5.0},{"damage":0.0,"enemies":"Snake Plant","floor":27.0,"turns":4.0},{"damage":11.0,"enemies":"Slavers","floor":28.0,"turns":4.0},{"damage":16.0,"enemies":"Gremlin Leader","floor":30.0,"turns":6.0},{"damage":48,"enemies":"Collector","floor":33,"turns":8}],"seed_played":"6300815937069812425","potions_obtained":[{"floor":2.0,"key":"Poison Potion"},{"floor":6.0,"key":"Fire Potion"},{"floor":8.0,"key":"FearPotion"},{"floor":13.0,"key":"Swift Potion"},{"floor":14.0,"key":"Strength Potion"},{"floor":21.0,"key":"SpeedPotion"},{"floor":25.0,"key":"DistilledChaos"},{"floor":28.0,"key":"Dexterity Potion"},{"floor":30.0,"key":"DistilledChaos"}],"is_trial":false,"path_per_floor":["M","M","M","M","$","E","R","?","T","R","?","R","M","E","R","B",null,"M","?","$","M","M","R","M","E","T","M","E","?","E","$","R","B"],"character_chosen":"THE_SILENT","items_purchased":["Pen Nib","Well Laid Plans","Crippling Poison","Reflex"],"campfire_rested":3,"item_purchase_floors":[5,20,20,31],"current_hp_per_floor":[52,52,52,31,31,22,41,36,36,36,36,36,29,19,19,11,52,45,45,45,40,26,45,39,28,28,28,17,17,11,11,30,0,0],"gold":69,"neow_bonus":"THREE_CARDS","is_daily":false,"chose_seed":false,"campfire_upgraded":3,"win_rate":0.0,"timestamp":1612718206,"path_taken":["M","M","?","M","$","E","R","?","T","R","?","R","M","E","R","BOSS","M","?","$","M","M","R","M","E","T","M","E","?","E","$","R","BOSS"],"items_purchased_type":["Relic","Card","Card","Card"],"build_version":"2020-12-22","purchased_purges":2,"victory":false,"max_hp_per_floor":[66,66,66,66,66,66,66,66,66,66,66,66,66,66,66,66,66,66,66,66,66,66,66,66,66,66,66,66,66,66,66,66,66,66],"relic_stats":{"counters":[18,97],"Bronze Scales":[90],"Pen Nib":[11],"obtain_stats":[{"Runic Dome":17,"Ninja Scroll":30,"Bronze Scales":25,"Pen Nib":5,"Bag of Marbles":26,"Odd Mushroom":8,"Paper Crane":14,"White Beast Statue":6,"Toy Ornithopter":28,"Ring of the Snake":0},{"Runic Dome":9,"Ninja Scroll":17,"Bronze Scales":14,"Pen Nib":4,"Bag of Marbles":14,"Odd Mushroom":6,"Paper Crane":8,"White Beast Statue":5,"Toy Ornithopter":16,"Ring of the Snake":0},{"Runic Dome":45,"Ninja Scroll":89,"Bronze Scales":75,"Pen Nib":16,"Bag of Marbles":75,"Odd Mushroom":26,"Paper Crane":36,"White Beast Statue":22,"Toy Ornithopter":83,"Ring of the Snake":0}],"Toy Ornithopter":15,"Ring of the Snake":[36]},"card_choices":[{"not_picked":["Dodge and Roll","Dagger Throw"],"picked":"Riddle With Holes","floor":0.0},{"not_picked":["Deadly Poison","Finisher"],"picked":"Sucker Punch","floor":1.0},{"not_picked":["Dagger Spray","Infinite Blades"],"picked":"Underhanded Strike","floor":2.0},{"not_picked":["Quick Slash","Calculated Gamble"],"picked":"Dagger Spray","floor":3.0},{"not_picked":["Dodge and Roll","Distraction"],"picked":"Backflip","floor":4.0},{"not_picked":["Dodge and Roll","Flying Knee"],"picked":"Predator","floor":6.0},{"not_picked":["Slice","Accuracy"],"picked":"Bouncing Flask","floor":8.0},{"not_picked":["Slice","Dagger Spray"],"picked":"PiercingWail","floor":13.0},{"not_picked":["Quick Slash","Heel Hook"],"picked":"Noxious Fumes","floor":14.0},{"not_picked":["Doppelganger","Die Die Die"],"picked":"Bullet Time","floor":16.0},{"not_picked":["Slice","Noxious Fumes+1"],"picked":"Caltrops","floor":18.0},{"not_picked":["Distraction","Endless Agony"],"picked":"Eviscerate+1","floor":21.0},{"not_picked":["Cloak And Dagger","Blade Dance"],"picked":"PiercingWail","floor":22.0},{"not_picked":["Dagger Throw","Endless Agony"],"picked":"Acrobatics","floor":24.0},{"not_picked":["Dodge and Roll","Doppelganger"],"picked":"Backflip+1","floor":25.0},{"not_picked":["Choke","Sucker Punch","Dodge and Roll"],"picked":"SKIP","floor":27.0},{"not_picked":["Choke","Poisoned Stab","Backflip"],"picked":"SKIP","floor":28.0},{"not_picked":["Deflect","Predator","PiercingWail"],"picked":"SKIP","floor":30.0}],"player_experience":2655990,"relics_obtained":[{"floor":6.0,"key":"White Beast Statue"},{"floor":8.0,"key":"Odd Mushroom"},{"floor":14.0,"key":"Paper Crane"},{"floor":25.0,"key":"Bronze Scales"},{"floor":26.0,"key":"Bag of Marbles"},{"floor":28.0,"key":"Toy Ornithopter"},{"floor":30.0,"key":"Ninja Scroll"}],"event_choices":[{"damage_healed":0.0,"max_hp_gain":0.0,"max_hp_loss":0.0,"gold_gain":0.0,"event_name":"Mushrooms","player_choice":"Fought Mushrooms","floor":8.0,"gold_loss":0.0,"damage_taken":0.0},{"damage_healed":0.0,"max_hp_gain":0.0,"max_hp_loss":0.0,"gold_gain":64.0,"event_name":"Golden Wing","player_choice":"Gained Gold","floor":11.0,"gold_loss":0.0,"damage_taken":0.0},{"damage_healed":0.0,"max_hp_gain":0.0,"max_hp_loss":0.0,"gold_gain":0.0,"event_name":"Beggar","player_choice":"Ignored","floor":19.0,"gold_loss":0.0,"damage_taken":0.0},{"damage_healed":0.0,"max_hp_gain":0.0,"max_hp_loss":0.0,"gold_gain":0.0,"cards_transformed":["Strike_G","Strike_G"],"event_name":"Drug Dealer","player_choice":"Became Test Subject","floor":29.0,"gold_loss":0.0,"damage_taken":0.0,"cards_obtained":["Burst","Envenom"]}],"is_beta":false,"boss_relics":[{"not_picked":["Empty Cage","Astrolabe"],"picked":"Runic Dome"}],"items_purged_floors":[20,31],"is_endless":false,"potions_floor_spawned":[2,6,8,13,14,16,18,21,22,24,25,27,28,30],"killed_by":"Collector","ascension_level":20}}