{"host":"j5shy70asow5koz5","time":1612711264,"event":{"mods":["2.2 Compatiblity","Act Like it!","Arknights","BaseMod","Colored Map","Marisa£¨Ùöéë¡¡Øª×âÞÞ£©","Minty Spire (QoL Compilation)","Prisma Mod","StSLib","SuperFastMode","Td1madao Mod","The Disciple","The Gatherer","The Servant 0.9.4","Waifu the Spire"],"gold_per_floor":[115,128,128,53,53,53,69,69,69,69,35,52,85,97,97,97,97],"floor_reached":16,"language":"KOR","playtime":291,"items_purged":["Pain"],"score":100,"play_id":"6e016cda-98b9-46e2-82bc-b7145fc7e0af","local_time":"20210208002104","is_ascension_mode":false,"campfire_choices":[{"data":"Bash","floor":6,"key":"SMITH"},{"data":"Fire Breathing","floor":8,"key":"SMITH"},{"data":"Defend_R","floor":10,"key":"SMITH"},{"data":"Reckless Charge","floor":15,"key":"SMITH"}],"circlet_count":0,"master_deck":["Strike_R","Strike_R","Strike_R","Strike_R","Strike_R","Defend_R","Defend_R","Defend_R","Defend_R+1","Bash+1","Armaments+1","Fire Breathing+1","Reckless Charge+1","Pommel Strike","Armaments","Headbutt"],"relics":["Burning Blood","Calipers","Darkstone Periapt","Boot"],"acts_visited":["Exordium"],"potions_floor_usage":[],"damage_taken":[{"damage":17,"enemies":"2 Louse","floor":1,"turns":3},{"damage":12,"enemies":"Cultist","floor":2,"turns":4},{"damage":6,"enemies":"Jaw Worm","floor":7,"turns":3},{"damage":10,"enemies":"3 Louse","floor":12,"turns":3},{"damage":10,"enemies":"Gremlin Nob","floor":13,"turns":4},{"damage":6,"enemies":"Large Slime","floor":14,"turns":6},{"damage":77,"enemies":"The Guardian","floor":16,"turns":10}],"seed_played":"-3495994298835485221","potions_obtained":[{"floor":12,"key":"ElixirPotion"}],"is_trial":false,"path_per_floor":["M","M","?","$","?","R","M","R","T","R","$","M","E","M","R","B"],"character_chosen":"IRONCLAD","items_purchased":["Reckless Charge"],"campfire_rested":0,"item_purchase_floors":[11],"current_hp_per_floor":[69,63,63,63,63,63,63,63,63,63,63,59,55,55,55,0,0],"gold":97,"neow_bonus":"ONE_RARE_RELIC","is_daily":false,"chose_seed":false,"campfire_upgraded":4,"win_rate":0.0,"timestamp":1612711264,"path_taken":["M","M","?","?","?","R","M","R","T","R","$","M","E","M","R","BOSS"],"items_purchased_type":["Card"],"build_version":"2020-12-22","purchased_purges":1,"victory":false,"max_hp_per_floor":[80,80,80,80,80,80,80,80,80,80,80,80,80,80,80,80,80],"card_choices":[{"not_picked":["Anger","Cleave"],"picked":"Armaments","floor":1},{"not_picked":["Warcry","Flex","Anger"],"picked":"SKIP","floor":2},{"not_picked":["Disarm","Flex"],"picked":"Fire Breathing","floor":7},{"not_picked":["True Grit","Heavy Blade"],"picked":"Pommel Strike","floor":12},{"not_picked":["Clothesline","Reaper"],"picked":"Armaments","floor":13},{"not_picked":["Heavy Blade","Armaments"],"picked":"Headbutt","floor":14}],"player_experience":80329,"relics_obtained":[{"floor":9,"key":"Darkstone Periapt"},{"floor":13,"key":"Boot"}],"event_choices":[{"damage_healed":0,"gold_gain":0,"player_choice":"Upgraded","damage_taken":0,"max_hp_gain":0,"max_hp_loss":0,"event_name":"Upgrade Shrine","floor":3,"gold_loss":0,"cards_upgraded":["Armaments"]},{"damage_healed":0,"gold_gain":0,"player_choice":"Ignored","damage_taken":0,"max_hp_gain":0,"max_hp_loss":0,"event_name":"Liars Game","floor":5,"gold_loss":0}],"is_beta":false,"boss_relics":[],"items_purged_floors":[4],"is_endless":false,"potions_floor_spawned":[12],"killed_by":"The Guardian","ascension_level":0}}