{"host":"qjy62f5erwny7xxh","time":1612730770,"event":{"mods":["2.2 Compatiblity","AchievementEnabler","BaseMod","Colored Powertips","Curses Come First","Downfall","Minty Spire (QoL Compilation)","StSLib"],"gold_per_floor":[112,112,125,137,156,188,198,198,198,198,198,210,210,223,223,320,320,333,31,31,42,42,70,70,83,83,102,127,127,142,152,152,254,254,270,24,73,73,123,123,136,136,136,152,187,187,187,197,197,197,197],"floor_reached":50,"language":"ENG","playtime":3860,"items_purged":[],"score":915,"play_id":"9ae27d9c-4f30-4fb4-a262-ecf84da3666e","local_time":"20210207204610","is_ascension_mode":true,"campfire_choices":[{"floor":8,"key":"REST"},{"floor":10,"key":"REST"},{"floor":15,"key":"REST"},{"data":"Vault","floor":24,"key":"SMITH"},{"data":"Eruption","floor":32,"key":"SMITH"},{"floor":40,"key":"REST"},{"data":"DevaForm","floor":42,"key":"SMITH"},{"floor":46,"key":"REST"},{"floor":49,"key":"REST"}],"circlet_count":0,"master_deck":["Eruption+1","Vigilance","Violence","Consecrate","CutThroughFate","SandsOfTime","EmptyBody","Wallop","Judgement+1","SashWhip+1","Evaluate","Eruption+1","JustLucky+1","Vault+1","Consecrate+1","Judgement+1","Consecrate+1","Weave+1","JustLucky+1","Protect+1","SashWhip+1","Ragnarok+1","Wireheading+1","DevaForm+1","WreathOfFlame","JustLucky+1","Worship","Collect","MentalFortress","CarveReality+1","Judgement","Crescendo+1","Protect","Fasting2+1","Enlightenment","Parasite"],"relics":["PureWater","StrikeDummy","Molten Egg 2","bronze:MakeshiftBattery","PreservedInsect","HandDrill","Pantograph","HornCleat","The Courier","Pandora\u0027s Box","Medical Kit","Akabeko","Pocketwatch","CaptainsWheel","Oddly Smooth Stone","Ancient Tea Set"],"acts_visited":["Exordium","TheCity","TheBeyond"],"potions_floor_usage":[5,14,16,21,33,33,33,45],"damage_taken":[{"damage":7,"enemies":"Jaw Worm","floor":1,"turns":6},{"damage":0,"enemies":"Cultist","floor":3,"turns":3},{"damage":4,"enemies":"Small Slimes","floor":4,"turns":4},{"damage":0,"enemies":"3 Louse","floor":5,"turns":3},{"damage":17,"enemies":"Gremlin Nob","floor":6,"turns":4},{"damage":14,"enemies":"Exordium Wildlife","floor":7,"turns":4},{"damage":0,"enemies":"Exordium Thugs","floor":12,"turns":3},{"damage":10,"enemies":"3 Louse","floor":14,"turns":3},{"damage":0,"enemies":"Slime Boss","floor":16,"turns":6},{"damage":0,"enemies":"Spheric Guardian","floor":18,"turns":2},{"damage":0,"enemies":"Shell Parasite","floor":21,"turns":2},{"damage":7,"enemies":"Slavers","floor":23,"turns":4},{"damage":0,"enemies":"Snecko","floor":25,"turns":3},{"damage":0,"enemies":"Centurion and Healer","floor":27,"turns":3},{"damage":2,"enemies":"Gremlin Leader","floor":28,"turns":3},{"damage":0,"enemies":"Snake Plant","floor":30,"turns":2},{"damage":0,"enemies":"3 Cultists","floor":31,"turns":3},{"damage":0,"enemies":"Champ","floor":33,"turns":6},{"damage":6,"enemies":"3 Darklings","floor":35,"turns":4},{"damage":56,"enemies":"2 Orb Walkers","floor":37,"turns":5},{"damage":0,"enemies":"Mind Bloom Boss Battle","floor":39,"turns":4},{"damage":0,"enemies":"3 Shapes","floor":41,"turns":2},{"damage":13,"enemies":"Spire Growth","floor":44,"turns":6},{"damage":17,"enemies":"Nemesis","floor":45,"turns":6},{"damage":0,"enemies":"Writhing Mass","floor":48,"turns":3},{"damage":75,"enemies":"Time Eater","floor":50,"turns":7}],"seed_played":"6098592926494589158","potions_obtained":[{"floor":3,"key":"SpeedPotion"},{"floor":12,"key":"FearPotion"},{"floor":14,"key":"SteroidPotion"},{"floor":16,"key":"EssenceOfSteel"},{"floor":18,"key":"Swift Potion"},{"floor":27,"key":"Energy Potion"},{"floor":28,"key":"DistilledChaos"},{"floor":44,"key":"PowerPotion"},{"floor":48,"key":"BottledMiracle"}],"is_trial":false,"path_per_floor":["M","?","M","M","M","E","M","R","T","R","?","M","?","M","R","B",null,"M","$","?","M","?","E","R","M","T","M","E","?","M","M","R","B",null,"M","$","?","$","?","R","M","R","T","M","E","R","?","M","R","B"],"character_chosen":"WATCHER","items_purchased":["PreservedInsect","HandDrill","Medical Kit","Akabeko"],"campfire_rested":6,"item_purchase_floors":[19,19,36,36],"current_hp_per_floor":[40,40,40,36,36,19,5,26,26,47,47,47,47,37,58,58,69,69,69,69,69,69,62,62,62,62,62,60,60,60,60,60,72,72,66,66,10,10,35,56,56,56,56,43,26,47,47,47,68,0,0],"gold":197,"neow_bonus":"RANDOM_COLORLESS_2","is_daily":false,"chose_seed":false,"campfire_upgraded":3,"win_rate":0.0,"timestamp":1612730770,"path_taken":["M","?","M","M","M","E","?","R","T","R","?","M","?","?","R","BOSS","M","$","?","M","?","E","R","?","T","M","E","?","M","M","R","BOSS","M","$","?","?","?","R","M","R","T","M","E","R","?","?","R","BOSS"],"items_purchased_type":["Relic","Relic","Relic","Relic"],"build_version":"2020-12-22","purchased_purges":0,"victory":false,"max_hp_per_floor":[72,72,72,72,72,72,72,72,72,72,72,72,72,72,72,72,72,72,72,72,72,72,72,72,72,72,72,72,72,72,72,72,72,72,72,72,72,72,72,72,72,72,72,72,72,72,72,72,72,72,72],"card_choices":[{"not_picked":["Sadistic Nature","Secret Technique"],"picked":"Violence","floor":0},{"not_picked":["Halt","Crescendo"],"picked":"Consecrate","floor":1},{"not_picked":["Evaluate","Prostrate"],"picked":"CutThroughFate","floor":3},{"not_picked":["SashWhip","Halt"],"picked":"SandsOfTime","floor":4},{"not_picked":["Prostrate","PathToVictory"],"picked":"EmptyBody","floor":5},{"not_picked":["ForeignInfluence","SashWhip"],"picked":"Wallop","floor":6},{"not_picked":["BowlingBash","SashWhip"],"picked":"Judgement","floor":7},{"not_picked":["Weave+1","Crescendo"],"picked":"SashWhip+1","floor":12},{"not_picked":["Halt","MentalFortress"],"picked":"JustLucky+1","floor":14},{"not_picked":["Alpha","Blasphemy"],"picked":"Vault","floor":16},{"not_picked":["ThirdEye","ForeignInfluence","CarveReality+1"],"picked":"SKIP","floor":18},{"not_picked":["ReachHeaven+1","Protect"],"picked":"Consecrate+1","floor":21},{"not_picked":["Protect","Swivel"],"picked":"Consecrate+1","floor":23},{"not_picked":["CarveReality+1","FollowUp+1"],"picked":"Weave+1","floor":25},{"not_picked":["BowlingBash+1","PathToVictory+1"],"picked":"JustLucky+1","floor":27},{"not_picked":["ReachHeaven+1","WindmillStrike+1"],"picked":"Protect+1","floor":28},{"not_picked":["Wallop+1","Evaluate"],"picked":"Ragnarok+1","floor":30},{"not_picked":["FollowUp+1","PathToVictory"],"picked":"Wireheading+1","floor":31},{"not_picked":["ConjureBlade","Vault"],"picked":"DevaForm","floor":33},{"not_picked":["EmptyFist+1","ClearTheMind+1"],"picked":"Crescendo+1","floor":35},{"not_picked":["FlurryOfBlows+1","Consecrate+1"],"picked":"Protect","floor":37},{"not_picked":["EmptyFist+1","CutThroughFate+1"],"picked":"Fasting2+1","floor":39},{"not_picked":["ThirdEye+1","EmptyBody","Swivel"],"picked":"SKIP","floor":41},{"not_picked":["PathToVictory","ThirdEye","BowlingBash+1"],"picked":"SKIP","floor":44},{"not_picked":["ForeignInfluence","CarveReality+1","Study"],"picked":"SKIP","floor":45},{"not_picked":["Transmutation","Jack Of All Trades"],"picked":"Enlightenment","floor":47},{"not_picked":["Crescendo+1","SashWhip+1","PathToVictory"],"picked":"SKIP","floor":48}],"player_experience":1184462,"relics_obtained":[{"floor":6,"key":"StrikeDummy"},{"floor":9,"key":"Molten Egg 2"},{"floor":23,"key":"Pantograph"},{"floor":26,"key":"HornCleat"},{"floor":28,"key":"The Courier"},{"floor":37,"key":"Pocketwatch"},{"floor":39,"key":"CaptainsWheel"},{"floor":43,"key":"Oddly Smooth Stone"},{"floor":45,"key":"Ancient Tea Set"}],"event_choices":[{"cards_removed":["Strike_P"],"damage_healed":0,"gold_gain":0,"player_choice":"Purged","damage_taken":0,"max_hp_gain":0,"max_hp_loss":0,"event_name":"Purifier","floor":2,"gold_loss":0},{"damage_healed":0,"gold_gain":0,"player_choice":"Grow","damage_taken":0,"max_hp_gain":0,"max_hp_loss":0,"event_name":"Living Wall","floor":11,"gold_loss":0,"cards_upgraded":["Judgement"]},{"damage_healed":0,"gold_gain":0,"player_choice":"2 cards matched","damage_taken":0,"max_hp_gain":0,"max_hp_loss":0,"event_name":"Match and Keep!","floor":13,"gold_loss":0,"cards_obtained":["Evaluate","Eruption"]},{"damage_healed":0,"gold_gain":0,"player_choice":"Copied","damage_taken":0,"max_hp_gain":0,"max_hp_loss":0,"event_name":"Duplicator","floor":22,"gold_loss":0,"cards_obtained":["Judgement"]},{"damage_healed":0,"gold_gain":0,"player_choice":"Read","damage_taken":0,"max_hp_gain":0,"max_hp_loss":0,"event_name":"The Library","floor":29,"gold_loss":0,"cards_obtained":["SashWhip"]},{"damage_healed":0,"gold_gain":0,"player_choice":"Fight","damage_taken":0,"max_hp_gain":0,"max_hp_loss":0,"event_name":"Mysterious Sphere","floor":37,"gold_loss":0},{"damage_healed":0,"gold_gain":0,"player_choice":"Fight","damage_taken":0,"max_hp_gain":0,"max_hp_loss":0,"event_name":"MindBloom","floor":39,"gold_loss":0},{"damage_healed":0,"gold_gain":0,"player_choice":"Memory 1","damage_taken":0,"max_hp_gain":0,"max_hp_loss":0,"event_name":"SensoryStone","floor":47,"gold_loss":0}],"is_beta":false,"boss_relics":[{"not_picked":["Runic Dome","Velvet Choker"],"picked":"bronze:MakeshiftBattery"},{"not_picked":["Astrolabe","Busted Crown"],"picked":"Pandora\u0027s Box"}],"items_purged_floors":[],"is_endless":false,"potions_floor_spawned":[3,12,14,16,18,27,28,31,44,48],"killed_by":"Time Eater","ascension_level":9}}