{"host":"og21o26alpnbwmz8","time":1612725405,"event":{"mods":["Act Like it!","Aspiration","BaseMod","Conspire","Downfall","Halation","Hallownest","Hubris","Jedi Mod","Mimic Mod","Minty Spire (QoL Compilation)","Pale of the Ancients","Reliquary","Replay The Spire","Shop Mod","Spikes Relics","StSLib","The Alterego","The Blackbeard","The Blue Laboratory","The Death Knight","The Runesmith","Waifu the Spire"],"gold_per_floor":[99,9,109,126,143,163,163,63,73,106,106,106,106,138,158,258,258,158,168,185,185,185,185,185,185,222,232,33,133,153,153,173,277,277,277,287,302,352,364,97,97,112,123,706,706,606,606,606,606,606,606,606,102,102,102,102,102],"floor_reached":55,"language":"ENG","playtime":3177,"items_purged":["sneckomod:Strike","sneckomod:Unknown"],"score":781,"play_id":"671edd39-df52-4ba0-97da-e5ce3a41e704","local_time":"20210207141645","is_ascension_mode":false,"campfire_choices":[{"data":"sneckomod:TailWhip","floor":1,"key":"SMITH"},{"data":"sneckomod:SnekBite","floor":8,"key":"SMITH"},{"data":"Toxin Wave","floor":13,"key":"SMITH"},{"data":"sneckomod:CheapStock","floor":23,"key":"SMITH"},{"floor":35,"key":"RECALL"}],"circlet_count":0,"master_deck":["sneckomod:Defend","sneckomod:Defend","sneckomod:Defend+1","sneckomod:TailWhip+1","sneckomod:SnekBite+1","sneckomod:MorePower+1","sneckomod:UnknownUncommonPower+1","Toxin Wave+1","sneckomod:CheapStock+1","WindmillStrike+1","sneckomod:UnknownRarePower+1","sneckomod:MorePower+1","Replay:Bag of Tricks+1","sneckomod:UnknownExhaust+1","sneckomod:UnknownStrength+1","sneckomod:DiceBlock+1","sneckomod:UnknownRareAttack+1","sneckomod:Unknown3Cost","Devotion+1","sneckomod:UnknownBoss+1","sneckomod:UnknownBoss+1","sneckomod:UnknownColorless+1","sneckomod:UnknownUncommonPower+1","sneckomod:UnknownRareSkill+1","sneckomod:UnknownBoss+1","Mayhem+1","sneckomod:Cheat+1","sneckomod:Unknown1Cost+1","J.A.X.+1","sneckomod:UnknownVulnerable+1","sneckomod:UnknownUncommonSkill+1","sneckomod:UnknownRareAttack+1","sneckomod:Unknown3Cost+1","sneckomod:UnknownBoss+1","sneckomod:UnknownRarePower","hexamod:SixthSeal","sneckomod:Unknown3Cost+1","sneckomod:UnknownUncommonPower+1","sneckomod:UnlimitedRolls+1","sneckomod:UnknownWeak+1","sneckomod:UnknownBoss+1","sneckomod:Unknown2Cost+1","sneckomod:UnknownClassHEXA_GHOST_PURPLE+1","sneckomod:UnknownCommonSkill+1","sneckomod:UnknownColorless+1","sneckomod:UnknownRareSkill+1","sneckomod:UnknownUncommonPower+1","sneckomod:WideSting+1","sneckomod:UnknownClassHEXA_GHOST_PURPLE+1","sneckomod:CheapStock","Sneak Up+1","sneckomod:UnknownRarePower+1","sneckomod:MasterEye+1","sneckomod:UnknownBoss+1","sneckomod:UnknownColorless+1","Wish+1"],"relics":["sneckomod:SneckoSoul","downfall:HeartBlessingBlue","Rawhide","halation:PinkSoulGem","aspiration:FrozenJewel","Coffee Dripper","downfall:HeartBlessingGreen","Ornamental Fan","RetroEgg","MutagenicStrength","hubris:Towel","Fusion Hammer","hexamod:Sixitude","halation:Komachan","Pen Nib","jedi:ominousloannote","conspire:TopHat","downfall:HeartBlessingRed","halation:EternalFortune","DeathKnight:PutricidesVial","jedi:archwizardhat","reliquary:Firecrackers"],"acts_visited":["Exordium","TheCity","TheBeyond","TheEnding"],"potions_floor_usage":[55,55,55],"damage_taken":[{"damage":5,"enemies":"downfall:FleeingMerchant","floor":2,"turns":4},{"damage":1,"enemies":"Jaw Worm","floor":4,"turns":4},{"damage":1,"enemies":"Cultist","floor":5,"turns":4},{"damage":7,"enemies":"Small Slimes","floor":6,"turns":3},{"damage":6,"enemies":"Large Slime","floor":9,"turns":4},{"damage":4,"enemies":"Gremlin Nob","floor":10,"turns":3},{"damage":20,"enemies":"Lagavulin","floor":14,"turns":7},{"damage":7,"enemies":"Exordium Thugs","floor":15,"turns":4},{"damage":46,"enemies":"DF_ARCHETYPE_STREAMLINE","floor":16,"turns":8},{"damage":0,"enemies":"Shell Parasite","floor":19,"turns":5},{"damage":0,"enemies":"Snecko","floor":20,"turns":5},{"damage":24,"enemies":"conspire:MimicChest","floor":26,"turns":6},{"damage":4,"enemies":"Cultist and Chosen","floor":27,"turns":4},{"damage":0,"enemies":"downfall:FleeingMerchant","floor":28,"turns":4},{"damage":28,"enemies":"downfall:Augmenter","floor":29,"turns":6},{"damage":10,"enemies":"Snake Plant","floor":30,"turns":3},{"damage":8,"enemies":"Centurion and Healer","floor":32,"turns":7},{"damage":36,"enemies":"IC_MUSHROOM_ARCHETYPE","floor":33,"turns":8},{"damage":0,"enemies":"3 Darklings","floor":36,"turns":5},{"damage":0,"enemies":"3 Shapes","floor":37,"turns":1},{"damage":40,"enemies":"3 Shapes","floor":38,"turns":9},{"damage":6,"enemies":"Sphere and 2 Shapes","floor":39,"turns":3},{"damage":3,"enemies":"downfall:FleeingMerchant","floor":40,"turns":4},{"damage":3,"enemies":"4 Shapes","floor":42,"turns":5},{"damage":10,"enemies":"3 Darklings","floor":43,"turns":2},{"damage":0,"enemies":"downfall:FleeingMerchant","floor":44,"turns":1},{"damage":25,"enemies":"Writhing Mass","floor":45,"turns":6},{"damage":11,"enemies":"Maw","floor":48,"turns":7},{"damage":8,"enemies":"Spire Growth","floor":49,"turns":2},{"damage":7,"enemies":"WA_ARCHETYPE_DIVINITY","floor":50,"turns":9},{"damage":109,"enemies":"downfall:CharBossMerchant","floor":52,"turns":11},{"damage":25,"enemies":"downfall:NeowBoss","floor":55,"turns":3}],"seed_played":"-3683025454332033630","potions_obtained":[{"floor":6,"key":"blueLaboratory:TrueEctoplasm"},{"floor":9,"key":"blueLaboratory:ArtificerPotion"},{"floor":14,"key":"Venom Potion"},{"floor":43,"key":"PowerPotion"}],"is_trial":false,"path_per_floor":["R","$","?","M","M","M","T","R","M","E","R","?","R","E","M","B",null,"R","M","M","?","?","R","T","R","?","M","$","?","M","?","M","B",null,"R","M","M","?","M","$","T","M","M","?","M","R","?","M","M","B",null,"E","$","R","B"],"character_chosen":"THE_SNECKO","items_purchased":["Mayhem","halation:Komachan","jedi:ominousloannote","sneckomod:CheapStock","conspire:TopHat","jedi:archwizardhat","reliquary:Firecrackers"],"campfire_rested":0,"item_purchase_floors":[28,40,44,44,44,53,53],"current_hp_per_floor":[90,85,85,84,83,76,76,86,80,76,76,76,76,56,49,3,100,100,100,100,100,100,100,100,100,76,72,72,51,41,41,33,7,100,100,100,100,74,68,65,65,62,59,59,34,34,37,33,25,28,103,4,4,4,0,0,0],"gold":102,"neow_bonus":"REMOVE_CARD","is_daily":false,"chose_seed":false,"campfire_upgraded":4,"win_rate":0.0,"timestamp":1612725405,"path_taken":["R","$","?","?","M","M","T","R","M","E","R","?","R","E","M","BOSS","R","M","M","?","?","R","T","R","?","?","$","?","M","?","M","BOSS","R","M","M","?","M","$","T","M","M","?","M","R","?","M","M","BOSS","E","$","R","BOSS"],"items_purchased_type":["Card","Relic","Relic","Card","Relic","Relic","Relic"],"build_version":"2020-12-22","purchased_purges":2,"victory":false,"max_hp_per_floor":[90,90,90,90,90,90,90,100,100,100,100,100,100,100,100,100,100,100,100,100,100,100,100,100,100,100,100,100,100,100,100,100,100,100,100,100,100,100,100,100,100,100,100,100,100,100,103,103,103,103,103,103,103,103,103,103,103],"card_choices":[{"not_picked":["sneckomod:UnknownCommonSkill","sneckomod:IronFang"],"picked":"sneckomod:Memorize","floor":2},{"not_picked":["sneckomod:UnendingSupply","sneckomod:Rotation","sneckomod:UnknownBlock"],"picked":"SKIP","floor":4},{"not_picked":["sneckomod:QuickMove","sneckomod:SoulDraw"],"picked":"sneckomod:RainOfDice","floor":5},{"not_picked":["sneckomod:UnknownBlock","sneckomod:Nope"],"picked":"sneckomod:MorePower","floor":6},{"not_picked":["sneckomod:UnknownCommonAttack+1","sneckomod:UnknownBlock+1"],"picked":"sneckomod:Unknown2Cost+1","floor":9},{"not_picked":["sneckomod:UnendingSupply","sneckomod:Unknown1Cost","sneckomod:QuickBite"],"picked":"SKIP","floor":9},{"not_picked":["sneckomod:Unknown2Cost+1","sneckomod:Unknown3Cost+1"],"picked":"sneckomod:UnknownUncommonPower+1","floor":10},{"not_picked":["sneckomod:UnlimitedRolls","sneckomod:UnknownBlock","sneckomod:UnknownDraw"],"picked":"SKIP","floor":10},{"not_picked":["sneckomod:UnknownCommonAttack+1","sneckomod:UnknownStrike+1"],"picked":"sneckomod:UnknownRarePower+1","floor":14},{"not_picked":["sneckomod:Unknown3Cost","sneckomod:UnendingSupply","sneckomod:Mudshield"],"picked":"SKIP","floor":14},{"not_picked":["sneckomod:UnknownUncommonAttack+1","sneckomod:UnknownDraw+1"],"picked":"sneckomod:UnknownX+1","floor":15},{"not_picked":["sneckomod:SoulCleanse","sneckomod:UnknownCommonSkill"],"picked":"sneckomod:CheapStock","floor":15},{"not_picked":["sneckomod:Unknown0Cost+1","sneckomod:Unknown1Cost+1"],"picked":"sneckomod:UnknownRarePower+1","floor":16},{"not_picked":["sneckomod:Mudshield","sneckomod:DangerNoodle"],"picked":"sneckomod:MorePower","floor":16},{"not_picked":["sneckomod:UnknownCommonAttack+1","sneckomod:Unknown1Cost+1"],"picked":"sneckomod:UnknownExhaust+1","floor":19},{"not_picked":["sneckomod:UnknownStrike+1","sneckomod:UnknownBlock+1"],"picked":"sneckomod:UnknownStrength+1","floor":19},{"not_picked":["sneckomod:UnknownUncommonAttack","sneckomod:PureSnecko"],"picked":"sneckomod:DiceBlock","floor":19},{"not_picked":["sneckomod:UnknownUncommonAttack+1","sneckomod:UnknownStrength+1"],"picked":"sneckomod:UnknownRareAttack+1","floor":20},{"not_picked":["sneckomod:SoulCleanse","sneckomod:Unknown2Cost"],"picked":"sneckomod:Unknown3Cost","floor":20},{"not_picked":["sneckomod:UnknownClassHEXA_GHOST_PURPLE+1","sneckomod:UnknownDraw+1"],"picked":"sneckomod:UnknownBoss+1","floor":26},{"not_picked":["sneckomod:UnknownClassGREEN+1","sneckomod:UnknownRareAttack+1"],"picked":"sneckomod:UnknownBoss+1","floor":26},{"not_picked":["sneckomod:DiceCrush","sneckomod:IronFang"],"picked":"sneckomod:UnknownColorless","floor":26},{"not_picked":["sneckomod:Unknown0Cost+1","sneckomod:UnknownVulnerable+1"],"picked":"sneckomod:UnknownUncommonPower+1","floor":27},{"not_picked":["sneckomod:UnknownVulnerable+1","sneckomod:UnknownStrike+1"],"picked":"sneckomod:UnknownRareSkill+1","floor":27},{"not_picked":["sneckomod:GlitteringGambit","sneckomod:SnakeSap","sneckomod:UnknownStrike"],"picked":"SKIP","floor":27},{"not_picked":["sneckomod:UnknownExhaust+1","sneckomod:Unknown3Cost+1"],"picked":"sneckomod:UnknownBoss+1","floor":28},{"not_picked":["sneckomod:UnknownDraw","sneckomod:Transmogrify","sneckomod:UnknownStrike"],"picked":"SKIP","floor":28},{"not_picked":[],"picked":"J.A.X.","floor":29},{"not_picked":["sneckomod:UnknownCommonAttack+1","sneckomod:UnknownUncommonSkill+1"],"picked":"sneckomod:UnknownVulnerable+1","floor":29},{"not_picked":["sneckomod:UnknownDexterity+1","sneckomod:Unknown1Cost+1"],"picked":"sneckomod:UnknownUncommonSkill+1","floor":29},{"not_picked":["sneckomod:UnknownClassHEXA_GHOST_PURPLE+1","sneckomod:UnknownX+1"],"picked":"sneckomod:UnknownRareAttack+1","floor":30},{"not_picked":["sneckomod:Rotation","sneckomod:UnknownStrength","sneckomod:DefensiveFlair"],"picked":"SKIP","floor":30},{"not_picked":["sneckomod:UnknownDraw+1","sneckomod:UnknownExhaust+1"],"picked":"sneckomod:Unknown3Cost+1","floor":32},{"not_picked":["sneckomod:UnknownBlock+1","sneckomod:UnknownDexterity+1"],"picked":"sneckomod:UnknownBoss+1","floor":32},{"not_picked":["sneckomod:DiceBlock","sneckomod:DiceBoulder"],"picked":"sneckomod:UnknownRarePower","floor":32},{"not_picked":["hexamod:FirstSeal","hexamod:FourthSeal"],"picked":"hexamod:SixthSeal","floor":33},{"not_picked":["sneckomod:UnknownClassHEXA_GHOST_PURPLE+1","sneckomod:Unknown1Cost+1"],"picked":"sneckomod:Unknown3Cost+1","floor":33},{"not_picked":["sneckomod:Unknown3Cost+1","sneckomod:UnknownDexterity+1"],"picked":"sneckomod:UnknownUncommonPower+1","floor":33},{"not_picked":["sneckomod:Mudshield","sneckomod:GlitteringGambit"],"picked":"sneckomod:UnlimitedRolls","floor":33},{"not_picked":["sneckomod:Unknown1Cost+1","sneckomod:Unknown3Cost+1"],"picked":"sneckomod:UnknownWeak+1","floor":36},{"not_picked":["sneckomod:Unknown1Cost+1","sneckomod:UnknownDexterity+1"],"picked":"sneckomod:UnknownBoss+1","floor":36},{"not_picked":["sneckomod:QuickMove+1","sneckomod:Nope+1","sneckomod:DiceCrush+1"],"picked":"SKIP","floor":36},{"not_picked":["sneckomod:DiceCrush+1","sneckomod:UnendingSupply"],"picked":"sneckomod:Unknown2Cost+1","floor":37},{"not_picked":["sneckomod:UnknownStrike+1","sneckomod:UnknownWeak+1"],"picked":"sneckomod:UnknownClassHEXA_GHOST_PURPLE+1","floor":38},{"not_picked":["sneckomod:UnknownVulnerable+1","sneckomod:UnknownClassPURPLE+1"],"picked":"sneckomod:UnknownCommonSkill+1","floor":38},{"not_picked":["sneckomod:UnknownDexterity+1","sneckomod:UnknownClassPURPLE+1"],"picked":"sneckomod:UnknownStrength+1","floor":39},{"not_picked":["sneckomod:UnknownVulnerable","sneckomod:SoulDraw+1","sneckomod:QuickMove+1"],"picked":"SKIP","floor":39},{"not_picked":["sneckomod:RainOfDice","sneckomod:Cheat"],"picked":"sneckomod:UnknownColorless","floor":40},{"not_picked":["sneckomod:UnknownDraw+1","sneckomod:UnknownRareAttack+1"],"picked":"sneckomod:UnknownRareSkill+1","floor":42},{"not_picked":["sneckomod:UnknownCommonSkill+1","sneckomod:SnekBeam+1","sneckomod:SerpentIdol"],"picked":"SKIP","floor":42},{"not_picked":["sneckomod:UnknownWeak+1","sneckomod:UnknownVulnerable+1"],"picked":"sneckomod:UnknownUncommonPower+1","floor":43},{"not_picked":["sneckomod:UnknownBlock","sneckomod:UnknownDexterity"],"picked":"sneckomod:WideSting","floor":43},{"not_picked":["sneckomod:SoulDraw","sneckomod:Memorize"],"picked":"sneckomod:UnknownClassHEXA_GHOST_PURPLE+1","floor":44},{"not_picked":["sneckomod:Unknown0Cost+1","sneckomod:UnknownCommonAttack+1"],"picked":"sneckomod:Unknown3Cost+1","floor":45},{"not_picked":["sneckomod:IronFang","sneckomod:DiceBoulder","sneckomod:UnknownBlock+1"],"picked":"SKIP","floor":45},{"not_picked":["sneckomod:DiceBlock+1","sneckomod:PureSnecko+1","sneckomod:IronFang"],"picked":"SKIP","floor":48},{"not_picked":["sneckomod:DiceBlock+1","sneckomod:UnknownBlock+1","sneckomod:DiceBoulder+1"],"picked":"SKIP","floor":48},{"not_picked":["sneckomod:Unknown0Cost+1","sneckomod:UnknownUncommonPower+1"],"picked":"sneckomod:UnknownRarePower+1","floor":49},{"not_picked":["sneckomod:UnknownCommonSkill","sneckomod:UnknownClassGREEN"],"picked":"sneckomod:MasterEye+1","floor":49},{"not_picked":["sneckomod:UnknownBlock+1","sneckomod:UnknownCommonAttack+1"],"picked":"sneckomod:UnknownBoss+1","floor":52},{"not_picked":["sneckomod:Unknown2Cost+1","sneckomod:UnknownUncommonSkill+1"],"picked":"sneckomod:UnknownColorless+1","floor":52},{"not_picked":["sneckomod:UnknownVulnerable","sneckomod:UnknownWeak","sneckomod:Nope"],"picked":"SKIP","floor":52}],"player_experience":250214,"relics_obtained":[{"floor":10,"key":"Rawhide"},{"floor":14,"key":"aspiration:FrozenJewel"},{"floor":24,"key":"Ornamental Fan"},{"floor":26,"key":"RetroEgg"},{"floor":29,"key":"MutagenicStrength"},{"floor":38,"key":"hexamod:Sixitude"},{"floor":41,"key":"Pen Nib"},{"floor":52,"key":"DeathKnight:PutricidesVial"}],"event_choices":[],"is_beta":false,"boss_relics":[{"not_picked":["Black Star","aspiration:RitualDagger"],"picked":"Coffee Dripper"},{"not_picked":["Busted Crown","Philosopher\u0027s Stone"],"picked":"Fusion Hammer"}],"items_purged_floors":[2,40],"is_endless":false,"potions_floor_spawned":[6,9,14,15,19,20,29,33,42,43,48,49],"killed_by":"downfall:NeowBoss","ascension_level":0}}