{"host":"g2yp6paluzgljz05","time":1612681360,"event":{"mods":["BaseMod","Bestiary","Colored Powertips","DeckTracker","Highlight Path","Minty Spire (QoL Compilation)","Quick Restart"],"gold_per_floor":[110,60,135,148,148,148,178,192,192,192,212,90,105,105,105,203,203,220,135,135,135],"floor_reached":20,"language":"ENG","playtime":899,"items_purged":["Strike_R"],"score":296,"play_id":"111ba587-e175-4af8-b789-b77b4ad54690","local_time":"20210207180240","is_ascension_mode":true,"campfire_choices":[{"data":"Bash","floor":6,"key":"SMITH"},{"data":"Dark Embrace","floor":10,"key":"SMITH"},{"data":"Havoc","floor":15,"key":"SMITH"}],"circlet_count":0,"master_deck":["AscendersBane","Strike_R","Strike_R","Strike_R","Defend_R","Defend_R","Defend_R","Defend_R","Bash+1","Shrug It Off","Evolve","Dark Embrace+1","Sever Soul","Havoc+1","Fire Breathing","Berserk","Carnage+1"],"relics":["Burning Blood","NeowsBlessing","Dead Branch","Shovel","Eternal Feather","Mark of Pain","Regal Pillow"],"acts_visited":["Exordium","TheCity"],"potions_floor_usage":[18,18],"damage_taken":[{"damage":0,"enemies":"Jaw Worm","floor":1,"turns":1},{"damage":0,"enemies":"2 Louse","floor":4,"turns":1},{"damage":0,"enemies":"Gremlin Nob","floor":7,"turns":1},{"damage":4,"enemies":"Small Slimes","floor":8,"turns":6},{"damage":16,"enemies":"Blue Slaver","floor":11,"turns":5},{"damage":45,"enemies":"Large Slime","floor":13,"turns":6},{"damage":41,"enemies":"Slime Boss","floor":16,"turns":6},{"damage":39,"enemies":"2 Thieves","floor":18,"turns":3},{"damage":51,"enemies":"Shell Parasite","floor":20,"turns":3}],"seed_played":"3239596259298456589","potions_obtained":[{"floor":1,"key":"SteroidPotion"},{"floor":16,"key":"Fire Potion"}],"is_trial":false,"path_per_floor":["M","?","?","M","?","R","E","M","T","R","M","$","M","?","R","B",null,"M","?","M"],"character_chosen":"IRONCLAD","items_purchased":["Havoc"],"campfire_rested":0,"item_purchase_floors":[12],"current_hp_per_floor":[78,78,67,73,78,78,84,85,85,85,75,75,36,36,45,10,66,33,33,0,0],"gold":135,"neow_bonus":"THREE_ENEMY_KILL","is_daily":false,"chose_seed":false,"campfire_upgraded":3,"win_rate":0.0,"timestamp":1612681360,"path_taken":["M","?","?","?","?","R","E","M","T","R","M","$","M","?","R","BOSS","M","?","M"],"items_purchased_type":["Card"],"build_version":"2020-12-22","purchased_purges":1,"victory":false,"max_hp_per_floor":[80,80,80,80,85,85,85,85,85,85,85,85,85,85,85,85,85,85,85,85,85],"card_choices":[{"not_picked":["Sentinel","Thunderclap"],"picked":"Shrug It Off","floor":1},{"not_picked":["Flex","Cleave"],"picked":"Evolve","floor":4},{"not_picked":["Flame Barrier","Rage"],"picked":"Dark Embrace","floor":7},{"not_picked":["Clash","Body Slam","Armaments"],"picked":"SKIP","floor":8},{"not_picked":["Perfected Strike","Heavy Blade"],"picked":"Sever Soul","floor":11},{"not_picked":["Iron Wave","Twin Strike"],"picked":"Fire Breathing","floor":13},{"not_picked":["Feed","Reaper"],"picked":"Berserk","floor":16},{"not_picked":["Armaments+1","Flame Barrier"],"picked":"Carnage+1","floor":18}],"player_experience":333990,"relics_obtained":[{"floor":7,"key":"Dead Branch"},{"floor":9,"key":"Shovel"}],"event_choices":[{"cards_removed":["Strike_R"],"damage_healed":0,"gold_gain":0,"player_choice":"Card Removal","damage_taken":0,"max_hp_gain":0,"max_hp_loss":0,"event_name":"The Cleric","floor":2,"gold_loss":50},{"damage_healed":0,"gold_gain":75,"player_choice":"Gather Gold","damage_taken":11,"max_hp_gain":0,"max_hp_loss":0,"event_name":"World of Goop","floor":3,"gold_loss":0},{"damage_healed":0,"gold_gain":0,"player_choice":"Donut","damage_taken":0,"max_hp_gain":5,"max_hp_loss":0,"event_name":"Big Fish","floor":5,"gold_loss":0},{"damage_healed":0,"gold_gain":0,"player_choice":"Searched \u00271\u0027 times","damage_taken":0,"relics_obtained":["Eternal Feather"],"max_hp_gain":0,"max_hp_loss":0,"event_name":"Dead Adventurer","floor":14,"gold_loss":0},{"damage_healed":0,"gold_gain":0,"player_choice":"Obtained Relic","damage_taken":0,"relics_obtained":["Regal Pillow"],"max_hp_gain":0,"max_hp_loss":0,"event_name":"Addict","floor":19,"gold_loss":85}],"is_beta":false,"boss_relics":[{"not_picked":["Black Star","Runic Dome"],"picked":"Mark of Pain"}],"items_purged_floors":[12],"is_endless":false,"potions_floor_spawned":[1,16],"killed_by":"Shell Parasite","ascension_level":10}}