{"host":"9n6i2vl93jt4o42q","time":1612741343,"event":{"mods":["BaseMod","Minty Spire (QoL Compilation)","Relic Stats"],"gold_per_floor":[113,125,142,142,159,159,177,204,204,220,231,249,267,279,279,352,352,365,365,290,290,308,341,17,34,59,59,59,73,18,37,37,37,37],"floor_reached":33,"language":"ENG","playtime":2197,"items_purged":[],"score":550,"play_id":"dce814fe-6d7c-48bb-82b5-52af98daba91","local_time":"20210208004223","is_ascension_mode":true,"campfire_choices":[{"data":"Eviscerate","floor":6.0,"key":"SMITH"},{"floor":15.0,"key":"REST"},{"data":"After Image","floor":27,"key":"SMITH"},{"data":"Burst","floor":32,"key":"SMITH"}],"circlet_count":0,"master_deck":["AscendersBane","Strike_G+1","Strike_G+1","Strike_G+1","Strike_G+1","Defend_G+1","Defend_G+1","Defend_G+1","Defend_G+1","Defend_G+1","Survivor","Neutralize","Dagger Throw","Dagger Spray","Eviscerate+1","Underhanded Strike","Blade Dance","Endless Agony","Setup","Blade Dance","Calculated Gamble","Tactician","After Image+1","Infinite Blades+1","PiercingWail","Burst+1","Well Laid Plans+1","Backstab+1","Escape Plan","Crippling Poison","Flying Knee+1","Footwork","Cloak And Dagger","Dagger Spray"],"relics":["Ring of the Snake","Boot","FaceOfCleric","Incense Burner","Gremlin Horn","Coffee Dripper","White Beast Statue","Omamori","Orrery","Tiny Chest"],"acts_visited":["Exordium","TheCity"],"potions_floor_usage":[23,25,29,31,33,33],"damage_taken":[{"damage":9.0,"enemies":"Cultist","floor":1.0,"turns":6.0},{"damage":6.0,"enemies":"Jaw Worm","floor":2.0,"turns":6.0},{"damage":0.0,"enemies":"2 Louse","floor":3.0,"turns":3.0},{"damage":8.0,"enemies":"Exordium Wildlife","floor":5.0,"turns":3.0},{"damage":4.0,"enemies":"Blue Slaver","floor":7.0,"turns":3.0},{"damage":22.0,"enemies":"3 Sentries","floor":8.0,"turns":6.0},{"damage":1.0,"enemies":"Gremlin Gang","floor":10.0,"turns":2.0},{"damage":11.0,"enemies":"Exordium Thugs","floor":11.0,"turns":4.0},{"damage":1.0,"enemies":"Exordium Wildlife","floor":12.0,"turns":4.0},{"damage":0.0,"enemies":"Looter","floor":13.0,"turns":1.0},{"damage":2.0,"enemies":"3 Louse","floor":14.0,"turns":4.0},{"damage":32.0,"enemies":"The Guardian","floor":16.0,"turns":14.0},{"damage":1.0,"enemies":"2 Thieves","floor":18.0,"turns":4.0},{"damage":4.0,"enemies":"Shell Parasite","floor":22.0,"turns":4.0},{"damage":35,"enemies":"Slavers","floor":23,"turns":9},{"damage":3,"enemies":"Shelled Parasite and Fungi","floor":25,"turns":4},{"damage":0,"enemies":"Snecko","floor":29,"turns":4},{"damage":0,"enemies":"Centurion and Healer","floor":31,"turns":4},{"damage":36,"enemies":"Collector","floor":33,"turns":6}],"seed_played":"-642269137755945519","potions_obtained":[{"floor":2.0,"key":"Regen Potion"},{"floor":7.0,"key":"Strength Potion"},{"floor":8.0,"key":"BlessingOfTheForge"},{"floor":13.0,"key":"Weak Potion"},{"floor":16.0,"key":"GamblersBrew"},{"floor":18.0,"key":"EssenceOfSteel"},{"floor":22.0,"key":"Dexterity Potion"},{"floor":23,"key":"Poison Potion"},{"floor":25,"key":"SkillPotion"},{"floor":29,"key":"AttackPotion"},{"floor":31,"key":"EssenceOfSteel"}],"is_trial":false,"path_per_floor":["M","M","M","?","M","R","M","E","T","M","M","M","M","M","R","B",null,"M","?","?","?","M","E","$","M","T","R","?","M","$","M","R","B"],"character_chosen":"THE_SILENT","items_purchased":["Orrery","Escape Plan","Crippling Poison","Cloak And Dagger"],"campfire_rested":1,"item_purchase_floors":[24,24,24,30],"current_hp_per_floor":[50,44,44,44,46,46,43,22,22,22,12,12,13,12,34,3,57,57,57,57,57,54,20,20,18,18,18,18,19,19,20,20,0,0],"gold":37,"neow_bonus":"RANDOM_COMMON_RELIC","is_daily":false,"chose_seed":false,"campfire_upgraded":3,"win_rate":0.0,"timestamp":1612741343,"path_taken":["M","M","M","?","M","R","M","E","T","M","M","?","M","M","R","BOSS","M","?","?","?","?","E","$","M","T","R","?","?","?","M","R","BOSS"],"items_purchased_type":["Relic","Card","Card","Card"],"build_version":"2020-12-22","purchased_purges":0,"victory":false,"max_hp_per_floor":[66,66,66,66,67,67,68,69,69,70,71,72,73,74,74,75,75,76,76,76,76,77,78,78,79,79,79,79,80,80,81,81,81,81],"relic_stats":{"FaceOfCleric":15,"Gremlin Horn":[14,14],"counters":[19,91],"Tiny Chest":0,"Boot":[231],"obtain_stats":[{"FaceOfCleric":4,"Gremlin Horn":9,"Orrery":24,"Tiny Chest":26,"Incense Burner":8,"Coffee Dripper":17,"Omamori":23,"Boot":0,"White Beast Statue":19,"Ring of the Snake":0},{"FaceOfCleric":3,"Gremlin Horn":6,"Orrery":15,"Tiny Chest":16,"Incense Burner":6,"Coffee Dripper":12,"Omamori":15,"Boot":0,"White Beast Statue":13,"Ring of the Snake":0},{"FaceOfCleric":15,"Gremlin Horn":27,"Orrery":73,"Tiny Chest":77,"Incense Burner":27,"Coffee Dripper":56,"Omamori":73,"Boot":0,"White Beast Statue":60,"Ring of the Snake":0}],"Ring of the Snake":[39]},"card_choices":[{"not_picked":["Deadly Poison","Escape Plan"],"picked":"Dagger Throw","floor":1.0},{"not_picked":["Bane","Escape Plan"],"picked":"Dagger Spray","floor":2.0},{"not_picked":["Bullet Time","PiercingWail"],"picked":"Eviscerate","floor":3.0},{"not_picked":["Riddle With Holes","Reflex"],"picked":"Underhanded Strike","floor":5.0},{"not_picked":["Poisoned Stab","Well Laid Plans"],"picked":"Blade Dance","floor":7.0},{"not_picked":["Escape Plan","Dodge and Roll"],"picked":"Endless Agony","floor":8.0},{"not_picked":["Outmaneuver","Underhanded Strike"],"picked":"Setup","floor":10.0},{"not_picked":["Expertise","Escape Plan"],"picked":"Blade Dance","floor":11.0},{"not_picked":["Poisoned Stab","Choke"],"picked":"Calculated Gamble","floor":12.0},{"not_picked":["Endless Agony","Eviscerate","Setup"],"picked":"SKIP","floor":13.0},{"not_picked":["Choke","Heel Hook"],"picked":"Tactician","floor":14.0},{"not_picked":["A Thousand Cuts","Glass Knife"],"picked":"After Image","floor":16.0},{"not_picked":["Concentrate","Dodge and Roll"],"picked":"Infinite Blades+1","floor":18.0},{"not_picked":["Slice","Poisoned Stab"],"picked":"PiercingWail","floor":22.0},{"not_picked":["Slice+1","Tactician","Caltrops"],"picked":"SKIP","floor":23},{"not_picked":["Deflect","PiercingWail"],"picked":"Burst","floor":24},{"not_picked":["Tactician","Predator+1"],"picked":"Well Laid Plans+1","floor":24},{"not_picked":["Dodge and Roll","All Out Attack"],"picked":"Backstab+1","floor":24},{"not_picked":["Underhanded Strike","Predator"],"picked":"Flying Knee+1","floor":25},{"not_picked":["Deflect","Dodge and Roll+1"],"picked":"Footwork","floor":29},{"not_picked":["Dodge and Roll","Caltrops"],"picked":"Dagger Spray","floor":31}],"player_experience":2530343,"relics_obtained":[{"floor":8.0,"key":"Incense Burner"},{"floor":9.0,"key":"Gremlin Horn"},{"floor":23,"key":"Omamori"},{"floor":26,"key":"Tiny Chest"}],"event_choices":[{"damage_healed":0.0,"max_hp_gain":0.0,"max_hp_loss":0.0,"gold_gain":0.0,"event_name":"FaceTrader","player_choice":"Trade","floor":4.0,"gold_loss":0.0,"damage_taken":0.0,"relics_obtained":["FaceOfCleric"]},{"damage_healed":0.0,"max_hp_gain":0.0,"max_hp_loss":0.0,"gold_gain":0.0,"event_name":"The Mausoleum","player_choice":"Opened","floor":19.0,"gold_loss":0.0,"damage_taken":0.0,"relics_obtained":["White Beast Statue"],"cards_obtained":["Writhe"]},{"cards_removed":["Writhe"],"damage_healed":0.0,"max_hp_gain":0.0,"max_hp_loss":0.0,"gold_gain":0.0,"event_name":"Beggar","player_choice":"Gave Gold","floor":20.0,"gold_loss":75.0,"damage_taken":0.0},{"damage_healed":0.0,"max_hp_gain":0.0,"max_hp_loss":0.0,"gold_gain":0.0,"event_name":"Back to Basics","player_choice":"Simplicity","floor":21.0,"gold_loss":0.0,"damage_taken":0.0,"cards_upgraded":["Strike_G","Strike_G","Strike_G","Strike_G","Strike_G","Defend_G","Defend_G","Defend_G","Defend_G","Defend_G"]},{"cards_removed":["Strike_G"],"damage_healed":0,"gold_gain":0,"player_choice":"Purged","damage_taken":0,"max_hp_gain":0,"max_hp_loss":0,"event_name":"Purifier","floor":28,"gold_loss":0}],"is_beta":false,"boss_relics":[{"not_picked":["Runic Pyramid","Pandora\u0027s Box"],"picked":"Coffee Dripper"}],"items_purged_floors":[],"is_endless":false,"potions_floor_spawned":[2,7,8,10,13,14,16,18,22,23,25,29,31],"killed_by":"Collector","ascension_level":20}}