{"host":"tzwikg9s6mkzv6w0","time":1612704021,"event":{"mods":["BaseMod","Good Game Mod","Minty Spire (QoL Compilation)","Spicy Shops","StSLib"],"gold_per_floor":[111,111,111,122,134,162,173,187,265,265,265,277,295,322,322,422,422,442,442,461,476,495,495,526,544,544,573,589,262,290,290,290,392,392,409,409,181,192,203,228,228,4,4,4,54,54,81,99,99,99,99,99,21,49,49],"floor_reached":56,"language":"ZHS","playtime":2287,"items_purged":["Defend_R","Defend_R"],"score":1514,"play_id":"12561135-4c3f-4f05-9380-d27c6418e9a3","local_time":"20210207212021","is_ascension_mode":true,"campfire_choices":[{"data":"Apotheosis","floor":10.0,"key":"SMITH"},{"floor":15.0,"key":"RECALL"},{"data":"Offering","floor":23.0,"key":"SMITH"},{"floor":32.0,"key":"REST"},{"data":"Burning Pact","floor":44.0,"key":"SMITH"},{"data":"Feel No Pain","floor":46.0,"key":"SMITH"},{"data":"Pommel Strike","floor":49.0,"key":"SMITH"},{"data":"True Grit","floor":52.0,"key":"SMITH"}],"circlet_count":0,"master_deck":["Strike_R","Strike_R","Strike_R","Strike_R","Strike_R","Defend_R+1","Defend_R+1","Bash","Apotheosis+1","Perfected Strike","Pommel Strike+1","Offering+1","Feel No Pain+1","Body Slam","Impervious","Battle Trance+1","Pommel Strike+1","Entrench","True Grit+1","Reaper","Barricade","Dark Embrace","Fiend Fire","Burning Pact+1","Twin Strike+1","True Grit+1","Shrug It Off+1"],"relics":["Burning Blood","REME:ComplimentaryCards","NeowsBlessing","StrikeDummy","Charon\u0027s Ashes","Gambling Chip","War Paint","Snecko Eye","MealTicket","Kunai","Incense Burner","Orrery","White Beast Statue","SlaversCollar","Omamori","Pen Nib","Toxic Egg 2","ClockworkSouvenir","Bird Faced Urn","Eternal Feather","Torii","Ornamental Fan","Lantern","Anchor"],"acts_visited":["Exordium","TheCity","TheBeyond","TheEnding"],"potions_floor_usage":[54,55,55],"damage_taken":[{"damage":1.0,"enemies":"2 Louse","floor":1.0,"turns":2.0},{"damage":0.0,"enemies":"Small Slimes","floor":4.0,"turns":1.0},{"damage":0.0,"enemies":"Cultist","floor":5.0,"turns":1.0},{"damage":12.0,"enemies":"Lagavulin","floor":6.0,"turns":6.0},{"damage":6.0,"enemies":"Exordium Thugs","floor":7.0,"turns":3.0},{"damage":10.0,"enemies":"Large Slime","floor":8.0,"turns":2.0},{"damage":10.0,"enemies":"Exordium Wildlife","floor":12.0,"turns":2.0},{"damage":13.0,"enemies":"3 Louse","floor":13.0,"turns":2.0},{"damage":7.0,"enemies":"3 Sentries","floor":14.0,"turns":4.0},{"damage":30.0,"enemies":"Hexaghost","floor":16.0,"turns":8.0},{"damage":7.0,"enemies":"Shell Parasite","floor":18.0,"turns":3.0},{"damage":9.0,"enemies":"Spheric Guardian","floor":20.0,"turns":3.0},{"damage":16.0,"enemies":"Snecko","floor":21.0,"turns":3.0},{"damage":21.0,"enemies":"Shelled Parasite and Fungi","floor":22.0,"turns":4.0},{"damage":6.0,"enemies":"Gremlin Leader","floor":24.0,"turns":2.0},{"damage":12.0,"enemies":"Chosen and Byrds","floor":25.0,"turns":4.0},{"damage":15.0,"enemies":"Book of Stabbing","floor":27.0,"turns":5.0},{"damage":6.0,"enemies":"Centurion and Healer","floor":28.0,"turns":2.0},{"damage":6.0,"enemies":"Gremlin Leader","floor":30.0,"turns":4.0},{"damage":6.0,"enemies":"Automaton","floor":33.0,"turns":4.0},{"damage":6.0,"enemies":"Orb Walker","floor":35.0,"turns":1.0},{"damage":2.0,"enemies":"3 Shapes","floor":38.0,"turns":4.0},{"damage":6.0,"enemies":"Maw","floor":39.0,"turns":6.0},{"damage":6.0,"enemies":"Reptomancer","floor":40.0,"turns":3.0},{"damage":6.0,"enemies":"Mind Bloom Boss Battle","floor":45.0,"turns":1.0},{"damage":7.0,"enemies":"Giant Head","floor":47.0,"turns":6.0},{"damage":8.0,"enemies":"Transient","floor":48.0,"turns":5.0},{"damage":20.0,"enemies":"Donu and Deca","floor":50.0,"turns":7.0},{"damage":8,"enemies":"Shield and Spear","floor":54,"turns":6},{"damage":38,"enemies":"The Heart","floor":55,"turns":18}],"seed_played":"7083449897232667438","potions_obtained":[{"floor":6.0,"key":"ColorlessPotion"},{"floor":8.0,"key":"Explosive Potion"},{"floor":14.0,"key":"Weak Potion"},{"floor":16.0,"key":"EssenceOfSteel"},{"floor":21.0,"key":"DuplicationPotion"},{"floor":24.0,"key":"SkillPotion"},{"floor":30.0,"key":"Energy Potion"},{"floor":33.0,"key":"Swift Potion"},{"floor":47.0,"key":"Energy Potion"},{"floor":54,"key":"ElixirPotion"}],"is_trial":false,"path_per_floor":["M","?","?","M","M","E","M","M","T","R","T","M","M","E","R","B",null,"M","?","M","M","M","R","E","M","T","E","M","$","E","?","R","B",null,"M","?","$","M","M","E","?","$","T","R","?","R","E","M","R","B",null,"R","$","E","B",null],"character_chosen":"IRONCLAD","items_purchased":["Orrery","Omamori","Pen Nib","ClockworkSouvenir","Bird Faced Urn","Lantern"],"campfire_rested":1,"item_purchase_floors":[29,37,37,42,42,53],"current_hp_per_floor":[80,80,80,80,80,74,74,70,70,70,70,66,59,58,58,34,80,79,79,76,66,51,51,51,45,45,36,36,51,56,56,80,80,80,80,80,80,80,80,80,76,76,76,76,76,76,76,76,76,68,76,76,76,76,49],"gold":49,"neow_bonus":"THREE_ENEMY_KILL","is_daily":false,"chose_seed":false,"campfire_upgraded":6,"win_rate":0.0,"timestamp":1612704021,"path_taken":["M","?","?","?","M","E","M","M","T","R","?","M","M","E","R","BOSS","M","?","M","M","M","R","E","M","T","E","M","$","E","?","R","BOSS","M","?","$","M","M","E","?","$","T","R","?","R","E","M","R","BOSS","R","$","E","BOSS"],"items_purchased_type":["Relic","Relic","Relic","Relic","Relic","Relic"],"build_version":"2020-12-22","purchased_purges":2,"victory":true,"max_hp_per_floor":[80,80,80,80,80,80,80,80,80,80,80,80,80,80,80,80,80,80,80,80,80,80,80,80,80,80,80,80,80,80,80,80,80,80,80,80,80,80,80,80,76,76,76,76,76,76,76,76,76,76,76,76,76,76,76],"card_choices":[{"not_picked":["Twin Strike","True Grit"],"picked":"Sword Boomerang","floor":1.0},{"not_picked":["Rupture","Clash"],"picked":"Perfected Strike","floor":4.0},{"not_picked":["Clothesline","Twin Strike"],"picked":"Pommel Strike","floor":5.0},{"not_picked":["Flex","Heavy Blade"],"picked":"Offering","floor":6.0},{"not_picked":["Whirlwind","Entrench"],"picked":"Feel No Pain","floor":7.0},{"not_picked":["Headbutt","Clothesline","Thunderclap"],"picked":"SKIP","floor":8.0},{"not_picked":["Headbutt","Pummel"],"picked":"Evolve","floor":12.0},{"not_picked":["Dual Wield","Cleave","Inflame"],"picked":"SKIP","floor":13.0},{"not_picked":["Dual Wield","Cleave","Inflame"],"picked":"SKIP","floor":13.0},{"not_picked":["Ghostly Armor","Whirlwind"],"picked":"Body Slam","floor":14.0},{"not_picked":["Limit Break","Immolate"],"picked":"Impervious","floor":16.0},{"not_picked":["Uppercut","Body Slam"],"picked":"Battle Trance+1","floor":18.0},{"not_picked":["Sever Soul+1","Anger","Body Slam+1"],"picked":"SKIP","floor":20.0},{"not_picked":["Carnage","Armaments"],"picked":"Pommel Strike+1","floor":21.0},{"not_picked":["Flex+1","Cleave"],"picked":"Entrench","floor":22.0},{"not_picked":["Blood for Blood","Hemokinesis+1"],"picked":"True Grit","floor":24.0},{"not_picked":["True Grit","Flex","Rampage"],"picked":"SKIP","floor":25.0},{"not_picked":["Clash","Anger","Disarm"],"picked":"SKIP","floor":27.0},{"not_picked":["Armaments+1","Infernal Blade"],"picked":"Reaper","floor":28.0},{"not_picked":["Fire Breathing","Perfected Strike"],"picked":"Barricade","floor":29.0},{"not_picked":["Berserk","Battle Trance","Inflame"],"picked":"SKIP","floor":30.0},{"not_picked":["Berserk","Battle Trance","Inflame"],"picked":"SKIP","floor":30.0},{"not_picked":["Bludgeon","Feed"],"picked":"Fiend Fire","floor":33.0},{"not_picked":["Seeing Red+1","Cleave+1","Sword Boomerang+1"],"picked":"SKIP","floor":35.0},{"not_picked":["Pommel Strike","Sword Boomerang+1"],"picked":"Burning Pact","floor":38.0},{"not_picked":["True Grit+1","Spot Weakness","Fiend Fire"],"picked":"SKIP","floor":39.0},{"not_picked":["Ghostly Armor+1","Metallicize"],"picked":"Twin Strike+1","floor":40.0},{"not_picked":["Battle Trance+1","Headbutt+1"],"picked":"True Grit+1","floor":47.0},{"not_picked":["Clash+1","Dropkick","Burning Pact+1"],"picked":"SKIP","floor":48.0},{"not_picked":["Flex+1","Double Tap+1"],"picked":"Shrug It Off+1","floor":54}],"player_experience":87936,"relics_obtained":[{"floor":6.0,"key":"Charon\u0027s Ashes"},{"floor":11.0,"key":"Gambling Chip"},{"floor":14.0,"key":"War Paint"},{"floor":24.0,"key":"MealTicket"},{"floor":26.0,"key":"Kunai"},{"floor":27.0,"key":"Incense Burner"},{"floor":30.0,"key":"White Beast Statue"},{"floor":40.0,"key":"Toxic Egg 2"},{"floor":43.0,"key":"Eternal Feather"},{"floor":45.0,"key":"Torii"},{"floor":47.0,"key":"Ornamental Fan"},{"floor":54,"key":"Anchor"}],"event_choices":[{"damage_healed":0.0,"max_hp_gain":0.0,"max_hp_loss":0.0,"gold_gain":0.0,"event_name":"Liars Game","player_choice":"Ignored","floor":2.0,"gold_loss":0.0,"damage_taken":0.0},{"cards_removed":["Sword Boomerang"],"damage_healed":0.0,"max_hp_gain":0.0,"max_hp_loss":0.0,"gold_gain":0.0,"event_name":"WeMeetAgain","player_choice":"Gave Card","floor":3.0,"gold_loss":0.0,"damage_taken":0.0,"relics_obtained":["StrikeDummy"]},{"damage_healed":0.0,"max_hp_gain":0.0,"max_hp_loss":0.0,"gold_gain":0.0,"event_name":"The Mausoleum","player_choice":"Ignored","floor":19.0,"gold_loss":0.0,"damage_taken":0.0},{"damage_healed":0.0,"max_hp_gain":0.0,"max_hp_loss":0.0,"gold_gain":0.0,"event_name":"The Library","player_choice":"Read","floor":31.0,"gold_loss":0.0,"damage_taken":0.0,"cards_obtained":["Dark Embrace"]},{"cards_removed":["Evolve"],"damage_healed":0.0,"max_hp_gain":0.0,"max_hp_loss":0.0,"gold_gain":0.0,"event_name":"Falling","player_choice":"Removed Power","floor":36.0,"gold_loss":0.0,"damage_taken":0.0},{"damage_healed":0.0,"max_hp_gain":0.0,"max_hp_loss":4.0,"gold_gain":0.0,"event_name":"Winding Halls","player_choice":"Max HP","floor":41.0,"gold_loss":0.0,"damage_taken":0.0},{"damage_healed":0.0,"max_hp_gain":0.0,"max_hp_loss":0.0,"gold_gain":0.0,"event_name":"MindBloom","player_choice":"Fight","floor":45.0,"gold_loss":0.0,"damage_taken":0.0}],"is_beta":false,"boss_relics":[{"not_picked":["Runic Cube","Tiny House"],"picked":"Snecko Eye"},{"not_picked":["Black Blood","Runic Pyramid"],"picked":"SlaversCollar"}],"items_purged_floors":[29,29],"is_endless":false,"potions_floor_spawned":[6,8,14,16,21,24,30,33,35,38,39,40,45,47,48,54],"ascension_level":2}}