{"host":"yx8wv8d7ru77s2k1","time":1612719258,"event":{"mods":["BaseMod","Colored Map","Downfall","Hermit","Infinite Spire","Jorbs\u0027s Wanderer Trilogy","Marisa????????","Minty Spire (QoL Compilation)","Relic Sorter","Reliquary","Spikes Relics","StSLib","The Bug Knight","The Disciple","The Hierophant","The Necromancer","The Servant 0.9.4"],"gold_per_floor":[117,117,136,136,136,136,147,147,147,173,190,202,202,230,230,333,333,344,361,375,65,65,65,77,77,101,119,119,139,139,159,159,258,258,271,271,271,282,282,282,308,28,51,65,65,77,91,0,0,0],"floor_reached":51,"language":"ENG","playtime":1670,"items_purged":["Strike_G","Strike_G","Strike_G"],"score":716,"play_id":"32a6afb7-dd20-4a71-8c0f-3a9fd404e386","local_time":"20210207183418","is_ascension_mode":false,"campfire_choices":[{"floor":6,"key":"REST"},{"floor":13,"key":"REST"},{"data":"Adrenaline","floor":15,"key":"SMITH"},{"data":"Envenom","floor":23,"key":"SMITH"},{"data":"After Image","floor":28,"key":"SMITH"},{"data":"Footwork","floor":30,"key":"SMITH"},{"data":"Bouncing Flask","floor":32,"key":"SMITH"},{"data":"After Image","floor":40,"key":"SMITH"},{"data":"Envenom","floor":45,"key":"SMITH"},{"data":"Accuracy","floor":49,"key":"SMITH"}],"circlet_count":0,"master_deck":["Defend_G","Defend_G","Defend_G","Defend_G","Defend_G","Survivor","Bane+1","Noxious Fumes+1","Backstab","Footwork","PiercingWail","Adrenaline+1","Envenom+1","Cloak And Dagger","Blade Dance+1","Deadly Poison","After Image+1","Bouncing Flask+1","Cloak And Dagger","Footwork+1","After Image+1","Infinite Blades+1","Parasite","Envenom+1","Accuracy+1","Catalyst+1","Poisoned Stab+1"],"relics":["Ring of the Snake","LugNut","reliquary:SilkGlove","reliquary:Stiletto","WristBlade","RetroEgg","Orichalcum","SacredBark","Tingsha","PreservedInsect","Regal Pillow","Red Mask"],"acts_visited":["Exordium","TheCity","TheBeyond"],"potions_floor_usage":[3,10,14,18,20,33,35,37,38,41,41,41,50,50],"damage_taken":[{"damage":6,"enemies":"Cultist","floor":1,"turns":5},{"damage":2,"enemies":"Small Slimes","floor":3,"turns":2},{"damage":0,"enemies":"2 Louse","floor":7,"turns":3},{"damage":18,"enemies":"3 Sentries","floor":10,"turns":7},{"damage":8,"enemies":"Gremlin Gang","floor":11,"turns":4},{"damage":0,"enemies":"3 Louse","floor":12,"turns":3},{"damage":13,"enemies":"Gremlin Nob","floor":14,"turns":5},{"damage":10,"enemies":"The Guardian","floor":16,"turns":9},{"damage":9,"enemies":"3 Byrds","floor":18,"turns":4},{"damage":6,"enemies":"Chosen","floor":19,"turns":4},{"damage":0,"enemies":"Snake Plant","floor":20,"turns":2},{"damage":0,"enemies":"Centurion and Healer","floor":24,"turns":4},{"damage":11,"enemies":"Shelled Parasite and Fungi","floor":27,"turns":3},{"damage":0,"enemies":"Snecko","floor":29,"turns":3},{"damage":4,"enemies":"Snake Plant","floor":31,"turns":3},{"damage":2,"enemies":"Champ","floor":33,"turns":8},{"damage":0,"enemies":"3 Shapes","floor":35,"turns":1},{"damage":0,"enemies":"3 Darklings","floor":37,"turns":1},{"damage":0,"enemies":"Writhing Mass","floor":38,"turns":5},{"damage":0,"enemies":"Reptomancer","floor":41,"turns":6},{"damage":0,"enemies":"Sphere and 2 Shapes","floor":44,"turns":4},{"damage":0,"enemies":"Jaw Worm Horde","floor":46,"turns":5},{"damage":0,"enemies":"3 Darklings","floor":47,"turns":5},{"damage":115,"enemies":"Awakened One","floor":50,"turns":11}],"seed_played":"-6257675381851918014","potions_obtained":[{"floor":1,"key":"Strength Potion"},{"floor":3,"key":"SkillPotion"},{"floor":11,"key":"FearPotion"},{"floor":12,"key":"sneckomod:MuddlingPotion"},{"floor":16,"key":"champ:CounterPotion"},{"floor":19,"key":"Poison Potion"},{"floor":29,"key":"SteroidPotion"},{"floor":33,"key":"EntropicBrew"},{"floor":39,"key":"Regen Potion"},{"floor":39,"key":"BlessingOfTheForge"},{"floor":39,"key":"EntropicBrew"},{"floor":41,"key":"SteroidPotion"}],"is_trial":true,"path_per_floor":["M","?","M","?","?","R","M","?","T","E","M","M","R","E","R","B",null,"M","M","M","$","?","R","M","AVR","T","M","R","M","R","M","R","B",null,"M","?","M","M","?","R","E","$","T","M","R","M","M","?","R","B",null],"character_chosen":"THE_SILENT","items_purchased":["After Image","Bouncing Flask","Accuracy","PreservedInsect"],"campfire_rested":2,"item_purchase_floors":[21,21,42,42],"current_hp_per_floor":[64,57,55,41,41,62,62,62,62,44,36,36,57,44,44,34,70,61,55,55,55,70,70,70,70,70,59,59,59,59,55,55,53,70,70,70,70,70,70,70,70,70,70,70,70,70,70,70,70,10],"gold":0,"neow_bonus":"","is_daily":false,"chose_seed":false,"campfire_upgraded":8,"win_rate":0.0,"timestamp":1612719258,"path_taken":["M","?","M","?","?","R","?","?","T","E","M","M","R","E","R","BOSS","M","?","M","$","?","R","M","AVR","T","M","R","M","R","?","R","BOSS","M","?","M","M","?","R","E","$","T","?","R","M","M","?","R","BOSS"],"items_purchased_type":["Card","Card","Card","Relic"],"build_version":"2020-12-22","purchased_purges":3,"victory":true,"max_hp_per_floor":[70,70,70,70,70,70,70,70,70,70,70,70,70,70,70,70,70,70,70,70,70,70,70,70,70,70,70,70,70,70,70,70,70,70,70,70,70,70,70,70,70,70,70,70,70,70,70,70,70,70],"card_choices":[{"not_picked":["Blur","All Out Attack"],"picked":"Bane","floor":1},{"not_picked":["Backflip","Poisoned Stab"],"picked":"Noxious Fumes","floor":3},{"not_picked":["Underhanded Strike","Slice","Dagger Throw"],"picked":"SKIP","floor":7},{"not_picked":["Endless Agony","Dagger Spray"],"picked":"Backstab","floor":10},{"not_picked":["Underhanded Strike","Quick Slash"],"picked":"Footwork","floor":11},{"not_picked":["Dagger Throw","Deflect"],"picked":"PiercingWail","floor":12},{"not_picked":["Reflex","Heel Hook"],"picked":"Adrenaline","floor":14},{"not_picked":["Night Terror","infinitespire:Neurotoxin"],"picked":"Envenom","floor":16},{"not_picked":["Terror","Backstab"],"picked":"Cloak And Dagger","floor":18},{"not_picked":["Backflip","Slice"],"picked":"Blade Dance+1","floor":19},{"not_picked":["Dagger Throw","Quick Slash"],"picked":"Deadly Poison","floor":20},{"not_picked":["Poisoned Stab","Dagger Spray"],"picked":"Cloak And Dagger","floor":24},{"not_picked":["Terror","Backflip"],"picked":"Footwork","floor":27},{"not_picked":["Dagger Throw+1","Dash","Slice"],"picked":"SKIP","floor":29},{"not_picked":["Dodge and Roll+1","Distraction+1","Wraith Form v2"],"picked":"SKIP","floor":31},{"not_picked":["A Thousand Cuts","Night Terror"],"picked":"After Image","floor":33},{"not_picked":["Bane","Leg Sweep"],"picked":"Infinite Blades+1","floor":35},{"not_picked":["Dagger Spray+1","Backflip","Deadly Poison+1"],"picked":"SKIP","floor":38},{"not_picked":["Setup","Prepared"],"picked":"Envenom","floor":41},{"not_picked":["Poisoned Stab","Concentrate+1"],"picked":"Catalyst+1","floor":44},{"not_picked":["Riddle With Holes+1","Quick Slash+1","Tactician"],"picked":"SKIP","floor":46},{"not_picked":["Concentrate+1","Bane"],"picked":"Poisoned Stab+1","floor":47}],"player_experience":185254,"relics_obtained":[{"floor":9,"key":"LugNut"},{"floor":10,"key":"reliquary:SilkGlove"},{"floor":14,"key":"reliquary:Stiletto"},{"floor":26,"key":"Orichalcum"},{"floor":41,"key":"Tingsha"},{"floor":43,"key":"Regal Pillow"}],"event_choices":[{"cards_removed":["Strike_G"],"damage_healed":0,"gold_gain":0,"player_choice":"Card Removal","damage_taken":7,"max_hp_gain":0,"max_hp_loss":0,"event_name":"Golden Wing","floor":2,"gold_loss":0},{"damage_healed":0,"gold_gain":0,"player_choice":"Entered Light","damage_taken":14,"max_hp_gain":0,"max_hp_loss":0,"event_name":"Shining Light","floor":4,"gold_loss":0,"cards_upgraded":["Bane","Noxious Fumes"]},{"cards_removed":["Strike_G"],"damage_healed":0,"gold_gain":0,"player_choice":"Offered Basic","damage_taken":0,"max_hp_gain":0,"max_hp_loss":0,"event_name":"Bonfire Elementals","floor":5,"gold_loss":0},{"damage_healed":0,"gold_gain":0,"player_choice":"Bought 0 Potions","damage_taken":0,"max_hp_gain":0,"max_hp_loss":0,"event_name":"The Woman in Blue","floor":8,"gold_loss":0},{"damage_healed":15,"gold_gain":0,"player_choice":"Full Heal","damage_taken":0,"max_hp_gain":0,"max_hp_loss":0,"event_name":"Wheel of Change","floor":22,"gold_loss":0},{"cards_removed":["Neutralize"],"damage_healed":0,"gold_gain":0,"player_choice":"Removed Attack","damage_taken":0,"max_hp_gain":0,"max_hp_loss":0,"event_name":"Falling","floor":36,"gold_loss":0},{"damage_healed":0,"gold_gain":0,"player_choice":"Got Potions","damage_taken":0,"max_hp_gain":0,"max_hp_loss":0,"event_name":"Lab","floor":39,"gold_loss":0},{"damage_healed":0,"gold_gain":0,"player_choice":"Paid","damage_taken":0,"relics_obtained":["Red Mask"],"max_hp_gain":0,"max_hp_loss":0,"event_name":"Tomb of Lord Red Mask","floor":48,"gold_loss":91}],"is_beta":false,"boss_relics":[{"not_picked":["Astrolabe","Velvet Choker"],"picked":"WristBlade"},{"not_picked":["bronze:MakeshiftBattery","SlaversCollar"],"picked":"SacredBark"}],"items_purged_floors":[21,25,42],"is_endless":false,"potions_floor_spawned":[1,3,11,12,16,19,29,33,41,46,47],"ascension_level":0}}