{"host":"ynimr9ugvc6f046i","time":1612704884,"event":{"mods":["2.2 Compatiblity","BaseMod","Colored Map","DeckTracker","Highlight Path","Keyboard Shortcuts","Minty Spire (QoL Compilation)","Permanent Neow","Quick Restart","StSLib","SuperFastMode"],"gold_per_floor":[114,39,56,56,56,56,90,90,113,113,132,157,173,203,203,280,280,294,308,130,405,280,313,313,325,325,339,339,350,350,350,363,363,442,442,456,139,159,184,184,184,202,233,233,233,282,296,326,341,341,341,341,341,341,5,36,36,36],"floor_reached":57,"language":"KOR","playtime":1803,"items_purged":["Strike_G","Strike_G","Regret","Strike_G+1","Defend_G"],"score":2225,"play_id":"9e9c2994-0b2b-4295-8ff1-e186bbc0a47a","local_time":"20210207223444","is_ascension_mode":true,"campfire_choices":[{"data":"Blade Dance","floor":6.0,"key":"SMITH"},{"floor":8.0,"key":"REST"},{"data":"Neutralize","floor":10.0,"key":"SMITH"},{"data":"Bouncing Flask","floor":15.0,"key":"SMITH"},{"floor":24.0,"key":"REST"},{"floor":30.0,"key":"REST"},{"floor":31.0,"key":"REST"},{"data":"Blade Dance","floor":33.0,"key":"SMITH"},{"data":"Wraith Form v2","floor":41.0,"key":"SMITH"},{"data":"Well Laid Plans","floor":45.0,"key":"SMITH"},{"data":"Accuracy","floor":50.0,"key":"SMITH"},{"data":"Adrenaline","floor":54.0,"key":"SMITH"}],"circlet_count":0,"master_deck":["AscendersBane","Defend_G+1","Defend_G+1","Defend_G","Defend_G+1","Survivor","Neutralize+1","Blade Dance+1","Noxious Fumes","Wraith Form v2+1","Blade Dance+1","Accuracy+1","Well Laid Plans+1","Adrenaline+1","Prepared+1","Dodge and Roll+1","Finisher+1","Cloak And Dagger+1"],"relics":["Ring of the Snake","Du-Vu Doll","FossilizedHelix","War Paint","The Specimen","Kunai","SlaversCollar","Shuriken","InkBottle","Empty Cage","Medical Kit","StoneCalendar","Snake Skull","Mango","Gremlin Horn","Cauldron","Pantograph"],"acts_visited":["Exordium","TheCity","TheBeyond","TheEnding"],"potions_floor_usage":[57,57,57],"damage_taken":[{"damage":0.0,"enemies":"Cultist","floor":1.0,"turns":4.0},{"damage":0.0,"enemies":"Jaw Worm","floor":3.0,"turns":4.0},{"damage":6.0,"enemies":"Gremlin Nob","floor":7.0,"turns":3.0},{"damage":0.0,"enemies":"2 Louse","floor":11.0,"turns":2.0},{"damage":0.0,"enemies":"Lagavulin","floor":12.0,"turns":7.0},{"damage":0.0,"enemies":"Red Slaver","floor":13.0,"turns":4.0},{"damage":24.0,"enemies":"Gremlin Nob","floor":14.0,"turns":4.0},{"damage":0.0,"enemies":"Hexaghost","floor":16.0,"turns":8.0},{"damage":4.0,"enemies":"3 Byrds","floor":18.0,"turns":4.0},{"damage":0.0,"enemies":"Chosen","floor":19.0,"turns":5.0},{"damage":33.0,"enemies":"Slavers","floor":23.0,"turns":4.0},{"damage":13.0,"enemies":"Shelled Parasite and Fungi","floor":25.0,"turns":5.0},{"damage":18.0,"enemies":"Snake Plant","floor":27.0,"turns":6.0},{"damage":0.0,"enemies":"Chosen and Byrds","floor":29.0,"turns":4.0},{"damage":0.0,"enemies":"Shelled Parasite and Fungi","floor":32.0,"turns":5.0},{"damage":9.0,"enemies":"Automaton","floor":34.0,"turns":7.0},{"damage":0.0,"enemies":"3 Shapes","floor":36.0,"turns":5.0},{"damage":0.0,"enemies":"Orb Walker","floor":38.0,"turns":3.0},{"damage":0.0,"enemies":"Mind Bloom Boss Battle","floor":39.0,"turns":3.0},{"damage":2.0,"enemies":"3 Darklings","floor":42.0,"turns":4.0},{"damage":0.0,"enemies":"Nemesis","floor":43.0,"turns":7.0},{"damage":11.0,"enemies":"2 Orb Walkers","floor":46.0,"turns":5.0},{"damage":0.0,"enemies":"Transient","floor":47.0,"turns":6.0},{"damage":0.0,"enemies":"Giant Head","floor":48.0,"turns":5.0},{"damage":0.0,"enemies":"Maw","floor":49.0,"turns":4.0},{"damage":15.0,"enemies":"Donu and Deca","floor":51.0,"turns":6.0},{"damage":32.0,"enemies":"Time Eater","floor":52.0,"turns":7.0},{"damage":16.0,"enemies":"Shield and Spear","floor":56.0,"turns":4.0},{"damage":101,"enemies":"The Heart","floor":57,"turns":6}],"seed_played":"-8611519288541666212","potions_obtained":[{"floor":3.0,"key":"LiquidBronze"},{"floor":14.0,"key":"EntropicBrew"},{"floor":16.0,"key":"Dexterity Potion"},{"floor":23.0,"key":"PowerPotion"},{"floor":32.0,"key":"Strength Potion"},{"floor":34.0,"key":"SmokeBomb"},{"floor":36.0,"key":"Fire Potion"},{"floor":39.0,"key":"Block Potion"},{"floor":49.0,"key":"Dexterity Potion"},{"floor":55.0,"key":"Fruit Juice"},{"floor":55.0,"key":"PowerPotion"},{"floor":55.0,"key":"CultistPotion"}],"is_trial":false,"path_per_floor":["M","$","M","?","?","R","E","R","T","R","M","E","M","E","R","B",null,"M","M","$","?","$","E","R","M","T","M","?","M","R","R","M","R","B",null,"M","$","M","?","?","R","M","E","T","R","?","M","E","M","R","B","B",null,"R","$","E","B"],"character_chosen":"THE_SILENT","items_purchased":["Accuracy","Medical Kit","Cauldron"],"campfire_rested":4,"item_purchase_floors":[20,37,55],"current_hp_per_floor":[44,44,44,24,24,24,18,37,37,37,37,37,37,13,13,13,53,49,49,49,49,49,16,35,22,22,4,4,4,23,42,42,42,33,58,58,58,58,58,58,58,56,56,56,56,59,59,59,59,59,44,12,63,63,68,52,0,0],"gold":36,"neow_bonus":"ONE_RARE_RELIC","is_daily":false,"chose_seed":false,"campfire_upgraded":8,"win_rate":0.0,"timestamp":1612704884,"path_taken":["M","?","M","?","?","R","E","R","T","R","M","E","?","E","R","BOSS","M","M","$","?","$","E","R","?","T","M","?","M","R","R","M","R","BOSS","M","$","M","?","?","R","M","E","T","R","?","?","E","M","R","BOSS","BOSS","R","$","E","BOSS"],"items_purchased_type":["Card","Relic","Relic"],"build_version":"2020-12-22","purchased_purges":5,"victory":false,"max_hp_per_floor":[66,66,66,66,66,66,66,66,66,66,66,66,66,66,66,66,66,66,66,66,66,66,66,66,66,66,66,66,66,66,66,66,66,66,66,66,66,66,66,66,66,66,66,66,66,80,80,80,80,80,80,80,80,80,85,85,85,85],"card_choices":[{"not_picked":["Flying Knee","Outmaneuver"],"picked":"Dagger Spray","floor":1.0},{"not_picked":["Deadly Poison","Choke"],"picked":"Blade Dance","floor":3.0},{"not_picked":["Deflect","Die Die Die","Caltrops"],"picked":"SKIP","floor":7.0},{"not_picked":["Tactician","Bane","Skewer"],"picked":"SKIP","floor":11.0},{"not_picked":["Underhanded Strike","Terror"],"picked":"Noxious Fumes","floor":12.0},{"not_picked":["Poisoned Stab","Slice"],"picked":"Bouncing Flask","floor":13.0},{"not_picked":["Acrobatics","Underhanded Strike","Quick Slash"],"picked":"SKIP","floor":14.0},{"not_picked":["Glass Knife","Malaise"],"picked":"Wraith Form v2","floor":16.0},{"not_picked":["Well Laid Plans","Sucker Punch"],"picked":"Crippling Poison","floor":18.0},{"not_picked":["Deflect","Bane"],"picked":"Blade Dance","floor":19.0},{"not_picked":["Reflex","Quick Slash","Storm of Steel"],"picked":"SKIP","floor":23.0},{"not_picked":["Heel Hook","Flying Knee","Sucker Punch"],"picked":"SKIP","floor":25.0},{"not_picked":["Slice","Outmaneuver","Infinite Blades"],"picked":"SKIP","floor":27.0},{"not_picked":["Prepared","Dagger Throw","Glass Knife"],"picked":"SKIP","floor":29.0},{"not_picked":["Dodge and Roll","Quick Slash"],"picked":"Well Laid Plans","floor":32.0},{"not_picked":["Night Terror","Die Die Die"],"picked":"Adrenaline","floor":34.0},{"not_picked":["Sucker Punch","Dodge and Roll+1","Poisoned Stab+1"],"picked":"SKIP","floor":36.0},{"not_picked":["Flechettes","Eviscerate","Slice"],"picked":"SKIP","floor":38.0},{"not_picked":["Concentrate","Acrobatics"],"picked":"Prepared+1","floor":39.0},{"not_picked":["Predator","Poisoned Stab"],"picked":"Dodge and Roll","floor":42.0},{"not_picked":["Flying Knee","Poisoned Stab","Corpse Explosion"],"picked":"SKIP","floor":43.0},{"not_picked":["Underhanded Strike+1","Deflect"],"picked":"Finisher+1","floor":46.0},{"not_picked":["Leg Sweep","Poisoned Stab","Deflect+1"],"picked":"SKIP","floor":47.0},{"not_picked":["Flying Knee","Dagger Throw","Dagger Spray"],"picked":"SKIP","floor":48.0},{"not_picked":["Bane","Skewer","Predator"],"picked":"SKIP","floor":49.0},{"not_picked":["Finisher","Escape Plan+1"],"picked":"Cloak And Dagger+1","floor":56.0}],"player_experience":568075,"relics_obtained":[{"floor":7.0,"key":"FossilizedHelix"},{"floor":9.0,"key":"War Paint"},{"floor":12.0,"key":"The Specimen"},{"floor":14.0,"key":"Kunai"},{"floor":23.0,"key":"Shuriken"},{"floor":26.0,"key":"InkBottle"},{"floor":39.0,"key":"StoneCalendar"},{"floor":43.0,"key":"Snake Skull"},{"floor":46.0,"key":"Mango"},{"floor":48.0,"key":"Gremlin Horn"},{"floor":56.0,"key":"Pantograph"}],"event_choices":[{"damage_healed":0.0,"max_hp_gain":0.0,"max_hp_loss":0.0,"gold_gain":0.0,"event_name":"Shining Light","player_choice":"Entered Light","floor":4.0,"gold_loss":0.0,"damage_taken":20.0,"cards_upgraded":["Strike_G","Defend_G"]},{"damage_healed":0.0,"max_hp_gain":0.0,"max_hp_loss":0.0,"gold_gain":0.0,"event_name":"Match and Keep!","player_choice":"1 cards matched","floor":5.0,"gold_loss":0.0,"damage_taken":0.0,"cards_obtained":["Regret"]},{"damage_healed":0.0,"max_hp_gain":0.0,"max_hp_loss":0.0,"gold_gain":275.0,"event_name":"Golden Shrine","player_choice":"Desecrate","floor":21.0,"gold_loss":0.0,"damage_taken":0.0,"cards_obtained":["Regret"]},{"damage_healed":0.0,"max_hp_gain":0.0,"max_hp_loss":0.0,"gold_gain":0.0,"event_name":"The Mausoleum","player_choice":"Ignored","floor":28.0,"gold_loss":0.0,"damage_taken":0.0},{"damage_healed":0.0,"max_hp_gain":0.0,"max_hp_loss":0.0,"gold_gain":0.0,"event_name":"MindBloom","player_choice":"Fight","floor":39.0,"gold_loss":0.0,"damage_taken":0.0},{"cards_removed":["Dagger Spray"],"damage_healed":0.0,"max_hp_gain":0.0,"max_hp_loss":0.0,"gold_gain":0.0,"event_name":"Falling","player_choice":"Removed Attack","floor":40.0,"gold_loss":0.0,"damage_taken":0.0},{"damage_healed":0.0,"max_hp_gain":0.0,"max_hp_loss":0.0,"gold_gain":0.0,"event_name":"Mysterious Sphere","player_choice":"Fight","floor":46.0,"gold_loss":0.0,"damage_taken":0.0}],"is_beta":false,"boss_relics":[{"not_picked":["Tiny House","Snecko Eye"],"picked":"SlaversCollar"},{"not_picked":["Velvet Choker","Fusion Hammer"],"picked":"Empty Cage"}],"items_purged_floors":[2,20,22,37,55],"is_endless":false,"potions_floor_spawned":[3,14,16,23,25,32,34,36,39,49],"killed_by":"The Heart","ascension_level":20}}