{"host":"1xo5g347e5o4auts","time":1612685692,"event":{"mods":["BaseMod","Minty Spire (QoL Compilation)","Permanent Neow","StSLib"],"gold_per_floor":[369,369,8,22,35,60,60,92,92,92,162,162,162],"floor_reached":12,"language":"ENG","playtime":278,"items_purged":[],"score":172,"play_id":"d28d7d6d-1784-4882-a4c7-d21feeb5c5a7","local_time":"20210207101452","is_ascension_mode":true,"campfire_choices":[{"data":"Bash","floor":7.0,"key":"SMITH"},{"data":"Reaper","floor":10.0,"key":"SMITH"}],"circlet_count":0,"master_deck":["AscendersBane","Strike_R","Strike_R","Strike_R","Strike_R","Strike_R","Defend_R","Defend_R","Defend_R","Defend_R","Bash+1","Cleave","Reaper+1","Limit Break","Feel No Pain","Disarm","Exhume"],"relics":["Burning Blood","Matryoshka","Membership Card","Peace Pipe","Smiling Mask","Akabeko","Ginger"],"acts_visited":["Exordium"],"potions_floor_usage":[],"damage_taken":[{"damage":14.0,"enemies":"Jaw Worm","floor":1.0,"turns":4.0},{"damage":9.0,"enemies":"2 Louse","floor":4.0,"turns":3.0},{"damage":6.0,"enemies":"Cultist","floor":5.0,"turns":3.0},{"damage":15.0,"enemies":"3 Sentries","floor":6.0,"turns":11.0},{"damage":61.0,"enemies":"Lagavulin","floor":8.0,"turns":8.0},{"damage":6,"enemies":"Gremlin Nob","floor":12,"turns":3}],"seed_played":"808371315927048371","potions_obtained":[{"floor":1.0,"key":"Fire Potion"}],"is_trial":false,"path_per_floor":["M","?","$","M","M","E","R","E","T","R","?","E"],"character_chosen":"IRONCLAD","items_purchased":["Membership Card","Reaper","Limit Break","Feel No Pain","Fire Potion"],"campfire_rested":0,"item_purchase_floors":[3,3,3,3,3],"current_hp_per_floor":[60,55,55,60,64,63,63,14,14,14,14,8,8],"gold":162,"neow_bonus":"TWO_FIFTY_GOLD","is_daily":false,"chose_seed":false,"campfire_upgraded":2,"win_rate":0.0,"timestamp":1612685692,"path_taken":["M","?","$","M","M","E","R","E","T","R","?","E"],"items_purchased_type":["Relic","Card","Card","Card","Potion"],"build_version":"2020-12-22","purchased_purges":0,"victory":false,"max_hp_per_floor":[68,68,68,68,68,68,68,68,68,68,68,68,68],"card_choices":[{"not_picked":["Intimidate","Iron Wave"],"picked":"Cleave","floor":1.0},{"not_picked":["Perfected Strike","Wild Strike","Rage"],"picked":"SKIP","floor":4.0},{"not_picked":["Intimidate","Body Slam"],"picked":"Disarm","floor":5.0},{"not_picked":["Second Wind","Body Slam","Iron Wave"],"picked":"SKIP","floor":6.0},{"not_picked":["Second Wind","Body Slam","Iron Wave"],"picked":"SKIP","floor":6.0},{"not_picked":["Pommel Strike","Sever Soul"],"picked":"Exhume","floor":8.0}],"player_experience":1456890,"relics_obtained":[{"floor":6.0,"key":"Peace Pipe"},{"floor":8.0,"key":"Smiling Mask"},{"floor":9.0,"key":"Akabeko"},{"floor":9.0,"key":"Ginger"}],"event_choices":[{"damage_healed":0.0,"max_hp_gain":0.0,"max_hp_loss":0.0,"gold_gain":0.0,"event_name":"Scrap Ooze","player_choice":"Success","floor":2.0,"gold_loss":0.0,"damage_taken":5.0,"relics_obtained":["Matryoshka"]},{"damage_healed":0.0,"max_hp_gain":0.0,"max_hp_loss":0.0,"gold_gain":70.0,"event_name":"Golden Wing","player_choice":"Gained Gold","floor":11.0,"gold_loss":0.0,"damage_taken":0.0}],"is_beta":false,"boss_relics":[],"items_purged_floors":[],"is_endless":false,"potions_floor_spawned":[1,4],"killed_by":"Gremlin Nob","ascension_level":20}}