{"host":"zksvs3x2ysy9npnz","time":1612665208,"event":{"mods":["Aspiration","BaseMod","Beaked The Cultist","BetterRewards","Clockwork Mod","Colored Map","Conspire","Downfall","Duelist Mod","Halation","Highlight Path","Hubris","Infinite Spire","Jedi Mod","Magitek Elite","Minty Spire (QoL Compilation)","Permanent Neow","Quick Restart","Relic Stats","Shop Mod","StSLib","The Runesmith","The Witch"],"gold_per_floor":[118,43,61,79,79,79,89,89,89],"floor_reached":8,"language":"FRA","playtime":599,"items_purged":["Strike_Witch"],"score":79,"play_id":"412f7179-0aab-4804-9954-cb136d60696f","local_time":"20210207033328","is_ascension_mode":true,"campfire_choices":[{"data":"Demonfyre","floor":6,"key":"SMITH"}],"circlet_count":0,"master_deck":["AscendersBane","Strike_Witch","Strike_Witch","Strike_Witch","Defend_Witch","Defend_Witch","Defend_Witch","Hexguard","ZombieSpit","Schadenfreude","Demonfyre+1","Thundercloud","ZombieSpit"],"relics":["BlackCat"],"acts_visited":["Exordium"],"potions_floor_usage":[8,8],"damage_taken":[{"damage":12,"enemies":"Jaw Worm","floor":1,"turns":6},{"damage":3,"enemies":"Cultist","floor":3,"turns":4},{"damage":1,"enemies":"Small Slimes","floor":4,"turns":5},{"damage":12,"enemies":"Blue Slaver","floor":7,"turns":4},{"damage":33,"enemies":"3 Sentries","floor":8,"turns":6}],"seed_played":"-6348839243783888998","potions_obtained":[{"floor":1,"key":"GamblersBrew"},{"floor":3,"key":"AttackPotion"}],"is_trial":false,"path_per_floor":["M","$","M","M","?","R","M","E"],"character_chosen":"WITCH","items_purchased":[],"campfire_rested":0,"item_purchase_floors":[],"current_hp_per_floor":[48,48,45,44,44,44,32,0,0],"gold":89,"neow_bonus":"REMOVE_CARD","is_daily":false,"chose_seed":false,"campfire_upgraded":1,"win_rate":0.0,"timestamp":1612665208,"path_taken":["M","$","M","M","?","R","M","E"],"items_purchased_type":[],"build_version":"2020-12-22","purchased_purges":1,"victory":false,"max_hp_per_floor":[67,67,67,67,67,67,67,67,67],"relic_stats":{"counters":[5,25],"obtain_stats":[{"BlackCat":0},{"BlackCat":0},{"BlackCat":0}]},"card_choices":[{"not_picked":["Pillage","SoulBarrier"],"picked":"Schadenfreude","floor":1},{"not_picked":["Athame","Broomstick"],"picked":"Demonfyre","floor":3},{"not_picked":["Broomstick","Atonement"],"picked":"Thundercloud","floor":4},{"not_picked":["BleedOut","BlackShield","Decrepify"],"picked":"SKIP","floor":7}],"player_experience":2146267,"relics_obtained":[],"event_choices":[{"damage_healed":0,"gold_gain":0,"player_choice":"1 cards matched","damage_taken":0,"max_hp_gain":0,"max_hp_loss":0,"event_name":"Match and Keep!","floor":5,"gold_loss":0,"cards_obtained":["ZombieSpit"]}],"is_beta":false,"boss_relics":[],"items_purged_floors":[2],"is_endless":false,"potions_floor_spawned":[1,3],"killed_by":"3 Sentries","ascension_level":13}}