{"host":"vr9me2kif8p2xyyc","time":1612669916,"event":{"mods":["2.2 Compatiblity","A Magickal Journey","AchievementEnabler","Act Like it!","Arknights","Aspiration","Astrologer","Bard","Bartender","BaseMod","Beaked The Cultist","Better Match","Better Note","Better Skull","Better Third Choice","BetterRewards","Block Reminder","Booster Modes","CapriCore","Challenge The Spire","ChefMod","Clawfect","Colored Map","Colored Powertips","Conjunction","Conspire","Downfall","Elementarium","Energized Spire","Friendly Minions","GifTheSpireLib","Glutton Mod","Halation","Hallownest","Hermit","Hubris","Jorbs\u0027s Wanderer Trilogy","Kratos Character Expansion","Mad Scientist","Marisa????????","Minty Spire (QoL Compilation)","Pale of the Ancients","Permanent Neow","Potionbrewer","QueenMod","Quick Restart","Random Character Button","Rare Cards Sparkle","Relic Stats","Reliquary","Remilia??????","Replay The Spire","Reworked Bosses","Robot Space Explorer","SCP261 Mod","SIMod","Shade Mod","Shop Mod","Slumbering Mod","Spicy Shops","Spikes Relics","Spire Arcade","StSLib","Stuff the Spire","SuperFastMode","Td1madao Mod","The Alterego","The Animator","The Blackbeard","The Bladedancer","The Blue Laboratory","The Bug Knight","The Caster","The Clintock","The Construct","The Cursed","The Death Knight","The Disciple","The Dragon Tamer","The Druid","The Elementalist","The Exalted","The Extravagant","The Fake Hero","The Florist","The Forsaken","The Gatherer","The Hayseed","The Hierophant","The Immortal","The Judge","The Jungle","The Kombatant","The Marked","The Mystic","The Necromancer","The Poker Player","The Problem Sleuth","The Runesmith","The Sage","The Servant 0.9.4","The Spell Scribe","The Valiant","TheBandit","TheFirefly","TheVacant","TheWitcher","Treasure Hunter","Wandering Minibosses","Yohane!","thorton"],"gold_per_floor":[115,115,134,146,160,190,0,32,58,58,93,93,93,125,125,242,242,291,326,373,373,373,385,385],"floor_reached":23,"language":"ENG","playtime":2077,"items_purged":[],"score":311,"play_id":"57583731-9e39-4f77-96bb-f0d7d9f2b3c2","local_time":"20210206215155","is_ascension_mode":false,"campfire_choices":[{"floor":10,"key":"REST"},{"floor":15,"key":"REST"}],"circlet_count":0,"master_deck":["Strike_S","Strike_S","Strike_S","Defend_S","Defend_S","Defend_S","Defend_S","KidneyShot","Exchange","Manipulate","Revamp","Deadline","Potential","Potential","Unruled","Sabotage","MurderousAura","Barrier","Desolation+1","theMarked:ThrowWeapon+1"],"relics":["Uniform","MerchantsRug","Replay:Towering Pillar of Hats","Simple Rune","Replay:Bandana","Centennial Puzzle","conspire:BottledYoYo","Ginger","hubris:GrandSneckoEye","hubris:GlazedTorus"],"acts_visited":["Exordium","TheCity"],"potions_floor_usage":[5,11,18,19],"damage_taken":[{"damage":3,"enemies":"theSlumbering:NewCultist","floor":1,"turns":5},{"damage":6,"enemies":"Cultist","floor":3,"turns":5},{"damage":8,"enemies":"Jaw Worm","floor":4,"turns":4},{"damage":14,"enemies":"Looter","floor":5,"turns":3},{"damage":30,"enemies":"Gremlin Nob","floor":6,"turns":5},{"damage":5,"enemies":"theSlumbering:Adrasteia","floor":8,"turns":12},{"damage":11,"enemies":"Lagavulin","floor":11,"turns":8},{"damage":1,"enemies":"3 Louse","floor":14,"turns":4},{"damage":19,"enemies":"Slime Boss","floor":16,"turns":11},{"damage":10,"enemies":"3 Byrds","floor":18,"turns":3},{"damage":16,"enemies":"2 Thieves","floor":19,"turns":3},{"damage":8,"enemies":"Dream Cultist and Chosen","floor":20,"turns":5},{"damage":41,"enemies":"Book of Stabbing","floor":23,"turns":5}],"seed_played":"5325040634329115507","potions_obtained":[{"floor":4,"key":"blueLaboratory:FruitPunch"},{"floor":6,"key":"potionbrewer:CleansingPotion"},{"floor":11,"key":"SCP261:EnergyGasPotion"},{"floor":16,"key":"Reflective Coating"}],"is_trial":false,"path_per_floor":["M","?","M","M","M","E","$","E","T","R","E","?","T","M","R","B",null,"M","M","M","?","?","E"],"character_chosen":"THE_SERVANT","items_purchased":["MerchantsRug","Simple Rune","Potential"],"campfire_rested":2,"item_purchase_floors":[0,7,7],"current_hp_per_floor":[62,62,56,48,36,6,6,1,1,21,10,10,10,9,29,10,67,57,41,33,33,33,0,0],"gold":385,"neow_bonus":"","is_daily":false,"chose_seed":false,"campfire_upgraded":0,"win_rate":0.0,"timestamp":1612669915,"path_taken":["M","?","M","?","?","E","?","E","T","R","E","?","?","M","R","BOSS","M","M","M","?","?","E"],"items_purchased_type":["Relic","Relic","Card"],"build_version":"2020-12-22","purchased_purges":0,"victory":false,"max_hp_per_floor":[65,65,65,65,67,67,67,67,67,67,67,67,67,67,67,67,67,67,67,67,67,67,67,67],"relic_stats":{"Centennial Puzzle":[21],"counters":[65,369],"Ginger":[13],"obtain_stats":[{"ReplayFunnel":3,"theForsaken:ScaryMask":3,"theVacant:BrassGoblet":0,"ScarletDevilRocket":9,"Bromod:ArcaneVictory":10,"Rawhide":9,"StuffTheSpire:BottledEssence":8,"Ginger":13,"halation:Prosthetics":17,"Bottled Tornado":5,"Smiling Mask":9,"Boot":13,"StuffTheSpire:Experiment12":6,"Replay:Bandana":8,"Centennial Puzzle":9,"Strawberry":0,"reliquary:NewFriend":6,"aspiration:DSix":0,"aspiration:ChemicalBlood":5,"hubris:GlazedTorus":21,"MerchantsRug":14,"Replay:Towering Pillar of Hats":6,"reliquary:Sideboard":11,"StuffTheSpire:Saxophone":14,"potionbrewer:MortarAndPestle":21,"sagemod:Flying_Carpet":5,"Frozen Egg 2":2,"Strange Spoon":7,"Anchor":8,"StuffTheSpire:Mouthbags":6,"hubris:Spice":0,"betterThird:SlimedRelic":2,"ExplosiveVial":4,"Simple Rune":7,"hubris:TenFootPole":6,"Black Star":17,"Bag of Marbles":3,"conspire:BottledYoYo":11,"hubris:GrandSneckoEye":17,"hubris:Reverence":6},{"ReplayFunnel":33,"theForsaken:ScaryMask":49,"theVacant:BrassGoblet":0,"ScarletDevilRocket":46,"Bromod:ArcaneVictory":19,"Rawhide":18,"StuffTheSpire:BottledEssence":18,"Ginger":59,"halation:Prosthetics":23,"Bottled Tornado":49,"Smiling Mask":6,"Boot":8,"StuffTheSpire:Experiment12":34,"Replay:Bandana":58,"Centennial Puzzle":58,"Strawberry":47,"reliquary:NewFriend":50,"aspiration:DSix":32,"aspiration:ChemicalBlood":33,"hubris:GlazedTorus":64,"MerchantsRug":8,"Replay:Towering Pillar of Hats":57,"reliquary:Sideboard":36,"StuffTheSpire:Saxophone":8,"potionbrewer:MortarAndPestle":25,"sagemod:Flying_Carpet":33,"Frozen Egg 2":42,"Strange Spoon":34,"Anchor":6,"StuffTheSpire:Mouthbags":30,"hubris:Spice":26,"betterThird:SlimedRelic":38,"ExplosiveVial":49,"Simple Rune":57,"hubris:TenFootPole":4,"Black Star":9,"Bag of Marbles":42,"conspire:BottledYoYo":59,"hubris:GrandSneckoEye":61,"hubris:Reverence":18},{"ReplayFunnel":172,"theForsaken:ScaryMask":278,"theVacant:BrassGoblet":0,"ScarletDevilRocket":261,"Bromod:ArcaneVictory":90,"Rawhide":83,"StuffTheSpire:BottledEssence":83,"Ginger":338,"halation:Prosthetics":108,"Bottled Tornado":278,"Smiling Mask":21,"Boot":31,"StuffTheSpire:Experiment12":191,"Replay:Bandana":330,"Centennial Puzzle":330,"Strawberry":263,"reliquary:NewFriend":283,"aspiration:DSix":165,"aspiration:ChemicalBlood":172,"hubris:GlazedTorus":364,"MerchantsRug":31,"Replay:Towering Pillar of Hats":318,"reliquary:Sideboard":205,"StuffTheSpire:Saxophone":31,"potionbrewer:MortarAndPestle":123,"sagemod:Flying_Carpet":172,"Frozen Egg 2":245,"Strange Spoon":191,"Anchor":21,"StuffTheSpire:Mouthbags":156,"hubris:Spice":126,"betterThird:SlimedRelic":214,"ExplosiveVial":278,"Simple Rune":318,"hubris:TenFootPole":15,"Black Star":39,"Bag of Marbles":245,"conspire:BottledYoYo":338,"hubris:GrandSneckoEye":353,"hubris:Reverence":83}]},"card_choices":[{"not_picked":["Rewind","StarChef"],"picked":"Manipulate","floor":1},{"not_picked":["DualDimension","DoubleEdge"],"picked":"Revamp","floor":3},{"not_picked":["TimeWarp","BottledTime"],"picked":"Deadline","floor":4},{"not_picked":["Collapse","Rewind","Defy"],"picked":"SKIP","floor":5},{"not_picked":["Starlight","BottledTime"],"picked":"StarChef","floor":6},{"not_picked":["TH:CursedSword","TH:EnergyPotion"],"picked":"SKIP","floor":6},{"not_picked":["DoubleEdge","Spin"],"picked":"Potential","floor":8},{"not_picked":["TH:CursedSword","TH:Mimic"],"picked":"SKIP","floor":8},{"not_picked":["TH:CopperCoins","TH:ArmorSpikes"],"picked":"SKIP","floor":9},{"not_picked":["StarChef","RealityMarble"],"picked":"Unruled","floor":11},{"not_picked":["TH:Mimic","TH:BikiniMail"],"picked":"SKIP","floor":11},{"not_picked":["TH:BikiniMail","TH:EnergyPotion"],"picked":"SKIP","floor":13},{"not_picked":["Rearm","Rewind"],"picked":"Sabotage","floor":14},{"not_picked":["ForgedInTime","SoulSculpture"],"picked":"MurderousAura","floor":16},{"not_picked":["Starlight","Rewind+1"],"picked":"Barrier","floor":18},{"not_picked":["DoubleEdge+1","Spin+1"],"picked":"Desolation+1","floor":19},{"not_picked":["Rewind","ShatteredReality","BottledTime"],"picked":"SKIP","floor":20}],"player_experience":1222930,"relics_obtained":[{"floor":6,"key":"Replay:Towering Pillar of Hats"},{"floor":8,"key":"Replay:Bandana"},{"floor":9,"key":"Centennial Puzzle"},{"floor":11,"key":"conspire:BottledYoYo"},{"floor":13,"key":"Ginger"}],"event_choices":[{"cards_removed":["Strike_S"],"damage_healed":0,"gold_gain":0,"player_choice":"Card Removal","damage_taken":0,"max_hp_gain":0,"max_hp_loss":0,"event_name":"Wheel of Change","floor":2,"gold_loss":0},{"cards_removed":["StarChef"],"damage_healed":0,"gold_gain":0,"player_choice":"Gave Card","damage_taken":0,"relics_obtained":["hubris:GlazedTorus"],"max_hp_gain":0,"max_hp_loss":0,"event_name":"WeMeetAgain","floor":21,"gold_loss":0},{"cards_removed":["MurderousAura"],"damage_healed":0,"gold_gain":0,"player_choice":"Take \u0026 Give","damage_taken":0,"max_hp_gain":0,"max_hp_loss":0,"event_name":"betterNote:BetterNote","floor":22,"gold_loss":0,"cards_obtained":["theMarked:ThrowWeapon"]}],"is_beta":false,"boss_relics":[{"not_picked":["conspire:RunicOctahedron","hubris:BlackHole"],"picked":"hubris:GrandSneckoEye"}],"items_purged_floors":[],"is_endless":false,"potions_floor_spawned":[4,6,11,16],"killed_by":"Book of Stabbing","ascension_level":0}}