{"host":"n43wxkei7kulhi8o","time":1612673132,"event":{"mods":["BaseMod","Bestiary","Block Reminder","Colored Map","Colored Powertips","Curses Come First","Custom Start","Dark Map","Highlight Path","Minty Spire (QoL Compilation)","Relic Stats","StSLib"],"gold_per_floor":[114,74,87,87,87,41,58,78,78,91,109,109,34,48,48,148,148,166,180,80,96,120,120,120,120],"floor_reached":24,"language":"ENG","playtime":750,"items_purged":["Defend_B","Strike_B"],"score":190,"play_id":"cf41e148-4acc-4cad-8b64-a54675523f82","local_time":"20210206234532","is_ascension_mode":false,"campfire_choices":[{"floor":15,"key":"REST"},{"floor":23,"key":"REST"}],"circlet_count":0,"master_deck":["Strike_B","Strike_B","Strike_B","Defend_B","Defend_B","Defend_B+1","Zap","Dualcast","Tempest+1","Blizzard","Coolheaded+1","Sweeping Beam","Coolheaded","Ball Lightning","Glacier","Echo Form+1","Barrage","Blizzard"],"relics":["Sozu","Frozen Egg 2","Bottled Lightning","Inserter","Bag of Marbles"],"acts_visited":["Exordium","TheCity"],"potions_floor_usage":[],"damage_taken":[{"damage":3,"enemies":"2 Louse","floor":1,"turns":2},{"damage":0,"enemies":"Small Slimes","floor":3,"turns":3},{"damage":0,"enemies":"Jaw Worm","floor":7,"turns":2},{"damage":11,"enemies":"Lots of Slimes","floor":8,"turns":3},{"damage":1,"enemies":"Red Slaver","floor":10,"turns":3},{"damage":0,"enemies":"Looter","floor":11,"turns":4},{"damage":7,"enemies":"3 Louse","floor":14,"turns":4},{"damage":25,"enemies":"Hexaghost","floor":16,"turns":11},{"damage":28,"enemies":"2 Thieves","floor":18,"turns":4},{"damage":17,"enemies":"3 Byrds","floor":19,"turns":4},{"damage":23,"enemies":"3 Cultists","floor":21,"turns":6},{"damage":35,"enemies":"Gremlin Leader","floor":24,"turns":2}],"seed_played":"8046581236167672710","potions_obtained":[],"is_trial":false,"path_per_floor":["M","$","M","?","?","$","M","M","T","M","M","?","$","M","R","B",null,"M","M","$","M","T","R","E"],"character_chosen":"DEFECT","items_purchased":["Blizzard","Sweeping Beam"],"campfire_rested":2,"item_purchase_floors":[2,6],"current_hp_per_floor":[72,72,72,65,50,50,50,39,39,38,38,38,38,31,53,28,75,47,30,30,7,7,29,0,0],"gold":120,"neow_bonus":"BOSS_RELIC","is_daily":false,"chose_seed":false,"campfire_upgraded":0,"win_rate":0.0,"timestamp":1612673132,"path_taken":["M","$","M","?","?","$","M","M","T","M","M","?","?","M","R","BOSS","M","?","$","M","?","R","E"],"items_purchased_type":["Card","Card"],"build_version":"2020-12-22","purchased_purges":2,"victory":false,"max_hp_per_floor":[75,75,75,75,75,75,75,75,75,75,75,75,75,75,75,75,75,75,75,75,75,75,75,75,75],"relic_stats":{"Sozu":4,"Inserter":[8],"counters":[12,48],"obtain_stats":[{"Sozu":0,"Inserter":17,"Bag of Marbles":22,"Bottled Lightning":9,"Frozen Egg 2":4,"Cracked Core":0},{"Sozu":0,"Inserter":8,"Bag of Marbles":11,"Bottled Lightning":4,"Frozen Egg 2":2,"Cracked Core":0},{"Sozu":0,"Inserter":32,"Bag of Marbles":46,"Bottled Lightning":10,"Frozen Egg 2":5,"Cracked Core":0}]},"card_choices":[{"not_picked":["Barrage","Rebound"],"picked":"Tempest","floor":1},{"not_picked":["Leap","Compile Driver"],"picked":"Coolheaded","floor":3},{"not_picked":["Force Field","Leap"],"picked":"Coolheaded","floor":7},{"not_picked":["Steam","Beam Cell"],"picked":"Ball Lightning","floor":8},{"not_picked":["Ball Lightning","Steam"],"picked":"Glacier","floor":10},{"not_picked":["Compile Driver","BootSequence"],"picked":"Echo Form+1","floor":11},{"not_picked":["Steam","Gash","Leap"],"picked":"SKIP","floor":14},{"not_picked":["Doom and Gloom+1","Rebound","Go for the Eyes+1"],"picked":"SKIP","floor":18},{"not_picked":["Steam","Heatsinks+1"],"picked":"Barrage","floor":19},{"not_picked":["Steam","Go for the Eyes"],"picked":"Blizzard","floor":21}],"player_experience":684823,"relics_obtained":[{"floor":9,"key":"Bottled Lightning"},{"floor":22,"key":"Bag of Marbles"}],"event_choices":[{"damage_healed":0,"gold_gain":0,"player_choice":"Success","damage_taken":7,"relics_obtained":["Frozen Egg 2"],"max_hp_gain":0,"max_hp_loss":0,"event_name":"Scrap Ooze","floor":4,"gold_loss":0},{"damage_healed":0,"gold_gain":0,"player_choice":"Entered Light","damage_taken":15,"max_hp_gain":0,"max_hp_loss":0,"event_name":"Shining Light","floor":5,"gold_loss":0,"cards_upgraded":["Defend_B","Tempest"]},{"damage_healed":0,"gold_gain":0,"player_choice":"Grow","damage_taken":0,"max_hp_gain":0,"max_hp_loss":0,"event_name":"Living Wall","floor":12,"gold_loss":0,"cards_upgraded":["Coolheaded"]}],"is_beta":false,"boss_relics":[{"not_picked":["Philosopher\u0027s Stone","Cursed Key"],"picked":"Inserter"}],"items_purged_floors":[13,20],"is_endless":false,"potions_floor_spawned":[3,8,11,21],"killed_by":"Gremlin Leader","ascension_level":0}}