{"host":"d76q0rb9a0s9bgr5","time":1612705318,"event":{"mods":["BaseMod","Downfall","Hubris","Minty Spire (QoL Compilation)","StSLib"],"gold_per_floor":[117,131,206,51,51,51,86,100,100,100,111,131,152,180,180,278,278,278,278,278,203,203,203,203,203,203,203,203,203,203,25,25,25,25,25,25,25,25,25,25,25,25],"floor_reached":41,"language":"ENG","playtime":1840,"items_purged":["Strike_R","Defend_R"],"score":464,"play_id":"094d2716-c8a4-4c13-9586-89eb4c83f2b5","local_time":"20210207144158","is_ascension_mode":true,"campfire_choices":[{"data":"Bash","floor":6,"key":"SMITH"},{"data":"Strike_R","floor":10,"key":"SMITH"},{"data":"Metallicize","floor":15,"key":"SMITH"},{"data":"Barricade","floor":23,"key":"SMITH"},{"data":"Entrench","floor":25,"key":"SMITH"},{"floor":29,"key":"REST"},{"data":"Body Slam","floor":32,"key":"SMITH"},{"floor":40,"key":"REST"}],"circlet_count":0,"master_deck":["Entrench+1","Strike_R+1","Strike_R","Strike_R+1","Strike_R+1","Defend_R","Defend_R","Defend_R","Bash+1","Metallicize+1","Clash","Spot Weakness","Barricade+1","Body Slam+1","Demon Form","Entrench+1","Pommel Strike+1","Metallicize","Body Slam+1","Enlightenment","Good Instincts","hubris:ReadiedAction+1"],"relics":["Burning Blood","hubris:GlazedTorus","Whetstone","Matryoshka","hubris:Metronome","Mummified Hand","Odd Mushroom","Bird Faced Urn","Ectoplasm","hubris:Icosahedron","Blue Candle","MealTicket","InkBottle","Turnip","Enchiridion","hubris:TerracottaHorce","hubris:Towel","Shovel"],"acts_visited":["Exordium","TheCity","TheBeyond"],"potions_floor_usage":[11,14,14,16,28,28,28,28,28,30,39,39],"damage_taken":[{"damage":6,"enemies":"Cultist","floor":1,"turns":3},{"damage":6,"enemies":"Jaw Worm","floor":2,"turns":3},{"damage":36,"enemies":"Lagavulin","floor":7,"turns":5},{"damage":1,"enemies":"Small Slimes","floor":8,"turns":3},{"damage":0,"enemies":"Looter","floor":11,"turns":2},{"damage":3,"enemies":"2 Fungi Beasts","floor":12,"turns":3},{"damage":9,"enemies":"The Mushroom Lair","floor":13,"turns":4},{"damage":3,"enemies":"3 Sentries","floor":14,"turns":6},{"damage":25,"enemies":"The Guardian","floor":16,"turns":8},{"damage":6,"enemies":"3 Byrds","floor":18,"turns":5},{"damage":1,"enemies":"Chosen","floor":19,"turns":3},{"damage":54,"enemies":"Slavers","floor":24,"turns":10},{"damage":5,"enemies":"Snecko","floor":28,"turns":4},{"damage":0,"enemies":"Snake Plant","floor":30,"turns":2},{"damage":11,"enemies":"Champ","floor":33,"turns":7},{"damage":0,"enemies":"3 Shapes","floor":35,"turns":4},{"damage":0,"enemies":"Orb Walker","floor":37,"turns":2},{"damage":74,"enemies":"2 Orb Walkers","floor":39,"turns":6},{"damage":57,"enemies":"Reptomancer","floor":41,"turns":2}],"seed_played":"-2729096270526913954","potions_obtained":[{"floor":2,"key":"Explosive Potion"},{"floor":8,"key":"ColorlessPotion"},{"floor":12,"key":"PowerPotion"},{"floor":13,"key":"Dexterity Potion"},{"floor":28,"key":"Fruit Juice"},{"floor":30,"key":"SteroidPotion"},{"floor":33,"key":"SpeedPotion"},{"floor":37,"key":"BlessingOfTheForge"},{"floor":39,"key":"BlessingOfTheForge"}],"is_trial":false,"path_per_floor":["M","M","?","$","?","R","E","M","T","R","M","M","?","E","R","B",null,"M","M","?","$","?","R","E","R","T","?","M","R","M","$","R","B",null,"M","?","M","?","?","R","E"],"character_chosen":"IRONCLAD","items_purchased":["Whetstone","Metallicize"],"campfire_rested":2,"item_purchase_floors":[4,31],"current_hp_per_floor":[72,72,61,61,61,61,31,36,36,36,42,45,42,45,45,28,72,72,72,72,72,67,67,23,23,23,7,17,40,50,65,65,66,74,77,77,77,72,14,37,0,0],"gold":25,"neow_bonus":"ONE_RARE_RELIC","is_daily":false,"chose_seed":false,"campfire_upgraded":6,"win_rate":0.0,"timestamp":1612705318,"path_taken":["M","M","?","$","?","R","E","M","T","R","M","M","?","E","R","BOSS","M","M","?","$","?","R","E","R","T","?","?","R","M","?","R","BOSS","M","?","M","?","?","R","E"],"items_purchased_type":["Relic","Card"],"build_version":"2020-12-22","purchased_purges":2,"victory":false,"max_hp_per_floor":[72,72,72,72,72,72,72,72,72,72,72,72,72,72,72,72,72,72,72,72,72,72,72,72,72,72,72,77,77,77,77,77,77,77,77,77,77,77,77,77,77,77],"card_choices":[{"not_picked":["Flex","Disarm","Armaments"],"picked":"SKIP","floor":1},{"not_picked":["Warcry","Blood for Blood","Armaments"],"picked":"SKIP","floor":2},{"not_picked":["Power Through","Flex","Perfected Strike"],"picked":"SKIP","floor":7},{"not_picked":["Twin Strike","Warcry","Clothesline"],"picked":"SKIP","floor":8},{"not_picked":["Flame Barrier","Power Through"],"picked":"Metallicize","floor":11},{"not_picked":["hubris:SharpeningStone","Seeing Red"],"picked":"Clash","floor":12},{"not_picked":["hubris:SharpeningStone","Second Wind"],"picked":"Spot Weakness","floor":14},{"not_picked":["Corruption","Bludgeon"],"picked":"Barricade","floor":16},{"not_picked":["hubris:ReadiedAction","Warcry"],"picked":"Body Slam","floor":18},{"not_picked":["Hemokinesis","Flex"],"picked":"Demon Form","floor":19},{"not_picked":["Sword Boomerang","Thunderclap+1"],"picked":"Entrench","floor":24},{"not_picked":["Dark Embrace+1","Flex+1","Cleave"],"picked":"SKIP","floor":28},{"not_picked":["Shockwave+1","Entrench"],"picked":"Pommel Strike+1","floor":30},{"not_picked":["Twin Strike+1","Anger+1"],"picked":"Body Slam+1","floor":35},{"not_picked":["Heavy Blade","Cleave","Dual Wield"],"picked":"SKIP","floor":37},{"not_picked":["Deep Breath","Chrysalis"],"picked":"Enlightenment","floor":38},{"not_picked":["Mind Blast","Swift Strike"],"picked":"Good Instincts","floor":38},{"not_picked":["Anger+1","Clash"],"picked":"hubris:ReadiedAction+1","floor":39}],"player_experience":108452,"relics_obtained":[{"floor":7,"key":"Matryoshka"},{"floor":9,"key":"hubris:Metronome"},{"floor":9,"key":"Mummified Hand"},{"floor":13,"key":"Odd Mushroom"},{"floor":14,"key":"Bird Faced Urn"},{"floor":24,"key":"MealTicket"},{"floor":26,"key":"InkBottle"},{"floor":26,"key":"Turnip"},{"floor":27,"key":"Enchiridion"},{"floor":39,"key":"Shovel"}],"event_choices":[{"damage_healed":0,"gold_gain":75,"player_choice":"Gather Gold","damage_taken":11,"max_hp_gain":0,"max_hp_loss":0,"event_name":"World of Goop","floor":3,"gold_loss":0},{"damage_healed":0,"gold_gain":0,"player_choice":"Ignored","damage_taken":0,"max_hp_gain":0,"max_hp_loss":0,"event_name":"Liars Game","floor":5,"gold_loss":0},{"damage_healed":0,"gold_gain":0,"player_choice":"Fought Mushrooms","damage_taken":0,"max_hp_gain":0,"max_hp_loss":0,"event_name":"Mushrooms","floor":13,"gold_loss":0},{"damage_healed":0,"gold_gain":0,"player_choice":"Obtained Book","damage_taken":16,"max_hp_gain":0,"max_hp_loss":0,"event_name":"Cursed Tome","floor":27,"gold_loss":0},{"damage_healed":0,"gold_gain":0,"player_choice":"Memory 2","damage_taken":5,"max_hp_gain":0,"max_hp_loss":0,"event_name":"SensoryStone","floor":38,"gold_loss":0},{"damage_healed":0,"gold_gain":0,"player_choice":"Fight","damage_taken":0,"max_hp_gain":0,"max_hp_loss":0,"event_name":"Mysterious Sphere","floor":39,"gold_loss":0}],"is_beta":false,"boss_relics":[{"not_picked":["hubris:GrandSneckoEye","hubris:Stopwatch"],"picked":"Ectoplasm"},{"not_picked":["Busted Crown","SacredBark"],"picked":"hubris:TerracottaHorce"}],"items_purged_floors":[21,31],"is_endless":false,"potions_floor_spawned":[2,8,12,13,28,30,33,37,39],"killed_by":"Reptomancer","ascension_level":1}}