{"host":"ihfq3u2xhoe3wi9r","time":1612679953,"event":{"mods":["BaseMod","BetterRewards","Colored Powertips","Hubris","Marisa????????","Minty Spire (QoL Compilation)","READ ME - Guardian Mod","StSLib","The Animator","The Mystic","The Necromancer"],"gold_per_floor":[112,129,9,23,37,37,68,68,92,102,102,102],"floor_reached":11,"language":"ENG","playtime":1064,"items_purged":[],"score":105,"play_id":"7d44bc3c-2f63-42c1-84d2-9eec58abab6e","local_time":"20210207013913","is_ascension_mode":true,"campfire_choices":[{"floor":6,"key":"REST"},{"floor":8,"key":"REST"}],"circlet_count":0,"master_deck":["animator:Strike_NoGameNoLife","animator:Defend_NoGameNoLife","animator:Strike","animator:Strike","animator:Strike","animator:Defend","animator:Defend","animator:Defend","animator:DolaSchwi","animator:DolaCouronne","animator:NagisaMomoe","animator:MamiTomoe","animator:Guy","animator:Darkness","animator:NagisaMomoe","animator:KyokoSakura","animator:MamiTomoe"],"relics":["animator:LivingPicture","animator:TheMissingPiece","NeowsBlessing","Dead Branch","Omamori"],"acts_visited":["Exordium"],"potions_floor_usage":[7,7],"damage_taken":[{"damage":0,"enemies":"Jaw Worm","floor":1,"turns":1},{"damage":0,"enemies":"2 Louse","floor":2,"turns":1},{"damage":0,"enemies":"Small Slimes","floor":4,"turns":2},{"damage":36,"enemies":"Exordium Wildlife","floor":5,"turns":5},{"damage":28,"enemies":"Lagavulin","floor":7,"turns":5},{"damage":15,"enemies":"Blue Slaver","floor":10,"turns":3},{"damage":27,"enemies":"3 Sentries","floor":11,"turns":6}],"seed_played":"-2554000569721868648","potions_obtained":[{"floor":1,"key":"SteroidPotion"},{"floor":4,"key":"Swift Potion"}],"is_trial":false,"path_per_floor":["M","M","$","M","M","R","E","R","T","M","E"],"character_chosen":"THE_ANIMATOR","items_purchased":["animator:Guy","animator:Darkness"],"campfire_rested":2,"item_purchase_floors":[3,3],"current_hp_per_floor":[59,59,59,59,23,42,14,33,33,18,0,0],"gold":102,"neow_bonus":"THREE_ENEMY_KILL","is_daily":false,"chose_seed":false,"campfire_upgraded":0,"win_rate":0.0,"timestamp":1612679953,"path_taken":["M","M","$","M","M","R","E","R","T","M","E"],"items_purchased_type":["Card","Card"],"build_version":"2020-12-22","purchased_purges":0,"victory":false,"max_hp_per_floor":[66,66,66,66,66,66,66,66,66,66,66,66],"card_choices":[{"not_picked":["animator:Add","animator:Megumin"],"picked":"animator:NagisaMomoe","floor":1},{"not_picked":["animator:Ain","animator:Chung"],"picked":"animator:MamiTomoe","floor":2},{"not_picked":["animator:DolaSchwi","animator:Shigure"],"picked":"animator:NagisaMomoe","floor":4},{"not_picked":["animator:MamiTomoe","animator:SayakaMiki"],"picked":"animator:KyokoSakura","floor":5},{"not_picked":["animator:Raven","animator:YunYun","animator:Yoichi"],"picked":"SKIP","floor":7},{"not_picked":["animator:Kazuma","animator:Emonzaemon"],"picked":"animator:MamiTomoe","floor":10}],"player_experience":841053,"relics_obtained":[{"floor":7,"key":"Dead Branch"},{"floor":9,"key":"Omamori"}],"event_choices":[],"is_beta":false,"boss_relics":[],"items_purged_floors":[],"is_endless":false,"potions_floor_spawned":[1,4],"killed_by":"3 Sentries","ascension_level":8}}