{"host":"enpah696raxjhbxd","time":1612699889,"event":{"mods":["BaseMod","Challenge The Spire","Chen","Colored Powertips","Friendly Minions","Minty Spire (QoL Compilation)","Replay The Spire","StSLib","TestMod","The Bladedancer","The Poker Player","UnlockEverythingMod"],"gold_per_floor":[109,125,50,64,74,74,108,108,108,121,121,148,165,184,154,169,169,270,270,280,280,296,88,88,118,118,143,198,213,213,213,213],"floor_reached":31,"language":"ZHS","playtime":1497,"items_purged":["Regret","blademaster:Strike"],"score":388,"play_id":"a3d366e2-f2f8-47fb-80cf-268085babe73","local_time":"20210207201129","is_ascension_mode":true,"campfire_choices":[{"data":"blademaster:SharpBlades","floor":6.0,"key":"SMITH"},{"data":"blademaster:SharpBlades","floor":17.0,"key":"SMITH"},{"floor":26.0,"key":"REST"}],"circlet_count":0,"master_deck":["blademaster:Strike","blademaster:Strike","blademaster:Strike","blademaster:Defend","blademaster:Defend","blademaster:Defend","blademaster:Defend","blademaster:RagingBlow","blademaster:HighVoltage","blademaster:Safeguard+1","blademaster:SharpBlades+1","blademaster:Havoc+1","blademaster:SharpBlades+1","blademaster:LeechingStrike+1","blademaster:Quickstep+1","blademaster:EnchantedCuirass+1","blademaster:BloodyBlow+1","blademaster:LightningDraw","Bandage Up+1","testmod-Illusory","blademaster:ThunderSlash","blademaster:Frontflip+1","blademaster:AwakeningStrike","Decay"],"relics":["blademaster:DancersAmulet","testmod-TestBox","testmod-CrystalShield","Lantern","Meat on the Bone","Peace Pipe","testmod-BloodSacrificeSpiritualization","BargainBundle","testmod-InfectionSource","Pen Nib","Ring of Panic","ReplayTheSpireMod:Ring of Challenge"],"acts_visited":["Exordium","TheCity"],"potions_floor_usage":[],"damage_taken":[{"damage":3.0,"enemies":"Jaw Worm","floor":1.0,"turns":3.0},{"damage":1.0,"enemies":"Cultist","floor":2.0,"turns":3.0},{"damage":2.0,"enemies":"2 Louse","floor":4.0,"turns":3.0},{"damage":7.0,"enemies":"Exordium Wildlife","floor":5.0,"turns":3.0},{"damage":26.0,"enemies":"Gremlin Nob","floor":7.0,"turns":5.0},{"damage":8.0,"enemies":"3 Louse","floor":10.0,"turns":4.0},{"damage":12.0,"enemies":"3 Sentries","floor":12.0,"turns":8.0},{"damage":9.0,"enemies":"Large Slime","floor":13.0,"turns":4.0},{"damage":8.0,"enemies":"Red Slaver","floor":14.0,"turns":3.0},{"damage":0.0,"enemies":"Exordium Wildlife","floor":16.0,"turns":3.0},{"damage":0.0,"enemies":"The Guardian","floor":18.0,"turns":9.0},{"damage":28.0,"enemies":"2 Thieves","floor":20.0,"turns":4.0},{"damage":12.0,"enemies":"Spheric Guardian","floor":22.0,"turns":3.0},{"damage":29.0,"enemies":"Replay:Snechameleon","floor":25.0,"turns":8.0},{"damage":25.0,"enemies":"Gremlin Leader","floor":27.0,"turns":8.0},{"damage":40.0,"enemies":"Shelled Parasite and Fungi","floor":29.0,"turns":4.0},{"damage":7,"enemies":"3 Cultists","floor":31,"turns":1}],"seed_played":"6921411061773585897","potions_obtained":[{"floor":1.0,"key":"Strength Potion"},{"floor":2.0,"key":"PowerPotion"},{"floor":7.0,"key":"Block Potion"},{"floor":15.0,"key":"testmod-SpacePotion"},{"floor":15.0,"key":"SteroidPotion"},{"floor":16.0,"key":"Regen Potion"},{"floor":18.0,"key":"Block Potion"},{"floor":22.0,"key":"SpeedPotion"},{"floor":25.0,"key":"EssenceOfSteel"},{"floor":29.0,"key":"DistilledChaos"}],"is_trial":false,"path_per_floor":["M","M","$","M","M","R","E","PTL","PTL","M","T","E","M","M","?","M","R","B",null,"M","?","M","$","?","E","R","E","T","M","?","M"],"character_chosen":"THE_BLADEMASTER","items_purchased":["BargainBundle","blademaster:LightningDraw","Bandage Up","testmod-Illusory","EssenceOfSteel","SteroidPotion"],"campfire_rested":1,"item_purchase_floors":[23,23,23,23,23,23],"current_hp_per_floor":[72,71,71,69,62,62,36,36,36,40,40,43,46,38,38,41,41,62,75,53,53,47,47,47,42,64,61,61,45,45,38,38],"gold":213,"neow_bonus":"RANDOM_EVENT","is_daily":false,"chose_seed":false,"campfire_upgraded":2,"win_rate":0.0,"timestamp":1612699889,"path_taken":["M","M","$","M","M","R","E","PTL","PTL","M","T","E","M","M","?","M","R","BOSS","M","?","M","?","?","E","R","E","T","M","?","?"],"items_purchased_type":["Relic","Card","Card","Card","Potion","Potion"],"build_version":"2020-12-22","purchased_purges":2,"victory":false,"max_hp_per_floor":[75,75,75,75,75,75,75,75,75,75,75,75,75,75,75,75,75,75,75,75,75,75,75,75,75,75,75,75,75,75,75,75],"card_choices":[{"not_picked":["blademaster:OneTrickPony","blademaster:EyeOfTheStorm","blademaster:WindSlash"],"picked":"SKIP","floor":1.0},{"not_picked":["blademaster:Meditate","blademaster:Breeze"],"picked":"blademaster:Safeguard","floor":2.0},{"not_picked":["blademaster:DancingEdge","blademaster:Frontflip"],"picked":"blademaster:SharpBlades","floor":4.0},{"not_picked":["blademaster:Stability","blademaster:CullingStrike"],"picked":"blademaster:Havoc","floor":5.0},{"not_picked":["blademaster:WindSlash","blademaster:Flash"],"picked":"blademaster:SharpBlades","floor":7.0},{"not_picked":["blademaster:Momentum","blademaster:Havoc"],"picked":"blademaster:LeechingStrike","floor":10.0},{"not_picked":["blademaster:FlockOfBlades","blademaster:Flurry","blademaster:Havoc"],"picked":"SKIP","floor":12.0},{"not_picked":["blademaster:EyeOfTheTornado","blademaster:ParryingStrike","blademaster:Overcharge"],"picked":"SKIP","floor":13.0},{"not_picked":["blademaster:Slice","blademaster:IcyWind","blademaster:AirSlash"],"picked":"SKIP","floor":14.0},{"not_picked":["blademaster:Slice","blademaster:Quickness"],"picked":"blademaster:Quickstep","floor":16.0},{"not_picked":["blademaster:FuryOfTheElements","blademaster:Blindside"],"picked":"blademaster:EnchantedCuirass","floor":18.0},{"not_picked":["blademaster:Stability","blademaster:SlyStabs","blademaster:FuriousStrike+1"],"picked":"SKIP","floor":20.0},{"not_picked":["blademaster:Hailwind","blademaster:Frontflip"],"picked":"blademaster:BloodyBlow","floor":22.0},{"not_picked":["blademaster:Blockade","blademaster:AwakeningStrike"],"picked":"blademaster:ThunderSlash","floor":25.0},{"not_picked":["blademaster:Flurry","blademaster:BrainBloom"],"picked":"blademaster:Frontflip+1","floor":27.0},{"not_picked":["blademaster:DaggerAndCloak","blademaster:Bloodbath"],"picked":"blademaster:AwakeningStrike","floor":29.0}],"player_experience":216662,"relics_obtained":[{"floor":7.0,"key":"Meat on the Bone"},{"floor":7.0,"key":"blademaster:DextrousPerk"},{"floor":12.0,"key":"Peace Pipe"},{"floor":12.0,"key":"blademaster:StanceHealPerk"},{"floor":25.0,"key":"testmod-InfectionSource"},{"floor":25.0,"key":"blademaster:StrongPerk"},{"floor":27.0,"key":"Pen Nib"},{"floor":27.0,"key":"blademaster:OnAttackedChargePerk"},{"floor":30.0,"key":"Ring of Panic"},{"floor":30.0,"key":"ReplayTheSpireMod:Ring of Challenge"}],"event_choices":[{"damage_healed":0.0,"max_hp_gain":0.0,"max_hp_loss":0.0,"gold_gain":0.0,"event_name":"Big Fish","player_choice":"Box","floor":0.0,"gold_loss":0.0,"damage_taken":0.0,"relics_obtained":["Lantern"],"cards_obtained":["Regret"]},{"damage_healed":0.0,"max_hp_gain":0.0,"max_hp_loss":0.0,"gold_gain":0.0,"event_name":"The Woman in Blue","player_choice":"Bought 2 Potions","floor":15.0,"gold_loss":0.0,"damage_taken":0.0},{"damage_healed":0.0,"max_hp_gain":0.0,"max_hp_loss":0.0,"gold_gain":0.0,"event_name":"Upgrade Shrine","player_choice":"Upgraded","floor":21.0,"gold_loss":0.0,"damage_taken":0.0,"cards_upgraded":["blademaster:LeechingStrike"]},{"damage_healed":0.0,"max_hp_gain":0.0,"max_hp_loss":0.0,"gold_gain":0.0,"event_name":"给自己的盒子","player_choice":"Ignored","floor":24.0,"gold_loss":0.0,"damage_taken":0.0}],"is_beta":false,"boss_relics":[{"not_picked":["Fusion Hammer","Coffee Dripper"],"picked":"testmod-BloodSacrificeSpiritualization"}],"items_purged_floors":[3,23],"is_endless":false,"potions_floor_spawned":[1,2,7,10,16,18,22,25,29],"killed_by":"3 Cultists","ascension_level":3}}