{"host":"wmg3fl10arlg3jig","time":1612663223,"event":{"mods":["BaseMod","Better Match","Better Note","BetterRewards","Colored Powertips","MarisaÅiñ∂âJÅ@ñÇóùçπÅj","Mimic Mod","Minty Spire (QoL Compilation)","Permanent Neow","Quick Restart","Shop Mod","StSLib","Td1madao Mod","The Animator","The Jungle"],"gold_per_floor":[116,116,139,89,9,9,45,45,45,74,95,116,134,153,153,153,153],"floor_reached":16,"language":"ENG","playtime":408,"items_purged":["Defend_MRS"],"score":152,"play_id":"fd478b18-dee6-40ec-896e-044f11a2e2e6","local_time":"20210206200023","is_ascension_mode":false,"campfire_choices":[{"data":"MasterSpark","floor":6.0,"key":"SMITH"},{"data":"Swift Strike","floor":8,"key":"SMITH"},{"floor":15,"key":"REST"}],"circlet_count":0,"master_deck":["Strike_MRS","Strike_MRS","Strike_MRS","Strike_MRS","Defend_MRS","Defend_MRS","MasterSpark+1","UpSweep","Swift Strike+1","BlazeAway+1","Parasite","Parasite"],"relics":["MiniHakkero","Toxic Egg 2","Golden Idol","Frozen Egg 2","ShroomBag"],"acts_visited":["Exordium"],"potions_floor_usage":[10,16,16],"damage_taken":[{"damage":0.0,"enemies":"2 Louse","floor":1.0,"turns":2.0},{"damage":1.0,"enemies":"Jaw Worm","floor":3.0,"turns":3.0},{"damage":13,"enemies":"Lagavulin","floor":7,"turns":4},{"damage":9,"enemies":"The Mushroom Lair","floor":10,"turns":2},{"damage":2,"enemies":"Small Slimes","floor":11,"turns":2},{"damage":0,"enemies":"2 Fungi Beasts","floor":12,"turns":2},{"damage":7,"enemies":"3 Louse","floor":13,"turns":2},{"damage":8,"enemies":"Red Slaver","floor":14,"turns":2},{"damage":49,"enemies":"The Guardian","floor":16,"turns":4}],"seed_played":"7383567357531910892","potions_obtained":[{"floor":7,"key":"Explosive Potion"},{"floor":10,"key":"SteroidPotion"},{"floor":11,"key":"AttackPotion"},{"floor":14,"key":"SpeedPotion"}],"is_trial":false,"path_per_floor":["M","?","M","?","$","R","E","R","T","?","M","M","M","M","R","B"],"character_chosen":"MARISA","items_purchased":["Toxic Egg 2","BlazeAway+1"],"campfire_rested":1,"item_purchase_floors":[0,5],"current_hp_per_floor":[60,42,41,41,41,41,28,28,28,19,21,25,22,16,38,0,0],"gold":153,"neow_bonus":"","is_daily":false,"chose_seed":false,"campfire_upgraded":2,"win_rate":0.0,"timestamp":1612663223,"path_taken":["M","?","M","?","$","R","E","R","T","?","M","?","M","M","R","BOSS"],"items_purchased_type":["Relic","Card"],"build_version":"2020-12-22","purchased_purges":1,"victory":false,"max_hp_per_floor":[75,75,75,75,75,75,75,75,75,75,75,75,75,75,75,75,75],"card_choices":[{"not_picked":["DarkSpark","LuminesStrike","6A"],"picked":"SKIP","floor":1.0},{"not_picked":["SporeBomb+1","StarBarrage","PropBag+1"],"picked":"SKIP","floor":3.0},{"not_picked":["DarkMatter+1","ShootTheMoon","OpenUniverse+1"],"picked":"SKIP","floor":7},{"not_picked":["EventHorizon+1","CasketOfStar+1","Acceleration+1"],"picked":"SKIP","floor":11},{"not_picked":["GasGiant+1","GrandCross","SporeBomb+1"],"picked":"SKIP","floor":12},{"not_picked":["GalacticHalo+1","PowerUp+1","GravityBeat"],"picked":"SKIP","floor":13},{"not_picked":["ShootingEcho","MagicChant+1","DC"],"picked":"SKIP","floor":14}],"player_experience":268298,"relics_obtained":[{"floor":7,"key":"Frozen Egg 2"},{"floor":10,"key":"ShroomBag"}],"event_choices":[{"damage_healed":0.0,"max_hp_gain":0.0,"max_hp_loss":0.0,"gold_gain":0.0,"event_name":"Golden Idol","player_choice":"Take Damage","floor":2.0,"gold_loss":0.0,"damage_taken":18.0,"relics_obtained":["Golden Idol"]},{"cards_removed":["Defend_MRS"],"damage_healed":0.0,"max_hp_gain":0.0,"max_hp_loss":0.0,"gold_gain":0.0,"event_name":"The Cleric","player_choice":"Card Removal","floor":4.0,"gold_loss":50.0,"damage_taken":0.0},{"damage_healed":0,"gold_gain":0,"player_choice":"Fought Mushrooms","damage_taken":0,"max_hp_gain":0,"max_hp_loss":0,"event_name":"Mushrooms_MRS","floor":10,"gold_loss":0}],"is_beta":false,"boss_relics":[],"items_purged_floors":[0],"is_endless":false,"potions_floor_spawned":[7,10,11,14],"killed_by":"The Guardian","ascension_level":0}}