{"host":"wshey5htrz8rni6u","time":1612702462,"event":{"mods":["2.2 Compatiblity","BaseMod","Best Route Mod","Block Reminder","Colored Map","Colored Powertips","Current Relic Mod","Curses Come First","Dark Map","Key Reminder","Minty Spire (QoL Compilation)","Potion Indicator Mod","Quick Restart","Random Character Button","Relic Sorter","Relic Stats","StSLib","SuperFastMode","Unceasing Turn Reminder"],"gold_per_floor":[112,33,33,33,208,208,236,236,312,312,83,93,18,49,49,152,152,172,191,191,20,20,20,46,46,94,122,122,148,183,13,13,111,111,127,127,145,145,28,63,63,96,171,196,208,268,17,36,36,36],"floor_reached":51,"language":"ENG","playtime":2774,"items_purged":["Doubt","Strike_G+1","Strike_G+1"],"score":939,"play_id":"f8aa7763-5e87-4eb3-9d59-d62700cd9669","local_time":"20210207045422","is_ascension_mode":false,"campfire_choices":[{"data":"Neutralize","floor":6,"key":"SMITH"},{"data":"Terror","floor":8,"key":"SMITH"},{"data":"Predator","floor":10,"key":"SMITH"},{"data":"Skewer","floor":15,"key":"SMITH"},{"data":"Footwork","floor":23,"key":"SMITH"},{"data":"Survivor","floor":25,"key":"SMITH"},{"data":"Noxious Fumes","floor":32,"key":"SMITH"},{"data":"Infinite Blades","floor":41,"key":"SMITH"},{"data":"Well Laid Plans","floor":49,"key":"SMITH"}],"circlet_count":0,"master_deck":["Strike_G+1","Defend_G+1","Defend_G+1","Defend_G+1","Defend_G+1","Defend_G+1","Survivor+1","Neutralize+1","Masterful Stab","Terror+1","Predator+1","Poisoned Stab","Deflect+1","Caltrops","Deadly Poison+1","Crippling Poison+1","Skewer+1","Phantasmal Killer+1","Prepared+1","Blade Dance+1","Footwork+1","Backflip+1","Noxious Fumes+1","Crippling Poison+1","Bullet Time+1","Burst+1","Infinite Blades+1","Finisher","Madness+1","Madness+1","PiercingWail+1","Finisher","Calculated Gamble+1","Bouncing Flask+1","Flechettes","Metamorphosis+1","Violence+1","The Bomb+1","Choke+1","Well Laid Plans+1","Calculated Gamble+1"],"relics":["Ring of the Snake","NeowsBlessing","StoneCalendar","Toxic Egg 2","MealTicket","Coffee Dripper","Membership Card","Anchor","Vajra","Mummified Hand","Toy Ornithopter","Red Mask","Pear","Eternal Feather","Philosopher\u0027s Stone","Frozen Eye","Regal Pillow","FossilizedHelix","HornCleat","MawBank","Girya","InkBottle"],"acts_visited":["Exordium","TheCity","TheBeyond"],"potions_floor_usage":[16,24,24,29,46,50,50],"damage_taken":[{"damage":0,"enemies":"Small Slimes","floor":1,"turns":1},{"damage":0,"enemies":"Lagavulin","floor":7,"turns":1},{"damage":0,"enemies":"Jaw Worm","floor":12,"turns":1},{"damage":24,"enemies":"Gremlin Nob","floor":14,"turns":4},{"damage":6,"enemies":"Hexaghost","floor":16,"turns":7},{"damage":1,"enemies":"Chosen","floor":18,"turns":3},{"damage":12,"enemies":"2 Thieves","floor":19,"turns":3},{"damage":0,"enemies":"Book of Stabbing","floor":24,"turns":4},{"damage":14,"enemies":"Gremlin Leader","floor":27,"turns":6},{"damage":0,"enemies":"Masked Bandits","floor":29,"turns":2},{"damage":0,"enemies":"Book of Stabbing","floor":30,"turns":4},{"damage":27,"enemies":"Automaton","floor":33,"turns":7},{"damage":0,"enemies":"Orb Walker","floor":35,"turns":3},{"damage":0,"enemies":"3 Shapes","floor":37,"turns":3},{"damage":31,"enemies":"Nemesis","floor":40,"turns":5},{"damage":12,"enemies":"Reptomancer","floor":42,"turns":5},{"damage":0,"enemies":"Giant Head","floor":44,"turns":6},{"damage":2,"enemies":"2 Orb Walkers","floor":46,"turns":4},{"damage":0,"enemies":"Transient","floor":48,"turns":5},{"damage":11,"enemies":"Awakened One","floor":50,"turns":9}],"seed_played":"6763651047754057887","potions_obtained":[{"floor":7,"key":"DistilledChaos"},{"floor":14,"key":"DistilledChaos"},{"floor":16,"key":"Explosive Potion"},{"floor":19,"key":"Strength Potion"},{"floor":24,"key":"Energy Potion"},{"floor":30,"key":"SteroidPotion"},{"floor":35,"key":"SteroidPotion"},{"floor":40,"key":"SkillPotion"}],"is_trial":false,"path_per_floor":["M","$","?","?","?","R","E","R","T","R","$","M","$","E","R","B",null,"M","M","?","$","?","R","E","R","T","E","?","?","E","$","R","B",null,"M","?","M","?","$","E","R","E","T","E","?","?","$","M","R","B",null],"character_chosen":"THE_SILENT","items_purchased":["Terror","Poisoned Stab","Deflect+1","Caltrops","Crippling Poison+1","Membership Card","Backflip+1","Eternal Feather","PiercingWail+1","Frozen Eye","Finisher","Well Laid Plans","InkBottle","Calculated Gamble+1","SpeedPotion"],"campfire_rested":0,"item_purchase_floors":[2,11,11,11,13,21,21,31,39,39,39,47,47,47,47],"current_hp_per_floor":[70,70,63,68,68,68,68,68,68,68,68,68,68,44,44,38,75,74,62,62,75,75,75,75,75,75,61,61,66,76,85,85,58,85,85,85,85,74,85,54,72,60,60,60,50,53,68,68,85,74],"gold":36,"neow_bonus":"THREE_ENEMY_KILL","is_daily":false,"chose_seed":false,"campfire_upgraded":9,"win_rate":0.0,"timestamp":1612702462,"path_taken":["M","$","?","?","?","R","E","R","T","R","?","M","$","E","R","BOSS","M","M","?","$","?","R","E","R","T","E","?","?","E","$","R","BOSS","M","?","M","?","$","E","R","E","T","E","?","?","$","M","R","BOSS"],"items_purchased_type":["Card","Card","Card","Card","Card","Relic","Card","Relic","Card","Relic","Card","Card","Relic","Card","Potion"],"build_version":"2020-12-13","purchased_purges":3,"victory":true,"max_hp_per_floor":[70,70,70,75,75,75,75,75,75,75,75,75,75,75,75,75,75,75,75,75,75,75,75,75,75,75,75,75,75,85,85,85,85,85,85,85,85,85,85,85,85,85,85,85,85,85,85,85,85,85],"relic_stats":{"Regal Pillow":0,"counters":[20,83],"Mummified Hand":[28],"StoneCalendar":[59],"MealTicket":48,"Eternal Feather":35,"MawBank":36,"obtain_stats":[{"Girya":46,"Regal Pillow":40,"Pear":30,"NeowsBlessing":0,"Vajra":26,"StoneCalendar":7,"Eternal Feather":31,"MawBank":44,"Frozen Eye":39,"Anchor":24,"HornCleat":43,"Mummified Hand":27,"MealTicket":14,"Philosopher\u0027s Stone":34,"Coffee Dripper":17,"Red Mask":29,"Membership Card":21,"Toxic Egg 2":9,"Toy Ornithopter":28,"FossilizedHelix":42,"InkBottle":47,"Ring of the Snake":0},{"Girya":18,"Regal Pillow":15,"Pear":11,"NeowsBlessing":0,"Vajra":8,"StoneCalendar":2,"Eternal Feather":11,"MawBank":17,"Frozen Eye":14,"Anchor":8,"HornCleat":16,"Mummified Hand":9,"MealTicket":4,"Philosopher\u0027s Stone":12,"Coffee Dripper":5,"Red Mask":10,"Membership Card":7,"Toxic Egg 2":2,"Toy Ornithopter":9,"FossilizedHelix":16,"InkBottle":18,"Ring of the Snake":0},{"Girya":69,"Regal Pillow":54,"Pear":36,"NeowsBlessing":0,"Vajra":24,"StoneCalendar":2,"Eternal Feather":36,"MawBank":65,"Frozen Eye":49,"Anchor":24,"HornCleat":59,"Mummified Hand":30,"MealTicket":7,"Philosopher\u0027s Stone":43,"Coffee Dripper":14,"Red Mask":32,"Membership Card":20,"Toxic Egg 2":2,"Toy Ornithopter":30,"FossilizedHelix":59,"InkBottle":69,"Ring of the Snake":0}],"Toy Ornithopter":10,"InkBottle":[9],"Ring of the Snake":[40]},"card_choices":[{"not_picked":["Dagger Spray","Deadly Poison"],"picked":"Masterful Stab","floor":1},{"not_picked":["Underhanded Strike","Deflect"],"picked":"Predator","floor":7},{"not_picked":["Heel Hook","Prepared+1"],"picked":"Deadly Poison+1","floor":12},{"not_picked":["Deflect+1","Quick Slash"],"picked":"Skewer","floor":14},{"not_picked":["Glass Knife","Envenom"],"picked":"Phantasmal Killer+1","floor":16},{"not_picked":["Expertise+1","Masterful Stab"],"picked":"Prepared+1","floor":18},{"not_picked":["Calculated Gamble+1","Deflect+1"],"picked":"Blade Dance+1","floor":19},{"not_picked":["Expertise+1","Prepared+1"],"picked":"Noxious Fumes","floor":24},{"not_picked":["Finisher","Acrobatics+1"],"picked":"Crippling Poison+1","floor":27},{"not_picked":["Dodge and Roll+1","Acrobatics+1"],"picked":"Bullet Time+1","floor":29},{"not_picked":["Flying Knee","Underhanded Strike","Slice+1"],"picked":"SKIP","floor":30},{"not_picked":["Die Die Die","Phantasmal Killer+1"],"picked":"Burst+1","floor":33},{"not_picked":["Dodge and Roll+1","Backflip+1"],"picked":"Infinite Blades","floor":35},{"not_picked":["Poisoned Stab","Quick Slash"],"picked":"Finisher","floor":37},{"not_picked":["Noxious Fumes","Dagger Throw+1"],"picked":"Calculated Gamble+1","floor":40},{"not_picked":["Acrobatics+1","Infinite Blades"],"picked":"Bouncing Flask+1","floor":42},{"not_picked":["Deflect+1","Calculated Gamble+1"],"picked":"Flechettes","floor":44},{"not_picked":["Impatience+1","Swift Strike"],"picked":"Metamorphosis+1","floor":45},{"not_picked":["Bandage Up+1","Jack Of All Trades+1"],"picked":"Violence+1","floor":45},{"not_picked":["PanicButton+1","Good Instincts+1"],"picked":"The Bomb+1","floor":45},{"not_picked":["Poisoned Stab+1","Leg Sweep+1"],"picked":"Choke+1","floor":46},{"not_picked":["Dagger Spray+1","Outmaneuver+1","Prepared+1"],"picked":"SKIP","floor":48}],"player_experience":2088,"relics_obtained":[{"floor":7,"key":"StoneCalendar"},{"floor":9,"key":"Toxic Egg 2"},{"floor":14,"key":"MealTicket"},{"floor":24,"key":"Anchor"},{"floor":26,"key":"Vajra"},{"floor":27,"key":"Mummified Hand"},{"floor":29,"key":"Red Mask"},{"floor":30,"key":"Pear"},{"floor":40,"key":"Regal Pillow"},{"floor":42,"key":"FossilizedHelix"},{"floor":43,"key":"HornCleat"},{"floor":44,"key":"MawBank"},{"floor":46,"key":"Girya"}],"event_choices":[{"cards_removed":["Strike_G"],"damage_healed":0,"gold_gain":0,"player_choice":"Card Removal","damage_taken":7,"max_hp_gain":0,"max_hp_loss":0,"event_name":"Golden Wing","floor":3,"gold_loss":0},{"damage_healed":0,"gold_gain":0,"player_choice":"Donut","damage_taken":0,"max_hp_gain":5,"max_hp_loss":0,"event_name":"Big Fish","floor":4,"gold_loss":0},{"damage_healed":0,"gold_gain":175,"player_choice":"AGREE","damage_taken":0,"max_hp_gain":0,"max_hp_loss":0,"event_name":"Liars Game","floor":5,"gold_loss":0,"cards_obtained":["Doubt"]},{"damage_healed":0,"gold_gain":0,"player_choice":"Read","damage_taken":0,"max_hp_gain":0,"max_hp_loss":0,"event_name":"The Library","floor":20,"gold_loss":0,"cards_obtained":["Footwork"]},{"damage_healed":0,"gold_gain":0,"player_choice":"Simplicity","damage_taken":0,"max_hp_gain":0,"max_hp_loss":0,"event_name":"Back to Basics","floor":22,"gold_loss":0,"cards_upgraded":["Strike_G","Strike_G","Strike_G","Strike_G","Defend_G","Defend_G","Defend_G","Defend_G","Defend_G"]},{"damage_healed":0,"gold_gain":0,"player_choice":"Opened","damage_taken":0,"relics_obtained":["Toy Ornithopter"],"max_hp_gain":0,"max_hp_loss":0,"event_name":"The Mausoleum","floor":28,"gold_loss":0},{"damage_healed":0,"gold_gain":0,"player_choice":"Fought Bandits","damage_taken":0,"max_hp_gain":0,"max_hp_loss":0,"event_name":"Masked Bandits","floor":29,"gold_loss":0},{"cards_removed":["Strike_G"],"damage_healed":0,"gold_gain":0,"player_choice":"Removed Attack","damage_taken":0,"max_hp_gain":0,"max_hp_loss":0,"event_name":"Falling","floor":36,"gold_loss":0},{"damage_healed":0,"gold_gain":0,"player_choice":"Embrace Madness","damage_taken":11,"max_hp_gain":0,"max_hp_loss":0,"event_name":"Winding Halls","floor":38,"gold_loss":0,"cards_obtained":["Madness","Madness"]},{"damage_healed":0,"gold_gain":0,"player_choice":"Memory 3","damage_taken":10,"max_hp_gain":0,"max_hp_loss":0,"event_name":"SensoryStone","floor":45,"gold_loss":0},{"damage_healed":0,"gold_gain":0,"player_choice":"Fight","damage_taken":0,"max_hp_gain":0,"max_hp_loss":0,"event_name":"Mysterious Sphere","floor":46,"gold_loss":0}],"is_beta":false,"boss_relics":[{"not_picked":["Snecko Eye","SacredBark"],"picked":"Coffee Dripper"},{"not_picked":["Velvet Choker","Runic Dome"],"picked":"Philosopher\u0027s Stone"}],"items_purged_floors":[11,31,47],"is_endless":false,"potions_floor_spawned":[7,14,16,19,24,30,35,40,48],"ascension_level":0}}