{"host":"7qoz5gmva6til3yp","time":1612682740,"event":{"mods":["2.2 Compatiblity","Astrologer","BaseMod","Marisa£¨Ùöéë¡¡Øª×âÞÞ£©","Minty Spire (QoL Compilation)","StSLib","SuperFastMode"],"gold_per_floor":[112,126,301,376,82,82,100,134,161,173,173],"floor_reached":10,"language":"KOR","playtime":235,"items_purged":["Doubt"],"score":69,"play_id":"4eff5708-7dc6-4e85-af7c-04b53f0802d2","local_time":"20210207162540","is_ascension_mode":true,"campfire_choices":[{"data":"astrologer:TheFool","floor":6,"key":"SMITH"}],"circlet_count":0,"master_deck":["astrologer:Strike","astrologer:Strike","astrologer:Strike","astrologer:Strike","astrologer:Defend","astrologer:Defend","astrologer:Defend","astrologer:Defend","astrologer:NorthStar","astrologer:TheFool+1","astrologer:Sunrise","astrologer:Prismatic","astrologer:TheTower"],"relics":["astrologer:SkyMirror","Sling","Nunchaku","MawBank"],"acts_visited":["Exordium"],"potions_floor_usage":[8,10],"damage_taken":[{"damage":0,"enemies":"Jaw Worm","floor":1,"turns":3},{"damage":1,"enemies":"2 Louse","floor":2,"turns":2},{"damage":0,"enemies":"Small Slimes","floor":7,"turns":5},{"damage":32,"enemies":"Gremlin Nob","floor":8,"turns":4},{"damage":49,"enemies":"Lagavulin","floor":10,"turns":6}],"seed_played":"8771658713766519981","potions_obtained":[{"floor":1,"key":"Explosive Potion"},{"floor":2,"key":"SmokeBomb"},{"floor":8,"key":"Fire Potion"}],"is_trial":false,"path_per_floor":["M","M","?","?","$","R","M","E","T","E"],"character_chosen":"ASTROLOGER","items_purchased":["astrologer:Prismatic","Sling"],"campfire_rested":0,"item_purchase_floors":[5,5],"current_hp_per_floor":[77,76,76,65,65,65,65,33,33,0,0],"gold":173,"neow_bonus":"TEN_PERCENT_HP_BONUS","is_daily":false,"chose_seed":false,"campfire_upgraded":1,"win_rate":0.0,"timestamp":1612682740,"path_taken":["M","M","?","?","$","R","M","E","T","E"],"items_purchased_type":["Card","Relic"],"build_version":"2020-12-22","purchased_purges":1,"victory":false,"max_hp_per_floor":[77,77,77,77,77,77,77,77,77,77,77],"card_choices":[{"not_picked":["astrologer:TheHermit","astrologer:Stardust","astrologer:NeutronStar"],"picked":"SKIP","floor":1},{"not_picked":["astrologer:SolarFlare","astrologer:FadingStar"],"picked":"astrologer:Sunrise","floor":2},{"not_picked":["astrologer:StarOfChange","astrologer:TheDevil","astrologer:SolarFlare"],"picked":"SKIP","floor":7},{"not_picked":["astrologer:Quincunx","astrologer:Retelling"],"picked":"astrologer:TheTower","floor":8}],"player_experience":486289,"relics_obtained":[{"floor":8,"key":"Nunchaku"},{"floor":9,"key":"MawBank"}],"event_choices":[{"damage_healed":0,"gold_gain":175,"player_choice":"AGREE","damage_taken":0,"max_hp_gain":0,"max_hp_loss":0,"event_name":"Liars Game","floor":3,"gold_loss":0,"cards_obtained":["Doubt"]},{"damage_healed":0,"gold_gain":75,"player_choice":"Gather Gold","damage_taken":11,"max_hp_gain":0,"max_hp_loss":0,"event_name":"World of Goop","floor":4,"gold_loss":0}],"is_beta":false,"boss_relics":[],"items_purged_floors":[5],"is_endless":false,"potions_floor_spawned":[1,2,8],"killed_by":"Lagavulin","ascension_level":1}}