{"host":"51f0ad793vly1w6u","time":1612676311,"event":{"mods":["BaseMod","Colored Map","DeckTracker","Minty Spire (QoL Compilation)","Replay The Spire","StSLib","SuperFastMode"],"gold_per_floor":[117,133,145,161,161,161,187,112,162,177,77,77,77,12,12,114,114,132,142,142,160,80,80,114,133,185,198,213,245,245,268,268,367,367,380,380,390,405,418,450,450,462,462,496,546,214,228,228,228,228,228,228,37,63,63],"floor_reached":56,"language":"KOR","playtime":2753,"items_purged":["Strike_G","Strike_G","Defend_G"],"score":1280,"play_id":"27d15217-d7b1-4f51-ab72-e28ec8175267","local_time":"20210207143831","is_ascension_mode":true,"campfire_choices":[{"data":"Deadly Poison","floor":6,"key":"SMITH"},{"data":"Noxious Fumes","floor":13,"key":"SMITH"},{"floor":15,"key":"REST"},{"data":"Footwork","floor":23,"key":"SMITH"},{"data":"Bullet Time","floor":32,"key":"SMITH"},{"data":"Well Laid Plans","floor":41,"key":"SMITH"},{"floor":49,"key":"DIG"},{"data":"Malaise","floor":52,"key":"SMITH"},{"data":"Replay:Poison Smokescreen","floor":52,"key":"SMITH"}],"circlet_count":0,"master_deck":["Defend_G+1","Defend_G","Defend_G","Defend_G","Survivor","Neutralize","Corpse Explosion","Quick Slash","Deadly Poison+1","Noxious Fumes+1","Adrenaline","Poison Darts+1","Blur+1","Footwork+1","Bullet Time+1","Prepared+1","PiercingWail+1","Well Laid Plans+1","Replay:Poison Smokescreen+1","Malaise+1","Catalyst+1","Calculated Gamble+1","After Image+1","Acrobatics+1","Backflip+1","Dodge and Roll+1","Deflect+1","Footwork+1","Catalyst"],"relics":["Ring of the Snake","Garlic","Pen Nib","Oddly Smooth Stone","Painkiller Herb","ReplayTheSpireMod:Ninjato","PreservedInsect","Boot","ReplayTheSpireMod:Lightbulb","Astrolabe","Replay:Mystery Machine","Replay:Arrowhead","Thread and Needle","Girya","Lee\u0027s Waffle","ReplayFunnel","BargainBundle","Chameleon Ring"],"acts_visited":["Exordium","TheCity","TheBeyond","TheEnding"],"potions_floor_usage":[10,16,16,33,33,38,40,54,55,55],"damage_taken":[{"damage":0,"enemies":"Jaw Worm","floor":1,"turns":5},{"damage":0,"enemies":"Cultist","floor":2,"turns":4},{"damage":0,"enemies":"Small Slimes","floor":3,"turns":2},{"damage":7,"enemies":"Red Slaver","floor":4,"turns":4},{"damage":15,"enemies":"Replay:BlueRogue","floor":7,"turns":6},{"damage":0,"enemies":"Exordium Thugs","floor":10,"turns":3},{"damage":3,"enemies":"Slime Boss","floor":16,"turns":5},{"damage":0,"enemies":"3 Byrds","floor":18,"turns":2},{"damage":0,"enemies":"2 Thieves","floor":19,"turns":2},{"damage":9,"enemies":"Snake Plant","floor":21,"turns":3},{"damage":0,"enemies":"Replay:Snechameleon","floor":24,"turns":5},{"damage":2,"enemies":"Centurion and Healer","floor":25,"turns":3},{"damage":0,"enemies":"Shelled Parasite and Fungi","floor":27,"turns":4},{"damage":0,"enemies":"Cultist and Chosen","floor":28,"turns":4},{"damage":3,"enemies":"Book of Stabbing","floor":29,"turns":5},{"damage":0,"enemies":"Collector","floor":33,"turns":7},{"damage":13,"enemies":"3 Darklings","floor":35,"turns":3},{"damage":3,"enemies":"3 Shapes","floor":37,"turns":2},{"damage":8,"enemies":"Sphere and 2 Shapes","floor":38,"turns":3},{"damage":7,"enemies":"4 Shapes","floor":39,"turns":4},{"damage":0,"enemies":"Reptomancer","floor":40,"turns":5},{"damage":0,"enemies":"3 Darklings","floor":42,"turns":3},{"damage":0,"enemies":"Nemesis","floor":44,"turns":7},{"damage":0,"enemies":"Mind Bloom Boss Battle","floor":45,"turns":6},{"damage":1,"enemies":"Transient","floor":47,"turns":5},{"damage":0,"enemies":"Replay:Hell Engine","floor":50,"turns":9},{"damage":9,"enemies":"Shield and Spear","floor":54,"turns":4},{"damage":20,"enemies":"The Heart","floor":55,"turns":9}],"seed_played":"4798615068598667895","potions_obtained":[{"floor":2,"key":"Toxic Potion"},{"floor":3,"key":"LiquidBronze"},{"floor":5,"key":"GhostInAJar"},{"floor":5,"key":"BlessingOfTheForge"},{"floor":7,"key":"Poison Potion"},{"floor":10,"key":"SteroidPotion"},{"floor":21,"key":"PowerPotion"},{"floor":24,"key":"ColorlessPotion"},{"floor":27,"key":"CunningPotion"},{"floor":37,"key":"AttackPotion"},{"floor":39,"key":"Fire Potion"},{"floor":47,"key":"Milkshake"},{"floor":54,"key":"BlessingOfTheForge"}],"is_trial":false,"path_per_floor":["M","M","M","M","?","R","E","$","T","M","$","?","R","?","R","B",null,"?","?","?","?","T","T","E","?","T","?","?","E","?","T","T","B",null,"?","?","?","?","?","E","T","?","T","E","?","T","?","?","T","B",null,"T","T","E","B",null],"character_chosen":"THE_SILENT","items_purchased":["Footwork","Footwork+1","Lee\u0027s Waffle","BargainBundle","Catalyst","Block Potion"],"campfire_rested":1,"item_purchase_floors":[22,46,46,53,53,53],"current_hp_per_floor":[63,63,63,56,56,56,41,41,41,41,41,28,28,28,46,43,63,63,63,63,54,54,54,54,52,52,52,52,49,49,49,49,49,63,50,50,47,39,32,32,32,32,32,32,32,70,69,69,69,69,70,70,70,61,41],"gold":63,"neow_bonus":"THREE_RARE_CARDS","is_daily":false,"chose_seed":false,"campfire_upgraded":7,"win_rate":0.0,"timestamp":1612676311,"path_taken":["M","M","M","M","?","R","E","$","T","M","?","?","R","?","R","BOSS","?","?","?","?","?","T","E","?","T","?","?","E","?","?","T","BOSS","?","?","?","?","?","E","T","?","T","E","?","T","?","?","T","BOSS","T","T","E","BOSS"],"items_purchased_type":["Card","Card","Relic","Relic","Card","Potion"],"build_version":"2020-12-22","purchased_purges":3,"victory":true,"max_hp_per_floor":[63,63,63,63,63,63,63,63,63,63,63,63,63,63,63,63,63,63,63,63,63,63,63,63,63,63,63,63,63,63,63,63,63,63,63,63,63,63,63,63,63,63,63,63,63,70,70,70,70,70,70,70,70,70,70],"card_choices":[{"not_picked":["Die Die Die","After Image"],"picked":"Corpse Explosion","floor":0},{"not_picked":["Sucker Punch","Prepared"],"picked":"Quick Slash","floor":1},{"not_picked":["Blade Dance","Cloak And Dagger"],"picked":"Deadly Poison","floor":2},{"not_picked":["ReplayTheSpireMod:The Works","Slice","Underhanded Strike"],"picked":"SKIP","floor":3},{"not_picked":["Dodge and Roll","Acrobatics","Endless Agony"],"picked":"SKIP","floor":4},{"not_picked":["Backflip","Outmaneuver"],"picked":"Noxious Fumes","floor":7},{"not_picked":["Backstab","Draining Mist"],"picked":"Adrenaline","floor":10},{"not_picked":["Corpse Explosion","Glass Knife"],"picked":"Poison Darts","floor":16},{"not_picked":["Dagger Spray","Bane"],"picked":"Blur+1","floor":18},{"not_picked":["Bane+1","Infinite Blades","Acrobatics"],"picked":"SKIP","floor":19},{"not_picked":["Poisoned Stab","Blade Dance","Dagger Spray"],"picked":"SKIP","floor":21},{"not_picked":["Noxious Fumes","ReplayTheSpireMod:Exploit Weakness"],"picked":"Bullet Time","floor":24},{"not_picked":["Quick Slash","Flechettes"],"picked":"Prepared+1","floor":25},{"not_picked":["Quick Slash","Poisoned Stab"],"picked":"PiercingWail+1","floor":27},{"not_picked":["Flying Knee","Endless Agony+1"],"picked":"Well Laid Plans","floor":28},{"not_picked":["Accuracy","Dagger Spray"],"picked":"Replay:Poison Smokescreen","floor":29},{"not_picked":["After Image","Storm of Steel"],"picked":"Malaise","floor":33},{"not_picked":["Underhanded Strike","Bane","Dagger Spray+1"],"picked":"SKIP","floor":35},{"not_picked":["Infinite Blades+1","PiercingWail","Poisoned Stab+1"],"picked":"SKIP","floor":37},{"not_picked":["Hidden Blade+1","Bane"],"picked":"Acrobatics+1","floor":38},{"not_picked":["Hidden Blade","ReplayTheSpireMod:Exploit Weakness"],"picked":"Backflip+1","floor":39},{"not_picked":["Setup","Quick Slash+1","Deflect"],"picked":"SKIP","floor":40},{"not_picked":["Phantasmal Killer","Reflex+1"],"picked":"Dodge and Roll+1","floor":42},{"not_picked":["Dagger Throw","Hidden Blade"],"picked":"Deflect+1","floor":44},{"not_picked":["Flying Knee","Cloak And Dagger","Caltrops"],"picked":"SKIP","floor":47},{"not_picked":["Fluid Movement","Replay:Poison Smokescreen+1","Deflect"],"picked":"SKIP","floor":54}],"player_experience":1445377,"relics_obtained":[{"floor":7,"key":"Garlic"},{"floor":9,"key":"Pen Nib"},{"floor":24,"key":"ReplayTheSpireMod:Ninjato"},{"floor":26,"key":"PreservedInsect"},{"floor":29,"key":"Boot"},{"floor":31,"key":"ReplayTheSpireMod:Lightbulb"},{"floor":40,"key":"Replay:Mystery Machine"},{"floor":43,"key":"Replay:Arrowhead"},{"floor":44,"key":"Thread and Needle"},{"floor":45,"key":"Girya"},{"floor":49,"key":"ReplayFunnel"},{"floor":54,"key":"Chameleon Ring"}],"event_choices":[{"damage_healed":0,"gold_gain":0,"player_choice":"Got Potions","damage_taken":0,"max_hp_gain":0,"max_hp_loss":0,"event_name":"Lab","floor":5,"gold_loss":0},{"damage_healed":0,"gold_gain":0,"player_choice":"Entered Light","damage_taken":13,"max_hp_gain":0,"max_hp_loss":0,"event_name":"Shining Light","floor":12,"gold_loss":0,"cards_upgraded":["Strike_G","Defend_G"]},{"damage_healed":0,"gold_gain":0,"player_choice":"Paid Gold","damage_taken":0,"relics_obtained":["Oddly Smooth Stone"],"max_hp_gain":0,"max_hp_loss":0,"event_name":"WeMeetAgain","floor":14,"gold_loss":65},{"damage_healed":0,"gold_gain":0,"player_choice":"Upgraded","damage_taken":0,"max_hp_gain":0,"max_hp_loss":0,"event_name":"Upgrade Shrine","floor":20,"gold_loss":0,"cards_upgraded":["Poison Darts"]},{"damage_healed":0,"gold_gain":0,"player_choice":"Ignored","damage_taken":0,"max_hp_gain":0,"max_hp_loss":0,"event_name":"Vampires","floor":30,"gold_loss":0},{"damage_healed":0,"gold_gain":0,"player_choice":"Ignored","damage_taken":0,"max_hp_gain":0,"max_hp_loss":0,"event_name":"NoteForYourself","floor":36,"gold_loss":0},{"damage_healed":0,"gold_gain":0,"player_choice":"Fight","damage_taken":0,"max_hp_gain":0,"max_hp_loss":0,"event_name":"MindBloom","floor":45,"gold_loss":0},{"damage_healed":0,"gold_gain":0,"player_choice":"Ignored","damage_taken":0,"max_hp_gain":0,"max_hp_loss":0,"event_name":"Tomb of Lord Red Mask","floor":48,"gold_loss":0}],"is_beta":false,"boss_relics":[{"not_picked":["Ring of Chaos","Abe\u0027s Treasure"],"picked":"Painkiller Herb"},{"not_picked":["Tiny House","Ring of the Serpent"],"picked":"Astrolabe"}],"items_purged_floors":[8,11,46],"is_endless":false,"potions_floor_spawned":[2,3,7,10,21,24,25,27,29,37,39,47,54],"ascension_level":3}}