{"host":"xw7092rw7wabncmm","time":1612728571,"event":{"mods":["AchievementEnabler","BaseMod","Bestiary","Block Reminder","Minty Spire (QoL Compilation)","Quick Restart","Relic Stats","Slay-I","Weighted Paths"],"gold_per_floor":[114,131,144,144,124,124,149,149,149,149,149],"floor_reached":10,"language":"ENG","playtime":378,"items_purged":[],"score":132,"play_id":"ceb86946-ffb6-4c04-8e0f-3ae79b80f5ef","local_time":"20210207150931","is_ascension_mode":true,"campfire_choices":[{"floor":6,"key":"REST"},{"data":"Armaments","floor":8,"key":"SMITH"}],"circlet_count":0,"master_deck":["AscendersBane","Strike_R","Strike_R","Strike_R","Strike_R","Strike_R","Defend_R","Defend_R","Defend_R","Defend_R","Bash","Armaments","Armaments+1","Flex","Clothesline"],"relics":["Burning Blood","Toy Ornithopter","Ice Cream","Unceasing Top","Prayer Wheel"],"acts_visited":["Exordium"],"potions_floor_usage":[7,7],"damage_taken":[{"damage":6,"enemies":"Cultist","floor":1,"turns":3},{"damage":4,"enemies":"2 Louse","floor":2,"turns":4},{"damage":7,"enemies":"Small Slimes","floor":3,"turns":4},{"damage":15,"enemies":"Lagavulin","floor":7,"turns":6},{"damage":55,"enemies":"Gremlin Nob","floor":10,"turns":4}],"seed_played":"5149516086710921143","potions_obtained":[{"floor":2,"key":"GamblersBrew"},{"floor":5,"key":"CultistPotion"}],"is_trial":false,"path_per_floor":["M","M","M","?","?","R","E","R","T","E"],"character_chosen":"IRONCLAD","items_purchased":[],"campfire_rested":1,"item_purchase_floors":[],"current_hp_per_floor":[68,70,69,13,13,35,36,36,36,0,0],"gold":149,"neow_bonus":"RANDOM_COMMON_RELIC","is_daily":false,"chose_seed":false,"campfire_upgraded":1,"win_rate":0.0,"timestamp":1612728571,"path_taken":["M","?","M","?","?","R","E","R","T","E"],"items_purchased_type":[],"build_version":"2020-12-22","purchased_purges":0,"victory":false,"max_hp_per_floor":[75,75,75,75,75,75,75,75,75,75,75],"relic_stats":{"counters":[5,21],"Prayer Wheel":0,"obtain_stats":[{"Ice Cream":4,"Prayer Wheel":9,"Burning Blood":0,"Toy Ornithopter":0,"Unceasing Top":7},{"Ice Cream":3,"Prayer Wheel":4,"Burning Blood":0,"Toy Ornithopter":0,"Unceasing Top":4},{"Ice Cream":11,"Prayer Wheel":17,"Burning Blood":0,"Toy Ornithopter":0,"Unceasing Top":17}],"Burning Blood":24,"Toy Ornithopter":10,"Unceasing Top":[0]},"card_choices":[{"not_picked":["Cleave","Clothesline"],"picked":"Armaments","floor":1},{"not_picked":["Flex","Feel No Pain"],"picked":"Armaments","floor":2},{"not_picked":["Dark Embrace","Dual Wield"],"picked":"Flex","floor":3},{"not_picked":["Pommel Strike","Warcry"],"picked":"Clothesline","floor":7}],"player_experience":1604163,"relics_obtained":[{"floor":7,"key":"Unceasing Top"},{"floor":9,"key":"Prayer Wheel"}],"event_choices":[{"damage_healed":0,"gold_gain":0,"player_choice":"Success","damage_taken":56,"relics_obtained":["Ice Cream"],"max_hp_gain":0,"max_hp_loss":0,"event_name":"Scrap Ooze","floor":4,"gold_loss":0},{"damage_healed":0,"gold_gain":0,"player_choice":"Bought 1 Potion","damage_taken":0,"max_hp_gain":0,"max_hp_loss":0,"event_name":"The Woman in Blue","floor":5,"gold_loss":0}],"is_beta":false,"boss_relics":[],"items_purged_floors":[],"is_endless":false,"potions_floor_spawned":[2],"killed_by":"Gremlin Nob","ascension_level":20}}