{"host":"l1bfbgeb3oxa8ieg","time":1612659654,"event":{"mods":["AlwaysNeverKeys","Aspiration","BaseMod","Beaked The Cultist","Better Third Choice","BetterRewards","Colored Powertips","Conspire","Downfall","Friendly Minions","Infinite Spire","Minty Spire (QoL Compilation)","Replay The Spire","Spikes Relics","StSLib","The Construct","The Cursed","The Disciple","The Necromancer","The Servant 0.9.4","Unceasing Turn Reminder","UnlockEverythingMod"],"gold_per_floor":[115,43,62,75,75,75,113,113,113,113,150,150,150,169,169,278,278,271,292,342,353,353,278,278,278,278,278,319,319,319],"floor_reached":29,"language":"ENG","playtime":2620,"items_purged":["Starlight"],"score":249,"play_id":"50932c7e-7576-4b35-8fdc-1b5ee9eea8c2","local_time":"20210207020054","is_ascension_mode":false,"campfire_choices":[{"data":"SilverBlades","floor":6,"key":"SMITH"},{"data":"ReturningBlade","floor":8,"key":"SMITH"},{"data":"Initiator","floor":15,"key":"SMITH"},{"data":"MurderousAura","floor":24,"key":"SMITH"},{"data":"Pray","floor":27,"key":"SMITH"}],"circlet_count":0,"master_deck":["Strike_S","Strike_S","Strike_S","Strike_S","Defend_S","Defend_S","Defend_S","Defend_S","KidneyShot","Exchange","InstantArmor","SilverBlades+1","ReturningBlade+1","Initiator+1","FanOfKnives","MurderousAura+1","Pray+1","DeceiveReality","Buffer"],"relics":["Uniform","NeowsBlessing","CeramicFish","infinitespire:Eraser","beaked:ShinyBauble","Blue Doll","aspiration:WatcherSkillbook","PrismaticShard","conspire:DeflatedDodgeball","GiantMaggot","RoseTintedShades"],"acts_visited":["Exordium","TheCity"],"potions_floor_usage":[16],"damage_taken":[{"damage":0,"enemies":"conspire:RoseBush","floor":1,"turns":1},{"damage":0,"enemies":"Jaw Worm","floor":3,"turns":1},{"damage":0,"enemies":"2 Louse","floor":4,"turns":1},{"damage":13,"enemies":"Gremlin Nob","floor":7,"turns":5},{"damage":10,"enemies":"Lagavulin","floor":11,"turns":7},{"damage":6,"enemies":"Gremlin Gang","floor":14,"turns":4},{"damage":24,"enemies":"The Guardian","floor":16,"turns":8},{"damage":14,"enemies":"2 Thieves","floor":18,"turns":4},{"damage":6,"enemies":"Chosen","floor":19,"turns":6},{"damage":7,"enemies":"Snecko","floor":21,"turns":4},{"damage":9,"enemies":"conspire:Head Lice","floor":28,"turns":8},{"damage":23,"enemies":"Shelled Parasite and Fungi","floor":29,"turns":2}],"seed_played":"2295379300721126722","potions_obtained":[{"floor":4,"key":"AttackPotion"},{"floor":11,"key":"Languid Potion"},{"floor":14,"key":"bronze:BurnAndBuffPotion"},{"floor":28,"key":"ColorlessPotion"}],"is_trial":false,"path_per_floor":["M","$","M","M","?","R","E","R","T","?","E","?","$","M","R","B",null,"M","M","?","M","?","$","R","T","T","R","E","M"],"character_chosen":"THE_SERVANT","items_purchased":["SilverBlades"],"campfire_rested":0,"item_purchase_floors":[2],"current_hp_per_floor":[65,65,65,65,65,65,52,52,52,52,42,42,42,36,36,12,65,51,45,45,38,30,30,30,30,30,30,21,0,0],"gold":319,"neow_bonus":"THREE_ENEMY_KILL","is_daily":false,"chose_seed":false,"campfire_upgraded":5,"win_rate":0.0,"timestamp":1612659654,"path_taken":["M","$","?","M","?","R","E","R","T","?","E","?","$","?","R","BOSS","M","?","?","?","?","$","R","?","T","R","E","M"],"items_purchased_type":["Card"],"build_version":"2020-12-22","purchased_purges":1,"victory":false,"max_hp_per_floor":[65,65,65,65,65,65,65,65,65,65,65,65,65,65,65,65,65,65,65,65,65,65,65,65,65,65,65,65,65,65],"card_choices":[{"not_picked":["Rearm","Read"],"picked":"InstantArmor","floor":1},{"not_picked":["ShatteredReality","Unruled","Rearm"],"picked":"SKIP","floor":3},{"not_picked":["ShatteredReality","Sabotage"],"picked":"Starlight","floor":4},{"not_picked":["Replace","ShiftingGears"],"picked":"ReturningBlade","floor":7},{"not_picked":["FastForward","DualDimension"],"picked":"Initiator","floor":11},{"not_picked":["Desolation","Alleviate"],"picked":"FanOfKnives","floor":14},{"not_picked":["Sunlight","ForgedInTime"],"picked":"MurderousAura","floor":16},{"not_picked":["SurpressingFire+1","ForeignInfluence+1","FlurryOfBlows"],"picked":"Pray","floor":18},{"not_picked":["EmptyFist","FlurryOfBlows","DualDimension"],"picked":"DeceiveReality","floor":19},{"not_picked":["Replay:ManipulateFuture+1","LikeWater","WindmillStrike","ReturningBlade"],"picked":"SKIP","floor":21},{"not_picked":["Barricade","champ:EnGarde","construct:LaserCore+1"],"picked":"Buffer","floor":28}],"player_experience":244457,"relics_obtained":[{"floor":7,"key":"CeramicFish"},{"floor":9,"key":"infinitespire:Eraser"},{"floor":11,"key":"beaked:ShinyBauble"},{"floor":22,"key":"PrismaticShard"},{"floor":25,"key":"conspire:DeflatedDodgeball"},{"floor":26,"key":"GiantMaggot"},{"floor":28,"key":"RoseTintedShades"}],"event_choices":[{"damage_healed":0,"gold_gain":0,"player_choice":"Ignored","damage_taken":0,"max_hp_gain":0,"max_hp_loss":0,"event_name":"Golden Idol","floor":5,"gold_loss":0},{"damage_healed":0,"gold_gain":0,"player_choice":"Gave Potion","damage_taken":0,"relics_obtained":["Blue Doll"],"max_hp_gain":0,"max_hp_loss":0,"event_name":"WeMeetAgain","floor":12,"gold_loss":0},{"damage_healed":0,"gold_gain":100,"player_choice":"Bet on Murderer","damage_taken":0,"max_hp_gain":0,"max_hp_loss":0,"event_name":"The Joust","floor":20,"gold_loss":50}],"is_beta":false,"boss_relics":[{"not_picked":["ReplayTheSpireMod:DimensionalGlitch","Ring of Chaos"],"picked":"aspiration:WatcherSkillbook"}],"items_purged_floors":[23],"is_endless":false,"potions_floor_spawned":[4,11,14,28],"killed_by":"Shelled Parasite and Fungi","ascension_level":0}}