{"host":"gbbz8f5svnnpwo8d","time":1612707243,"event":{"mods":["AchievementEnabler","AlwaysNeverKeys","BaseMod","Bestiary","Better Altar","Better Match","Better Note","Better Sensory Stone","Better Silent Start","Better Skull","Better Third Choice","Better Vampires","Better-Laid Plans","BetterRewards","Block Reminder","Bossed Relics","Colored Map","Colored Powertips","Curses Come First","Dark Map","Displayed Cursed Tome","GifTheSpireLib","Minty Spire (QoL Compilation)","MonsterHotkey","Permanent Neow","Potion Indicator Mod","Quick Restart","Random Character Button","Rare Cards Sparkle","Relic Stats","Shop Mod","Spicy Shops","Spire Birthday Party","StSLib","Transform Curses"],"gold_per_floor":[117,117,117,91,17,17,17,17,17,33,52,52,70,90,90,188,188,158,158,21,21,21,21,21,21,21,21,21,21,21,21,21,21,21,21,21,21,21,21,21,21,21,21,21,21,21,21,21,21,21,21,21,21,21,21,21],"floor_reached":55,"language":"ENG","playtime":8567,"items_purged":[],"score":876,"play_id":"fcd7fb73-34e2-4861-97bc-4ff20eaedfa0","local_time":"20210207071403","is_ascension_mode":false,"campfire_choices":[{"floor":6.0,"key":"DIG"},{"floor":8.0,"key":"REST"},{"floor":12.0,"key":"DIG"},{"data":"Rage","floor":15.0,"key":"SMITH"},{"floor":24.0,"key":"DIG"},{"data":"Double Tap","floor":32.0,"key":"SMITH"},{"floor":40.0,"key":"DIG"},{"floor":42.0,"key":"DIG"},{"floor":44.0,"key":"REST"},{"floor":49.0,"key":"DIG"},{"data":"Demon Form","floor":52.0,"key":"SMITH"}],"circlet_count":0,"master_deck":["Strike_R","Strike_R","Strike_R+1","Strike_R","Strike_R+1","Defend_R+1","Defend_R","Defend_R+1","Bash","Deep Breath+1","Flex+1","Rage+1","Impervious","Flex+1","Bludgeon","Spot Weakness+1","Thunderclap","Double Tap+1","Heavy Blade+1","Demon Form+1","Thunderclap+1","Finesse","Dramatic Entrance+1","Rage+1","Impervious","Shrug It Off+1","Rage+1","Sword Boomerang+1","Anger+1","Sword Boomerang+1"],"relics":["Burning Blood","Shovel","Sling","betterThird:SlimedRelic","Bag of Preparation","Pantograph","PreservedInsect","Sundial","Incense Burner","Ectoplasm","Blood Vial","Molten Egg 2","Ancient Tea Set","Nloth\u0027s Gift","Sozu","Art of War","Toxic Egg 2","Mummified Hand","Unceasing Top","Orichalcum","Whetstone"],"acts_visited":["Exordium","TheCity","TheBeyond","TheEnding"],"potions_floor_usage":[55],"damage_taken":[{"damage":0.0,"enemies":"2 Louse","floor":1.0,"turns":4.0},{"damage":2.0,"enemies":"Small Slimes","floor":10.0,"turns":3.0},{"damage":5.0,"enemies":"Jaw Worm","floor":11.0,"turns":4.0},{"damage":0.0,"enemies":"2 Fungi Beasts","floor":13.0,"turns":4.0},{"damage":4.0,"enemies":"Lots of Slimes","floor":14.0,"turns":6.0},{"damage":50.0,"enemies":"Slime Boss","floor":16.0,"turns":20.0},{"damage":10.0,"enemies":"2 Thieves","floor":18.0,"turns":4.0},{"damage":25.0,"enemies":"Spheric Guardian","floor":19.0,"turns":6.0},{"damage":6.0,"enemies":"Snake Plant","floor":21.0,"turns":3.0},{"damage":7.0,"enemies":"Snecko","floor":22.0,"turns":5.0},{"damage":10.0,"enemies":"Gremlin Leader","floor":23.0,"turns":4.0},{"damage":7.0,"enemies":"Slavers","floor":25.0,"turns":2.0},{"damage":4.0,"enemies":"3 Cultists","floor":28.0,"turns":5.0},{"damage":9.0,"enemies":"Shelled Parasite and Fungi","floor":29.0,"turns":3.0},{"damage":12.0,"enemies":"Centurion and Healer","floor":31.0,"turns":5.0},{"damage":69.0,"enemies":"Collector","floor":33.0,"turns":7.0},{"damage":18.0,"enemies":"3 Darklings","floor":35.0,"turns":6.0},{"damage":10.0,"enemies":"3 Shapes","floor":39.0,"turns":3.0},{"damage":32.0,"enemies":"Spire Growth","floor":41.0,"turns":5.0},{"damage":0.0,"enemies":"4 Shapes","floor":45.0,"turns":2.0},{"damage":3.0,"enemies":"Mind Bloom Boss Battle","floor":46.0,"turns":5.0},{"damage":50.0,"enemies":"Transient","floor":47.0,"turns":5.0},{"damage":0.0,"enemies":"3 Darklings","floor":48.0,"turns":3.0},{"damage":14.0,"enemies":"Donu and Deca","floor":50.0,"turns":8.0},{"damage":27,"enemies":"Shield and Spear","floor":54,"turns":4},{"damage":86,"enemies":"The Heart","floor":55,"turns":9}],"seed_played":"-2127030320651637196","potions_obtained":[{"floor":1.0,"key":"PowerPotion"},{"floor":14.0,"key":"DistilledChaos"},{"floor":16.0,"key":"Explosive Potion"},{"floor":21.0,"key":"Block Potion"},{"floor":22.0,"key":"Strength Potion"},{"floor":28.0,"key":"Fruit Juice"},{"floor":31.0,"key":"BlessingOfTheForge"}],"is_trial":false,"path_per_floor":["M","?","?","?","$","R","?","R","T","M","M","R","M","M","R","B",null,"M","M","$","M","M","E","R","E","T","?","M","M","?","M","R","B",null,"M","?","?","?","M","R","M","R","T","R","M","?","M","M","R","B",null,"R","$","E","B"],"character_chosen":"IRONCLAD","items_purchased":["Deep Breath","Sling","Bag of Preparation","Bludgeon"],"campfire_rested":2,"item_purchase_floors":[0,0,5,20],"current_hp_per_floor":[62,62,46,35,35,35,35,59,59,63,64,64,70,72,72,36,80,76,57,57,57,56,52,52,53,53,53,62,61,61,57,57,21,85,73,73,73,73,71,71,47,47,47,72,80,85,41,49,49,68,85,85,85,64,0,0],"gold":21,"neow_bonus":"","is_daily":false,"chose_seed":false,"campfire_upgraded":3,"win_rate":0.0,"timestamp":1612707243,"path_taken":["M","?","?","?","?","R","?","R","T","?","M","R","M","M","R","BOSS","M","M","$","M","M","E","R","E","T","?","M","?","?","M","R","BOSS","M","?","?","?","M","R","?","R","T","R","M","?","M","M","R","BOSS","R","$","E","BOSS"],"items_purchased_type":["Card","Relic","Relic","Card"],"build_version":"2020-12-22","purchased_purges":0,"victory":false,"max_hp_per_floor":[80,80,80,80,80,80,80,80,80,80,80,80,80,80,80,80,80,80,80,80,80,80,80,80,80,80,80,85,85,85,85,85,85,85,85,85,85,85,85,85,85,85,85,85,85,85,85,85,85,85,85,85,85,85,85,85],"relic_stats":{"counters":[250,1063],"PreservedInsect":150,"Bag of Preparation":[50],"Whetstone":["Strike_R","Strike_R"],"Orichalcum":[6],"Burning Blood":1305,"Blood Vial":24,"Sozu":3,"Shovel":6,"Sundial":[34],"Mummified Hand":[7],"Pantograph":80,"Ectoplasm":460,"Nloth\u0027s Gift":6,"Art of War":[2],"obtain_stats":[{"Whetstone":6,"Ginger":0,"Boot":14,"Sling":0,"Old Coin":22,"Blood Vial":25,"Sundial":9,"MealTicket":37,"Fusion Hammer":34,"Kunai":29,"Runic Cube":17,"MerchantsRug":0,"Pear":46,"Eternal Feather":52,"Pen Nib":54,"Akabeko":32,"SlaversCollar":17,"Bird Faced Urn":0,"Mark of Pain":34,"StrikeDummy":54,"Unceasing Top":46,"Lantern":44,"Regal Pillow":28,"Magic Flower":7,"StoneCalendar":37,"Bag of Preparation":44,"Ancient Tea Set":0,"Cursed Key":34,"Burning Blood":0,"Shovel":0,"Toolbox":2,"WingedGreaves":13,"Chemical X":0,"InkBottle":27,"Paper Frog":13,"Potion Belt":43,"Lee\u0027s Waffle":30,"Self Forming Clay":40,"Golden Idol":4,"Thread and Needle":22,"PreservedInsect":31,"The Courier":48,"Omamori":12,"Frozen Egg 2":9,"MawBank":29,"Busted Crown":17,"Ornamental Fan":41,"Bloody Idol":25,"betterThird:SlimedRelic":12,"Ectoplasm":17,"Art of War":9,"Bottled Lightning":49,"Champion Belt":53,"Toy Ornithopter":22,"Ice Cream":0,"Calipers":37,"Gremlin Horn":25,"CeramicFish":44,"Vajra":0,"Sozu":17,"Centennial Puzzle":48,"Lizard Tail":0,"HornCleat":53,"DollysMirror":53,"Strawberry":53,"Prayer Wheel":6,"Toxic Egg 2":26,"Girya":0,"Happy Flower":26,"Astrolabe":17,"Oddly Smooth Stone":53,"Charon\u0027s Ashes":53,"Letter Opener":53,"War Paint":41,"Question Card":30,"Shuriken":41,"Bronze Scales":42,"Molten Egg 2":43,"Nloth\u0027s Gift":21,"Meat on the Bone":24,"Darkstone Periapt":48,"reliquary:Firecrackers":43,"Black Blood":17,"Mango":9,"Incense Burner":0,"Juzu Bracelet":8,"PrismaticShard":0,"ClockworkSouvenir":45,"Nunchaku":23,"Mummified Hand":0,"Gambling Chip":40,"Pantograph":52,"Tiny Chest":31,"reliquary:RoseTintedGlasses":45,"Red Mask":45,"Red Skull":27,"Odd Mushroom":13,"Orichalcum":0,"Medical Kit":0,"White Beast Statue":54,"Peace Pipe":0,"Anchor":0,"reliquary:TuningFork":31,"Bag of Marbles":44,"Membership Card":0,"TungstenRod":9,"FossilizedHelix":26},{"Whetstone":4,"Ginger":51,"Boot":83,"Sling":224,"Old Coin":157,"Blood Vial":133,"Sundial":225,"MealTicket":91,"Fusion Hammer":219,"Kunai":66,"Runic Cube":155,"MerchantsRug":0,"Pear":19,"Eternal Feather":76,"Pen Nib":23,"Akabeko":136,"SlaversCollar":104,"Bird Faced Urn":0,"Mark of Pain":14,"StrikeDummy":50,"Unceasing Top":245,"Lantern":73,"Regal Pillow":160,"Magic Flower":125,"StoneCalendar":43,"Bag of Preparation":73,"Ancient Tea Set":97,"Cursed Key":113,"Burning Blood":0,"Shovel":24,"Toolbox":148,"WingedGreaves":127,"Chemical X":147,"InkBottle":11,"Paper Frog":32,"Potion Belt":19,"Lee\u0027s Waffle":66,"Self Forming Clay":45,"Golden Idol":99,"Thread and Needle":184,"PreservedInsect":40,"The Courier":75,"Omamori":82,"Frozen Egg 2":177,"MawBank":134,"Busted Crown":8,"Ornamental Fan":141,"Bloody Idol":133,"betterThird:SlimedRelic":152,"Ectoplasm":230,"Art of War":30,"Bottled Lightning":48,"Champion Belt":120,"Toy Ornithopter":63,"Ice Cream":0,"Calipers":70,"Gremlin Horn":38,"CeramicFish":46,"Vajra":78,"Sozu":84,"Centennial Puzzle":48,"Lizard Tail":147,"HornCleat":145,"DollysMirror":49,"Strawberry":95,"Prayer Wheel":124,"Toxic Egg 2":65,"Girya":24,"Happy Flower":11,"Astrolabe":129,"Oddly Smooth Stone":49,"Charon\u0027s Ashes":49,"Letter Opener":22,"War Paint":141,"Question Card":40,"Shuriken":72,"Bronze Scales":46,"Molten Egg 2":195,"Nloth\u0027s Gift":213,"Meat on the Bone":38,"Darkstone Periapt":198,"reliquary:Firecrackers":46,"Black Blood":61,"Mango":126,"Incense Burner":0,"Juzu Bracelet":5,"PrismaticShard":97,"ClockworkSouvenir":46,"Nunchaku":108,"Mummified Hand":51,"Gambling Chip":18,"Pantograph":49,"Tiny Chest":67,"reliquary:RoseTintedGlasses":46,"Red Mask":73,"Red Skull":38,"Odd Mushroom":7,"Orichalcum":173,"Medical Kit":201,"White Beast Statue":121,"Peace Pipe":78,"Anchor":97,"reliquary:TuningFork":40,"Bag of Marbles":73,"Membership Card":24,"TungstenRod":5,"FossilizedHelix":38},{"Whetstone":13,"Ginger":247,"Boot":387,"Sling":928,"Old Coin":684,"Blood Vial":586,"Sundial":932,"MealTicket":418,"Fusion Hammer":906,"Kunai":297,"Runic Cube":677,"MerchantsRug":0,"Pear":113,"Eternal Feather":362,"Pen Nib":150,"Akabeko":601,"SlaversCollar":463,"Bird Faced Urn":0,"Mark of Pain":80,"StrikeDummy":240,"Unceasing Top":1034,"Lantern":342,"Regal Pillow":689,"Magic Flower":554,"StoneCalendar":215,"Bag of Preparation":342,"Ancient Tea Set":443,"Cursed Key":500,"Burning Blood":0,"Shovel":164,"Toolbox":654,"WingedGreaves":559,"Chemical X":651,"InkBottle":58,"Paper Frog":181,"Potion Belt":113,"Lee\u0027s Waffle":297,"Self Forming Clay":222,"Golden Idol":448,"Thread and Needle":779,"PreservedInsect":207,"The Courier":351,"Omamori":385,"Frozen Egg 2":746,"MawBank":592,"Busted Crown":41,"Ornamental Fan":616,"Bloody Idol":586,"betterThird:SlimedRelic":668,"Ectoplasm":969,"Art of War":178,"Bottled Lightning":231,"Champion Belt":527,"Toy Ornithopter":286,"Ice Cream":0,"Calipers":328,"Gremlin Horn":201,"CeramicFish":226,"Vajra":375,"Sozu":393,"Centennial Puzzle":231,"Lizard Tail":651,"HornCleat":636,"DollysMirror":237,"Strawberry":433,"Prayer Wheel":547,"Toxic Egg 2":294,"Girya":164,"Happy Flower":58,"Astrolabe":570,"Oddly Smooth Stone":237,"Charon\u0027s Ashes":237,"Letter Opener":139,"War Paint":616,"Question Card":207,"Shuriken":337,"Bronze Scales":226,"Molten Egg 2":824,"Nloth\u0027s Gift":881,"Meat on the Bone":201,"Darkstone Periapt":834,"reliquary:Firecrackers":226,"Black Blood":277,"Mango":557,"Incense Burner":0,"Juzu Bracelet":21,"PrismaticShard":443,"ClockworkSouvenir":226,"Nunchaku":476,"Mummified Hand":247,"Gambling Chip":108,"Pantograph":237,"Tiny Chest":305,"reliquary:RoseTintedGlasses":226,"Red Mask":342,"Red Skull":201,"Odd Mushroom":29,"Orichalcum":736,"Medical Kit":849,"White Beast Statue":534,"Peace Pipe":375,"Anchor":443,"reliquary:TuningFork":207,"Bag of Marbles":342,"Membership Card":164,"TungstenRod":21,"FossilizedHelix":201}],"Unceasing Top":[22]},"card_choices":[{"not_picked":["Clash","Dropkick"],"picked":"Flex","floor":1.0},{"not_picked":["Thunderclap","Dual Wield","Headbutt"],"picked":"SKIP","floor":10.0},{"not_picked":["Iron Wave","Offering"],"picked":"Rage","floor":11.0},{"not_picked":["Intimidate","Shrug It Off","Rupture"],"picked":"SKIP","floor":13.0},{"not_picked":["Rupture","True Grit","Shrug It Off"],"picked":"SKIP","floor":14.0},{"not_picked":["Barricade","Berserk"],"picked":"Impervious","floor":16.0},{"not_picked":["Burning Pact","Rupture"],"picked":"Flex+1","floor":18.0},{"not_picked":["Headbutt+1","Perfected Strike","Reaper"],"picked":"SKIP","floor":19.0},{"not_picked":["Wild Strike+1","Flame Barrier+1"],"picked":"Spot Weakness+1","floor":21.0},{"not_picked":["Twin Strike+1","True Grit","Combust"],"picked":"SKIP","floor":22.0},{"not_picked":["Flex","Dark Embrace"],"picked":"Thunderclap","floor":23.0},{"not_picked":["Body Slam+1","Flex"],"picked":"Double Tap","floor":25.0},{"not_picked":["Headbutt+1","Flex"],"picked":"Heavy Blade+1","floor":28.0},{"not_picked":["Brutality","Corruption","Wild Strike+1"],"picked":"SKIP","floor":29.0},{"not_picked":["Havoc+1","Fiend Fire+1","Searing Blow+1"],"picked":"SKIP","floor":31.0},{"not_picked":["Feed+1","Corruption"],"picked":"Demon Form","floor":33.0},{"not_picked":["Pommel Strike+1","Perfected Strike+1"],"picked":"Thunderclap+1","floor":35.0},{"not_picked":["Bandage Up","Jack Of All Trades"],"picked":"Finesse","floor":37.0},{"not_picked":["Mayhem","Chrysalis"],"picked":"Dramatic Entrance+1","floor":37.0},{"not_picked":["Heavy Blade+1","Havoc+1"],"picked":"Impervious","floor":39.0},{"not_picked":["Demon Form","Disarm+1"],"picked":"Shrug It Off+1","floor":41.0},{"not_picked":["Sword Boomerang+1","Bludgeon+1"],"picked":"Rage+1","floor":45.0},{"not_picked":["Perfected Strike+1","Armaments+1"],"picked":"Sword Boomerang+1","floor":46.0},{"not_picked":["Headbutt+1","Reckless Charge+1","Perfected Strike+1"],"picked":"SKIP","floor":47.0},{"not_picked":["Flex+1","True Grit+1"],"picked":"Anger+1","floor":48.0},{"not_picked":["Berserk","Heavy Blade+1"],"picked":"Sword Boomerang+1","floor":54}],"player_experience":3723292,"relics_obtained":[{"floor":6.0,"key":"Pantograph"},{"floor":9.0,"key":"Sundial"},{"floor":12.0,"key":"Incense Burner"},{"floor":23.0,"key":"Blood Vial"},{"floor":24.0,"key":"Molten Egg 2"},{"floor":25.0,"key":"War Paint"},{"floor":26.0,"key":"Ancient Tea Set"},{"floor":40.0,"key":"Art of War"},{"floor":42.0,"key":"Toxic Egg 2"},{"floor":43.0,"key":"Mummified Hand"},{"floor":46.0,"key":"Unceasing Top"},{"floor":49.0,"key":"Orichalcum"},{"floor":54,"key":"Whetstone"}],"event_choices":[{"damage_healed":0.0,"max_hp_gain":0.0,"max_hp_loss":0.0,"gold_gain":0.0,"event_name":"Living Wall","player_choice":"Grow","floor":2.0,"gold_loss":0.0,"damage_taken":0.0,"cards_upgraded":["Flex"]},{"damage_healed":62.0,"max_hp_gain":0.0,"max_hp_loss":80.0,"gold_gain":0.0,"event_name":"betterThird:BetterShining","player_choice":"Upgrade","floor":3.0,"gold_loss":0.0,"damage_taken":16.0,"cards_upgraded":["Defend_R","Defend_R"]},{"damage_healed":0.0,"max_hp_gain":0.0,"max_hp_loss":0.0,"gold_gain":0.0,"event_name":"betterThird:BetterGoop","player_choice":"Slimed","floor":4.0,"gold_loss":26.0,"damage_taken":11.0},{"damage_healed":0.0,"max_hp_gain":0.0,"max_hp_loss":0.0,"gold_gain":0.0,"event_name":"WeMeetAgain","player_choice":"Gave Potion","floor":7.0,"gold_loss":0.0,"damage_taken":0.0,"relics_obtained":["PreservedInsect"]},{"damage_healed":0.0,"max_hp_gain":0.0,"max_hp_loss":0.0,"gold_gain":0.0,"event_name":"N\u0027loth","player_choice":"Traded Relic","floor":27.0,"relics_lost":["War Paint"],"gold_loss":0.0,"damage_taken":0.0,"relics_obtained":["Nloth\u0027s Gift"]},{"cards_removed":["Strike_R"],"damage_healed":0.0,"max_hp_gain":0.0,"max_hp_loss":0.0,"gold_gain":0.0,"event_name":"betterNote:BetterNote","player_choice":"Give","floor":30.0,"gold_loss":0.0,"damage_taken":0.0,"cards_obtained":["Strike_B"]},{"cards_removed":["Defend_R"],"damage_healed":0.0,"max_hp_gain":0.0,"max_hp_loss":0.0,"gold_gain":0.0,"event_name":"Falling","player_choice":"Removed Skill","floor":36.0,"gold_loss":0.0,"damage_taken":0.0},{"damage_healed":0.0,"max_hp_gain":0.0,"max_hp_loss":0.0,"gold_gain":3.0,"event_name":"betterStone:BetterStone","player_choice":"1","floor":37.0,"gold_loss":0.0,"damage_taken":0.0},{"damage_healed":0.0,"max_hp_gain":0.0,"max_hp_loss":0.0,"gold_gain":0.0,"event_name":"Duplicator","player_choice":"Copied","floor":38.0,"gold_loss":0.0,"damage_taken":0.0,"cards_obtained":["Rage"]},{"damage_healed":0.0,"max_hp_gain":0.0,"max_hp_loss":0.0,"gold_gain":0.0,"event_name":"MindBloom","player_choice":"Fight","floor":46.0,"gold_loss":0.0,"damage_taken":0.0}],"is_beta":false,"boss_relics":[{"not_picked":["Calling Bell","Snecko Eye"],"picked":"Ectoplasm"},{"not_picked":["Mark of Pain","Philosopher\u0027s Stone"],"picked":"Sozu"}],"items_purged_floors":[],"is_endless":false,"potions_floor_spawned":[1,14,16,21,22,28,31,35,46,48],"killed_by":"The Heart","ascension_level":0}}