{"host":"yans4pr1zf0lm9bx","time":1612717071,"event":{"mods":["AchievementEnabler","Act Like it!","BaseMod","Hallownest","Minty Spire (QoL Compilation)","Replay The Spire","StSLib","SuperFastMode","The Bug Knight"],"gold_per_floor":[20,20,44,44,74,74,58,70,70],"floor_reached":8,"language":"ENG","playtime":584,"items_purged":[],"score":48,"play_id":"3f9c2ab8-a2f4-4c51-87d3-056c50a85954","local_time":"20210207115751","is_ascension_mode":true,"campfire_choices":[{"data":"HollowMod:SoulEater","floor":6,"key":"SMITH"}],"circlet_count":0,"master_deck":["HollowMod:NailStrikeStart","HollowMod:NailStrikeStart","HollowMod:QuickDashStart+1","HollowMod:QuickDashStart","HollowMod:QuickDashStart","HollowMod:QuickDashStart+1","HollowMod:FocusHealStart","HollowMod:PogoStrike","HollowMod:SoulEater+1","HollowMod:VengefulVoid","HollowMod:BlackTendrils"],"relics":["HollowMod:VesselMask","Replay:Bandana"],"acts_visited":["Exordium"],"potions_floor_usage":[8,8],"damage_taken":[{"damage":7,"enemies":"Jaw Worm","floor":1,"turns":6},{"damage":11,"enemies":"2 Louse","floor":3,"turns":5},{"damage":0,"enemies":"Small Slimes","floor":5,"turns":5},{"damage":0,"enemies":"Looter","floor":7,"turns":4},{"damage":73,"enemies":"Lagavulin","floor":8,"turns":15}],"seed_played":"-267839229954565176","potions_obtained":[{"floor":1,"key":"DuplicationPotion"},{"floor":3,"key":"Block Potion"},{"floor":5,"key":"EssenceOfSteel"}],"is_trial":false,"path_per_floor":["M","?","M","?","M","R","M","E"],"character_chosen":"THE_BUGKNIGHT","items_purchased":[],"campfire_rested":0,"item_purchase_floors":[],"current_hp_per_floor":[74,67,66,51,61,61,61,0,0],"gold":70,"neow_bonus":"REMOVE_TWO","is_daily":false,"chose_seed":false,"campfire_upgraded":1,"win_rate":0.0,"timestamp":1612717071,"path_taken":["M","?","M","?","M","R","M","E"],"items_purchased_type":[],"build_version":"2020-12-22","purchased_purges":0,"victory":false,"max_hp_per_floor":[75,75,75,75,75,75,75,75,75],"card_choices":[{"not_picked":["HollowMod:SiblingsSouls","HollowMod:NewLittleFool"],"picked":"HollowMod:SoulEater","floor":1},{"not_picked":["HollowMod:InfectionAssault","HollowMod:TaintedHusks"],"picked":"HollowMod:VengefulVoid","floor":3},{"not_picked":["HollowMod:NewGlowingWomb","HollowMod:SoulSplash","HollowMod:SiblingsSouls"],"picked":"SKIP","floor":5},{"not_picked":["HollowMod:RecoilStrike","HollowMod:MothsMistake"],"picked":"HollowMod:BlackTendrils","floor":7}],"player_experience":262593,"relics_obtained":[],"event_choices":[{"damage_healed":0,"gold_gain":0,"player_choice":"Success","damage_taken":7,"relics_obtained":["Replay:Bandana"],"max_hp_gain":0,"max_hp_loss":0,"event_name":"Scrap Ooze","floor":2,"gold_loss":0},{"damage_healed":0,"gold_gain":0,"player_choice":"Entered Light","damage_taken":15,"max_hp_gain":0,"max_hp_loss":0,"event_name":"Shining Light","floor":4,"gold_loss":0,"cards_upgraded":["HollowMod:QuickDashStart","HollowMod:QuickDashStart"]}],"is_beta":false,"boss_relics":[],"items_purged_floors":[],"is_endless":false,"potions_floor_spawned":[1,3,5],"killed_by":"Lagavulin","ascension_level":1}}