{"host":"v3qphhcqhwfpabne","time":1612688259,"event":{"mods":["100% Spire Juice","2.2 Compatiblity","BaseMod","CapriCore","KinomotoSakuraMod(ÙÊñýÜâ?)","Koishi","Marisa£¨Ùöéë¡¡Øª×âÞÞ£©","Minty Spire (QoL Compilation)","Permanent Neow","Prisma Mod","StSLib","Td1madao Mod","The Bug Knight","The Cursed","The Immortal","The Runesmith","WarShipGirlsR/??á´Ò³R mod"],"gold_per_floor":[118,130,144,155,33,33,64,81,81,51,61,61,80,110,110,207,207,220,285,354,324,387,387,472,472,472,70,131,200,53,67,67,222,222,287,30,30,30,43,139,139,189,239,239,254,304,304],"floor_reached":46,"language":"KOR","playtime":3876,"items_purged":["Strike_C","Strike_C","Here Defend Chip"],"score":484,"play_id":"bed2273c-5e70-422a-aa60-eed87623af64","local_time":"20210207175739","is_ascension_mode":false,"campfire_choices":[{"data":"Here Defend Chip","floor":6,"key":"SMITH"},{"data":"Here Defend Chip+1","floor":12,"key":"SMITH"},{"data":"Here Defend Chip+2","floor":15,"key":"SMITH"},{"data":"Here Defend Chip+3","floor":23,"key":"SMITH"},{"floor":25,"key":"REST"},{"floor":32,"key":"REST"},{"data":"Here Defend Chip+4","floor":41,"key":"SMITH"},{"data":"Here Defend Chip+5","floor":44,"key":"SMITH"}],"circlet_count":0,"master_deck":["Strike_C","Strike_C","Defend_C","Defend_C","Defend_C","Defend_C","Knight Kick","Chip","Sub Weapons","Defend System","Floating Swing Kick+1","Floating Swing Kick","Here Defend Chip+6","Backup","Judgment+1","Optimization","Retrieval Recycling","Trader+1","Energy Supply","Preparedness","Preloading","Retrieval Recycling","Defend System","Sub Weapons","Furious","Cooling Song","Secret Weapon","Writhe","Reinforcement Parts","Sub Weapons+1","Pod Laser"],"relics":["Philosopher\u0027s Stone","Letter Opener","Centennial Puzzle","SlaversCollar","Shovel","Mummified Hand","Lee\u0027s Waffle","Membership Card","Runesmith:UraniumAnvil","Whetstone","Lantern","Oddly Smooth Stone","FossilizedHelix","Strawberry"],"acts_visited":["Exordium","TheCity","TheBeyond"],"potions_floor_usage":[16,16,21,24,24,31,31,33,42,46,46],"damage_taken":[{"damage":0,"enemies":"Cultist","floor":1,"turns":4},{"damage":3,"enemies":"Jaw Worm","floor":2,"turns":4},{"damage":4,"enemies":"2 Louse","floor":3,"turns":3},{"damage":0,"enemies":"Exordium Thugs","floor":4,"turns":5},{"damage":5,"enemies":"3 Sentries","floor":7,"turns":10},{"damage":0,"enemies":"Blue Slaver","floor":8,"turns":5},{"damage":0,"enemies":"3 Louse","floor":11,"turns":3},{"damage":5,"enemies":"Gremlin Gang","floor":13,"turns":4},{"damage":21,"enemies":"Lagavulin","floor":14,"turns":9},{"damage":17,"enemies":"Hexaghost","floor":16,"turns":21},{"damage":1,"enemies":"Shell Parasite","floor":18,"turns":7},{"damage":11,"enemies":"Spheric Guardian","floor":19,"turns":6},{"damage":17,"enemies":"Shelled Parasite and Fungi","floor":20,"turns":8},{"damage":9,"enemies":"Snecko","floor":22,"turns":7},{"damage":23,"enemies":"Slavers","floor":24,"turns":7},{"damage":21,"enemies":"Centurion and Healer","floor":28,"turns":16},{"damage":27,"enemies":"Snake Plant","floor":29,"turns":7},{"damage":16,"enemies":"Snecko","floor":31,"turns":7},{"damage":26,"enemies":"Collector","floor":33,"turns":18},{"damage":46,"enemies":"3 Darklings","floor":35,"turns":13},{"damage":20,"enemies":"3 Shapes","floor":39,"turns":4},{"damage":3,"enemies":"HollowMod:StalkingDevout","floor":40,"turns":10},{"damage":0,"enemies":"Mind Bloom Boss Battle","floor":42,"turns":5},{"damage":21,"enemies":"Jaw Worm Horde","floor":45,"turns":5},{"damage":21,"enemies":"Nemesis","floor":46,"turns":4}],"seed_played":"6777401279263606971","potions_obtained":[{"floor":1,"key":"Dexterity Potion"},{"floor":3,"key":"GamblersBrew"},{"floor":8,"key":"Swift Potion"},{"floor":11,"key":"DuplicationPotion"},{"floor":13,"key":"EssenceOfSteel"},{"floor":21,"key":"EntropicBrew"},{"floor":28,"key":"SpeedPotion"},{"floor":29,"key":"LiquidMemories"},{"floor":33,"key":"PowerPotion"},{"floor":40,"key":"DistilledChaos"},{"floor":45,"key":"CultistPotion"}],"is_trial":false,"path_per_floor":["M","M","M","M","$","R","E","M","T","?","M","R","M","E","R","B",null,"M","M","M","?","M","R","E","R","T","$","M","M","$","M","R","B",null,"M","$","?","?","M","E","R","?","T","R","M","E"],"character_chosen":"TD1MADAO_CLASS","items_purchased":["Here Defend Chip","Retrieval Recycling","Defend System","Lee\u0027s Waffle","Membership Card","Whetstone","Cooling Song","Here Defend Chip","Lantern"],"campfire_rested":2,"item_purchase_floors":[5,27,27,27,30,36,36,36,36],"current_hp_per_floor":[70,67,63,63,63,63,58,58,58,58,58,58,53,32,32,15,70,69,58,41,41,32,32,9,30,30,77,56,29,29,13,36,10,77,31,31,31,50,30,27,27,27,34,34,13,0,0],"gold":304,"neow_bonus":"BOSS_RELIC","is_daily":false,"chose_seed":false,"campfire_upgraded":6,"win_rate":0.0,"timestamp":1612688259,"path_taken":["M","?","M","M","$","R","E","M","T","?","M","R","M","E","R","BOSS","M","M","M","?","M","R","E","R","T","$","?","M","$","M","R","BOSS","M","$","?","?","M","E","R","?","T","R","M","E"],"items_purchased_type":["Card","Card","Card","Relic","Relic","Relic","Card","Card","Relic"],"build_version":"2020-12-22","purchased_purges":3,"victory":false,"max_hp_per_floor":[70,70,70,70,70,70,70,70,70,70,70,70,70,70,70,70,70,70,70,70,70,70,70,70,70,70,77,77,77,77,77,77,77,77,77,77,77,77,77,77,77,77,84,84,84,84,84],"card_choices":[{"not_picked":["Coercion","Oblique Hack"],"picked":"Sub Weapons","floor":1},{"not_picked":["Cooling Song","Resistance"],"picked":"Defend System","floor":2},{"not_picked":["Cursed Blade","Thunder Jump"],"picked":"Floating Swing Kick","floor":3},{"not_picked":["Rupture","Black Hand"],"picked":"Floating Swing Kick","floor":4},{"not_picked":["Light Attack","Oblique Hack","Fixing"],"picked":"SKIP","floor":7},{"not_picked":["Oblique Hack","Lunge","Black Shadow"],"picked":"SKIP","floor":8},{"not_picked":[],"picked":"Backup","floor":10},{"not_picked":["Resistance","Black Hand"],"picked":"Judgment","floor":11},{"not_picked":["Floating Swing Kick","Light Attack"],"picked":"Optimization","floor":13},{"not_picked":["Light Attack","Black Warm Hole","Black Shadow"],"picked":"SKIP","floor":14},{"not_picked":["Backup","Optimization"],"picked":"Retrieval Recycling","floor":16},{"not_picked":["Fixing+1","Three Hit"],"picked":"Trader+1","floor":18},{"not_picked":["Light Attack","Three Hit+1","Revenge"],"picked":"SKIP","floor":19},{"not_picked":["Fixing","Twin Teeth"],"picked":"Energy Supply","floor":20},{"not_picked":["Lore","Judgment"],"picked":"Preparedness","floor":22},{"not_picked":["Resistance","Black Dance"],"picked":"Preloading","floor":24},{"not_picked":["Lunge+1","Fire Blade+1","Resistance"],"picked":"SKIP","floor":28},{"not_picked":["Here Defend Chip","Trader","Black Execution"],"picked":"SKIP","floor":29},{"not_picked":["Rupture","Fixing"],"picked":"Sub Weapons","floor":31},{"not_picked":["Format All Data","Retrieval Recycling"],"picked":"Furious","floor":33},{"not_picked":["Judgment","Black Dance+1","Fire Blade"],"picked":"SKIP","floor":35},{"not_picked":["Thinking Ahead","Flash of Steel"],"picked":"Secret Weapon","floor":37},{"not_picked":["Trader","Fire Up+1"],"picked":"Reinforcement Parts","floor":39},{"not_picked":["Twin Teeth","Sudden Beat","E MP"],"picked":"SKIP","floor":40},{"not_picked":["Lore","White Contract+1"],"picked":"Sub Weapons+1","floor":42},{"not_picked":["Awareness","Preloading"],"picked":"Pod Laser","floor":45}],"player_experience":90842,"relics_obtained":[{"floor":9,"key":"Letter Opener"},{"floor":14,"key":"Centennial Puzzle"},{"floor":24,"key":"Shovel"},{"floor":26,"key":"Mummified Hand"},{"floor":40,"key":"Oddly Smooth Stone"},{"floor":42,"key":"FossilizedHelix"},{"floor":43,"key":"Strawberry"}],"event_choices":[{"damage_healed":0,"gold_gain":0,"player_choice":"Bought 2 Potions","damage_taken":0,"max_hp_gain":0,"max_hp_loss":0,"event_name":"The Woman in Blue","floor":21,"gold_loss":0},{"damage_healed":0,"gold_gain":0,"player_choice":"Memory 1","damage_taken":0,"max_hp_gain":0,"max_hp_loss":0,"event_name":"SensoryStone","floor":37,"gold_loss":0},{"damage_healed":19,"gold_gain":0,"player_choice":"Writhe","damage_taken":0,"max_hp_gain":0,"max_hp_loss":0,"event_name":"Winding Halls","floor":38,"gold_loss":0,"cards_obtained":["Writhe"]},{"damage_healed":0,"gold_gain":0,"player_choice":"Fight","damage_taken":0,"max_hp_gain":0,"max_hp_loss":0,"event_name":"MindBloom","floor":42,"gold_loss":0}],"is_beta":false,"boss_relics":[{"not_picked":["Cursed Key","SacredBark"],"picked":"SlaversCollar"},{"not_picked":["Coffee Dripper","Velvet Choker"],"picked":"Runesmith:UraniumAnvil"}],"items_purged_floors":[5,27,36],"is_endless":false,"potions_floor_spawned":[1,3,8,11,13,22,28,29,33,40,45],"killed_by":"Nemesis","ascension_level":0}}