{"host":"ao4lxi9bhtts409i","time":1612709598,"event":{"mods":["AchievementEnabler","BaseMod","Colored Map","Colored Powertips","Minty Spire (QoL Compilation)","SuperFastMode"],"gold_per_floor":[113,113,129,54,70,98,109,109,109,109,129,158,158,173,173,270,270,290,205,130,144,70,100,100,110,110,110,144,144,164,175,175,275,275,288,298,47,96,96,121,121,147,170,170,189,216,146,158,158,158],"floor_reached":51,"language":"ENG","playtime":2088,"items_purged":["Decay","Strike_B"],"score":920,"play_id":"5e66315b-86f3-4780-b0f7-049f97be8309","local_time":"20210207155318","is_ascension_mode":true,"campfire_choices":[{"data":"Zap","floor":8,"key":"SMITH"},{"data":"Conserve Battery","floor":10,"key":"SMITH"},{"data":"Go for the Eyes","floor":13,"key":"SMITH"},{"data":"Stack","floor":15,"key":"SMITH"},{"data":"Loop","floor":24,"key":"SMITH"},{"data":"Stack","floor":27,"key":"SMITH"},{"data":"Gash","floor":29,"key":"SMITH"},{"data":"Gash","floor":32,"key":"SMITH"},{"floor":41,"key":"REST"},{"floor":44,"key":"RECALL"},{"floor":49,"key":"REST"}],"circlet_count":0,"master_deck":["Defend_B+1","Defend_B+1","Zap+1","Dualcast","Steam+1","Static Discharge+1","Self Repair+1","Go for the Eyes+1","Cold Snap","Conserve Battery+1","Gash+1","Leap","Lockon","Stack+1","All For One","Go for the Eyes+1","Static Discharge+1","Loop+1","Compile Driver+1","Stack+1","Cold Snap+1","Gash+1","All For One","Coolheaded+1","BootSequence","Streamline+1","Hologram+1","Loop","Defragment+1"],"relics":["Astrolabe","Bottled Tornado","Meat on the Bone","Bronze Scales","SlaversCollar","War Paint","Bag of Marbles","Oddly Smooth Stone","MealTicket","Fusion Hammer","Medical Kit","WingedGreaves","Vajra","Mango","Bag of Preparation","Singing Bowl"],"acts_visited":["TheCity","TheBeyond"],"potions_floor_usage":[6,25,30,33,33,33,46,46,48],"damage_taken":[{"damage":8,"enemies":"Jaw Worm","floor":1,"turns":5},{"damage":11,"enemies":"Cultist","floor":3,"turns":5},{"damage":0,"enemies":"Small Slimes","floor":5,"turns":5},{"damage":19,"enemies":"Gremlin Nob","floor":6,"turns":4},{"damage":12,"enemies":"Exordium Wildlife","floor":7,"turns":3},{"damage":0,"enemies":"Red Slaver","floor":11,"turns":3},{"damage":17,"enemies":"Lagavulin","floor":12,"turns":8},{"damage":13,"enemies":"2 Fungi Beasts","floor":14,"turns":3},{"damage":14,"enemies":"Slime Boss","floor":16,"turns":11},{"damage":19,"enemies":"2 Thieves","floor":18,"turns":4},{"damage":17,"enemies":"Spheric Guardian","floor":21,"turns":5},{"damage":30,"enemies":"Slavers","floor":23,"turns":3},{"damage":8,"enemies":"Cultist and Chosen","floor":25,"turns":6},{"damage":5,"enemies":"Book of Stabbing","floor":28,"turns":5},{"damage":19,"enemies":"Snecko","floor":30,"turns":5},{"damage":18,"enemies":"Snake Plant","floor":31,"turns":3},{"damage":9,"enemies":"Champ","floor":33,"turns":9},{"damage":8,"enemies":"Orb Walker","floor":35,"turns":5},{"damage":17,"enemies":"3 Shapes","floor":36,"turns":4},{"damage":25,"enemies":"2 Orb Walkers","floor":38,"turns":5},{"damage":24,"enemies":"Giant Head","floor":40,"turns":8},{"damage":3,"enemies":"Nemesis","floor":42,"turns":7},{"damage":13,"enemies":"Transient","floor":45,"turns":5},{"damage":14,"enemies":"Reptomancer","floor":46,"turns":5},{"damage":22,"enemies":"Writhing Mass","floor":48,"turns":8},{"damage":70,"enemies":"Donu and Deca","floor":50,"turns":7}],"seed_played":"-8840238176700825251","potions_obtained":[{"floor":5,"key":"LiquidBronze"},{"floor":11,"key":"Energy Potion"},{"floor":12,"key":"PotionOfCapacity"},{"floor":21,"key":"DuplicationPotion"},{"floor":28,"key":"PotionOfCapacity"},{"floor":31,"key":"SteroidPotion"},{"floor":33,"key":"Block Potion"},{"floor":36,"key":"Strength Potion"},{"floor":42,"key":"Energy Potion"},{"floor":46,"key":"Block Potion"}],"is_trial":false,"path_per_floor":["M","?","M","$","M","E","M","R","T","R","M","E","R","M","R","B",null,"M","?","?","M","$","E","R","M","T","R","E","R","M","M","R","B",null,"M","M","$","?","?","E","R","E","T","R","M","E","$","M","R","B",null],"character_chosen":"DEFECT","items_purchased":["Loop","Medical Kit","Loop"],"campfire_rested":2,"item_purchase_floors":[22,37,47],"current_hp_per_floor":[75,75,74,74,75,66,64,64,64,64,74,67,67,64,64,60,75,66,66,66,59,59,51,51,53,53,53,58,58,49,53,53,54,75,75,68,75,60,60,58,75,89,89,89,86,84,91,79,91,43],"gold":158,"neow_bonus":"BOSS_RELIC","is_daily":false,"chose_seed":false,"campfire_upgraded":8,"win_rate":0.0,"timestamp":1612709598,"path_taken":["M","?","?","$","M","E","M","R","T","R","M","E","R","M","R","BOSS","M","?","?","M","?","E","R","M","T","R","E","R","M","?","R","BOSS","M","M","$","?","?","E","R","E","T","R","M","E","$","?","R","BOSS"],"items_purchased_type":["Card","Relic","Card"],"build_version":"2020-12-22","purchased_purges":2,"victory":true,"max_hp_per_floor":[75,75,75,75,75,75,75,75,75,75,75,75,75,75,75,75,75,75,75,75,75,75,75,75,75,75,75,75,75,75,75,75,75,75,75,75,75,75,75,75,75,89,89,89,89,91,91,91,91,91],"card_choices":[{"not_picked":["Streamline","Beam Cell"],"picked":"Go for the Eyes","floor":1},{"not_picked":["Genetic Algorithm","Conserve Battery"],"picked":"Cold Snap","floor":3},{"not_picked":["Beam Cell","Stack"],"picked":"Conserve Battery","floor":5},{"not_picked":["Coolheaded","Hologram","Conserve Battery"],"picked":"SKIP","floor":6},{"not_picked":["Core Surge","Storm"],"picked":"Gash","floor":7},{"not_picked":["Streamline","FTL"],"picked":"Leap","floor":11},{"not_picked":["Steam","Barrage"],"picked":"Lockon","floor":12},{"not_picked":["Tempest","Rebound"],"picked":"Stack","floor":14},{"not_picked":["Creative AI","Seek"],"picked":"All For One","floor":16},{"not_picked":["Steam+1","Turbo"],"picked":"Go for the Eyes+1","floor":18},{"not_picked":["Auto Shields","Genetic Algorithm"],"picked":"Static Discharge+1","floor":21},{"not_picked":["Steam","Heatsinks"],"picked":"Compile Driver+1","floor":23},{"not_picked":["Rebound","Blizzard"],"picked":"Stack","floor":25},{"not_picked":["Multi-Cast","Blizzard","Tempest"],"picked":"SKIP","floor":28},{"not_picked":["Turbo","Sunder+1"],"picked":"Cold Snap+1","floor":30},{"not_picked":["Sweeping Beam","Rebound"],"picked":"Gash","floor":31},{"not_picked":["Biased Cognition","Fission"],"picked":"All For One","floor":33},{"not_picked":["Steam+1","Redo"],"picked":"Coolheaded+1","floor":35},{"not_picked":["Steam+1","Fusion"],"picked":"BootSequence","floor":36},{"not_picked":["Cold Snap+1","Reinforced Body"],"picked":"Streamline+1","floor":38},{"not_picked":["Streamline","Barrage+1","Tempest+1"],"picked":"SKIP","floor":40},{"not_picked":["Rainbow","BootSequence","Consume+1"],"picked":"SKIP","floor":42},{"not_picked":["Ball Lightning+1","Streamline"],"picked":"Hologram+1","floor":45},{"not_picked":["Genetic Algorithm","Barrage","Conserve Battery+1"],"picked":"Singing Bowl","floor":46},{"not_picked":["Sweeping Beam","Conserve Battery"],"picked":"Defragment+1","floor":48}],"player_experience":271683,"relics_obtained":[{"floor":6,"key":"Bottled Tornado"},{"floor":9,"key":"Meat on the Bone"},{"floor":12,"key":"Bronze Scales"},{"floor":23,"key":"Bag of Marbles"},{"floor":26,"key":"Oddly Smooth Stone"},{"floor":28,"key":"MealTicket"},{"floor":38,"key":"WingedGreaves"},{"floor":40,"key":"Vajra"},{"floor":42,"key":"Mango"},{"floor":43,"key":"Bag of Preparation"},{"floor":46,"key":"Singing Bowl"}],"event_choices":[{"damage_healed":0,"gold_gain":0,"player_choice":"Cursed","damage_taken":0,"max_hp_gain":0,"max_hp_loss":0,"event_name":"Wheel of Change","floor":2,"gold_loss":0,"cards_obtained":["Decay"]},{"damage_healed":0,"gold_gain":0,"player_choice":"Obtained Relic","damage_taken":0,"relics_obtained":["War Paint"],"max_hp_gain":0,"max_hp_loss":0,"event_name":"Addict","floor":19,"gold_loss":85},{"cards_removed":["Strike_B"],"damage_healed":0,"gold_gain":0,"player_choice":"Gave Gold","damage_taken":0,"max_hp_gain":0,"max_hp_loss":0,"event_name":"Beggar","floor":20,"gold_loss":75},{"damage_healed":0,"gold_gain":0,"player_choice":"Fight","damage_taken":0,"max_hp_gain":0,"max_hp_loss":0,"event_name":"Mysterious Sphere","floor":38,"gold_loss":0},{"cards_removed":["Defend_B"],"damage_healed":0,"gold_gain":0,"player_choice":"Purged","damage_taken":0,"max_hp_gain":0,"max_hp_loss":0,"event_name":"Purifier","floor":39,"gold_loss":0}],"is_beta":false,"boss_relics":[{"not_picked":["Tiny House","Cursed Key"],"picked":"SlaversCollar"},{"not_picked":["Coffee Dripper","Busted Crown"],"picked":"Fusion Hammer"}],"items_purged_floors":[4,37],"is_endless":false,"potions_floor_spawned":[5,6,11,12,21,23,28,31,33,36,42,46],"ascension_level":3}}