{"host":"q5l3nirlejh5mn15","time":1612676714,"event":{"mods":["100% Spire Juice","BaseMod","Downfall","Energized Spire","Hermit","Koishi","Marisa£®ÏF”Í°°ƒß¿Ì…≥£©","Minty Spire (QoL Compilation)","MostiFishMod","Reimu£®≤©¿ˆ¡È√Œ£©","Relic Filter Mod","Reliquary","Remilia£®¿Ÿ√◊¿Ú—«£©","RumiaBox-¬∂√◊Ê´µƒ…Ò√ÿ∫–◊”","Spicy Shops","StSLib","The Hierophant","The Servant 0.9.4","Warlord Emblem","[IsaacMod]“‘»ˆº‚À˛","°æπ¶ƒ‹Mod°øªÏ„Á÷Æª∑–ﬁ∏¥≤π∂°"],"gold_per_floor":[115,115,327,344,357,357,414,443,511,511,529,547,573,593,593,692,692,710,625,644,656,755,780,780,244,321,338,338,369,379,379,379,475,475,490,501,601,601,601],"floor_reached":38,"language":"ZHS","playtime":1228,"items_purged":["hermit:Strike_Hermit"],"score":628,"play_id":"db37b8e2-c6b4-42d2-8490-7cde8712ee51","local_time":"20210207134514","is_ascension_mode":false,"campfire_choices":[{"data":"hermit:Maintenance","floor":6,"key":"SMITH"},{"data":"hermit:Glare","floor":10,"key":"SMITH"},{"data":"hermit:CalledShot","floor":15,"key":"SMITH"},{"data":"hermit:Gestalt","floor":24,"key":"SMITH"},{"data":"EpicFetus","floor":28,"key":"SMITH"},{"data":"hermit:CursedWeapon","floor":32,"key":"SMITH"}],"circlet_count":0,"master_deck":["hermit:Strike_Hermit","hermit:Strike_Hermit","hermit:Strike_Hermit","hermit:Defend_Hermit","hermit:Defend_Hermit","hermit:Defend_Hermit","hermit:Defend_Hermit","hermit:Snapshot","hermit:Covet","EpicFetus+1","hermit:Quickdraw","hermit:Glare+1","hermit:CalledShot+1","hermit:Maintenance+1","hermit:CalledShot+1","hermit:WideOpen","hermit:ShadowCloak","hermit:Roughhouse","Dramatic Entrance","hermit:Strike_Hermit+1","hermit:Quickdraw","hermit:Gestalt+1","hermit:Quickdraw","hermit:Enervate","Flash of Steel","hermit:TakeCover+1","hermit:Brawl","hermit:CursedWeapon+1","hermit:Gambit+1","hermit:Roulette+1","hermit:Adapt+1","hermit:Showdown"],"relics":["hermit:Momento","HushsDoor","DaveBox","PatriotShield","GuppysTail","NeowsBlessing","SynthV:TestCard","Dream Catcher","PillsDrop","Shuriken","hermit:RedScarf","Baka2","energizedSpire:NeverEndingSparkler","reliquary:RoseTintedGlasses","Toy Ornithopter","BrkXgEgg","Bag of Preparation","reliquary:JackalopeAntler","Happy Flower","JellyFishMachine","GuppysHairball","hermit:RyeStalk"],"acts_visited":["Exordium","TheCity","TheBeyond"],"potions_floor_usage":[],"damage_taken":[{"damage":0,"enemies":"2 Louse","floor":1,"turns":1},{"damage":0,"enemies":"Cultist","floor":3,"turns":1},{"damage":0,"enemies":"Small Slimes","floor":4,"turns":1},{"damage":0,"enemies":"Red Slaver","floor":5,"turns":1},{"damage":0,"enemies":"Gremlin Nob","floor":7,"turns":2},{"damage":0,"enemies":"Lagavulin","floor":8,"turns":2},{"damage":0,"enemies":"Large Slime","floor":11,"turns":3},{"damage":0,"enemies":"Blue Slaver","floor":12,"turns":1},{"damage":0,"enemies":"3 Sentries","floor":13,"turns":2},{"damage":0,"enemies":"Red Slaver","floor":14,"turns":2},{"damage":0,"enemies":"Slime Boss","floor":16,"turns":1},{"damage":0,"enemies":"Spheric Guardian","floor":18,"turns":2},{"damage":0,"enemies":"Shell Parasite","floor":20,"turns":1},{"damage":0,"enemies":"Chosen and Byrds","floor":21,"turns":2},{"damage":8,"enemies":"Slavers","floor":23,"turns":2},{"damage":36,"enemies":"Centurion and Healer","floor":27,"turns":1},{"damage":0,"enemies":"Gremlin Leader","floor":29,"turns":1},{"damage":0,"enemies":"Shelled Parasite and Fungi","floor":30,"turns":1},{"damage":4,"enemies":"Collector","floor":33,"turns":2},{"damage":5,"enemies":"3 Darklings","floor":35,"turns":3},{"damage":14,"enemies":"3 Shapes","floor":36,"turns":2},{"damage":89,"enemies":"Sphere and 2 Shapes","floor":38,"turns":2}],"seed_played":"-7817132692559361770","potions_obtained":[{"floor":1,"key":"Swift Potion"},{"floor":5,"key":"SmokeBomb"},{"floor":11,"key":"SteroidPotion"},{"floor":13,"key":"hermit:Tonic"}],"is_trial":false,"path_per_floor":["M","?","M","M","M","R","?","E","T","R","M","M","E","M","R","B",null,"M","?","M","M","?","E","R","$","T","M","R","E","M","?","R","B",null,"M","M","?","M"],"character_chosen":"HERMIT","items_purchased":["FairyPotion","Dramatic Entrance","BrkXgEgg","hermit:Enervate","Bag of Preparation","Flash of Steel","GuppysHairball"],"campfire_rested":0,"item_purchase_floors":[17,17,25,25,25,25,34],"current_hp_per_floor":[75,75,75,75,75,75,75,75,75,75,75,75,75,75,75,75,69,69,69,69,69,69,61,61,61,61,49,49,49,42,42,42,38,69,68,63,63,0,0],"gold":601,"neow_bonus":"THREE_ENEMY_KILL","is_daily":false,"chose_seed":false,"campfire_upgraded":6,"win_rate":0.0,"timestamp":1612676714,"path_taken":["M","?","M","M","?","R","?","E","T","R","M","M","E","M","R","BOSS","M","?","M","?","?","E","R","$","T","M","R","E","M","?","R","BOSS","M","M","?","M"],"items_purchased_type":["Potion","Card","Relic","Card","Relic","Card","Relic"],"build_version":"2020-12-22","purchased_purges":1,"victory":false,"max_hp_per_floor":[75,75,75,75,75,75,75,75,75,75,75,75,75,75,75,75,69,69,69,69,69,69,69,69,69,69,69,69,69,79,79,79,79,69,69,78,78,78,78],"card_choices":[{"not_picked":[],"picked":"EpicFetus","floor":0},{"not_picked":["hermit:Feint","hermit:BigShot"],"picked":"hermit:Quickdraw","floor":1},{"not_picked":["hermit:PistolWhip","hermit:Determination","hermit:HoleUp","hermit:Manifest"],"picked":"hermit:Glare","floor":3},{"not_picked":["hermit:GhostlyPresence","hermit:BodyArmor","hermit:Determination","hermit:Malice"],"picked":"hermit:CalledShot","floor":4},{"not_picked":["hermit:TakeAim","hermit:Misfire","hermit:SprayPray","hermit:GhostlyPresence"],"picked":"hermit:Maintenance","floor":5},{"not_picked":["hermit:Combo","hermit:EternalForm","hermit:Cheat","hermit:TrackingShot"],"picked":"hermit:WideOpen","floor":8},{"not_picked":["hermit:Dive","hermit:Quickdraw","hermit:EternalForm","hermit:HoleUp"],"picked":"hermit:ShadowCloak","floor":11},{"not_picked":["hermit:LowProfile","hermit:Grudge","hermit:WideOpen","hermit:Spite","hermit:CalledShot"],"picked":"SKIP","floor":12},{"not_picked":["hermit:Midnight","hermit:HoleUp","hermit:HighCaliber","hermit:Glare","hermit:Dissolve"],"picked":"SKIP","floor":13},{"not_picked":["hermit:Midnight","hermit:Misfire","hermit:Malice","hermit:HoleUp","hermit:Determination"],"picked":"SKIP","floor":14},{"not_picked":["hermit:HighNoon","hermit:OverwhelmingPower","hermit:FromBeyond","hermit:Adapt"],"picked":"hermit:Roughhouse","floor":16},{"not_picked":["hermit:Dive","hermit:Coalescence+1","hermit:HighCaliber","hermit:BodyArmor"],"picked":"hermit:Quickdraw","floor":18},{"not_picked":["hermit:WideOpen","hermit:ShadowCloak","hermit:Quickdraw+1","hermit:Roulette","hermit:EyeOfTheStorm"],"picked":"SKIP","floor":20},{"not_picked":["hermit:Glare+1","hermit:Roughhouse","hermit:TakeAim","hermit:Vantage"],"picked":"hermit:Gestalt","floor":21},{"not_picked":["hermit:Horror","hermit:TrackingShot","hermit:ItchyTrigger","hermit:Dissolve"],"picked":"hermit:Quickdraw","floor":23},{"not_picked":["hermit:Dive","hermit:SprayPray+1","hermit:LuckOfTheDraw","hermit:PistolWhip","hermit:Glare"],"picked":"SKIP","floor":27},{"not_picked":["hermit:FlashPowder","hermit:LowProfile","hermit:Gestalt","hermit:Vantage"],"picked":"hermit:TakeCover+1","floor":29},{"not_picked":["hermit:Malice","hermit:GhostlyPresence","hermit:BodyArmor","hermit:Grudge"],"picked":"hermit:Brawl","floor":30},{"not_picked":["hermit:FinalCanter+1","hermit:Reprieve+1","hermit:FatalDesire+1","hermit:DeadOrAlive+1"],"picked":"hermit:Gambit+1","floor":33},{"not_picked":["hermit:Headshot+1","hermit:Dive+1","hermit:EyeOfTheStorm","hermit:HighCaliber+1"],"picked":"hermit:Roulette+1","floor":35},{"not_picked":["hermit:Vantage","hermit:LowProfile","hermit:EyeOfTheStorm","hermit:Horror+1"],"picked":"hermit:Adapt+1","floor":36},{"not_picked":["hermit:BodyArmor+1","hermit:GoldenBullet","hermit:Vantage","hermit:PistolWhip+1"],"picked":"hermit:Showdown","floor":37}],"player_experience":249162,"relics_obtained":[{"floor":1,"key":"SynthV:TestCard"},{"floor":1,"key":"Baka"},{"floor":7,"key":"Dream Catcher"},{"floor":8,"key":"PillsDrop"},{"floor":9,"key":"Shuriken"},{"floor":13,"key":"hermit:RedScarf"},{"floor":14,"key":"Baka2"},{"floor":23,"key":"Toy Ornithopter"},{"floor":26,"key":"reliquary:JackalopeAntler"},{"floor":29,"key":"Happy Flower"},{"floor":35,"key":"hermit:RyeStalk"}],"event_choices":[{"damage_healed":0,"gold_gain":0,"player_choice":"Searched \u00272\u0027 times","damage_taken":0,"max_hp_gain":0,"max_hp_loss":0,"event_name":"Dead Adventurer","floor":7,"gold_loss":0},{"damage_healed":0,"gold_gain":0,"player_choice":"Obtained Relic","damage_taken":0,"relics_obtained":["reliquary:RoseTintedGlasses"],"max_hp_gain":0,"max_hp_loss":0,"event_name":"Addict","floor":19,"gold_loss":85},{"damage_healed":0,"gold_gain":99,"player_choice":"Stole From Cult","damage_taken":0,"max_hp_gain":0,"max_hp_loss":0,"event_name":"Nest","floor":22,"gold_loss":0},{"damage_healed":0,"gold_gain":0,"player_choice":"Read","damage_taken":0,"max_hp_gain":0,"max_hp_loss":0,"event_name":"The Library","floor":31,"gold_loss":0,"cards_obtained":["hermit:CursedWeapon"]}],"is_beta":false,"boss_relics":[{"not_picked":["bronze:MakeshiftBattery","Fusion Hammer"],"picked":"energizedSpire:NeverEndingSparkler"},{"not_picked":[]},{"not_picked":["Coffee Dripper","reliquary:RedPaperclip"],"picked":"JellyFishMachine"},{"not_picked":[]}],"items_purged_floors":[25],"is_endless":false,"potions_floor_spawned":[1,5,11,13,16,18,23,29,33,36],"killed_by":"Sphere and 2 Shapes","ascension_level":0}}