{"host":"BK","time":1612662929,"event":{"mods":["BaseMod","Highlight Path","Minty Spire (QoL Compilation)","StSLib"],"gold_per_floor":[116,116,116,116,166,166,197,197,246,246,256,273,302,302,302,374,374,387,437,103,117,47,47,47,47],"floor_reached":24,"language":"ENG","playtime":661,"items_purged":["Strike_B","Strike_B"],"score":450,"play_id":"413361c2-55be-4bb4-b9a3-ec0004169a2f","local_time":"20210206185529","is_ascension_mode":true,"campfire_choices":[{"data":"Zap","floor":6.0,"key":"SMITH"},{"data":"Strike_B","floor":8.0,"key":"SMITH"},{"floor":10.0,"key":"REST"},{"floor":15.0,"key":"REST"},{"floor":23.0,"key":"REST"}],"circlet_count":0,"master_deck":["AscendersBane","Strike_B+1","Strike_B+1","Defend_B","Defend_B","Defend_B","Defend_B","Zap+1","Dualcast","BootSequence+1","Reboot","Defragment","FTL","FTL","Creative AI","Coolheaded","Genetic Algorithm","Defragment"],"relics":["Cracked Core","NeowsBlessing","Orichalcum","Ornamental Fan","Pen Nib","Incense Burner","Sozu","Membership Card","Cables"],"acts_visited":["Exordium","TheCity"],"potions_floor_usage":[],"damage_taken":[{"damage":0.0,"enemies":"Jaw Worm","floor":1.0,"turns":1.0},{"damage":0.0,"enemies":"3 Sentries","floor":7.0,"turns":1.0},{"damage":0.0,"enemies":"2 Louse","floor":11.0,"turns":1.0},{"damage":0.0,"enemies":"Cultist","floor":12.0,"turns":3.0},{"damage":17.0,"enemies":"Gremlin Nob","floor":13.0,"turns":4.0},{"damage":26.0,"enemies":"The Guardian","floor":16.0,"turns":13.0},{"damage":25.0,"enemies":"Shell Parasite","floor":18.0,"turns":6.0},{"damage":20.0,"enemies":"Chosen","floor":21.0,"turns":4.0},{"damage":37,"enemies":"Gremlin Leader","floor":24,"turns":2}],"seed_played":"-3648065970569153292","potions_obtained":[{"floor":1.0,"key":"Dexterity Potion"},{"floor":7.0,"key":"Explosive Potion"}],"is_trial":false,"path_per_floor":["M","$","?","?","?","R","E","R","T","R","M","M","E","?","R","B",null,"M","?","$","M","$","R","E"],"character_chosen":"DEFECT","items_purchased":["Membership Card","Cables","Defragment"],"campfire_rested":3,"item_purchase_floors":[20,20,22],"current_hp_per_floor":[64,64,46,25,25,25,25,25,25,46,46,46,29,29,50,24,59,34,34,34,14,14,35,0,0],"gold":47,"neow_bonus":"THREE_ENEMY_KILL","is_daily":false,"chose_seed":false,"campfire_upgraded":2,"win_rate":0.0,"timestamp":1612662929,"path_taken":["M","$","?","?","?","R","E","R","T","R","?","M","E","?","R","BOSS","M","?","$","M","$","R","E"],"items_purchased_type":["Relic","Relic","Card"],"build_version":"2020-12-18","purchased_purges":2,"victory":false,"max_hp_per_floor":[71,71,71,71,71,71,71,71,71,71,71,71,71,71,71,71,71,71,71,71,71,71,71,71,71],"card_choices":[{"not_picked":["Hologram","Stack"],"picked":"BootSequence","floor":1.0},{"not_picked":["Static Discharge","Double Energy"],"picked":"Reboot","floor":7.0},{"not_picked":["Leap","Skim"],"picked":"Defragment","floor":11.0},{"not_picked":["Double Energy","Aggregate"],"picked":"FTL","floor":12.0},{"not_picked":["Go for the Eyes","Heatsinks"],"picked":"FTL","floor":13.0},{"not_picked":["Echo Form","All For One"],"picked":"Creative AI","floor":16.0},{"not_picked":["Consume","Heatsinks"],"picked":"Coolheaded","floor":18.0},{"not_picked":["Hologram","Leap"],"picked":"Genetic Algorithm","floor":21.0}],"player_experience":2510795,"relics_obtained":[{"floor":7.0,"key":"Ornamental Fan"},{"floor":9.0,"key":"Pen Nib"},{"floor":13.0,"key":"Incense Burner"}],"event_choices":[{"damage_healed":0.0,"max_hp_gain":0.0,"max_hp_loss":0.0,"gold_gain":0.0,"event_name":"Scrap Ooze","player_choice":"Success","floor":3.0,"gold_loss":0.0,"damage_taken":18.0,"relics_obtained":["Orichalcum"]},{"damage_healed":0.0,"max_hp_gain":0.0,"max_hp_loss":0.0,"gold_gain":0.0,"event_name":"Shining Light","player_choice":"Entered Light","floor":4.0,"gold_loss":0.0,"damage_taken":21.0,"cards_upgraded":["Strike_B","BootSequence"]},{"damage_healed":0.0,"max_hp_gain":0.0,"max_hp_loss":0.0,"gold_gain":50.0,"event_name":"Golden Shrine","player_choice":"Pray","floor":5.0,"gold_loss":0.0,"damage_taken":0.0},{"damage_healed":0.0,"max_hp_gain":0.0,"max_hp_loss":0.0,"gold_gain":0.0,"event_name":"Dead Adventurer","player_choice":"Searched \u00270\u0027 times","floor":14.0,"gold_loss":0.0,"damage_taken":0.0},{"damage_healed":0.0,"max_hp_gain":0.0,"max_hp_loss":0.0,"gold_gain":50.0,"event_name":"Nest","player_choice":"Stole From Cult","floor":19.0,"gold_loss":0.0,"damage_taken":0.0}],"is_beta":true,"boss_relics":[{"not_picked":["SlaversCollar","FrozenCore"],"picked":"Sozu"}],"items_purged_floors":[20,22],"is_endless":false,"potions_floor_spawned":[1,7,12,13],"killed_by":"Gremlin Leader","ascension_level":20}}