{"host":"p8f0otjoacyb9giz","time":1612689480,"event":{"mods":["AchievementEnabler","BaseMod","Downfall","Minty Spire (QoL Compilation)","StSLib"],"gold_per_floor":[99,113,98,111,111,140,140,40,58,68,68,96,110,110,121,218,218,18,33,52,37,37,37,37,37],"floor_reached":23,"language":"ENG","playtime":913,"items_purged":[],"score":291,"play_id":"18676049-0a19-4182-8d76-85e6a6a8bfef","local_time":"20210207121800","is_ascension_mode":true,"campfire_choices":[{"data":"hexamod:Sear","floor":1,"key":"SMITH"},{"floor":8,"key":"REST"},{"floor":11,"key":"RECALL"},{"data":"hexamod:UnlimitedPower","floor":18,"key":"SMITH"}],"circlet_count":0,"master_deck":["hexamod:Strike","hexamod:Strike","hexamod:Strike","hexamod:Strike","hexamod:Defend","hexamod:Defend","hexamod:Defend","hexamod:Defend","hexamod:Sear+1","hexamod:Float","hexamod:HeatShield","hexamod:DynamicBlow","hexamod:FastForward","hexamod:BurningTouch","hexamod:BurningTouch","hexamod:PhantomFireball","Parasite","hexamod:BurningTouch","hexamod:UnlimitedPower+1","hexamod:BurningTouch+1","hexamod:BurningTouch+1"],"relics":["SlaversCollar","downfall:BrokenWingStatue","Happy Flower","downfall:HeartBlessingBlue","Pear","Philosopher\u0027s Stone","downfall:HeartBlessingGreen","downfall:HeartBlessingRed"],"acts_visited":["Exordium","TheCity"],"potions_floor_usage":[6,16,21],"damage_taken":[{"damage":1,"enemies":"Cultist","floor":2,"turns":3},{"damage":5,"enemies":"downfall:FleeingMerchant","floor":3,"turns":4},{"damage":9,"enemies":"2 Louse","floor":4,"turns":3},{"damage":40,"enemies":"3 Sentries","floor":6,"turns":7},{"damage":0,"enemies":"Small Slimes","floor":9,"turns":3},{"damage":12,"enemies":"2 Fungi Beasts","floor":10,"turns":4},{"damage":8,"enemies":"Lagavulin","floor":12,"turns":6},{"damage":17,"enemies":"Blue Slaver","floor":13,"turns":3},{"damage":9,"enemies":"Red Slaver","floor":15,"turns":3},{"damage":15,"enemies":"SI_SHIV_ARCHETYPE","floor":16,"turns":7},{"damage":20,"enemies":"Shell Parasite","floor":19,"turns":5},{"damage":41,"enemies":"Sentry and Sphere","floor":20,"turns":6},{"damage":6,"enemies":"downfall:FleeingMerchant","floor":21,"turns":4},{"damage":34,"enemies":"Gremlin Leader","floor":23,"turns":4}],"seed_played":"2451712646124431557","potions_obtained":[{"floor":2,"key":"Regen Potion"},{"floor":6,"key":"SkillPotion"},{"floor":12,"key":"EssenceOfSteel"},{"floor":15,"key":"Regen Potion"},{"floor":20,"key":"CultistPotion"}],"is_trial":false,"path_per_floor":["R","M","$","M","?","E","T","R","M","M","R","E","M","?","M","B",null,"R","M","M","$","?","E"],"character_chosen":"THE_SPIRIT","items_purchased":[],"campfire_rested":1,"item_purchase_floors":[],"current_hp_per_floor":[70,69,64,55,55,30,30,64,64,52,52,54,37,59,50,50,90,90,70,29,23,23,0,0,0],"gold":37,"neow_bonus":"BOSS_RELIC","is_daily":false,"chose_seed":false,"campfire_upgraded":2,"win_rate":0.0,"timestamp":1612689480,"path_taken":["R","M","$","M","?","E","T","R","M","M","R","E","M","?","M","BOSS","R","M","M","$","?","E"],"items_purchased_type":[],"build_version":"2020-12-22","purchased_purges":0,"victory":false,"max_hp_per_floor":[70,70,70,70,70,70,70,80,80,80,80,90,90,90,90,90,90,90,90,90,90,90,90,90,90],"card_choices":[{"not_picked":["hexamod:ShieldOfDarkness","hexamod:BacktrackSmack"],"picked":"hexamod:HeatShield","floor":2},{"not_picked":["hexamod:ShieldOfDarkness","hexamod:SwordOfDarkness"],"picked":"hexamod:DynamicBlow","floor":3},{"not_picked":["hexamod:ThermalTransfer","hexamod:GhostOfSpireFuture"],"picked":"hexamod:FastForward","floor":4},{"not_picked":["hexamod:FirstSeal","hexamod:ChargedBarrage"],"picked":"hexamod:BurningTouch","floor":6},{"not_picked":["hexamod:SpectersWail","hexamod:PhantomCloak"],"picked":"hexamod:BurningTouch","floor":9},{"not_picked":["hexamod:SecondSeal","hexamod:NightmareGuise","hexamod:InspiringFlames"],"picked":"SKIP","floor":10},{"not_picked":["hexamod:SecondSeal","hexamod:GhostflameBarrier"],"picked":"hexamod:PhantomFireball","floor":12},{"not_picked":["hexamod:SpectralAdrenaline","hexamod:SpectralSpark","hexamod:HauntingEcho"],"picked":"SKIP","floor":13},{"not_picked":["hexamod:RecurringNightmare","hexamod:FirstSeal"],"picked":"hexamod:BurningTouch","floor":15},{"not_picked":["hexamod:SixthSeal","hexamod:TimeOfNeed"],"picked":"hexamod:UnlimitedPower","floor":16},{"not_picked":["hexamod:CatchUp","hexamod:Hexaguard","hexamod:PowerFromBeyond"],"picked":"SKIP","floor":19},{"not_picked":["hexamod:FlamesFromBeyond","hexamod:NightmareGuise"],"picked":"hexamod:BurningTouch+1","floor":20},{"not_picked":["hexamod:SuperheatedStrike","hexamod:GhostShield"],"picked":"hexamod:BurningTouch+1","floor":21}],"player_experience":451673,"relics_obtained":[{"floor":6,"key":"Happy Flower"},{"floor":12,"key":"Pear"}],"event_choices":[{"damage_healed":22,"gold_gain":0,"player_choice":"Healed and dodged fight","damage_taken":0,"max_hp_gain":0,"max_hp_loss":0,"event_name":"Mushrooms","floor":14,"gold_loss":0,"cards_obtained":["Parasite"]}],"is_beta":false,"boss_relics":[{"not_picked":["Fusion Hammer","Tiny House"],"picked":"Philosopher\u0027s Stone"}],"items_purged_floors":[],"is_endless":false,"potions_floor_spawned":[2,6,12,15,20],"killed_by":"Gremlin Leader","ascension_level":4}}