{"host":"lmshf3swj20gmdor","time":1612678068,"event":{"mods":["2.2 Compatiblity","BaseMod","Conspire","Downfall","Googly Eyes","Hubris","Minty Spire (QoL Compilation)","Replay The Spire","Spikes Relics","StSLib","Synergy Search","The Servant 0.9.4"],"gold_per_floor":[99,99,99,374,374,374,374,408,421,436,469,488,504,504,518,620,620,520,537,537,548,548,548,548],"floor_reached":22,"language":"ENG","playtime":884,"items_purged":[],"score":213,"play_id":"9f5227b4-1033-41e2-94a5-ed7b9d8727e6","local_time":"20210207060748","is_ascension_mode":true,"campfire_choices":[{"floor":1,"key":"DIG"},{"data":"bronze:BugBarrage","floor":6,"key":"SMITH"},{"floor":18,"key":"RECALL"}],"circlet_count":0,"master_deck":["bronze:Strike","bronze:Strike","bronze:Strike","bronze:Strike","bronze:Defend","bronze:Defend","bronze:Defend","bronze:Replicate","bronze:Goto","bronze:Shield","Regret","bronze:BugBarrage+1","bronze:Shield","bronze:ItsAFeature","bronze:HyperBeam","bronze:Overheat"],"relics":["bronze:BronzeCore","downfall:HeartsMalice","bronze:ProtectiveGoggles","hubris:PeanutButter","Iron Hammer","Bag of Marbles","hubris:TerracottaHorce","downfall:HeartBlessingGreen"],"acts_visited":["Exordium","TheCity"],"potions_floor_usage":[11,16,16,16],"damage_taken":[{"damage":0,"enemies":"2 Louse","floor":2,"turns":1},{"damage":0,"enemies":"Cultist","floor":3,"turns":1},{"damage":0,"enemies":"Jaw Worm","floor":5,"turns":1},{"damage":36,"enemies":"Gremlin Nob","floor":8,"turns":6},{"damage":0,"enemies":"Blue Slaver","floor":9,"turns":3},{"damage":0,"enemies":"3 Louse","floor":10,"turns":4},{"damage":26,"enemies":"3 Sentries","floor":11,"turns":9},{"damage":0,"enemies":"Large Slime","floor":12,"turns":6},{"damage":0,"enemies":"Blue Slaver","floor":13,"turns":2},{"damage":0,"enemies":"3 Louse","floor":15,"turns":4},{"damage":44,"enemies":"DF_ARCHETYPE_STREAMLINE","floor":16,"turns":12},{"damage":1,"enemies":"Shell Parasite","floor":19,"turns":6},{"damage":0,"enemies":"Spheric Guardian","floor":21,"turns":5},{"damage":67,"enemies":"Snecko","floor":22,"turns":6}],"seed_played":"8408443064486390753","potions_obtained":[{"floor":9,"key":"Swift Potion"},{"floor":11,"key":"ColorlessPotion"},{"floor":12,"key":"Regen Potion"},{"floor":13,"key":"SkillPotion"},{"floor":16,"key":"Adrenaline Potion"},{"floor":21,"key":"bronze:BurnAndBuffPotion"}],"is_trial":false,"path_per_floor":["R","M","M","?","M","R","T","E","M","M","E","M","M","?","M","B",null,"R","M","?","M","M"],"character_chosen":"THE_AUTOMATON","items_purchased":[],"campfire_rested":0,"item_purchase_floors":[],"current_hp_per_floor":[70,70,70,70,70,70,70,34,34,34,8,8,8,31,31,2,53,53,52,52,52,0,0,0],"gold":548,"neow_bonus":"THREE_ENEMY_KILL","is_daily":false,"chose_seed":false,"campfire_upgraded":1,"win_rate":0.0,"timestamp":1612678068,"path_taken":["R","M","M","?","?","R","T","E","M","?","E","M","M","?","M","BOSS","R","M","?","?","M"],"items_purchased_type":[],"build_version":"2020-12-22","purchased_purges":0,"victory":false,"max_hp_per_floor":[70,70,70,70,70,70,70,70,70,70,70,70,70,70,70,70,70,70,70,70,70,70,70,70],"card_choices":[{"not_picked":["bronze:DarkDash","bronze:Frontload","bronze:Overload"],"picked":"SKIP","floor":2},{"not_picked":["bronze:BitShift","bronze:CutThrough"],"picked":"bronze:Shield","floor":3},{"not_picked":["bronze:Constructor","bronze:WhirlingStrike"],"picked":"bronze:BugBarrage","floor":5},{"not_picked":["bronze:Fortify","bronze:ForceShield","bronze:Invalidate"],"picked":"SKIP","floor":8},{"not_picked":["bronze:BronzeArmor","bronze:FollowUp"],"picked":"bronze:Shield","floor":9},{"not_picked":["bronze:DarkDash","bronze:WhirlingStrike","bronze:Turbo"],"picked":"SKIP","floor":10},{"not_picked":["bronze:Invalidate","bronze:Deprecate","bronze:Hardcode"],"picked":"SKIP","floor":11},{"not_picked":["bronze:Repulsor","bronze:Invalidate","bronze:DelayedSlice"],"picked":"SKIP","floor":12},{"not_picked":["bronze:WildBeam","bronze:BuggyMess","bronze:Terminator"],"picked":"SKIP","floor":13},{"not_picked":["bronze:Deprecate","bronze:Branch"],"picked":"bronze:ItsAFeature","floor":15},{"not_picked":["bronze:HardenedForm","bronze:RecursiveStrike"],"picked":"bronze:HyperBeam","floor":16},{"not_picked":["bronze:DelayedGuard","bronze:Backtrace+1","bronze:Invalidate"],"picked":"SKIP","floor":19},{"not_picked":["bronze:Repulsor+1","bronze:Turbo+1","bronze:WildBeam"],"picked":"SKIP","floor":21}],"player_experience":791922,"relics_obtained":[{"floor":1,"key":"bronze:ProtectiveGoggles"},{"floor":7,"key":"hubris:PeanutButter"},{"floor":8,"key":"Iron Hammer"},{"floor":11,"key":"Bag of Marbles"}],"event_choices":[{"damage_healed":23,"gold_gain":0,"player_choice":"Banana","damage_taken":0,"max_hp_gain":0,"max_hp_loss":0,"event_name":"Big Fish","floor":14,"gold_loss":0}],"is_beta":false,"boss_relics":[{"not_picked":["ReplayTheSpireMod:DimensionalGlitch","Replay:Drink Me"],"picked":"hubris:TerracottaHorce"}],"items_purged_floors":[],"is_endless":false,"potions_floor_spawned":[9,11,12,13,16,21],"killed_by":"Snecko","ascension_level":2}}