{"host":"l6vifo5ajdb3p20b","time":1612707413,"event":{"mods":["2.2 Compatiblity","BaseMod","Better Altar","Better Sensory Stone","Better Skull","Better Third Choice","BetterRewards","Block Reminder","Booster Modes","Card Forge","Clockwork Mod","Colored Map","Defuse TimeMaze Blight","Energized Spire","Evolution","Hubris","Minty Spire (QoL Compilation)","Relic Stats","Reliquary","StSLib","The Blackbeard","The Necromancer"],"gold_per_floor":[113,128,146,146,163,163,192,209,209,244,244,269,279,311,311,408,408,418,437,545,565,765,765,778,778,804,843,855,420,420,436,436,537,537,547,561,561,575,70,70,70,101,128,128,158,158,158,170,170,170],"floor_reached":51,"language":"ENG","playtime":4551,"items_purged":["Strike_W","Strike_W"],"score":790,"play_id":"01a3612f-c438-4619-ac89-66e901b86014","local_time":"20210207211653","is_ascension_mode":true,"campfire_choices":[{"data":"Summon_Undead","floor":6,"key":"SMITH"},{"data":"Summon_Undead","floor":11,"key":"SMITH"},{"data":"Uncharnel","floor":15,"key":"SMITH"},{"data":"Cloudkill","floor":23,"key":"SMITH"},{"data":"Summon_Undead","floor":25,"key":"SMITH"},{"data":"Negative_Energy_Mist","floor":28,"key":"SMITH"},{"data":"Violent_Necrosis","floor":30,"key":"SMITH"},{"data":"Stop_Heart","floor":32,"key":"SMITH"},{"data":"Summon_Vampire_Lady","floor":40,"key":"SMITH"},{"data":"Discovery","floor":44,"key":"SMITH"},{"data":"Cloudkill","floor":47,"key":"SMITH"},{"data":"Spectral_Walk","floor":49,"key":"SMITH"}],"circlet_count":0,"master_deck":["Bone_Spikes","Strike_W","Defend_W","Defend_W","Defend_W","Defend_W","Negative_Energy_Arrows","Bone_Wall","Death_Knell","Blood_Whip","Stop_Heart+1","Summon_Undead+1","Summon_Undead+1","Toxic_Smoke_Screen","Summon_Undead_Army","Uncharnel+1","Spectral_Walk+1","Negative_Energy_Javelin","Cloudkill+1","Blood_Is_Power+1","Violent_Necrosis+1","Negative_Energy_Mist+1","Summon_Undead+1","Toxic_Smoke_Screen+1","Spectral_Armor","Summon_Vampire_Lady+1","Epidemic","Strike_from_Beyond+1","Uncharnel+1","Corrupt","Discovery+1","Spectral_Walk+1","Acid_Javelin","Cloudkill+1","Plague_Bolt","Blood_Shield"],"relics":["Vampire_Amulet","Hammer of Thor","Seething Fire","Anvil of the Gods","EVO:Axolotl","HornCleat","Strawberry","Vajra","Bronze Scales","energizedSpire:MagnifyingGlass","Centennial Puzzle","MawBank","reliquary:Firecrackers","hubris:TenFootPole","Frozen Eye","reliquary:TatteredRug","reliquary:RedPaperclip","reliquary:Buckler","reliquary:WeakTea","reliquary:Stiletto","hubris:Icosahedron"],"acts_visited":["Exordium","TheCity","TheBeyond"],"potions_floor_usage":[27,50,50],"damage_taken":[{"damage":0,"enemies":"Small Slimes","floor":1,"turns":3},{"damage":0,"enemies":"2 Louse","floor":2,"turns":2},{"damage":0,"enemies":"Cultist","floor":3,"turns":3},{"damage":7,"enemies":"Blue Slaver","floor":5,"turns":3},{"damage":26,"enemies":"3 Sentries","floor":7,"turns":9},{"damage":6,"enemies":"Gremlin Gang","floor":8,"turns":4},{"damage":9,"enemies":"Gremlin Nob","floor":10,"turns":4},{"damage":9,"enemies":"3 Sentries","floor":12,"turns":6},{"damage":1,"enemies":"2 Fungi Beasts","floor":13,"turns":3},{"damage":1,"enemies":"Lagavulin","floor":14,"turns":5},{"damage":27,"enemies":"Hexaghost","floor":16,"turns":6},{"damage":5,"enemies":"2 Thieves","floor":18,"turns":4},{"damage":7,"enemies":"Spheric Guardian","floor":19,"turns":4},{"damage":2,"enemies":"Snecko","floor":21,"turns":5},{"damage":10,"enemies":"Centurion and Healer","floor":24,"turns":6},{"damage":17,"enemies":"Gremlin Leader","floor":27,"turns":6},{"damage":11,"enemies":"Cultist and Chosen","floor":31,"turns":6},{"damage":36,"enemies":"hubris:MusketHawk","floor":33,"turns":7},{"damage":17,"enemies":"3 Darklings","floor":35,"turns":5},{"damage":5,"enemies":"3 Shapes","floor":36,"turns":3},{"damage":10,"enemies":"Maw","floor":38,"turns":7},{"damage":40,"enemies":"Giant Head","floor":42,"turns":8},{"damage":39,"enemies":"Nemesis","floor":45,"turns":7},{"damage":21,"enemies":"Spire Growth","floor":48,"turns":4},{"damage":29,"enemies":"Awakened One","floor":50,"turns":12}],"seed_played":"2240649051888016757","potions_obtained":[{"floor":7,"key":"EssenceOfSteel"},{"floor":8,"key":"Ancient Potion"},{"floor":12,"key":"FearPotion"},{"floor":13,"key":"Swift Potion"},{"floor":27,"key":"LiquidMemories"},{"floor":35,"key":"Ancient Potion"},{"floor":38,"key":"PowerPotion"}],"is_trial":false,"path_per_floor":["M","M","M","?","M","R","E","M","T","E","R","E","M","E","R","B",null,"M","M","?","M","?","R","M","R","T","E","R","$","R","M","R","B",null,"M","M","?","M","$","R","?","E","T","R","E","?","R","M","R","B",null],"character_chosen":"NECROMANCER","items_purchased":["hubris:TenFootPole","Frozen Eye","reliquary:TatteredRug","Corrupt","Strength Potion","DistilledChaos","Discovery","Bone_Armory","Spectral_Walk","Acid_Javelin"],"campfire_rested":0,"item_purchase_floors":[29,29,29,39,39,39,39,39,39,39],"current_hp_per_floor":[82,82,82,87,82,82,86,85,92,92,92,94,94,94,94,75,94,93,94,44,53,53,53,47,47,47,62,62,62,62,55,55,21,94,88,89,89,86,86,86,86,68,68,68,73,73,73,81,81,89],"gold":170,"neow_bonus":"TEN_PERCENT_HP_BONUS","is_daily":false,"chose_seed":false,"campfire_upgraded":12,"win_rate":0.0,"timestamp":1612707413,"path_taken":["M","M","M","?","M","R","E","M","T","E","R","E","M","E","R","BOSS","M","M","?","?","?","R","M","R","T","E","R","$","R","?","R","BOSS","M","M","?","M","$","R","?","E","T","R","E","?","R","M","R","BOSS"],"items_purchased_type":["Relic","Relic","Relic","Card","Potion","Potion","Card","Card","Card","Card"],"build_version":"2020-12-22","purchased_purges":2,"victory":true,"max_hp_per_floor":[82,82,82,87,87,87,87,87,94,94,94,94,94,94,94,94,94,94,94,94,94,94,94,94,94,94,94,94,94,94,94,94,94,94,94,94,89,89,89,89,89,89,89,89,89,89,89,89,89,89],"relic_stats":{"Centennial Puzzle":[36],"counters":[25,132],"Bronze Scales":[303],"MawBank":36,"obtain_stats":[{"reliquary:Boomerang":20,"reliquary:Firecrackers":27,"Vajra":10,"Hammer of Thor":0,"reliquary:TatteredRug":29,"EVO:Axolotl":0,"Seething Fire":0,"reliquary:WeakTea":43,"MawBank":26,"Frozen Eye":29,"Centennial Puzzle":20,"HornCleat":7,"reliquary:RedPaperclip":34,"hubris:Icosahedron":46,"Anvil of the Gods":0,"Strawberry":9,"Bronze Scales":12,"reliquary:Buckler":42,"Vampire_Amulet":0,"reliquary:Stiletto":45,"hubris:ToyBattleship":14,"energizedSpire:MagnifyingGlass":17,"hubris:TenFootPole":29},{"reliquary:Boomerang":13,"reliquary:Firecrackers":16,"Vajra":7,"Hammer of Thor":0,"reliquary:TatteredRug":16,"EVO:Axolotl":0,"Seething Fire":0,"reliquary:WeakTea":22,"MawBank":15,"Frozen Eye":16,"Centennial Puzzle":13,"HornCleat":5,"reliquary:RedPaperclip":18,"hubris:Icosahedron":23,"Anvil of the Gods":0,"Strawberry":6,"Bronze Scales":8,"reliquary:Buckler":22,"Vampire_Amulet":0,"reliquary:Stiletto":23,"hubris:ToyBattleship":10,"energizedSpire:MagnifyingGlass":11,"hubris:TenFootPole":16},{"reliquary:Boomerang":56,"reliquary:Firecrackers":73,"Vajra":28,"Hammer of Thor":0,"reliquary:TatteredRug":73,"EVO:Axolotl":0,"Seething Fire":0,"reliquary:WeakTea":109,"MawBank":67,"Frozen Eye":73,"Centennial Puzzle":56,"HornCleat":20,"reliquary:RedPaperclip":86,"hubris:Icosahedron":116,"Anvil of the Gods":0,"Strawberry":24,"Bronze Scales":34,"reliquary:Buckler":109,"Vampire_Amulet":0,"reliquary:Stiletto":116,"hubris:ToyBattleship":42,"energizedSpire:MagnifyingGlass":48,"hubris:TenFootPole":73}]},"card_choices":[{"not_picked":["Negative_Energy_Javelin","Negative_Energy_Sphere"],"picked":"Death_Knell","floor":1},{"not_picked":["Negative_Energy_Shield","Chill_Blood"],"picked":"Blood_Whip","floor":2},{"not_picked":["Bone_Spikes","Scare"],"picked":"Stop_Heart","floor":3},{"not_picked":["Bone_Bullets","Uncharnel"],"picked":"Summon_Undead","floor":5},{"not_picked":["Death_March_Dance","Acid_Javelin"],"picked":"Summon_Undead","floor":7},{"not_picked":["Bone_Bullets","Vampiric_Strike"],"picked":"Toxic_Smoke_Screen","floor":8},{"not_picked":["Bone_Bullets","Corrupt"],"picked":"Summon_Undead_Army","floor":10},{"not_picked":["Blood_Shield","Negative_Energy_Bomb"],"picked":"Uncharnel","floor":12},{"not_picked":["Violent_Necrosis","Blood_Whip"],"picked":"Spectral_Walk","floor":13},{"not_picked":["Vampiric_Strike","Shackles_Of_Pain"],"picked":"Negative_Energy_Javelin","floor":14},{"not_picked":["Grasp_Heart","Blood_Magic"],"picked":"Cloudkill","floor":16},{"not_picked":["Death_March_Dance","Blood_Curse"],"picked":"Blood_Is_Power","floor":18},{"not_picked":["Chill_Blood","Vampiric_Strike"],"picked":"Violent_Necrosis","floor":19},{"not_picked":["Bone_Spikes","Blood_Curse"],"picked":"Negative_Energy_Mist","floor":21},{"not_picked":["Summon_Death_Knight","Bone_Armor+1"],"picked":"Summon_Undead","floor":24},{"not_picked":["Death_Coil","Shackles_Of_Pain"],"picked":"Toxic_Smoke_Screen+1","floor":27},{"not_picked":["Scare","Vampiric_Strike+1"],"picked":"Spectral_Armor","floor":31},{"not_picked":["Blood_Magic","Negative_Energy_Bomb"],"picked":"Summon_Vampire_Lady","floor":33},{"not_picked":["Consume_Illness+1","Negative_Energy_Burst+1"],"picked":"Epidemic","floor":35},{"not_picked":["Negative_Energy_Shield+1","Bone_Shift+1"],"picked":"Strike_from_Beyond+1","floor":36},{"not_picked":["Chill_Blood+1","Bone_Spikes"],"picked":"Uncharnel+1","floor":38},{"not_picked":["Bone_Shift","Strike_from_Beyond+1"],"picked":"Cloudkill","floor":42},{"not_picked":["Blood_Is_Power","Negative_Energy_Sphere"],"picked":"Plague_Bolt","floor":45},{"not_picked":["Blood_Whip","Negative_Energy_Shield+1"],"picked":"Blood_Shield","floor":48}],"player_experience":1179668,"relics_obtained":[{"floor":7,"key":"HornCleat"},{"floor":9,"key":"Strawberry"},{"floor":10,"key":"Vajra"},{"floor":12,"key":"Bronze Scales"},{"floor":14,"key":"hubris:ToyBattleship"},{"floor":26,"key":"MawBank"},{"floor":27,"key":"reliquary:Firecrackers"},{"floor":42,"key":"reliquary:Buckler"},{"floor":43,"key":"reliquary:WeakTea"},{"floor":45,"key":"reliquary:Stiletto"}],"event_choices":[{"damage_healed":0,"gold_gain":0,"player_choice":"Donut","damage_taken":0,"max_hp_gain":5,"max_hp_loss":0,"event_name":"Big Fish","floor":4,"gold_loss":0},{"damage_healed":0,"gold_gain":108,"player_choice":"GO RE RE ","damage_taken":55,"relics_obtained":["Centennial Puzzle","reliquary:Boomerang"],"max_hp_gain":0,"max_hp_loss":0,"event_name":"betterSkull:BetterSkull","floor":20,"gold_loss":0,"cards_upgraded":[]},{"damage_healed":0,"gold_gain":200,"player_choice":"Gold","damage_taken":0,"max_hp_gain":0,"max_hp_loss":0,"event_name":"Wheel of Change","floor":22,"gold_loss":0},{"damage_healed":0,"gold_gain":0,"player_choice":"Max HP","damage_taken":0,"max_hp_gain":0,"max_hp_loss":5,"event_name":"Winding Halls","floor":37,"gold_loss":0},{"cards_removed":["Bone_Armory"],"damage_healed":0,"gold_gain":0,"player_choice":"Removed Power","damage_taken":0,"max_hp_gain":0,"max_hp_loss":0,"event_name":"Falling","floor":41,"gold_loss":0}],"is_beta":false,"boss_relics":[{"not_picked":["Black Star","Pandora\u0027s Box"],"picked":"energizedSpire:MagnifyingGlass"},{"not_picked":["hubris:RunicObelisk","energizedSpire:NeverEndingSparkler"],"picked":"reliquary:RedPaperclip"}],"items_purged_floors":[29,39],"is_endless":false,"potions_floor_spawned":[7,8,12,13,19,21,27,35,36,38],"ascension_level":1}}