{"host":"enpah696raxjhbxd","time":1612701255,"event":{"mods":["BaseMod","Challenge The Spire","Chen","Colored Powertips","Friendly Minions","Minty Spire (QoL Compilation)","Replay The Spire","StSLib","TestMod","The Bladedancer","The Poker Player","UnlockEverythingMod"],"gold_per_floor":[110,125,125,125,125,153,153,163,163,194,212,212,244,91,91,170,170,185,185,129,129,142,142,142],"floor_reached":23,"language":"ZHS","playtime":710,"items_purged":[],"score":414,"play_id":"1d60f07f-89b5-4bae-b9f3-b69ac01a24b8","local_time":"20210207203415","is_ascension_mode":true,"campfire_choices":[{"floor":7,"key":"REST"},{"data":"Limit Break","floor":15,"key":"SMITH"}],"circlet_count":0,"master_deck":["AscendersBane","Strike_R","Strike_R","Strike_R","Strike_R","Defend_R","Defend_R","Defend_R","Defend_R","Bash","Armaments","Iron Wave","Shockwave","Thunderclap","ReplayTheSpireMod:Muscle Training","Dropkick","Twin Strike","Limit Break+1","Demon Form+1","Run Through","Amnesia"],"relics":["Burning Blood","testmod-TestBox","testmod-Nyarlathotep","Akabeko","Iron Hammer","testmod-TurbochargingSystem","Replay:Baseball","Smiling Mask","Ancient Tea Set","Cursed Key","Blue Doll"],"acts_visited":["Exordium","TheCity"],"potions_floor_usage":[11,16,23,23],"damage_taken":[{"damage":12,"enemies":"Jaw Worm","floor":1,"turns":2},{"damage":7,"enemies":"Small Slimes","floor":2,"turns":3},{"damage":25,"enemies":"Gremlin Nob","floor":6,"turns":5},{"damage":0,"enemies":"Cultist","floor":8,"turns":4},{"damage":21,"enemies":"Lagavulin","floor":10,"turns":5},{"damage":1,"enemies":"3 Louse","floor":11,"turns":4},{"damage":11,"enemies":"3 Sentries","floor":13,"turns":6},{"damage":42,"enemies":"The Guardian","floor":16,"turns":6},{"damage":30,"enemies":"Shell Parasite","floor":18,"turns":4},{"damage":16,"enemies":"3 Byrds","floor":22,"turns":5},{"damage":34,"enemies":"Book of Stabbing","floor":23,"turns":3}],"seed_played":"5984001430627353369","potions_obtained":[{"floor":6,"key":"Block Potion"},{"floor":10,"key":"PowerPotion"},{"floor":13,"key":"SteroidPotion"},{"floor":16,"key":"ElixirPotion"},{"floor":22,"key":"Energy Potion"}],"is_trial":false,"path_per_floor":["M","M","?","?","?","E","R","M","T","E","M","?","E","$","R","B",null,"M","?","$","T","M","E"],"character_chosen":"IRONCLAD","items_purchased":["Limit Break","Run Through"],"campfire_rested":1,"item_purchase_floors":[14,20],"current_hp_per_floor":[62,61,61,43,43,24,46,52,52,37,42,75,70,70,70,34,65,41,41,41,41,31,0,0],"gold":142,"neow_bonus":"RANDOM_COMMON_RELIC","is_daily":false,"chose_seed":false,"campfire_upgraded":1,"win_rate":0.0,"timestamp":1612701255,"path_taken":["M","M","?","?","?","E","R","M","T","E","?","?","E","$","R","BOSS","M","?","$","?","M","E"],"items_purchased_type":["Card","Card"],"build_version":"2020-12-22","purchased_purges":0,"victory":false,"max_hp_per_floor":[75,75,75,75,75,75,75,75,75,75,75,75,75,75,75,75,75,75,75,75,75,75,75,75],"card_choices":[{"not_picked":["Perfected Strike","Iron Wave"],"picked":"Armaments","floor":1},{"not_picked":["Perfected Strike","Heavy Blade"],"picked":"Iron Wave","floor":2},{"not_picked":["ReplayTheSpireMod:LeadingStrike","Clash"],"picked":"Thunderclap","floor":6},{"not_picked":["Clash","Rupture","Heavy Blade"],"picked":"SKIP","floor":8},{"not_picked":["Sentinel","Heavy Blade"],"picked":"ReplayTheSpireMod:Muscle Training","floor":10},{"not_picked":["True Grit","Anger"],"picked":"Dropkick","floor":11},{"not_picked":["ReplayReversal","Evolve"],"picked":"Twin Strike","floor":13},{"not_picked":["Offering","Reaper"],"picked":"Demon Form","floor":16},{"not_picked":["Evolve","ReplayTheSpireMod:Muscle Training","Body Slam"],"picked":"SKIP","floor":18},{"not_picked":["Battle Trance","Flame Barrier","Havoc"],"picked":"SKIP","floor":22}],"player_experience":218725,"relics_obtained":[{"floor":6,"key":"testmod-TurbochargingSystem"},{"floor":9,"key":"Replay:Baseball"},{"floor":10,"key":"Smiling Mask"},{"floor":13,"key":"Ancient Tea Set"},{"floor":21,"key":"Blue Doll"}],"event_choices":[{"damage_healed":0,"gold_gain":0,"player_choice":"Success","damage_taken":18,"relics_obtained":["Iron Hammer"],"max_hp_gain":0,"max_hp_loss":0,"event_name":"Scrap Ooze","floor":4,"gold_loss":0},{"damage_healed":0,"gold_gain":0,"player_choice":"1 cards matched","damage_taken":0,"max_hp_gain":0,"max_hp_loss":0,"event_name":"Match and Keep!","floor":5,"gold_loss":0,"cards_obtained":["Shockwave"]},{"cards_removed":["Metallicize"],"damage_healed":33,"gold_gain":0,"player_choice":"Offered Uncommon","damage_taken":0,"max_hp_gain":0,"max_hp_loss":0,"event_name":"Bonfire Elementals","floor":12,"gold_loss":0},{"damage_healed":0,"gold_gain":0,"player_choice":"Forge","damage_taken":0,"max_hp_gain":0,"max_hp_loss":0,"event_name":"Accursed Blacksmith","floor":19,"gold_loss":0,"cards_upgraded":["Demon Form"]}],"is_beta":false,"boss_relics":[{"not_picked":["Kintsugi","Snecko Heart"],"picked":"Cursed Key"}],"items_purged_floors":[],"is_endless":false,"potions_floor_spawned":[6,10,13,16,22],"killed_by":"Book of Stabbing","ascension_level":20}}