{"host":"nnmmiiw4bez2c8ei","time":1612676957,"event":{"mods":["AchievementEnabler","BaseMod","Colored Map","Colored Powertips","Minty Spire (QoL Compilation)","Rare Cards Sparkle","StSLib"],"gold_per_floor":[116,191,366,382,382,423,423,423,423,190,190,213,257,276,276,396,396,419,10,24,24,47,47,88,88,88,1,44,68,68,106,106,237,237,253,277,3,19,44,78,78,78,78,78,113,113,136,161,161,161,161,161,5,49,49,49],"floor_reached":55,"language":"KOR","playtime":2040,"items_purged":["Strike_G","Strike_G","Strike_G"],"score":1074,"play_id":"ab83de86-c253-48b1-aac6-5d3548462b53","local_time":"20210207144917","is_ascension_mode":true,"campfire_choices":[{"data":"Terror","floor":7.0,"key":"SMITH"},{"data":"Bouncing Flask","floor":11.0,"key":"SMITH"},{"floor":15.0,"key":"REST"},{"floor":23.0,"key":"REST"},{"data":"Envenom","floor":25.0,"key":"SMITH"},{"floor":30.0,"key":"REST"},{"floor":32.0,"key":"REST"},{"floor":41.0,"key":"REST"},{"data":"Calculated Gamble","floor":42.0,"key":"SMITH"},{"floor":44.0,"key":"RECALL"},{"data":"Blade Dance","floor":46.0,"key":"SMITH"},{"data":"Cloak And Dagger","floor":49.0,"key":"SMITH"},{"data":"Accuracy","floor":52.0,"key":"SMITH"}],"circlet_count":0,"master_deck":["Defend_G","Defend_G","Defend_G","Defend_G","Survivor+1","Neutralize","Bouncing Flask+1","Terror+1","Calculated Gamble+1","Crippling Poison+1","Accuracy+1","Blade Dance+1","Escape Plan","Envenom+1","Die Die Die","Deadly Poison","Backflip","Blade Dance+1","Accuracy+1","Cloak And Dagger+1","Wraith Form v2+1","Well Laid Plans+1","Caltrops+1","Footwork+1","Envenom+1","Cloak And Dagger+1","Caltrops+1","PiercingWail+1"],"relics":["Ring of the Snake","NeowsBlessing","Golden Idol","Lantern","Ornamental Fan","Tiny Chest","Snake Skull","WristBlade","War Paint","PreservedInsect","WingedGreaves","Frozen Egg 2","Mercury Hourglass","Smiling Mask","Empty Cage","Strawberry","Omamori","Pen Nib","Centennial Puzzle","Vajra","Boot"],"acts_visited":["Exordium","TheCity","TheBeyond","TheEnding"],"potions_floor_usage":[55],"damage_taken":[{"damage":0.0,"enemies":"2 Louse","floor":1.0,"turns":1.0},{"damage":0.0,"enemies":"Small Slimes","floor":4.0,"turns":1.0},{"damage":0.0,"enemies":"3 Sentries","floor":6.0,"turns":1.0},{"damage":34.0,"enemies":"Gremlin Nob","floor":13.0,"turns":4.0},{"damage":0.0,"enemies":"Cultist","floor":14.0,"turns":2.0},{"damage":20.0,"enemies":"Slime Boss","floor":16.0,"turns":5.0},{"damage":24.0,"enemies":"3 Byrds","floor":18.0,"turns":4.0},{"damage":1.0,"enemies":"Shell Parasite","floor":20.0,"turns":2.0},{"damage":13.0,"enemies":"Snecko","floor":22.0,"turns":4.0},{"damage":15.0,"enemies":"Gremlin Leader","floor":24.0,"turns":4.0},{"damage":0.0,"enemies":"Slavers","floor":28.0,"turns":3.0},{"damage":11.0,"enemies":"Shelled Parasite and Fungi","floor":29.0,"turns":2.0},{"damage":0.0,"enemies":"Gremlin Leader","floor":31.0,"turns":3.0},{"damage":21.0,"enemies":"Automaton","floor":33.0,"turns":6.0},{"damage":1.0,"enemies":"3 Shapes","floor":35.0,"turns":3.0},{"damage":11.0,"enemies":"3 Darklings","floor":36.0,"turns":3.0},{"damage":22.0,"enemies":"Sphere and 2 Shapes","floor":38.0,"turns":4.0},{"damage":16.0,"enemies":"Nemesis","floor":40.0,"turns":3.0},{"damage":0.0,"enemies":"Giant Head","floor":45.0,"turns":4.0},{"damage":1.0,"enemies":"4 Shapes","floor":47.0,"turns":5.0},{"damage":2.0,"enemies":"Maw","floor":48.0,"turns":5.0},{"damage":6.0,"enemies":"Donu and Deca","floor":50.0,"turns":7.0},{"damage":31.0,"enemies":"Shield and Spear","floor":54.0,"turns":4.0},{"damage":29,"enemies":"The Heart","floor":55,"turns":2}],"seed_played":"2210496571553378286","potions_obtained":[{"floor":1.0,"key":"ColorlessPotion"},{"floor":4.0,"key":"Weak Potion"},{"floor":13.0,"key":"DuplicationPotion"},{"floor":16.0,"key":"Strength Potion"},{"floor":18.0,"key":"SteroidPotion"},{"floor":24.0,"key":"SpeedPotion"},{"floor":33.0,"key":"SkillPotion"},{"floor":40.0,"key":"LiquidMemories"},{"floor":45.0,"key":"Explosive Potion"},{"floor":48.0,"key":"CultistPotion"}],"is_trial":false,"path_per_floor":["M","?","?","M","?","E","R","?","T","$","R","T","E","M","R","B",null,"M","$","M","?","M","R","E","R","T","?","E","M","R","E","R","B",null,"M","M","$","M","T","E","R","R","T","R","E","R","M","M","R","B",null,"R","$","E","B"],"character_chosen":"THE_SILENT","items_purchased":["Crippling Poison","Accuracy","War Paint","Die Die Die","Deadly Poison","Strawberry","Footwork+1","Vajra"],"campfire_rested":5,"item_purchase_floors":[10,10,19,19,19,37,37,53],"current_hp_per_floor":[70,59,59,59,59,59,59,59,59,59,59,59,25,25,44,24,55,31,31,30,30,17,36,21,21,21,21,21,10,29,29,48,27,56,55,44,51,29,29,13,34,34,34,34,34,34,33,31,31,25,60,60,60,29,0,0],"gold":49,"neow_bonus":"THREE_ENEMY_KILL","is_daily":false,"chose_seed":false,"campfire_upgraded":7,"win_rate":0.0,"timestamp":1612676957,"path_taken":["M","?","?","M","?","E","R","?","T","$","R","?","E","M","R","BOSS","M","$","M","?","M","R","E","R","T","?","E","M","R","E","R","BOSS","M","?","$","M","?","E","R","R","T","R","E","R","?","M","R","BOSS","R","$","E","BOSS"],"items_purchased_type":["Card","Card","Relic","Card","Card","Relic","Card","Relic"],"build_version":"2020-12-22","purchased_purges":3,"victory":false,"max_hp_per_floor":[70,70,70,70,65,65,65,65,65,65,65,65,65,65,65,65,65,65,65,65,65,65,65,65,65,65,65,65,65,65,65,65,65,65,65,65,72,72,72,72,72,72,72,72,72,72,72,72,72,72,72,72,72,72,72,72],"card_choices":[{"not_picked":["Caltrops","Deflect"],"picked":"Bouncing Flask","floor":1.0},{"not_picked":["Underhanded Strike","Infinite Blades"],"picked":"Terror","floor":4.0},{"not_picked":["Concentrate","Glass Knife"],"picked":"Calculated Gamble","floor":6.0},{"not_picked":["Outmaneuver","Caltrops"],"picked":"Blade Dance","floor":13.0},{"not_picked":["Backflip","Sucker Punch"],"picked":"Escape Plan","floor":14.0},{"not_picked":["Glass Knife","Grand Finale"],"picked":"Envenom","floor":16.0},{"not_picked":["Concentrate+1","Outmaneuver","Sucker Punch"],"picked":"SKIP","floor":18.0},{"not_picked":["Deflect+1","PiercingWail"],"picked":"Backflip","floor":20.0},{"not_picked":["Calculated Gamble","Poisoned Stab","Reflex"],"picked":"SKIP","floor":22.0},{"not_picked":["Calculated Gamble","Deflect"],"picked":"Blade Dance+1","floor":24.0},{"not_picked":["Reflex","Choke"],"picked":"Accuracy+1","floor":28.0},{"not_picked":["Flechettes+1","Blur"],"picked":"Cloak And Dagger+1","floor":29.0},{"not_picked":["Calculated Gamble","Bouncing Flask","Riddle With Holes"],"picked":"SKIP","floor":31.0},{"not_picked":["Storm of Steel","Die Die Die"],"picked":"Wraith Form v2+1","floor":33.0},{"not_picked":["Deadly Poison","Accuracy+1"],"picked":"Well Laid Plans+1","floor":35.0},{"not_picked":["Skewer+1","Deflect+1"],"picked":"Caltrops+1","floor":36.0},{"not_picked":["Deadly Poison","Bane+1"],"picked":"Envenom+1","floor":38.0},{"not_picked":["Outmaneuver+1","Dodge and Roll","Sucker Punch"],"picked":"SKIP","floor":40.0},{"not_picked":["Quick Slash+1","Well Laid Plans+1","Crippling Poison+1"],"picked":"SKIP","floor":45.0},{"not_picked":["Caltrops+1","Envenom+1"],"picked":"Cloak And Dagger","floor":47.0},{"not_picked":["Flying Knee","Caltrops+1","Dagger Throw+1"],"picked":"SKIP","floor":48.0},{"not_picked":["Flying Knee","Dagger Throw+1"],"picked":"Caltrops+1","floor":48.0},{"not_picked":["Blur","Tools of the Trade+1"],"picked":"PiercingWail+1","floor":54.0}],"player_experience":519129,"relics_obtained":[{"floor":6.0,"key":"Lantern"},{"floor":9.0,"key":"Ornamental Fan"},{"floor":12.0,"key":"Tiny Chest"},{"floor":13.0,"key":"Snake Skull"},{"floor":24.0,"key":"PreservedInsect"},{"floor":26.0,"key":"WingedGreaves"},{"floor":28.0,"key":"Mercury Hourglass"},{"floor":31.0,"key":"Smiling Mask"},{"floor":39.0,"key":"Omamori"},{"floor":40.0,"key":"Pen Nib"},{"floor":45.0,"key":"Centennial Puzzle"},{"floor":54.0,"key":"Boot"}],"event_choices":[{"damage_healed":0.0,"max_hp_gain":0.0,"max_hp_loss":0.0,"gold_gain":75.0,"event_name":"World of Goop","player_choice":"Gather Gold","floor":2.0,"gold_loss":0.0,"damage_taken":11.0},{"damage_healed":0.0,"max_hp_gain":0.0,"max_hp_loss":0.0,"gold_gain":175.0,"event_name":"Liars Game","player_choice":"AGREE","floor":3.0,"gold_loss":0.0,"damage_taken":0.0,"cards_obtained":["Doubt"]},{"damage_healed":0.0,"max_hp_gain":0.0,"max_hp_loss":5.0,"gold_gain":0.0,"event_name":"Golden Idol","player_choice":"Lose Max HP","floor":5.0,"gold_loss":0.0,"damage_taken":0.0,"relics_obtained":["Golden Idol"]},{"cards_removed":["Doubt"],"damage_healed":0.0,"max_hp_gain":0.0,"max_hp_loss":0.0,"gold_gain":0.0,"event_name":"Living Wall","player_choice":"Forget","floor":8.0,"gold_loss":0.0,"damage_taken":0.0},{"cards_removed":["Strike_G"],"damage_healed":0.0,"max_hp_gain":0.0,"max_hp_loss":0.0,"gold_gain":0.0,"event_name":"Back to Basics","player_choice":"Elegance","floor":21.0,"gold_loss":0.0,"damage_taken":0.0},{"damage_healed":0.0,"max_hp_gain":0.0,"max_hp_loss":0.0,"gold_gain":0.0,"event_name":"WeMeetAgain","player_choice":"Paid Gold","floor":27.0,"gold_loss":87.0,"damage_taken":0.0,"relics_obtained":["Frozen Egg 2"]}],"is_beta":false,"boss_relics":[{"not_picked":["Runic Pyramid","Runic Dome"],"picked":"WristBlade"},{"not_picked":["HoveringKite","Snecko Eye"],"picked":"Empty Cage"}],"items_purged_floors":[10,19,37],"is_endless":false,"potions_floor_spawned":[1,4,13,16,18,24,31,33,40,45,47,48],"killed_by":"The Heart","ascension_level":5}}