{"host":"92wx9z21c4p52du4","time":1612665989,"event":{"mods":["Arknights","BaseMod","Infinite Spire","Lobotomy","Minty Spire (QoL Compilation)","Reliquary","Robot Space Explorer","StSLib","The Blue Laboratory","The Disciple","The Jungle","The Runesmith","TheSurvivalist"],"gold_per_floor":[111,111,111,286,310,310,52,52,52,75,0,75,93,131,131,257,257,273,287,287,287,287],"floor_reached":21,"language":"ENG","playtime":1028,"items_purged":["Doubt"],"score":186,"play_id":"77227193-9da5-4b54-bf9b-03831c100462","local_time":"20210206204629","is_ascension_mode":true,"campfire_choices":[{"data":"Blade Dance","floor":6,"key":"SMITH"},{"data":"Neutralize","floor":8,"key":"SMITH"},{"floor":15,"key":"REST"}],"circlet_count":0,"master_deck":["Strike_G","Strike_G","Strike_G+1","Strike_G","Strike_G","Defend_G","Defend_G+1","Defend_G","Defend_G","Defend_G","Survivor","Neutralize+1","VoidDream","Blade Dance+1","Outmaneuver","Setup","FieryBird","Sucker Punch","OSAHOGD","Venomology","BeautyBeast","Bullet Time","ShyLook","Adrenaline","SpiderBud","Cloak And Dagger"],"relics":["Ring of the Snake","CogitoBucket","Golden Idol","infinitespire:CheckeredPen","Letter Opener","reliquary:QuartzCube","Black Star","SkinProphecy","reliquary:Aerogel"],"acts_visited":["Exordium","TheCity"],"potions_floor_usage":[14,16,18],"damage_taken":[{"damage":2,"enemies":"Small Slimes","floor":1,"turns":4},{"damage":1,"enemies":"2 Louse","floor":5,"turns":2},{"damage":0,"enemies":"Cultist","floor":10,"turns":2},{"damage":1,"enemies":"Exordium Thugs","floor":13,"turns":4},{"damage":28,"enemies":"3 Sentries","floor":14,"turns":14},{"damage":16,"enemies":"The Guardian","floor":16,"turns":15},{"damage":0,"enemies":"2 Thieves","floor":18,"turns":4},{"damage":6,"enemies":"Shell Parasite","floor":19,"turns":6},{"damage":33,"enemies":"Snecko","floor":21,"turns":5}],"seed_played":"-507583129209352793","potions_obtained":[{"floor":10,"key":"blueLaboratory:BottledHope"},{"floor":14,"key":"blueLaboratory:PyrophylliteBrew"}],"is_trial":false,"path_per_floor":["M","?","?","?","M","R","$","R","T","M","$","?","M","E","R","B",null,"M","M","?","M"],"character_chosen":"THE_SILENT","items_purchased":["infinitespire:CheckeredPen"],"campfire_rested":1,"item_purchase_floors":[7],"current_hp_per_floor":[68,65,52,52,51,51,51,51,51,51,51,40,39,11,30,19,65,65,55,55,0,0],"gold":287,"neow_bonus":"","is_daily":false,"chose_seed":false,"campfire_upgraded":2,"win_rate":0.0,"timestamp":1612665989,"path_taken":["M","?","?","?","M","R","$","R","T","M","$","?","M","E","R","BOSS","M","?","?","M"],"items_purchased_type":["Relic"],"build_version":"2020-12-22","purchased_purges":1,"victory":false,"max_hp_per_floor":[70,65,65,65,65,65,65,65,65,65,65,65,65,65,65,65,65,65,67,67,69,69],"card_choices":[{"not_picked":["CrumblingArmor","Woodsman","WallGazer"],"picked":"Singing Bowl","floor":1},{"not_picked":["Bloodbath","MHz"],"picked":"VoidDream","floor":1},{"not_picked":["Backflip","Dagger Throw"],"picked":"Blade Dance","floor":1},{"not_picked":["OSAHOGD","BeautyBeast"],"picked":"Yin","floor":5},{"not_picked":["Well Laid Plans","Expertise"],"picked":"Outmaneuver","floor":5},{"not_picked":["Terror","Acrobatics"],"picked":"Setup","floor":10},{"not_picked":["Murderer","Wellcheers"],"picked":"FieryBird","floor":13},{"not_picked":["Choke","Quick Slash"],"picked":"Sucker Punch","floor":13},{"not_picked":["Murderer","MeatLantern"],"picked":"OSAHOGD","floor":14},{"not_picked":["Backflip","Calculated Gamble"],"picked":"Venomology","floor":14},{"not_picked":["OldLady","PunishingBird"],"picked":"BeautyBeast","floor":16},{"not_picked":["Glass Knife","Doppelganger"],"picked":"Bullet Time","floor":16},{"not_picked":["Mercenary","Bloodbath"],"picked":"ShyLook","floor":18},{"not_picked":["Endless Agony","Cloak And Dagger"],"picked":"Adrenaline","floor":18},{"not_picked":["MeatLantern","PunishingBird"],"picked":"SpiderBud","floor":19},{"not_picked":["Caltrops","Quick Slash"],"picked":"Cloak And Dagger","floor":19}],"player_experience":198547,"relics_obtained":[{"floor":9,"key":"Letter Opener"},{"floor":14,"key":"reliquary:QuartzCube"}],"event_choices":[{"damage_healed":0,"gold_gain":0,"player_choice":"Lose Max HP","damage_taken":0,"relics_obtained":["Golden Idol"],"max_hp_gain":0,"max_hp_loss":5,"event_name":"Golden Idol","floor":2,"gold_loss":0},{"damage_healed":0,"gold_gain":0,"player_choice":"Entered Light","damage_taken":13,"max_hp_gain":0,"max_hp_loss":0,"event_name":"Shining Light","floor":3,"gold_loss":0,"cards_upgraded":["Strike_G","Defend_G"]},{"damage_healed":0,"gold_gain":175,"player_choice":"AGREE","damage_taken":0,"max_hp_gain":0,"max_hp_loss":0,"event_name":"Liars Game","floor":4,"gold_loss":0,"cards_obtained":["Doubt"]},{"damage_healed":0,"gold_gain":75,"player_choice":"Gather Gold","damage_taken":11,"max_hp_gain":0,"max_hp_loss":0,"event_name":"World of Goop","floor":12,"gold_loss":0},{"damage_healed":0,"gold_gain":0,"player_choice":"Gave Potion","damage_taken":0,"relics_obtained":["reliquary:Aerogel"],"max_hp_gain":0,"max_hp_loss":0,"event_name":"WeMeetAgain","floor":20,"gold_loss":0}],"is_beta":false,"boss_relics":[{"not_picked":["Philosopher\u0027s Stone","Coffee Dripper"],"picked":"Black Star"}],"items_purged_floors":[11],"is_endless":false,"potions_floor_spawned":[10,14],"killed_by":"Snecko","ascension_level":1}}