{"host":"xz7n3qy1zq36rzpg","time":1612656983,"event":{"mods":["BaseMod","Colored Map","Colored Powertips","Highlight Path","Minty Spire (QoL Compilation)","Quick Restart","Shop Mod"],"gold_per_floor":[111,111,36,55,66,66,98,118,168,168,36,51,51,68,68,167,167,182,51,150,150,150,150,160,195,220,247,114,125,125,125],"floor_reached":30,"language":"ENG","playtime":1620,"items_purged":["Strike_B","Defend_B"],"score":308,"play_id":"70056ec4-5a9e-407d-99e0-9e5b1dc8e0e9","local_time":"20210207011623","is_ascension_mode":true,"campfire_choices":[{"data":"Zap","floor":6,"key":"SMITH"},{"floor":10,"key":"REST"},{"data":"Cold Snap","floor":15,"key":"SMITH"},{"floor":23,"key":"REST"}],"circlet_count":0,"master_deck":["Strike_B","Defend_B","Zap+1","Dualcast","Reboot+1","Genetic Algorithm+1","Biased Cognition+1","Cold Snap+1","Electrodynamics","Trip","Leap","Defragment","Auto Shields","FTL","Coolheaded","Gash","Sunder","Coolheaded","Creative AI","Swift Strike","Decay","Glacier","Streamline+1","Sweeping Beam","Gash","Chaos","Ball Lightning"],"relics":["Astrolabe","Ornamental Fan","Smiling Mask","Fusion Hammer","Nunchaku","Strawberry","Vajra","Kunai"],"acts_visited":["Exordium","TheCity"],"potions_floor_usage":[8,16,16,25,27,29,30],"damage_taken":[{"damage":10.0,"enemies":"Small Slimes","floor":1.0,"turns":3.0},{"damage":1,"enemies":"Cultist","floor":4,"turns":4},{"damage":7,"enemies":"2 Louse","floor":5,"turns":2},{"damage":10,"enemies":"3 Sentries","floor":7,"turns":2},{"damage":11,"enemies":"Red Slaver","floor":8,"turns":3},{"damage":7,"enemies":"3 Louse","floor":12,"turns":4},{"damage":0,"enemies":"2 Fungi Beasts","floor":14,"turns":3},{"damage":20,"enemies":"The Guardian","floor":16,"turns":11},{"damage":20,"enemies":"2 Thieves","floor":18,"turns":4},{"damage":9,"enemies":"Shell Parasite","floor":24,"turns":6},{"damage":29,"enemies":"Slavers","floor":25,"turns":5},{"damage":43,"enemies":"Book of Stabbing","floor":27,"turns":5},{"damage":0,"enemies":"Chosen and Byrds","floor":29,"turns":8},{"damage":14,"enemies":"Snecko","floor":30,"turns":4}],"seed_played":"7354993216007615037","potions_obtained":[{"floor":5,"key":"SpeedPotion"},{"floor":7,"key":"ColorlessPotion"},{"floor":12,"key":"Dexterity Potion"},{"floor":14,"key":"PowerPotion"},{"floor":18,"key":"LiquidBronze"},{"floor":24,"key":"Regen Potion"},{"floor":25,"key":"FearPotion"}],"is_trial":false,"path_per_floor":["M","?","$","M","M","R","E","M","T","R","$","M","?","M","R","B",null,"M","$","?","?","?","R","M","E","T","E","$","M","M"],"character_chosen":"DEFECT","items_purchased":["FTL","Coolheaded","Swift Strike","Gash","Chaos","PowerPotion"],"campfire_rested":2,"item_purchase_floors":[11,11,19,28,28,28],"current_hp_per_floor":[65,65,65,64,57,57,47,36,36,58,58,51,51,51,51,31,75,55,55,55,55,55,75,66,56,56,13,13,13,0,0],"gold":125,"neow_bonus":"BOSS_RELIC","is_daily":false,"chose_seed":false,"campfire_upgraded":2,"win_rate":0.0,"timestamp":1612656983,"path_taken":["M","?","?","M","M","R","E","?","T","R","$","M","?","M","R","BOSS","M","$","?","?","?","R","M","E","T","E","?","M","?"],"items_purchased_type":["Card","Card","Card","Card","Card","Potion"],"build_version":"2020-12-22","purchased_purges":2,"victory":false,"max_hp_per_floor":[75,75,75,75,75,75,75,75,75,75,75,75,75,75,75,75,75,75,75,75,75,75,75,75,82,82,82,82,82,82,82],"card_choices":[{"not_picked":["Hologram","Aggregate"],"picked":"Cold Snap","floor":1},{"not_picked":["Rip and Tear","Reprogram"],"picked":"Leap","floor":4},{"not_picked":["Darkness","White Noise"],"picked":"Defragment","floor":5},{"not_picked":["Storm","Blizzard"],"picked":"Auto Shields","floor":7},{"not_picked":["Redo","Reprogram","Barrage"],"picked":"SKIP","floor":8},{"not_picked":["All For One","Turbo"],"picked":"Gash","floor":12},{"not_picked":["Force Field","Streamline"],"picked":"Coolheaded","floor":14},{"not_picked":["Echo Form","Machine Learning"],"picked":"Creative AI","floor":16},{"not_picked":["Steam Power+1","Barrage","Aggregate"],"picked":"SKIP","floor":18},{"not_picked":["Stack","Darkness"],"picked":"Glacier","floor":24},{"not_picked":["Chill","Conserve Battery"],"picked":"Streamline+1","floor":25},{"not_picked":["Compile Driver","Static Discharge+1"],"picked":"Sweeping Beam","floor":27},{"not_picked":["Compile Driver","Skim"],"picked":"Ball Lightning","floor":29}],"player_experience":455052,"relics_obtained":[{"floor":7,"key":"Ornamental Fan"},{"floor":9,"key":"Smiling Mask"},{"floor":25,"key":"Strawberry"},{"floor":26,"key":"Vajra"},{"floor":27,"key":"Kunai"}],"event_choices":[{"damage_healed":0,"gold_gain":0,"player_choice":"2 cards matched","damage_taken":0,"max_hp_gain":0,"max_hp_loss":0,"event_name":"Match and Keep!","floor":2,"gold_loss":0,"cards_obtained":["Electrodynamics","Trip"]},{"damage_healed":0,"gold_gain":0,"cards_transformed":["Strike_B"],"player_choice":"Transformed","damage_taken":0,"max_hp_gain":0,"max_hp_loss":0,"event_name":"Transmorgrifier","floor":13,"gold_loss":0,"cards_obtained":["Sunder"]},{"damage_healed":0,"gold_gain":99,"player_choice":"Stole From Cult","damage_taken":0,"max_hp_gain":0,"max_hp_loss":0,"event_name":"Nest","floor":20,"gold_loss":0},{"damage_healed":0,"gold_gain":0,"player_choice":"Opened","damage_taken":0,"relics_obtained":["Nunchaku"],"max_hp_gain":0,"max_hp_loss":0,"event_name":"The Mausoleum","floor":21,"gold_loss":0},{"damage_healed":0,"gold_gain":0,"player_choice":"Smashed Altar","damage_taken":0,"max_hp_gain":0,"max_hp_loss":0,"event_name":"Forgotten Altar","floor":22,"gold_loss":0,"cards_obtained":["Decay"]}],"is_beta":false,"boss_relics":[{"not_picked":["Philosopher\u0027s Stone","Tiny House"],"picked":"Fusion Hammer"}],"items_purged_floors":[3,19],"is_endless":false,"potions_floor_spawned":[5,7,12,14,18,24,25],"killed_by":"Snecko","ascension_level":3}}