{"host":"41d2uy75sdxmy7nu","time":1612659957,"event":{"mods":["BaseMod","Block Reminder","Colored Powertips","DeckTracker","Highlight Path","Minty Spire (QoL Compilation)","Permanent Neow","Quick Restart","Rare Cards Sparkle","Relic Stats","Robot Space Explorer","StSLib","The Marked","The Servant 0.9.4"],"gold_per_floor":[117,130,80,80,95,95,123,123,173,187,187,217,82,100,100,199,199,186,42,42,42,57,87,87,102,155,189,189,201,219,235,235,330,330,344,344,33,47,47,47,73,88,114,142,157,157,157,185,185,185],"floor_reached":51,"language":"ENG","playtime":4049,"items_purged":["Strike_R"],"score":960,"play_id":"9f9a9f6e-942e-4d97-bdf9-273a9c2e2deb","local_time":"20210206180557","is_ascension_mode":true,"campfire_choices":[{"data":"Disarm","floor":6.0,"key":"SMITH"},{"data":"Whirlwind","floor":15.0,"key":"SMITH"},{"data":"Limit Break","floor":24.0,"key":"SMITH"},{"data":"Demon Form","floor":28.0,"key":"SMITH"},{"data":"Berserk","floor":32.0,"key":"SMITH"},{"data":"Armaments","floor":40.0,"key":"SMITH"},{"data":"Double Tap","floor":46,"key":"SMITH"},{"data":"Metallicize","floor":49,"key":"SMITH"}],"circlet_count":0,"master_deck":["Strike_R","Strike_R","Strike_R","Defend_R","Defend_R","Defend_R","Defend_R","Bash","Pommel Strike","Warcry","Disarm+1","Wild Strike","Metallicize","Whirlwind+1","Metallicize+1","Berserk+1","Sword Boomerang","Limit Break+1","Shrug It Off","Shame","Ghostly Armor","Armaments+1","Warcry+1","Demon Form+1","Armaments+1","Seeing Red","Reaper","Limit Break+1","Inflame","Parasite","Shrug It Off+1","Double Tap+1"],"relics":["Black Blood","Smiling Mask","Red Skull","InkBottle","Happy Flower","Coffee Dripper","Bag of Preparation","Gremlin Horn","Pen Nib","Orichalcum","Toy Ornithopter","Kunai","Boot","Juzu Bracelet","Gambling Chip","Vajra"],"acts_visited":["Exordium","TheCity","TheBeyond"],"potions_floor_usage":[45,50,50,50],"damage_taken":[{"damage":1.0,"enemies":"2 Louse","floor":1.0,"turns":3.0},{"damage":9.0,"enemies":"Jaw Worm","floor":2.0,"turns":4.0},{"damage":1.0,"enemies":"Cultist","floor":5.0,"turns":3.0},{"damage":17.0,"enemies":"Gremlin Nob","floor":7.0,"turns":4.0},{"damage":10.0,"enemies":"Blue Slaver","floor":10.0,"turns":3.0},{"damage":32.0,"enemies":"Lagavulin","floor":12.0,"turns":8.0},{"damage":7.0,"enemies":"Gremlin Gang","floor":14.0,"turns":3.0},{"damage":0.0,"enemies":"Slime Boss","floor":16.0,"turns":5.0},{"damage":16.0,"enemies":"2 Thieves","floor":18.0,"turns":4.0},{"damage":2.0,"enemies":"Shell Parasite","floor":22.0,"turns":6.0},{"damage":54.0,"enemies":"Slavers","floor":23.0,"turns":8.0},{"damage":0.0,"enemies":"Snecko","floor":25.0,"turns":3.0},{"damage":0.0,"enemies":"Gremlin Leader","floor":27.0,"turns":5.0},{"damage":11.0,"enemies":"Shelled Parasite and Fungi","floor":29.0,"turns":4.0},{"damage":0.0,"enemies":"Centurion and Healer","floor":30.0,"turns":2.0},{"damage":9.0,"enemies":"Snake Plant","floor":31.0,"turns":2.0},{"damage":17.0,"enemies":"Collector","floor":33.0,"turns":7.0},{"damage":15.0,"enemies":"3 Shapes","floor":35.0,"turns":4.0},{"damage":22.0,"enemies":"3 Darklings","floor":38.0,"turns":3.0},{"damage":53.0,"enemies":"Reptomancer","floor":41.0,"turns":7.0},{"damage":15.0,"enemies":"Writhing Mass","floor":42.0,"turns":4.0},{"damage":34.0,"enemies":"Nemesis","floor":44.0,"turns":7.0},{"damage":40,"enemies":"Jaw Worm Horde","floor":45,"turns":3},{"damage":33,"enemies":"Reptomancer","floor":48,"turns":5},{"damage":96,"enemies":"Donu and Deca","floor":50,"turns":8}],"seed_played":"2380921391287279408","potions_obtained":[{"floor":1.0,"key":"SteroidPotion"},{"floor":5.0,"key":"Block Potion"},{"floor":7.0,"key":"FearPotion"},{"floor":25.0,"key":"DuplicationPotion"},{"floor":27.0,"key":"CultistPotion"},{"floor":29.0,"key":"Swift Potion"},{"floor":35.0,"key":"LiquidBronze"},{"floor":45,"key":"SteroidPotion"}],"is_trial":false,"path_per_floor":["M","M","?","$","M","R","E","?","T","M","?","E","$","M","R","B",null,"M","$","?","?","M","E","R","M","T","E","R","M","M","M","R","B",null,"M","?","$","M","?","R","E","M","T","E","M","R","?","E","R","B",null],"character_chosen":"IRONCLAD","items_purchased":["Berserk","Bag of Preparation","Kunai"],"campfire_rested":0,"item_purchase_floors":[13,19,37],"current_hp_per_floor":[80,77,77,77,80,80,69,74,74,70,58,32,32,31,31,37,85,75,75,59,59,63,15,15,21,21,27,27,22,28,25,25,19,90,90,90,90,80,71,71,45,42,42,20,21,21,79,58,58,15],"gold":185,"neow_bonus":"THREE_CARDS","is_daily":false,"chose_seed":false,"campfire_upgraded":8,"win_rate":0.0,"timestamp":1612659957,"path_taken":["M","M","?","$","M","R","E","?","T","M","?","E","?","?","R","BOSS","M","$","?","?","M","E","R","M","T","E","R","M","M","M","R","BOSS","M","?","?","M","?","R","E","?","T","E","M","R","?","E","R","BOSS"],"items_purchased_type":["Card","Relic","Relic"],"build_version":"2020-12-22","purchased_purges":1,"victory":true,"max_hp_per_floor":[80,80,80,80,80,80,80,85,85,85,85,85,85,85,85,85,85,85,85,90,90,90,90,90,90,90,90,90,90,90,90,90,90,90,90,90,90,90,90,90,90,90,90,90,90,90,79,79,79,79],"relic_stats":{"Happy Flower":[30],"Gremlin Horn":[25,25],"counters":[25,115],"Black Blood":190,"Pen Nib":[8],"Bag of Preparation":[32],"Juzu Bracelet":0,"Orichalcum":[72],"Smiling Mask":25,"Boot":[16],"Gambling Chip":[11],"Kunai":[3],"obtain_stats":[{"Happy Flower":12,"Gremlin Horn":21,"Black Blood":34,"Vajra":48,"Pen Nib":23,"Bag of Preparation":19,"Juzu Bracelet":43,"Orichalcum":26,"Smiling Mask":7,"Boot":41,"Burning Blood":0,"Gambling Chip":44,"Coffee Dripper":17,"Kunai":37,"Red Skull":9,"InkBottle":11,"Toy Ornithopter":27},{"Happy Flower":6,"Gremlin Horn":9,"Black Blood":17,"Vajra":24,"Pen Nib":11,"Bag of Preparation":9,"Juzu Bracelet":21,"Orichalcum":12,"Smiling Mask":4,"Boot":20,"Burning Blood":0,"Gambling Chip":22,"Coffee Dripper":8,"Kunai":18,"Red Skull":4,"InkBottle":5,"Toy Ornithopter":13},{"Happy Flower":25,"Gremlin Horn":37,"Black Blood":74,"Vajra":107,"Pen Nib":51,"Bag of Preparation":37,"Juzu Bracelet":92,"Orichalcum":54,"Smiling Mask":14,"Boot":88,"Burning Blood":0,"Gambling Chip":99,"Coffee Dripper":33,"Kunai":78,"Red Skull":14,"InkBottle":17,"Toy Ornithopter":59}],"InkBottle":[35],"Toy Ornithopter":25},"card_choices":[{"not_picked":["True Grit","Anger"],"picked":"Pommel Strike","floor":0.0},{"not_picked":["True Grit","Anger"],"picked":"Warcry","floor":1.0},{"not_picked":["Dark Embrace","Ghostly Armor"],"picked":"Disarm","floor":2.0},{"not_picked":["Dark Embrace","Headbutt"],"picked":"Wild Strike","floor":5.0},{"not_picked":["Evolve","Warcry"],"picked":"Metallicize","floor":7.0},{"not_picked":["Sever Soul","Clash"],"picked":"Whirlwind","floor":10.0},{"not_picked":["Disarm","Cleave"],"picked":"Metallicize","floor":12.0},{"not_picked":["Sentinel","Juggernaut"],"picked":"Sword Boomerang","floor":14.0},{"not_picked":["Brutality","Offering"],"picked":"Limit Break","floor":16.0},{"not_picked":["Clothesline","Wild Strike"],"picked":"Shrug It Off","floor":18.0},{"not_picked":["Shockwave","Feel No Pain"],"picked":"Ghostly Armor","floor":22.0},{"not_picked":["Anger+1","Entrench"],"picked":"Armaments","floor":23.0},{"not_picked":["Headbutt+1","Wild Strike+1"],"picked":"Warcry+1","floor":25.0},{"not_picked":["Clash","Cleave"],"picked":"Demon Form","floor":27.0},{"not_picked":["Combust","Headbutt"],"picked":"Armaments+1","floor":29.0},{"not_picked":["Headbutt","Heavy Blade"],"picked":"Seeing Red","floor":30.0},{"not_picked":["Wild Strike","Body Slam","Barricade"],"picked":"SKIP","floor":31.0},{"not_picked":["Barricade","Offering"],"picked":"Reaper","floor":33.0},{"not_picked":["Uppercut","Heavy Blade+1","Sword Boomerang+1"],"picked":"SKIP","floor":35.0},{"not_picked":["Clothesline","Rupture+1","Cleave"],"picked":"SKIP","floor":38.0},{"not_picked":["Iron Wave","Dual Wield"],"picked":"Inflame","floor":41.0},{"not_picked":["Warcry+1","Havoc","Body Slam"],"picked":"SKIP","floor":42.0},{"not_picked":["Dark Embrace","Havoc"],"picked":"Shrug It Off+1","floor":44.0},{"not_picked":["Iron Wave+1","Sword Boomerang+1"],"picked":"Double Tap","floor":45},{"not_picked":["Clothesline","Feel No Pain","Thunderclap"],"picked":"SKIP","floor":48}],"player_experience":858767,"relics_obtained":[{"floor":7.0,"key":"Smiling Mask"},{"floor":9.0,"key":"Red Skull"},{"floor":12.0,"key":"Happy Flower"},{"floor":23.0,"key":"Pen Nib"},{"floor":26.0,"key":"Orichalcum"},{"floor":27.0,"key":"Toy Ornithopter"},{"floor":41.0,"key":"Boot"},{"floor":43.0,"key":"Juzu Bracelet"},{"floor":44.0,"key":"Gambling Chip"},{"floor":48,"key":"Vajra"}],"event_choices":[{"cards_removed":["Strike_R"],"damage_healed":0.0,"max_hp_gain":0.0,"max_hp_loss":0.0,"gold_gain":0.0,"event_name":"The Cleric","player_choice":"Card Removal","floor":3.0,"gold_loss":50.0,"damage_taken":0.0},{"damage_healed":0.0,"max_hp_gain":5.0,"max_hp_loss":0.0,"gold_gain":0.0,"event_name":"Big Fish","player_choice":"Donut","floor":8.0,"gold_loss":0.0,"damage_taken":0.0},{"damage_healed":0.0,"max_hp_gain":0.0,"max_hp_loss":0.0,"gold_gain":0.0,"event_name":"Scrap Ooze","player_choice":"Success","floor":11.0,"gold_loss":0.0,"damage_taken":12.0,"relics_obtained":["InkBottle"]},{"damage_healed":0.0,"max_hp_gain":5.0,"max_hp_loss":0.0,"gold_gain":0.0,"event_name":"Forgotten Altar","player_choice":"Shed Blood","floor":20.0,"gold_loss":0.0,"damage_taken":21.0},{"damage_healed":0.0,"max_hp_gain":0.0,"max_hp_loss":0.0,"gold_gain":0.0,"event_name":"Addict","player_choice":"Stole Relic","floor":21.0,"gold_loss":0.0,"damage_taken":0.0,"relics_obtained":["Gremlin Horn"],"cards_obtained":["Shame"]},{"damage_healed":0.0,"max_hp_gain":0.0,"max_hp_loss":0.0,"gold_gain":0.0,"event_name":"Duplicator","player_choice":"Copied","floor":36.0,"gold_loss":0.0,"damage_taken":0.0,"cards_obtained":["Limit Break"]},{"damage_healed":0.0,"max_hp_gain":0.0,"max_hp_loss":0.0,"gold_gain":0.0,"event_name":"Wheel of Change","player_choice":"Damaged","floor":39.0,"gold_loss":0.0,"damage_taken":9.0},{"damage_healed":79,"gold_gain":0,"player_choice":"Heal","damage_taken":0,"max_hp_gain":0,"max_hp_loss":11,"event_name":"The Moai Head","floor":47,"gold_loss":0}],"is_beta":false,"boss_relics":[{"not_picked":["Pandora\u0027s Box","Runic Pyramid"],"picked":"Coffee Dripper"},{"not_picked":["SacredBark","Runic Cube"],"picked":"Black Blood"}],"items_purged_floors":[37],"is_endless":false,"potions_floor_spawned":[1,5,7,25,27,29,30,35,41,45],"ascension_level":3}}