{"host":"u499vgr0907g2fby","time":1612667737,"event":{"mods":["BaseMod","Downfall","Googly Eyes","Minty Spire (QoL Compilation)","StSLib"],"gold_per_floor":[99,110,110,6,6,6,6,106,5,19,37,57,74,37,54,154,154,54,66,85,36,63,95,95,110,2,16,28,38,51,79,99,204,204,104,114,114,168,243,243,268,300,312,325,356,356,406,26,46,46],"floor_reached":51,"language":"ENG","playtime":7038,"items_purged":["sneckomod:Strike"],"score":968,"play_id":"fb126783-04a8-451f-a673-ba2ab7e4b7b6","local_time":"20210206231537","is_ascension_mode":true,"campfire_choices":[{"floor":1.0,"key":"RECALL"},{"data":"sneckomod:UnendingSupply","floor":6.0,"key":"SMITH"},{"data":"sneckomod:UnlimitedRolls","floor":18,"key":"SMITH"},{"data":"sneckomod:SnakeSap","floor":35,"key":"SMITH"},{"floor":40,"key":"REST"},{"data":"sneckomod:MorePower","floor":46,"key":"SMITH"}],"circlet_count":0,"master_deck":["sneckomod:Strike","sneckomod:Strike+1","sneckomod:Defend","sneckomod:Defend","sneckomod:Defend+1","sneckomod:TailWhip+1","sneckomod:SnekBite+1","sneckomod:Unknown","sneckomod:Unknown+1","CurseOfTheBell","sneckomod:SoulRoll+1","sneckomod:SerpentIdol+1","sneckomod:UnendingSupply+1","sneckomod:SoulRoll+1","sneckomod:UnknownBlock+1","Master of Strategy+1","sneckomod:UnknownCommonSkill+1","sneckomod:UnknownX+1","sneckomod:UnknownRareSkill+1","Flash of Steel+1","Clumsy","sneckomod:SnakeSap+1","Enlightenment+1","sneckomod:Nope+1","sneckomod:UnknownDraw+1","sneckomod:SerpentIdol+1","sneckomod:Cheat+1","sneckomod:UnlimitedRolls+1","sneckomod:DiceBlock+1","sneckomod:Transmogrify+1","sneckomod:WideSting+1","sneckomod:UnknownBlock+1","sneckomod:SoulDraw+1","sneckomod:PureSnecko+1","sneckomod:SnakeSap+1","sneckomod:UnknownUncommonSkill+1","sneckomod:UnknownDraw+1","Jack Of All Trades+1","sneckomod:RainOfDice+1","Slimebound:FormOfPuddle+1","sneckomod:Unknown3Cost+1","sneckomod:UnknownCommonSkill+1","sneckomod:UnknownBlock+1","sneckomod:SoulExchange+1","hexamod:SixthSeal","sneckomod:UnknownStrength+1","hexamod:SixthSeal","sneckomod:MorePower+1","sneckomod:CheapStock+1","sneckomod:ImprovisedAttack+1","expansioncontent:QuickStudy+1"],"relics":["Calling Bell","Toxic Egg 2","downfall:GremlinSack","Philosopher\u0027s Stone","downfall:HeartBlessingRed","sneckomod:LoadedDie","OrangePellets","Bottled Lightning","Regal Pillow","Letter Opener","sneckomod:LoadedDie","Bird Faced Urn","Sozu","downfall:HeartBlessingBlue","Incense Burner","Lantern","Anchor","Molten Egg 2","Frozen Egg 2","Mango","Chemical X","Bag of Marbles"],"acts_visited":["Exordium","TheCity","TheBeyond"],"potions_floor_usage":[20,27,38,50,50],"damage_taken":[{"damage":3.0,"enemies":"Jaw Worm","floor":2.0,"turns":6.0},{"damage":5.0,"enemies":"downfall:FleeingMerchant","floor":4.0,"turns":4.0},{"damage":73.0,"enemies":"downfall:FleeingMerchant","floor":8.0,"turns":6.0},{"damage":5.0,"enemies":"downfall:FleeingMerchant","floor":9.0,"turns":4.0},{"damage":0.0,"enemies":"Cultist","floor":10.0,"turns":2.0},{"damage":0.0,"enemies":"Small Slimes","floor":11.0,"turns":3.0},{"damage":2.0,"enemies":"2 Fungi Beasts","floor":12.0,"turns":4.0},{"damage":0.0,"enemies":"Lots of Slimes","floor":13.0,"turns":3.0},{"damage":10.0,"enemies":"downfall:FleeingMerchant","floor":14.0,"turns":4.0},{"damage":0.0,"enemies":"Red Slaver","floor":15.0,"turns":3.0},{"damage":4.0,"enemies":"WA_ARCHETYPE_RETAIN","floor":16.0,"turns":5.0},{"damage":0,"enemies":"Spheric Guardian","floor":19,"turns":2},{"damage":19,"enemies":"Snake Plant","floor":20,"turns":5},{"damage":0,"enemies":"downfall:FleeingMerchant","floor":21,"turns":1},{"damage":4,"enemies":"Slavers","floor":23,"turns":4},{"damage":17,"enemies":"Shelled Parasite and Fungi","floor":25,"turns":3},{"damage":9,"enemies":"Chosen and Byrds","floor":27,"turns":3},{"damage":18,"enemies":"Snake Plant","floor":28,"turns":3},{"damage":12,"enemies":"Centurion and Healer","floor":29,"turns":5},{"damage":0,"enemies":"3 Cultists","floor":30,"turns":2},{"damage":24,"enemies":"Gremlin Leader","floor":31,"turns":4},{"damage":2,"enemies":"Sentry and Sphere","floor":32,"turns":5},{"damage":10,"enemies":"SI_MIRROR_ARCHETYPE","floor":33,"turns":7},{"damage":7,"enemies":"Orb Walker","floor":36,"turns":3},{"damage":89,"enemies":"2 Orb Walkers","floor":38,"turns":4},{"damage":7,"enemies":"Reptomancer","floor":42,"turns":5},{"damage":3,"enemies":"3 Darklings","floor":43,"turns":3},{"damage":0,"enemies":"Sphere and 2 Shapes","floor":44,"turns":2},{"damage":0,"enemies":"Giant Head","floor":45,"turns":1},{"damage":7,"enemies":"Giant Head","floor":47,"turns":4},{"damage":19,"enemies":"Spire Growth","floor":49,"turns":5},{"damage":99,"enemies":"DF_ARCHETYPE_ORBS","floor":50,"turns":10}],"seed_played":"-6896223456304320805","potions_obtained":[{"floor":11.0,"key":"ColorlessPotion"},{"floor":13.0,"key":"GamblersBrew"},{"floor":15.0,"key":"Energy Potion"},{"floor":16.0,"key":"PowerPotion"},{"floor":28,"key":"FairyPotion"},{"floor":30,"key":"Strength Potion"},{"floor":33,"key":"Dexterity Potion"}],"is_trial":false,"path_per_floor":["R","M","?","$","?","R","T","?","$","M","M","M","M","$","M","B",null,"R","M","M","$","T","E","T","M","$","M","M","M","M","E","M","B",null,"R","M","?","?","?","R","T","E","M","M","E","R","?","?","M","B",null],"character_chosen":"THE_SNECKO","items_purchased":["sneckomod:UnendingSupply","sneckomod:SoulRoll+1","Enlightenment+1","sneckomod:DiceBlock+1","OrangePellets","Bottled Lightning","sneckomod:SnakeSap","sneckomod:UnknownColorless+1","expansioncontent:QuickStudy","Chemical X"],"campfire_rested":1,"item_purchase_floors":[4,4,9,14,21,21,26,26,48,48],"current_hp_per_floor":[90,87,87,82,75,75,75,8,7,11,15,19,21,15,19,19,90,90,90,73,75,75,86,86,80,80,86,79,84,86,64,73,82,90,100,93,93,32,32,77,77,76,85,93,97,97,114,114,103,26],"gold":46,"neow_bonus":"BOSS_RELIC","is_daily":false,"chose_seed":false,"campfire_upgraded":4,"win_rate":0.0,"timestamp":1612667737,"path_taken":["R","M","?","?","?","R","T","?","$","M","M","?","M","$","M","BOSS","R","M","M","?","?","E","T","M","?","?","M","M","?","E","M","BOSS","R","M","?","?","?","R","T","E","M","M","E","R","?","?","M","BOSS"],"items_purchased_type":["Card","Card","Card","Card","Relic","Relic","Card","Card","Card","Relic"],"build_version":"2020-12-22","purchased_purges":1,"victory":true,"max_hp_per_floor":[90,90,90,90,90,90,90,90,90,90,90,90,90,90,90,90,90,90,90,90,90,90,90,90,90,90,90,90,90,90,90,90,90,90,100,100,100,100,100,100,100,100,100,100,100,100,114,114,114,114],"card_choices":[{"not_picked":["sneckomod:Rotation+1","sneckomod:Memorize+1"],"picked":"sneckomod:SoulRoll+1","floor":2.0},{"not_picked":["sneckomod:CheapStock","sneckomod:SoulRoll+1"],"picked":"sneckomod:SerpentIdol+1","floor":4.0},{"not_picked":["sneckomod:QuickBite","sneckomod:WideSting"],"picked":"sneckomod:UnknownBlock+1","floor":8.0},{"not_picked":["sneckomod:Nope+1","sneckomod:WideSting"],"picked":"sneckomod:SnakeSap","floor":9.0},{"not_picked":["sneckomod:UnknownCommonAttack","sneckomod:UnknownWeak+1"],"picked":"sneckomod:Nope+1","floor":10.0},{"not_picked":["sneckomod:UnknownCommonSkill+1","sneckomod:DiceBlock+1"],"picked":"sneckomod:UnknownDraw+1","floor":11.0},{"not_picked":["sneckomod:IronFang","sneckomod:UnknownCommonSkill+1"],"picked":"sneckomod:SerpentIdol+1","floor":12.0},{"not_picked":["sneckomod:UnknownExhaust+1","sneckomod:Unknown1Cost+1"],"picked":"sneckomod:Cheat+1","floor":13.0},{"not_picked":["sneckomod:SoulCleanse+1","sneckomod:QuickBite"],"picked":"sneckomod:UnlimitedRolls","floor":14.0},{"not_picked":["sneckomod:SoulRoll+1","sneckomod:Unknown1Cost+1"],"picked":"sneckomod:UnknownExhaust+1","floor":15.0},{"not_picked":["sneckomod:UnknownRareAttack","sneckomod:UnlimitedRolls"],"picked":"sneckomod:Transmogrify+1","floor":16.0},{"not_picked":["sneckomod:Unknown1Cost+1","sneckomod:DiceBlock+1"],"picked":"sneckomod:WideSting+1","floor":19},{"not_picked":["sneckomod:DiceCrush","sneckomod:IronFang"],"picked":"sneckomod:UnknownBlock+1","floor":20},{"not_picked":["sneckomod:UnlimitedRolls","sneckomod:IronFang"],"picked":"sneckomod:UnknownUncommonPower","floor":21},{"not_picked":["sneckomod:Memorize+1","sneckomod:WideSting"],"picked":"sneckomod:SoulDraw+1","floor":23},{"not_picked":["sneckomod:SoulDraw+1","sneckomod:IronFang+1"],"picked":"sneckomod:PureSnecko+1","floor":25},{"not_picked":["sneckomod:TrashToTreasure+1","sneckomod:UnknownClassHEXA_GHOST_PURPLE+1"],"picked":"sneckomod:UnknownUncommonSkill+1","floor":27},{"not_picked":["sneckomod:WideSting","sneckomod:QuickBite"],"picked":"sneckomod:UnknownDraw+1","floor":28},{"not_picked":["sneckomod:DiceBlock+1","sneckomod:UnknownCommonAttack","sneckomod:UnknownClassSLIMEBOUND+1"],"picked":"SKIP","floor":29},{"not_picked":["sneckomod:CheapStock","sneckomod:UnendingSupply+1"],"picked":"sneckomod:Memorize+1","floor":30},{"not_picked":["sneckomod:IronFang","sneckomod:DiceCrush"],"picked":"sneckomod:RainOfDice+1","floor":31},{"not_picked":["sneckomod:Unknown1Cost+1","sneckomod:UnknownX+1"],"picked":"sneckomod:Memorize+1","floor":32},{"not_picked":["sneckomod:DangerNoodle","sneckomod:GlitteringGambit+1"],"picked":"sneckomod:Unknown3Cost+1","floor":33},{"not_picked":["sneckomod:UnknownVulnerable+1","sneckomod:SoulCleanse+1"],"picked":"sneckomod:UnknownCommonSkill+1","floor":36},{"not_picked":["sneckomod:MixItUp+1","sneckomod:SoulRoll+1"],"picked":"sneckomod:UnknownBlock+1","floor":38},{"not_picked":["sneckomod:UnknownColorless+1","sneckomod:UnknownBlock+1"],"picked":"sneckomod:SoulExchange+1","floor":42},{"not_picked":["hexamod:FourthSeal","hexamod:ThirdSeal"],"picked":"hexamod:SixthSeal","floor":43},{"not_picked":["sneckomod:UnknownVulnerable+1","sneckomod:Nope+1"],"picked":"sneckomod:UnknownStrength+1","floor":43},{"not_picked":["hexamod:SecondSeal","hexamod:ThirdSeal"],"picked":"hexamod:SixthSeal","floor":44},{"not_picked":["sneckomod:UnendingSupply+1","sneckomod:SoulDraw+1"],"picked":"sneckomod:MorePower","floor":44},{"not_picked":["sneckomod:UnknownStrength+1","sneckomod:Memorize+1"],"picked":"sneckomod:CheapStock+1","floor":45},{"not_picked":["sneckomod:DiceBlock+1","sneckomod:UnknownDexterity+1"],"picked":"sneckomod:ImprovisedAttack+1","floor":47},{"not_picked":["sneckomod:UnknownCommonAttack+1","sneckomod:Unknown1Cost+1","sneckomod:UnknownClassGREEN+1"],"picked":"SKIP","floor":49}],"player_experience":2011542,"relics_obtained":[{"floor":0.0,"key":"Anchor"},{"floor":0.0,"key":"Toxic Egg 2"},{"floor":0.0,"key":"Bird Faced Urn"},{"floor":8.0,"key":"downfall:GremlinSack"},{"floor":19,"key":"sneckomod:LoadedDie"},{"floor":20,"key":"Anchor"},{"floor":22,"key":"sneckomod:LoadedDie"},{"floor":23,"key":"sneckomod:LoadedDie"},{"floor":23,"key":"Letter Opener"},{"floor":24,"key":"Regal Pillow"},{"floor":25,"key":"Anchor"},{"floor":27,"key":"Letter Opener"},{"floor":27,"key":"Anchor"},{"floor":29,"key":"Letter Opener"},{"floor":31,"key":"Anchor"},{"floor":31,"key":"sneckomod:LoadedDie"},{"floor":31,"key":"Juzu Bracelet"},{"floor":32,"key":"Bird Faced Urn"},{"floor":38,"key":"Incense Burner"},{"floor":41,"key":"Lantern"},{"floor":42,"key":"Anchor"},{"floor":42,"key":"Molten Egg 2"},{"floor":45,"key":"Frozen Egg 2"},{"floor":47,"key":"Mango"},{"floor":49,"key":"Bag of Marbles"}],"event_choices":[{"damage_healed":0.0,"max_hp_gain":0.0,"max_hp_loss":0.0,"gold_gain":0.0,"event_name":"Scrap Ooze","player_choice":"Success","floor":5.0,"gold_loss":0.0,"damage_taken":7.0,"relics_obtained":["Nunchaku"]},{"cards_removed":["hexamod:FirstSeal"],"damage_healed":0,"gold_gain":0,"player_choice":"Removed Power","damage_taken":0,"max_hp_gain":0,"max_hp_loss":0,"event_name":"Falling","floor":37,"gold_loss":0},{"damage_healed":0,"gold_gain":0,"player_choice":"Fight","damage_taken":0,"max_hp_gain":0,"max_hp_loss":0,"event_name":"Mysterious Sphere","floor":38,"gold_loss":0}],"is_beta":false,"boss_relics":[{"not_picked":["Fusion Hammer","Runic Dome"],"picked":"Philosopher\u0027s Stone"},{"not_picked":["Runic Pyramid","Busted Crown"],"picked":"Sozu"}],"items_purged_floors":[48],"is_endless":false,"potions_floor_spawned":[11,13,15,16,28,29,30,32,33,42,45,47],"ascension_level":2}}