{"host":"5dhwd44u3dydylwe","time":1612684839,"event":{"mods":["AchievementEnabler","BaseMod","BetterRewards","Dota2Spire","Downfall","Hubris","Minty Spire (QoL Compilation)","Shop Mod","StSLib","Wandering Minibosses"],"gold_per_floor":[99,112,131,141,153,153,63,63,63,63,81,91,91,91,118,118,118,3,19,39,139,139,139,124,144,144,244,256,269,304,304,304,304,212,212,212,243,243,278,291,392,392,292,309,309,309,309,309,336,336,36,36,1035,572,672,472,487,487,519,533,533,533,563,20,20,20,20],"floor_reached":68,"language":"ENG","playtime":3897,"items_purged":["Guardian:Strike_Guardian","Injury","Normality","hubris:Greed","Normality"],"score":1989,"play_id":"6f11955f-114f-4f51-96b6-7e7da32b288b","local_time":"20210207160039","is_ascension_mode":true,"campfire_choices":[{"data":"Guardian:TwinSlam","floor":1,"key":"SMITH"},{"data":"Guardian:PolyBeam","floor":13,"key":"SMITH"},{"data":"Guardian:AncientConstruct","floor":17,"key":"SMITH"},{"data":"Guardian:WalkerClaw","floor":23,"key":"SMITH"},{"data":"Guardian:ExploitGems","floor":36,"key":"SMITH"},{"data":"Guardian:Orbwalk","floor":38,"key":"SMITH"},{"floor":43,"key":"RECALL"},{"data":"hubris:Despair","floor":52,"key":"PURGE"},{"data":"Normality","floor":56,"key":"PURGE"},{"data":"hubris:Compulsion","floor":58,"key":"PURGE"},{"data":"Injury","floor":65,"key":"PURGE"}],"circlet_count":0,"master_deck":["Guardian:Defend_Guardian","Guardian:Defend_Guardian","Guardian:Defend_Guardian","Guardian:CurlUp","Guardian:WalkerClaw+1","Guardian:AncientConstruct+1","Guardian:PolyBeam+1","Guardian:StasisField+1","Guardian:Orbwalk+1","Guardian:ExploitGems+1","Guardian:FloatingOrbs","Guardian:BronzeOrb+1","hubris:DuctTapeCard"],"relics":["hubris:TerracottaHorce","Dota2Spire:ShivaGuard","Dota2Spire:EyeOfSkadi","hubris:FunFungus","Juzu Bracelet","Cursed Key","Dead Branch","Dota2Spire:CrimsonGuard","Peace Pipe","Mercury Hourglass","Matryoshka","Dota2Spire:OctarineCore","PreservedInsect","Potion Belt","hubris:Backtick","Mummified Hand","downfall:HeartBlessingGreen","hubris:Towel","Sundial","Happy Flower","Lantern","Dota2Spire:UrnOfShadows","Dota2Spire:PhaseBoots","hubris:Zylophone","downfall:HeartBlessingRed","downfall:HeartBlessingBlue","Dota2Spire:ArcaneBoots","wanderingMiniBosses:OtherGremlinHorn","Bag of Marbles","hubris:DuctTape","OrangePellets","Anchor"],"acts_visited":["Exordium","TheCity","TheBeyond","TheEnding"],"potions_floor_usage":[15,37,67,67,67],"damage_taken":[{"damage":10,"enemies":"Cultist","floor":2,"turns":5},{"damage":0,"enemies":"2 Louse","floor":3,"turns":2},{"damage":0,"enemies":"Small Slimes","floor":4,"turns":3},{"damage":17,"enemies":"Red Slaver","floor":5,"turns":5},{"damage":10,"enemies":"downfall:FleeingMerchant","floor":7,"turns":4},{"damage":0,"enemies":"2 Fungi Beasts","floor":11,"turns":2},{"damage":2,"enemies":"Large Slime","floor":12,"turns":8},{"damage":2,"enemies":"3 Sentries","floor":15,"turns":12},{"damage":2,"enemies":"downfall:FleeingMerchant","floor":18,"turns":4},{"damage":0,"enemies":"Gremlin Gang","floor":19,"turns":4},{"damage":0,"enemies":"2 Fungi Beasts","floor":20,"turns":1},{"damage":10,"enemies":"IC_STATUS_ARCHETYPE","floor":21,"turns":7},{"damage":0,"enemies":"downfall:FleeingMerchant","floor":24,"turns":4},{"damage":0,"enemies":"Shell Parasite","floor":25,"turns":5},{"damage":10,"enemies":"DF_ARCHETYPE_STREAMLINE","floor":27,"turns":6},{"damage":21,"enemies":"Spheric Guardian","floor":28,"turns":5},{"damage":0,"enemies":"3 Cultists","floor":29,"turns":3},{"damage":2,"enemies":"Book of Stabbing","floor":30,"turns":4},{"damage":0,"enemies":"downfall:FleeingMerchant","floor":34,"turns":2},{"damage":1,"enemies":"Slavers","floor":37,"turns":4},{"damage":0,"enemies":"Gremlin Leader","floor":39,"turns":5},{"damage":0,"enemies":"Shelled Parasite and Fungi","floor":40,"turns":4},{"damage":0,"enemies":"SI_MIRROR_ARCHETYPE","floor":41,"turns":4},{"damage":0,"enemies":"Orb Walker","floor":44,"turns":3},{"damage":0,"enemies":"3 Darklings","floor":57,"turns":3},{"damage":0,"enemies":"Nemesis","floor":59,"turns":3},{"damage":0,"enemies":"Writhing Mass","floor":60,"turns":5},{"damage":0,"enemies":"WA_ARCHETYPE_DIVINITY","floor":61,"turns":3},{"damage":0,"enemies":"downfall:CharBossMerchant","floor":63,"turns":2},{"damage":0,"enemies":"downfall:NeowBoss","floor":66,"turns":6},{"damage":42,"enemies":"downfall:NeowBossFinal","floor":67,"turns":10}],"seed_played":"9114801483678798665","potions_obtained":[{"floor":3,"key":"PowerPotion"},{"floor":11,"key":"Explosive Potion"},{"floor":15,"key":"Weak Potion"},{"floor":19,"key":"bronze:BurnAndBuffPotion"},{"floor":28,"key":"Fruit Juice"},{"floor":37,"key":"ColorlessPotion"},{"floor":39,"key":"Energy Potion"},{"floor":40,"key":"SkillPotion"}],"is_trial":false,"path_per_floor":["R","M","M","M","M","?","$","T","T","?","M","M","R","?","E","?","R","$","M","M","B",null,"R","$","M","?","?","M","M","E","T","T","?","$","?","R","E","R","E","M","B",null,"R","M","?","?","?","?","T","T","$","R","?","$","?","R","M","R","E","M","B",null,"E","$","R","B","B",null],"character_chosen":"GUARDIAN","items_purchased":["Dota2Spire:OctarineCore","Dota2Spire:PhaseBoots","hubris:Zylophone","hubris:DuctTape","OrangePellets","Anchor"],"campfire_rested":0,"item_purchase_floors":[34,51,54,64,64,64],"current_hp_per_floor":[80,70,70,70,53,53,43,43,48,45,45,54,54,54,80,80,80,83,83,83,78,83,83,85,85,69,66,47,50,51,51,51,51,51,51,51,55,55,65,69,72,87,87,89,89,89,89,89,89,89,89,89,89,89,89,99,99,99,99,102,102,102,102,102,102,102,63],"gold":20,"neow_bonus":"BOSS_RELIC","is_daily":false,"chose_seed":false,"campfire_upgraded":6,"win_rate":0.0,"timestamp":1612684839,"path_taken":["R","M","M","?","M","?","$","T","T","?","M","M","R","?","E","?","R","$","M","M","BOSS","R","?","M","?","?","M","M","E","T","T","?","$","?","R","E","R","E","M","BOSS","R","M","?","?","?","?","T","T","$","R","?","$","?","R","M","R","E","M","BOSS","E","$","R","BOSS","BOSS"],"items_purchased_type":["Relic","Relic","Relic","Relic","Relic","Relic"],"build_version":"2020-12-22","purchased_purges":5,"victory":true,"max_hp_per_floor":[80,80,80,80,80,80,80,80,85,85,85,85,85,85,85,85,85,85,85,85,85,85,85,85,85,90,90,90,90,90,90,90,87,87,87,87,92,92,92,92,92,92,92,92,92,92,92,92,92,92,92,92,92,92,92,102,102,102,102,102,102,102,102,102,102,102,102],"card_choices":[{"not_picked":["Guardian:TemporalStrike","Guardian:Suspension"],"picked":"Guardian:Gem_Red","floor":2},{"not_picked":["Guardian:ChargeCore","Guardian:TemporalStrike"],"picked":"Guardian:WalkerClaw","floor":3},{"not_picked":["Guardian:TemporalStrike","Guardian:FloatingOrbs"],"picked":"Guardian:AncientConstruct","floor":4},{"not_picked":["Guardian:Gem_Crimson","Guardian:RollAttack"],"picked":"Guardian:PolyBeam","floor":5},{"not_picked":["Guardian:TemporalStrike","Guardian:ShieldSpikes"],"picked":"Guardian:Gem_Crimson","floor":7},{"not_picked":["Guardian:Reroute","Guardian:Planning","Guardian:Clone"],"picked":"SKIP","floor":11},{"not_picked":["Guardian:TemporalStrike","Guardian:Gem_Red","Guardian:Recover"],"picked":"SKIP","floor":12},{"not_picked":["Guardian:Reroute","Guardian:Incinerate","Guardian:WalkerClaw"],"picked":"SKIP","floor":15},{"not_picked":["Guardian:Gem_Lightblue","Guardian:Harden"],"picked":"Guardian:StasisField","floor":18},{"not_picked":["Guardian:GuardianWhirl","Guardian:ShieldCharger"],"picked":"Guardian:Orbwalk","floor":19},{"not_picked":["Guardian:ShieldCharger","Guardian:WalkerClaw","Guardian:TemporalStrike"],"picked":"SKIP","floor":20},{"not_picked":["Guardian:HyperBeam_Guardian","Guardian:RevengeProtocol"],"picked":"Guardian:ExploitGems","floor":21},{"not_picked":["Guardian:VentSteam","Guardian:Gem_Cyan"],"picked":"Guardian:FloatingOrbs","floor":24},{"not_picked":["Guardian:ChargeCore","Guardian:BronzeOrb"],"picked":"Guardian:Gem_White","floor":25},{"not_picked":["Guardian:CrystalBeam+1","Guardian:PrimingBeam"],"picked":"Guardian:Gem_Cyan","floor":27},{"not_picked":["Guardian:Emergency","Guardian:Planning"],"picked":"Guardian:Gem_Purple","floor":28},{"not_picked":["Guardian:Gem_Blue","Guardian:ShieldCharger"],"picked":"Guardian:BronzeOrb+1","floor":29},{"not_picked":["Guardian:SpikerProtocol","Guardian:Gem_Green"],"picked":"Guardian:Gem_Synthetic","floor":30},{"not_picked":["Guardian:ArmoredProtocol","Guardian:RefractedBeam","Guardian:PrismaticBeam"],"picked":"SKIP","floor":34},{"not_picked":["Guardian:Preprogram+1","Guardian:RollAttack","Guardian:DecasProtection"],"picked":"SKIP","floor":37},{"not_picked":["Guardian:PiercingHide+1","Guardian:StasisStrike","Guardian:Reroute"],"picked":"SKIP","floor":39},{"not_picked":["Guardian:TemporalShield","Guardian:PrismaticBeam","Guardian:VentSteam+1"],"picked":"SKIP","floor":40},{"not_picked":["Guardian:Gem_Lightblue","Guardian:Gem_Green","Guardian:WalkerClaw+1"],"picked":"SKIP","floor":44},{"not_picked":["Guardian:CrystalBeam+1","Guardian:Gem_Lightblue","Guardian:ShieldSpikes+1"],"picked":"SKIP","floor":57},{"not_picked":["Guardian:PiercingHide+1","Guardian:Gem_White","Guardian:Gem_Red"],"picked":"SKIP","floor":59},{"not_picked":["Guardian:WalkerClaw+1","Guardian:Gem_Lightblue","Guardian:ChargeCore"],"picked":"SKIP","floor":60},{"not_picked":["Guardian:Gem_Lightblue","Guardian:BronzeOrb","Guardian:HyperBeam_Guardian"],"picked":"SKIP","floor":63}],"player_experience":217774,"relics_obtained":[{"floor":8,"key":"Dota2Spire:ShivaGuard"},{"floor":9,"key":"Dota2Spire:EyeOfSkadi"},{"floor":15,"key":"Juzu Bracelet"},{"floor":27,"key":"Dead Branch"},{"floor":27,"key":"Dota2Spire:CrimsonGuard"},{"floor":30,"key":"Peace Pipe"},{"floor":31,"key":"Mercury Hourglass"},{"floor":32,"key":"Matryoshka"},{"floor":37,"key":"PreservedInsect"},{"floor":39,"key":"Potion Belt"},{"floor":46,"key":"Sundial"},{"floor":49,"key":"Happy Flower"},{"floor":49,"key":"Lantern"},{"floor":50,"key":"Dota2Spire:UrnOfShadows"},{"floor":59,"key":"Dota2Spire:ArcaneBoots"},{"floor":60,"key":"wanderingMiniBosses:OtherGremlinHorn"},{"floor":63,"key":"Bag of Marbles"}],"event_choices":[{"damage_healed":0,"gold_gain":0,"player_choice":"Success","damage_taken":3,"relics_obtained":["hubris:FunFungus"],"max_hp_gain":0,"max_hp_loss":0,"event_name":"Scrap Ooze","floor":10,"gold_loss":0},{"cards_removed":["Guardian:Defend_Guardian"],"damage_healed":0,"gold_gain":0,"player_choice":"Removed Skill","damage_taken":0,"max_hp_gain":0,"max_hp_loss":0,"event_name":"Falling","floor":48,"gold_loss":0}],"is_beta":false,"boss_relics":[{"not_picked":["Runic Dome","Tiny House"],"picked":"Cursed Key"},{"not_picked":["Coffee Dripper","Dota2Spire:Bloodstone"],"picked":"hubris:Backtick"}],"items_purged_floors":[7,18,34,51,54],"is_endless":false,"potions_floor_spawned":[3,11,15,19,21,25,28,37,39,40,44],"ascension_level":6}}