{"host":"iyjyqcbjxxczmrf0","time":1612674335,"event":{"mods":["2.2 Compatiblity","Act Like it!","Aspiration","BaseMod","Bestiary","Better Note","BetterRewards","Conspire","Downfall","Friendly Minions","Gensokyo","GungeonMod","Hallownest","Hermit","HololiveMod","Hubris","Infinite Spire","Jorbs\u0027s Wanderer Trilogy","Koishi","Lobotomy","LobotomyExtend","Marisa????????","Minty Spire (QoL Compilation)","Permanent Neow","Reimu??????","Remilia??????","Replay The Spire","Shop Mod","Spikes Relics","StSLib","SuperFastMode","The Animator","The Gatherer","The Hierophant","The Servant 0.9.4","TheFirefly"],"gold_per_floor":[111,124,124,141,141,166,179,179,179],"floor_reached":8,"language":"ENG","playtime":536,"items_purged":[],"score":58,"play_id":"72466927-0473-44b9-8c0d-509c59d076e5","local_time":"20210207000535","is_ascension_mode":false,"campfire_choices":[],"circlet_count":0,"master_deck":["DemoMod:Strike_Huntress","DemoMod:Strike_Huntress","DemoMod:Strike_Huntress","DemoMod:Defend_Huntress","DemoMod:Defend_Huntress","DemoMod:Defend_Huntress","DemoMod:Defend_Huntress","DemoMod:Roll","DemoMod:ManualReload","DemoMod:RustySidearm","DemoMod:CrossBow","Bloodbath","DemoMod:EasyReloadBullets","OldLady","DemoMod:ProbeStrike","BigBird","DemoMod:GunslingerForm","Injury","Freischutz","DemoMod:FortunesFavor+1","WallGazer","DemoMod:SkilledReload+1"],"relics":["DemoMod:Dog","CogitoBucket","LetterFromLob","aspiration:TomeofQuesting","Frozen Egg 2","Toxic Egg 2"],"acts_visited":["Exordium"],"potions_floor_usage":[8],"damage_taken":[{"damage":0,"enemies":"Cultist","floor":1,"turns":4},{"damage":3,"enemies":"Jaw Worm","floor":2,"turns":6},{"damage":0,"enemies":"Small Slimes","floor":4,"turns":4},{"damage":48,"enemies":"Gremlin Nob","floor":6,"turns":5},{"damage":10,"enemies":"Exordium Wildlife","floor":7,"turns":6},{"damage":18,"enemies":"3 Sentries","floor":8,"turns":2}],"seed_played":"-7540831113118191161","potions_obtained":[{"floor":1,"key":"SteroidPotion"},{"floor":6,"key":"Reflective Coating"},{"floor":7,"key":"sneckomod:MuddlingPotion"}],"is_trial":false,"path_per_floor":["M","M","?","M","?","E","M","E"],"character_chosen":"HUNTRESS","items_purchased":[],"campfire_rested":0,"item_purchase_floors":[],"current_hp_per_floor":[70,67,67,67,67,19,9,0,0],"gold":179,"neow_bonus":"","is_daily":false,"chose_seed":false,"campfire_upgraded":0,"win_rate":0.0,"timestamp":1612674335,"path_taken":["M","?","?","M","?","E","M","E"],"items_purchased_type":[],"build_version":"2020-12-22","purchased_purges":0,"victory":false,"max_hp_per_floor":[70,70,70,70,70,70,70,70,70],"card_choices":[{"not_picked":["VoidDream","MeatLantern"],"picked":"Bloodbath","floor":1},{"not_picked":["DemoMod:Unmoved","DemoMod:CombinedRifle"],"picked":"DemoMod:EasyReloadBullets","floor":1},{"not_picked":["Murderer","UniverseFragment"],"picked":"OldLady","floor":2},{"not_picked":["DemoMod:MegaHand","DemoMod:LifeOrb"],"picked":"DemoMod:ProbeStrike","floor":2},{"not_picked":["DreamingCurrent","BeautyBeast"],"picked":"BigBird","floor":4},{"not_picked":["DemoMod:HuntsMan","DemoMod:Ejector"],"picked":"DemoMod:GunslingerForm","floor":4},{"not_picked":["BeautyBeast","OSAHOGD"],"picked":"Freischutz","floor":6},{"not_picked":["DemoMod:RadGun","DemoMod:DoubleSwitch+1"],"picked":"DemoMod:FortunesFavor+1","floor":6},{"not_picked":["SpiderBud","ShyLook"],"picked":"WallGazer","floor":7},{"not_picked":["DemoMod:AWP","DemoMod:BlackHoleGun"],"picked":"DemoMod:SkilledReload+1","floor":7}],"player_experience":1078821,"relics_obtained":[{"floor":1,"key":"LetterFromLob"},{"floor":3,"key":"aspiration:TomeofQuesting"},{"floor":6,"key":"Toxic Egg 2"}],"event_choices":[],"is_beta":false,"boss_relics":[],"items_purged_floors":[],"is_endless":false,"potions_floor_spawned":[1,6,7],"killed_by":"3 Sentries","ascension_level":0}}