{"host":"1focbxb2e8qu7ccd","time":1612668957,"event":{"mods":["AchievementEnabler","BaseMod","Bestiary","Highlight Path","Minty Spire (QoL Compilation)","Relic Stats"],"gold_per_floor":[109,109,121,45,45,74,17,30,30,5,5,16,16,36,36,36,36],"floor_reached":16,"language":"ENG","playtime":759,"items_purged":[],"score":200,"play_id":"8d7ebbb6-4f82-4a15-9155-da5de6195f5a","local_time":"20210206223557","is_ascension_mode":true,"campfire_choices":[{"floor":11.0,"key":"REST"},{"data":"Feed","floor":13.0,"key":"SMITH"},{"data":"Flame Barrier","floor":15.0,"key":"SMITH"}],"circlet_count":0,"master_deck":["AscendersBane","Strike_R","Strike_R","Strike_R","Strike_R","Strike_R","Defend_R","Defend_R","Defend_R","Defend_R","Bash","Clothesline","Feed+1","Flame Barrier+1","Shrug It Off","Shrug It Off","True Grit"],"relics":["Philosopher\u0027s Stone","Shuriken","Pantograph"],"acts_visited":["Exordium"],"potions_floor_usage":[16,16],"damage_taken":[{"damage":8.0,"enemies":"Jaw Worm","floor":1.0,"turns":3.0},{"damage":9.0,"enemies":"Cultist","floor":3.0,"turns":4.0},{"damage":48.0,"enemies":"3 Sentries","floor":6.0,"turns":11.0},{"damage":0.0,"enemies":"2 Louse","floor":8.0,"turns":5.0},{"damage":14.0,"enemies":"Exordium Thugs","floor":12.0,"turns":8.0},{"damage":1.0,"enemies":"2 Fungi Beasts","floor":14.0,"turns":4.0},{"damage":57,"enemies":"Hexaghost","floor":16,"turns":10}],"seed_played":"-4178117167074725138","potions_obtained":[{"floor":6.0,"key":"SkillPotion"}],"is_trial":false,"path_per_floor":["M","?","M","$","?","E","$","M","T","$","R","M","R","M","R","B"],"character_chosen":"IRONCLAD","items_purchased":["Feed","Dexterity Potion","Shrug It Off"],"campfire_rested":1,"item_purchase_floors":[4,7,10],"current_hp_per_floor":[60,60,51,51,51,6,6,9,9,9,33,22,22,25,25,0,0],"gold":36,"neow_bonus":"BOSS_RELIC","is_daily":false,"chose_seed":false,"campfire_upgraded":2,"win_rate":0.0,"timestamp":1612668957,"path_taken":["M","?","?","$","?","E","?","M","T","$","R","M","R","M","R","BOSS"],"items_purchased_type":["Card","Potion","Card"],"build_version":"2020-12-22","purchased_purges":0,"victory":false,"max_hp_per_floor":[75,75,75,75,75,78,78,81,81,81,81,84,84,88,88,88,88],"relic_stats":{"counters":[7,45],"Shuriken":[1],"Pantograph":25,"obtain_stats":[{"Shuriken":6,"Pantograph":9,"Philosopher\u0027s Stone":0,"Burning Blood":0},{"Shuriken":3,"Pantograph":4,"Philosopher\u0027s Stone":0,"Burning Blood":0},{"Shuriken":18,"Pantograph":23,"Philosopher\u0027s Stone":0,"Burning Blood":0}]},"card_choices":[{"not_picked":["Perfected Strike","Anger","Warcry"],"picked":"SKIP","floor":1.0},{"not_picked":["Heavy Blade","Rupture"],"picked":"Clothesline","floor":3.0},{"not_picked":["Dropkick","Berserk"],"picked":"Flame Barrier","floor":6.0},{"not_picked":["Sword Boomerang","Ghostly Armor"],"picked":"Shrug It Off","floor":8.0},{"not_picked":["Infernal Blade","Wild Strike"],"picked":"True Grit","floor":12.0},{"not_picked":["Entrench","Thunderclap","Perfected Strike"],"picked":"SKIP","floor":14.0}],"player_experience":892851,"relics_obtained":[{"floor":6.0,"key":"Shuriken"},{"floor":9.0,"key":"Pantograph"}],"event_choices":[{"damage_healed":0.0,"max_hp_gain":0.0,"max_hp_loss":0.0,"gold_gain":0.0,"event_name":"Wheel of Change","player_choice":"Cursed","floor":2.0,"gold_loss":0.0,"damage_taken":0.0,"cards_obtained":["Decay"]},{"cards_removed":["Decay"],"damage_healed":0.0,"max_hp_gain":0.0,"max_hp_loss":0.0,"gold_gain":0.0,"event_name":"Fountain of Cleansing","player_choice":"Removed Curses","floor":5.0,"gold_loss":0.0,"damage_taken":0.0}],"is_beta":false,"boss_relics":[],"items_purged_floors":[],"is_endless":false,"potions_floor_spawned":[6,8,12],"killed_by":"Hexaghost","ascension_level":20}}