{"host":"pft5kheyb7v7gger","time":1612691499,"event":{"mods":["Act Like it!","BaseMod","Downfall","Energized Spire","LagranYue(拉格朗・月)","Lobotomy","LobotomyExtend","Minty Spire (QoL Compilation)","Replay The Spire","StSLib","【遗物卡牌】REMEMod"],"gold_per_floor":[99,119,13,13,28,28,28,47,47,47,47,32,61,78,89,190,140,40,58,72,172,191,191,191,91,121,121,140,153,53,69,84,185,185,185,197,215,230,2,19,19,34,84,84,114,131,131,161,180,180,180,180,180,180,180],"floor_reached":53,"language":"ZHS","playtime":5358,"items_purged":[],"score":955,"play_id":"be5075ba-db50-4b2a-8f1f-43f99b620083","local_time":"20210207175139","is_ascension_mode":true,"campfire_choices":[{"floor":1.0,"key":"RECALL"},{"data":"expansioncontent:DashGenerateEvil","floor":6.0,"key":"SMITH"},{"data":"Slimebound:Gluttony","floor":11.0,"key":"SMITH"},{"data":"Delirium","floor":18.0,"key":"PURGE"},{"data":"Slimebound:SlimeBarrage","floor":25.0,"key":"SMITH"},{"data":"Slimebound:OneTwoCombo","floor":30.0,"key":"SMITH"},{"data":"expansioncontent:QuickStudy","floor":44,"key":"SMITH"}],"circlet_count":0,"master_deck":["Slimebound:Strike_Slimebound","Slimebound:Strike_Slimebound","Slimebound:Strike_Slimebound","Slimebound:Tackle","Slimebound:Defend_Slimebound","Slimebound:Defend_Slimebound","Slimebound:Defend_Slimebound","Slimebound:Defend_Slimebound","Slimebound:Split","Slimebound:CorrosiveSpit","Slimebound:RollThrough","expansioncontent:DashGenerateEvil+1","Slimebound:Repurpose+1","Slimebound:MegaLick","Slimebound:Gluttony+1","REME_LeechingPoison","Slimebound:DouseInSlime","Slimebound:SlimeTap","Slimebound:BestDefense","Slimebound:SplitSpecialist","Slimebound:Darklings","Slimebound:Strike_Slimebound","Slimebound:FinishingTackle","Slimebound:ViciousTackle+1","Slimebound:SlimeBarrage+1","downfall:Haunted","downfall:Haunted","Languid","Slimebound:WasteNot","Injury","Languid","Slimebound:RainOfGoop","Slimebound:ForwardTackle","RitualDagger+1","Slimebound:OneTwoCombo+1","Slimebound:RollThrough","Slimebound:LivingWall+1","Slimebound:CheckThePlaybook","Slimebound:BestDefense","Slimebound:GoopTackle+1","Slimebound:Equalize","Slimebound:GoopSpray","expansioncontent:QuickStudy+1","Slimebound:ProtectTheBoss","Slimebound:Replication+1","Slimebound:SlimeBarrage+1","Slimebound:FinishingTackle+1","Slimebound:DouseInSlime","Slimebound:SpikyOuterGoop+1","Slimebound:Equalize+1","Slimebound:HungryTackle+1"],"relics":["Slimebound:AbsorbEndCombat","REME_ComplimentaryCards","LagranYue:RandomDrawCardRelic","LetterFromLob","ReplayTheSpireMod:CursedCoin","HornCleat","Meat on the Bone","energizedSpire:HugeHouse","downfall:HeartBlessingBlue","Du-Vu Doll","Pet Ghost","downfall:HeartBlessingRed","The Courier","downfall:HeartBlessingGreen","Black Star","ReplayTheSpireMod:TigerMarble","Pocketwatch","Iron Hammer","Chameleon Ring","Bottled Lightning","Molten Egg 2"],"acts_visited":["Exordium","TheCity","TheBeyond","TheEnding"],"potions_floor_usage":[39,39,42,50],"damage_taken":[{"damage":9.0,"enemies":"Cultist","floor":2.0,"turns":3.0},{"damage":8.0,"enemies":"downfall:FleeingMerchant","floor":3.0,"turns":4.0},{"damage":3.0,"enemies":"Small Slimes","floor":5.0,"turns":3.0},{"damage":0.0,"enemies":"Jaw Worm","floor":8.0,"turns":2.0},{"damage":1.0,"enemies":"downfall:FleeingMerchant","floor":12.0,"turns":4.0},{"damage":10.0,"enemies":"3 Sentries","floor":13.0,"turns":6.0},{"damage":0.0,"enemies":"Exordium Wildlife","floor":14.0,"turns":2.0},{"damage":0.0,"enemies":"3 Louse","floor":15.0,"turns":3.0},{"damage":54.0,"enemies":"DF_ARCHETYPE_STREAMLINE","floor":16.0,"turns":12.0},{"damage":13.0,"enemies":"Spheric Guardian","floor":19.0,"turns":4.0},{"damage":10.0,"enemies":"Snecko","floor":20.0,"turns":4.0},{"damage":5.0,"enemies":"Cultist and Chosen","floor":22.0,"turns":3.0},{"damage":0.0,"enemies":"REME_1_Revenger","floor":26.0,"turns":3.0},{"damage":18.0,"enemies":"Centurion and Healer","floor":28.0,"turns":5.0},{"damage":0.0,"enemies":"Shelled Parasite and Fungi","floor":29.0,"turns":3.0},{"damage":19.0,"enemies":"Sentry and Sphere","floor":31.0,"turns":4.0},{"damage":9.0,"enemies":"3 Cultists","floor":32.0,"turns":4.0},{"damage":55.0,"enemies":"IC_MUSHROOM_ARCHETYPE","floor":33.0,"turns":7.0},{"damage":14.0,"enemies":"3 Shapes","floor":36.0,"turns":4.0},{"damage":21.0,"enemies":"3 Darklings","floor":37.0,"turns":6.0},{"damage":72.0,"enemies":"Writhing Mass","floor":38.0,"turns":6.0},{"damage":7,"enemies":"downfall:FleeingMerchant","floor":39,"turns":4},{"damage":19,"enemies":"Maw","floor":40,"turns":6},{"damage":42,"enemies":"Transient","floor":42,"turns":5},{"damage":3,"enemies":"Transient","floor":43,"turns":5},{"damage":35,"enemies":"Giant Head","floor":45,"turns":6},{"damage":21,"enemies":"Writhing Mass","floor":46,"turns":3},{"damage":34,"enemies":"Reptomancer","floor":48,"turns":7},{"damage":17,"enemies":"Jaw Worm Horde","floor":49,"turns":4},{"damage":34,"enemies":"SI_POISON_ARCHETYPE","floor":50,"turns":11},{"damage":100,"enemies":"downfall:CharBossMerchant","floor":53,"turns":5}],"seed_played":"6613205565430080248","potions_obtained":[{"floor":2.0,"key":"ColorlessPotion"},{"floor":14.0,"key":"Fire Potion"},{"floor":15.0,"key":"Explosive Potion"},{"floor":16.0,"key":"Fire Potion"},{"floor":20.0,"key":"Fire Potion"},{"floor":22.0,"key":"Fire Potion"},{"floor":27.0,"key":"CultistPotion"},{"floor":33.0,"key":"Adrenaline Potion"},{"floor":36.0,"key":"Fire Potion"},{"floor":38,"key":"BlessingOfTheForge"},{"floor":45,"key":"bronze:BurnAndBuffPotion"},{"floor":49,"key":"SteroidPotion"}],"is_trial":false,"path_per_floor":["R","M","$","T","M","R","T","M","?","?","R","$","E","M","M","B",null,"R","M","M","?","M","?","T","R","E","?","M","M","R","M","M","B",null,"R","M","M","M","$","M","T","M","?","R","E","M","?","E","M","B",null,null,"E"],"character_chosen":"SLIMEBOUND","items_purchased":["ReplayTheSpireMod:CursedCoin","expansioncontent:DashGenerateEvil","Slimebound:Repurpose+1","expansioncontent:QuickStudy","Slimebound:ProtectTheBoss"],"campfire_rested":0,"item_purchase_floors":[3,3,3,39,39],"current_hp_per_floor":[71,66,64,64,65,65,65,67,67,67,67,71,67,71,71,42,66,76,63,76,81,80,80,80,80,81,81,67,69,69,56,55,35,81,81,71,66,23,40,47,47,40,41,41,47,48,48,58,70,64,64,81,0,0,0],"gold":180,"neow_bonus":"TEN_PERCENT_HP_BONUS","is_daily":false,"chose_seed":false,"campfire_upgraded":5,"win_rate":0.0,"timestamp":1612691499,"path_taken":["R","M","$","?","M","R","T","M","?","?","R","?","E","M","M","BOSS","R","M","M","?","M","?","T","R","E","?","M","M","R","M","M","BOSS","R","M","M","M","$","M","T","M","?","R","E","M","?","E","M","BOSS","E"],"items_purchased_type":["Relic","Card","Card","Card","Card"],"build_version":"2020-12-22","purchased_purges":0,"victory":false,"max_hp_per_floor":[71,71,71,71,71,71,71,71,71,71,71,71,71,71,71,71,66,76,76,76,81,81,81,81,81,81,81,81,81,81,81,81,81,81,81,81,81,81,81,81,81,81,81,81,81,81,81,81,81,81,81,81,81,81,81],"card_choices":[{"not_picked":["Slimebound:SplitBruiser","Slimebound:ComboTackle"],"picked":"Slimebound:Repurpose","floor":2.0},{"not_picked":["Slimebound:SplitAcid","Slimebound:SplitBruiser"],"picked":"Slimebound:RollThrough","floor":3.0},{"not_picked":["Slimebound:LivingWall","Slimebound:SpikyOuterGoop"],"picked":"Slimebound:MegaLick","floor":5.0},{"not_picked":["Slimebound:ComboTackle","Slimebound:Recollect"],"picked":"Slimebound:Gluttony","floor":8.0},{"not_picked":["Slimebound:ItLooksTasty","Slimebound:PressTheAttack"],"picked":"Slimebound:DouseInSlime","floor":12.0},{"not_picked":["Slimebound:PressTheAttack","Slimebound:SlimeSpikes"],"picked":"Slimebound:SlimeTap","floor":13.0},{"not_picked":["Slimebound:SplitBruiser","Slimebound:LeechEnergy"],"picked":"Slimebound:BestDefense","floor":14.0},{"not_picked":["Slimebound:ComboTackle","Slimebound:ItLooksTasty"],"picked":"Slimebound:SplitSpecialist","floor":15.0},{"not_picked":["Slimebound:FirmFortitude","Slimebound:OozeBath"],"picked":"Slimebound:Darklings","floor":16.0},{"not_picked":["Slimebound:SplitBruiser","Slimebound:SlimeBarrage+1"],"picked":"Slimebound:ViciousTackle+1","floor":19.0},{"not_picked":["Slimebound:Schlurp","Slimebound:SplitMire"],"picked":"Slimebound:SlimeBarrage","floor":20.0},{"not_picked":["Slimebound:SplitSpecialist+1","Slimebound:LivingWall"],"picked":"Slimebound:RainOfGoop","floor":22.0},{"not_picked":["Slimebound:FinishingTackle+1","Slimebound:RainOfGoop"],"picked":"Slimebound:ForwardTackle","floor":26.0},{"not_picked":["Slimebound:LeechEnergy","Slimebound:SlimeSpikes"],"picked":"Slimebound:OneTwoCombo","floor":28.0},{"not_picked":["Slimebound:DisruptingSlam+1","Slimebound:LeechingTouch"],"picked":"Slimebound:RollThrough","floor":29.0},{"not_picked":["Slimebound:SplitBruiser","Slimebound:LeechingTouch","Slimebound:ComboTackle"],"picked":"SKIP","floor":31.0},{"not_picked":["Slimebound:SamplingLick","Slimebound:HauntingLick+1"],"picked":"Slimebound:LivingWall+1","floor":32.0},{"not_picked":["Slimebound:TagTeam","Slimebound:DuplicatedForm"],"picked":"Slimebound:CheckThePlaybook","floor":33.0},{"not_picked":["Slimebound:SlimeBarrage+1","Slimebound:HauntingLick"],"picked":"Slimebound:BestDefense","floor":36.0},{"not_picked":["Slimebound:FinishingTackle+1","Slimebound:SplitAcid+1"],"picked":"Slimebound:GoopTackle+1","floor":37.0},{"not_picked":["Slimebound:LeechingTouch","Slimebound:RollThrough+1"],"picked":"Slimebound:Equalize","floor":38},{"not_picked":["Slimebound:SplitLeeching","Slimebound:SplitSpecialist"],"picked":"Slimebound:GoopSpray","floor":39},{"not_picked":["Slimebound:ComboTackle+1","Slimebound:RainOfGoop"],"picked":"Slimebound:Replication+1","floor":40},{"not_picked":["Slimebound:BestDefense","Slimebound:HauntingLick"],"picked":"Slimebound:SlimeBarrage+1","floor":42},{"not_picked":["Slimebound:GoopTackle+1","Slimebound:SplitAcid+1"],"picked":"Slimebound:FinishingTackle+1","floor":43},{"not_picked":["Slimebound:ComboTackle+1","Slimebound:Nibble"],"picked":"Slimebound:DouseInSlime","floor":45},{"not_picked":["Slimebound:ComboTackle","Slimebound:GoopTackle"],"picked":"Slimebound:SpikyOuterGoop+1","floor":46},{"not_picked":["Slimebound:SamplingLick+1","Slimebound:LeechingTouch+1"],"picked":"Slimebound:Equalize+1","floor":48},{"not_picked":["Slimebound:Schlurp","Slimebound:SlimeBarrage+1"],"picked":"Slimebound:HungryTackle+1","floor":49}],"player_experience":260200,"relics_obtained":[{"floor":2.0,"key":"LetterFromLob"},{"floor":4.0,"key":"HornCleat"},{"floor":13.0,"key":"Meat on the Bone"},{"floor":24.0,"key":"Pet Ghost"},{"floor":26.0,"key":"The Courier"},{"floor":41,"key":"ReplayTheSpireMod:TigerMarble"},{"floor":43,"key":"Pocketwatch"},{"floor":45,"key":"Iron Hammer"},{"floor":45,"key":"Chameleon Ring"},{"floor":48,"key":"Bottled Lightning"},{"floor":48,"key":"Molten Egg 2"}],"event_choices":[],"is_beta":false,"boss_relics":[{"not_picked":["Honey Jar","Fusion Hammer"],"picked":"energizedSpire:HugeHouse"},{"not_picked":["Ring of Chaos","Replay:Wanted Poster"],"picked":"Black Star"}],"items_purged_floors":[],"is_endless":false,"potions_floor_spawned":[2,14,15,16,20,22,33,36,38,45,49],"killed_by":"downfall:CharBossMerchant","ascension_level":1}}