{"host":"53w25izqmiakdcya","time":1612680701,"event":{"mods":["BaseMod","Colored Powertips","Downfall","Minty Spire (QoL Compilation)","Quick Restart","Rare Cards Sparkle","StSLib"],"gold_per_floor":[99,115,131,149,1,12,35,210,110,110,127,144,163,4,19,19,19,19],"floor_reached":16,"language":"ENG","playtime":922,"items_purged":[],"score":121,"play_id":"9b89d456-3331-499a-b6a6-91832de4c890","local_time":"20210207005141","is_ascension_mode":false,"campfire_choices":[{"data":"bronze:Replicate","floor":1.0,"key":"SMITH"},{"data":"bronze:ClassDefault","floor":9,"key":"SMITH"}],"circlet_count":0,"master_deck":["bronze:Strike","bronze:Strike","bronze:Strike","bronze:Strike","bronze:Defend","bronze:Defend","bronze:Defend","bronze:Defend","bronze:Replicate+1","bronze:Goto","bronze:Flail","bronze:ClassDefault+1","bronze:GetLatest","bronze:Frontload","Finesse","bronze:DelayedGuard","bronze:WhirlingStrike","bronze:DelayedSlice","bronze:WhirlingStrike","bronze:DelayedGuard","bronze:WhirlingStrike","Rage"],"relics":["bronze:BronzeCore","downfall:HeartBlessingBlue","PrismaticShard"],"acts_visited":["Exordium"],"potions_floor_usage":[13,16,16],"damage_taken":[{"damage":10.0,"enemies":"Small Slimes","floor":2.0,"turns":3.0},{"damage":1.0,"enemies":"2 Louse","floor":3.0,"turns":3.0},{"damage":6.0,"enemies":"Jaw Worm","floor":4.0,"turns":4.0},{"damage":5.0,"enemies":"downfall:FleeingMerchant","floor":5.0,"turns":4.0},{"damage":6,"enemies":"Large Slime","floor":6,"turns":3},{"damage":2,"enemies":"Blue Slaver","floor":11,"turns":5},{"damage":10,"enemies":"Exordium Thugs","floor":12,"turns":2},{"damage":8,"enemies":"Lots of Slimes","floor":13,"turns":3},{"damage":0,"enemies":"downfall:FleeingMerchant","floor":14,"turns":4},{"damage":7,"enemies":"Blue Slaver","floor":15,"turns":4},{"damage":55,"enemies":"DF_ARCHETYPE_STREAMLINE","floor":16,"turns":6}],"seed_played":"5607053616110322664","potions_obtained":[{"floor":2.0,"key":"Swift Potion"},{"floor":4.0,"key":"bronze:FreeFunctionsPotion"},{"floor":11,"key":"Swift Potion"},{"floor":15,"key":"Swift Potion"}],"is_trial":false,"path_per_floor":["R","M","M","M","$","M","T","?","R","?","M","M","M","$","M","B"],"character_chosen":"THE_AUTOMATON","items_purchased":["Finesse","bronze:DelayedGuard","PrismaticShard"],"campfire_rested":0,"item_purchase_floors":[5,5,14],"current_hp_per_floor":[77,67,66,60,55,49,49,49,59,59,57,47,39,39,32,0,0,0],"gold":19,"neow_bonus":"TEN_PERCENT_HP_BONUS","is_daily":false,"chose_seed":false,"campfire_upgraded":2,"win_rate":0.0,"timestamp":1612680701,"path_taken":["R","M","M","M","$","M","T","?","R","?","M","M","M","$","M","BOSS"],"items_purchased_type":["Card","Card","Relic"],"build_version":"2020-12-22","purchased_purges":0,"victory":false,"max_hp_per_floor":[77,77,77,77,77,77,77,77,87,87,87,87,87,87,87,87,87,87],"card_choices":[{"not_picked":["bronze:ItsAFeature","bronze:BugBarrage"],"picked":"bronze:Flail","floor":2.0},{"not_picked":["bronze:ChosenStrike","bronze:ForLoop"],"picked":"bronze:ClassDefault","floor":3.0},{"not_picked":["bronze:Turbo","bronze:DigitalCarnage"],"picked":"bronze:GetLatest","floor":4.0},{"not_picked":["bronze:GetLatest","bronze:OilSpill"],"picked":"bronze:Frontload","floor":5.0},{"not_picked":["bronze:CloningBeam","bronze:BitShift"],"picked":"bronze:WhirlingStrike","floor":6},{"not_picked":["bronze:CutThrough","bronze:Repulsor"],"picked":"bronze:DelayedSlice","floor":11},{"not_picked":["bronze:Invalidate","bronze:BuggyMess"],"picked":"bronze:WhirlingStrike","floor":12},{"not_picked":["bronze:BugBarrage","bronze:CutThrough"],"picked":"bronze:DelayedGuard","floor":13},{"not_picked":["bronze:Turbo","bronze:Shield"],"picked":"bronze:WhirlingStrike","floor":14},{"not_picked":["sneckomod:UnknownClassPURPLE","Prostrate"],"picked":"Rage","floor":15}],"player_experience":573997,"relics_obtained":[],"event_choices":[{"cards_removed":["Doubt"],"damage_healed":0,"gold_gain":0,"player_choice":"Card Removal","damage_taken":0,"max_hp_gain":0,"max_hp_loss":0,"event_name":"The Cleric","floor":10,"gold_loss":0}],"is_beta":false,"boss_relics":[],"items_purged_floors":[],"is_endless":false,"potions_floor_spawned":[2,4,11,15],"killed_by":"DF_ARCHETYPE_STREAMLINE","ascension_level":0}}