{"host":"92wx9z21c4p52du4","time":1612656624,"event":{"mods":["Arknights","BaseMod","Infinite Spire","Lobotomy","Minty Spire (QoL Compilation)","Reliquary","Robot Space Explorer","StSLib","The Blue Laboratory","The Disciple","The Jungle","The Runesmith","TheSurvivalist"],"gold_per_floor":[109,109,184,195,206,206,206],"floor_reached":6,"language":"ENG","playtime":356,"items_purged":[],"score":36,"play_id":"a3dc3d23-b2f2-4049-85b7-c7bb5414b4c8","local_time":"20210206181024","is_ascension_mode":false,"campfire_choices":[],"circlet_count":0,"master_deck":["Strike_Br","Strike_Br","Strike_Br","Defend_Br","Defend_Br","Defend_Br","Defend_Br","SecondHand","PatternShift","MHz","Cuckoo","HandsUpC","FairyFestival","Analog","SpiderBud","Goo"],"relics":["Chronometer","CogitoBucket"],"acts_visited":["Exordium"],"potions_floor_usage":[],"damage_taken":[{"damage":10,"enemies":"Small Slimes","floor":1,"turns":4},{"damage":0,"enemies":"Jaw Worm","floor":4,"turns":5},{"damage":2,"enemies":"2 Louse","floor":5,"turns":3},{"damage":46,"enemies":"Gremlin Nob","floor":6,"turns":4}],"seed_played":"3654416624810838469","potions_obtained":[{"floor":1,"key":"LiquidMemories"},{"floor":4,"key":"Strength Potion"}],"is_trial":false,"path_per_floor":["M","?","?","M","M","E"],"character_chosen":"CHRONO_CLASS","items_purchased":[],"campfire_rested":0,"item_purchase_floors":[],"current_hp_per_floor":[55,55,44,44,42,0,0],"gold":206,"neow_bonus":"","is_daily":false,"chose_seed":false,"campfire_upgraded":0,"win_rate":0.0,"timestamp":1612656624,"path_taken":["M","?","?","M","M","E"],"items_purchased_type":[],"build_version":"2020-12-22","purchased_purges":0,"victory":false,"max_hp_per_floor":[65,65,65,65,65,65,65],"card_choices":[{"not_picked":["Bloodbath","Variant"],"picked":"MHz","floor":1},{"not_picked":["HandsUpC","Accruing"],"picked":"Cuckoo","floor":1},{"not_picked":["CherryBlossoms","OldLady"],"picked":"FairyFestival","floor":4},{"not_picked":["AlternateTimeline","ReapSow"],"picked":"Analog","floor":4},{"not_picked":["WallGazer","Scorched"],"picked":"SpiderBud","floor":5},{"not_picked":["Parity","Keepsakes"],"picked":"Goo","floor":5}],"player_experience":190143,"relics_obtained":[],"event_choices":[{"damage_healed":0,"gold_gain":0,"cards_transformed":["Strike_Br"],"player_choice":"Change","damage_taken":0,"max_hp_gain":0,"max_hp_loss":0,"event_name":"Living Wall","floor":2,"gold_loss":0,"cards_obtained":["HandsUpC"]},{"damage_healed":0,"gold_gain":75,"player_choice":"Gather Gold","damage_taken":11,"max_hp_gain":0,"max_hp_loss":0,"event_name":"World of Goop","floor":3,"gold_loss":0}],"is_beta":false,"boss_relics":[],"items_purged_floors":[],"is_endless":false,"potions_floor_spawned":[1,4],"killed_by":"Gremlin Nob","ascension_level":0}}