{"host":"65jin1tlag1hqw3w","time":1612661009,"event":{"mods":["AchievementEnabler","BaseMod","Colored Map","Minty Spire (QoL Compilation)","StSLib"],"gold_per_floor":[119,129,139,149,169,202,202,202,202,213,241,211,211,222,222,321,321,338,9,9,9,26,26,54,54,54,54,64,78,108,108,108,108,108],"floor_reached":33,"language":"ENG","playtime":1695,"items_purged":[],"score":431,"play_id":"8aee9e6b-7cec-4728-a23f-723a22e97467","local_time":"20210206192329","is_ascension_mode":true,"campfire_choices":[{"data":"Dark Embrace","floor":7,"key":"SMITH"},{"data":"Hemokinesis","floor":13,"key":"SMITH"},{"data":"Fire Breathing","floor":15,"key":"SMITH"},{"data":"Fire Breathing","floor":23,"key":"SMITH"},{"data":"Offering","floor":25,"key":"SMITH"},{"data":"Immolate","floor":27,"key":"SMITH"},{"floor":32,"key":"REST"}],"circlet_count":0,"master_deck":["Strike_R","Strike_R","Strike_R","Strike_R","Defend_R","Defend_R","Defend_R","Defend_R","Bash","Reaper","Clash","Headbutt","Pommel Strike","Fire Breathing+1","Offering+1","Dark Embrace+1","Hemokinesis+1","Immolate+1","Reckless Charge+1","Fire Breathing+1","Parasite","Parasite","Shrug It Off","Battle Trance"],"relics":["Burning Blood","Centennial Puzzle","FossilizedHelix","Mummified Hand","Eternal Feather","Cursed Key","HornCleat","Paper Frog","Potion Belt","Strawberry","Frozen Egg 2","Nilry\u0027s Codex"],"acts_visited":["Exordium","TheCity"],"potions_floor_usage":[6,6,16,18,33,33,33],"damage_taken":[{"damage":12,"enemies":"Jaw Worm","floor":1,"turns":4},{"damage":6,"enemies":"Cultist","floor":2,"turns":3},{"damage":12,"enemies":"Small Slimes","floor":3,"turns":3},{"damage":26,"enemies":"Exordium Thugs","floor":4,"turns":4},{"damage":12,"enemies":"Looter","floor":5,"turns":3},{"damage":9,"enemies":"3 Sentries","floor":6,"turns":6},{"damage":6,"enemies":"Blue Slaver","floor":10,"turns":2},{"damage":26,"enemies":"Gremlin Nob","floor":11,"turns":4},{"damage":13,"enemies":"Exordium Wildlife","floor":14,"turns":4},{"damage":27,"enemies":"Hexaghost","floor":16,"turns":9},{"damage":22,"enemies":"2 Thieves","floor":18,"turns":3},{"damage":0,"enemies":"3 Byrds","floor":22,"turns":4},{"damage":13,"enemies":"Gremlin Leader","floor":24,"turns":3},{"damage":14,"enemies":"Cultist and Chosen","floor":28,"turns":3},{"damage":10,"enemies":"Snake Plant","floor":29,"turns":3},{"damage":29,"enemies":"Slavers","floor":30,"turns":3},{"damage":98,"enemies":"Champ","floor":33,"turns":10}],"seed_played":"-1687762411346518427","potions_obtained":[{"floor":1,"key":"GamblersBrew"},{"floor":2,"key":"EssenceOfSteel"},{"floor":4,"key":"CultistPotion"},{"floor":11,"key":"SpeedPotion"},{"floor":12,"key":"Energy Potion"},{"floor":12,"key":"SkillPotion"},{"floor":14,"key":"Strength Potion"},{"floor":16,"key":"ColorlessPotion"},{"floor":22,"key":"Dexterity Potion"},{"floor":29,"key":"LiquidMemories"},{"floor":30,"key":"Fire Potion"}],"is_trial":false,"path_per_floor":["M","M","M","M","M","E","R","?","T","M","E","?","R","M","R","B",null,"M","$","T","?","M","R","E","R","T","R","M","M","E","?","R","B"],"character_chosen":"IRONCLAD","items_purchased":["HornCleat","Fire Breathing"],"campfire_rested":1,"item_purchase_floors":[19,19],"current_hp_per_floor":[72,72,70,58,52,61,61,61,61,61,41,41,50,47,56,41,70,54,54,54,54,68,80,73,80,87,87,79,75,59,43,81,0,0],"gold":108,"neow_bonus":"TRANSFORM_CARD","is_daily":false,"chose_seed":false,"campfire_upgraded":6,"win_rate":0.0,"timestamp":1612661009,"path_taken":["M","M","M","M","M","E","R","?","T","?","E","?","R","M","R","BOSS","M","$","?","?","?","R","E","R","T","R","M","M","E","?","R","BOSS"],"items_purchased_type":["Relic","Card"],"build_version":"2020-12-22","purchased_purges":0,"victory":false,"max_hp_per_floor":[80,80,80,80,80,80,80,80,80,80,80,80,80,80,80,80,80,80,80,80,80,80,80,80,80,87,87,87,87,87,87,87,87,87],"card_choices":[{"not_picked":["Pummel","Wild Strike"],"picked":"Clash","floor":1},{"not_picked":["Body Slam","Heavy Blade"],"picked":"Headbutt","floor":2},{"not_picked":["Flex","Wild Strike"],"picked":"Pommel Strike","floor":3},{"not_picked":["Sentinel","Metallicize"],"picked":"Fire Breathing","floor":4},{"not_picked":["Shrug It Off","Pommel Strike"],"picked":"Offering","floor":5},{"not_picked":["Brutality","Hemokinesis"],"picked":"Dark Embrace","floor":6},{"not_picked":["Anger","Bloodletting","Shockwave"],"picked":"SKIP","floor":10},{"not_picked":["Double Tap","Havoc"],"picked":"Hemokinesis","floor":11},{"not_picked":["Cleave","Body Slam","Anger"],"picked":"SKIP","floor":14},{"not_picked":["Barricade","Berserk"],"picked":"Immolate","floor":16},{"not_picked":["Wild Strike","Shockwave+1"],"picked":"Reckless Charge+1","floor":18},{"not_picked":["Clash","Carnage","Blood for Blood"],"picked":"SKIP","floor":22},{"not_picked":["Carnage","Searing Blow+1","Hemokinesis"],"picked":"SKIP","floor":24},{"not_picked":["Clash+1","Thunderclap"],"picked":"Shrug It Off","floor":28},{"not_picked":["Entrench","Wild Strike","Shockwave"],"picked":"SKIP","floor":29},{"not_picked":["Heavy Blade","Headbutt+1"],"picked":"Battle Trance","floor":30}],"player_experience":332014,"relics_obtained":[{"floor":6,"key":"Centennial Puzzle"},{"floor":9,"key":"Mummified Hand"},{"floor":11,"key":"Eternal Feather"},{"floor":20,"key":"Paper Frog"},{"floor":24,"key":"Potion Belt"},{"floor":26,"key":"Strawberry"},{"floor":30,"key":"Frozen Egg 2"},{"floor":31,"key":"Nilry\u0027s Codex"}],"event_choices":[{"damage_healed":0,"gold_gain":0,"player_choice":"Gave Potion","damage_taken":0,"relics_obtained":["FossilizedHelix"],"max_hp_gain":0,"max_hp_loss":0,"event_name":"WeMeetAgain","floor":8,"gold_loss":0},{"damage_healed":0,"gold_gain":0,"player_choice":"Bought 2 Potions","damage_taken":0,"max_hp_gain":0,"max_hp_loss":0,"event_name":"The Woman in Blue","floor":12,"gold_loss":0},{"damage_healed":0,"gold_gain":0,"player_choice":"0 cards matched","damage_taken":0,"max_hp_gain":0,"max_hp_loss":0,"event_name":"Match and Keep!","floor":21,"gold_loss":0,"cards_obtained":[]},{"damage_healed":0,"gold_gain":0,"player_choice":"Obtained Book","damage_taken":16,"max_hp_gain":0,"max_hp_loss":0,"event_name":"Cursed Tome","floor":31,"gold_loss":0}],"is_beta":false,"boss_relics":[{"not_picked":["Fusion Hammer","Pandora\u0027s Box"],"picked":"Cursed Key"}],"items_purged_floors":[],"is_endless":false,"potions_floor_spawned":[1,2,4,11,14,16,22,29,30],"killed_by":"Champ","ascension_level":9}}