{"host":"4eao2pkwlmv012cz","time":1612667089,"event":{"mods":["BaseMod","Colored Powertips","Minty Spire (QoL Compilation)","Permanent Neow","Quick Restart","Random Character Button","StSLib"],"gold_per_floor":[109,70,90,105,105,105,134,134,134,151,151,151,168,168,168,168,168],"floor_reached":16,"language":"ENG","playtime":367,"items_purged":[],"score":200,"play_id":"476fe6a7-0fe8-45cf-bcfb-333a6111379c","local_time":"20210206220449","is_ascension_mode":true,"campfire_choices":[{"data":"Sweeping Beam","floor":6.0,"key":"SMITH"},{"floor":8.0,"key":"REST"},{"data":"Streamline","floor":11,"key":"SMITH"},{"floor":15,"key":"REST"}],"circlet_count":0,"master_deck":["AscendersBane","Strike_B","Strike_B","Strike_B","Defend_B","Defend_B","Defend_B","Defend_B+1","Zap","Dualcast","Gash","Gash+1","FTL","Gash","Sweeping Beam+1","FTL","Streamline+1","Conserve Battery"],"relics":["Cracked Core","Bird Faced Urn","White Beast Statue","Sundial"],"acts_visited":["Exordium"],"potions_floor_usage":[16],"damage_taken":[{"damage":9.0,"enemies":"Jaw Worm","floor":1.0,"turns":4.0},{"damage":1.0,"enemies":"2 Louse","floor":3.0,"turns":2.0},{"damage":3.0,"enemies":"Small Slimes","floor":4.0,"turns":3.0},{"damage":12.0,"enemies":"3 Sentries","floor":7.0,"turns":5.0},{"damage":0.0,"enemies":"Exordium Wildlife","floor":10.0,"turns":2.0},{"damage":7,"enemies":"Gremlin Gang","floor":13,"turns":2},{"damage":32,"enemies":"Slime Boss","floor":16,"turns":7}],"seed_played":"-6676190341138955625","potions_obtained":[{"floor":4.0,"key":"SteroidPotion"},{"floor":10.0,"key":"Fruit Juice"},{"floor":13,"key":"EssenceOfSteel"}],"is_trial":false,"path_per_floor":["M","$","M","M","?","R","E","R","T","M","R","?","M","?","R","B"],"character_chosen":"DEFECT","items_purchased":["FTL"],"campfire_rested":2,"item_purchase_floors":[2],"current_hp_per_floor":[55,55,54,51,30,30,18,39,39,44,44,26,19,12,34,2,2],"gold":168,"neow_bonus":"THREE_CARDS","is_daily":false,"chose_seed":false,"campfire_upgraded":2,"win_rate":0.0,"timestamp":1612667089,"path_taken":["M","$","M","M","?","R","E","R","T","M","R","?","M","?","R","BOSS"],"items_purchased_type":["Card"],"build_version":"2020-12-22","purchased_purges":0,"victory":false,"max_hp_per_floor":[71,71,71,71,71,71,71,71,71,76,76,76,76,76,76,76,76],"card_choices":[{"not_picked":["Rebound","Consume"],"picked":"Gash","floor":0.0},{"not_picked":["Hello World","Consume"],"picked":"Gash","floor":1.0},{"not_picked":["Undo","Steam"],"picked":"Gash","floor":3.0},{"not_picked":["Recycle","Coolheaded"],"picked":"Sweeping Beam","floor":4.0},{"not_picked":["Hello World","Storm"],"picked":"FTL","floor":7.0},{"not_picked":["Blizzard","Storm"],"picked":"Streamline","floor":10.0},{"not_picked":["Stack","Steam"],"picked":"Conserve Battery","floor":13}],"player_experience":2900662,"relics_obtained":[{"floor":7.0,"key":"Bird Faced Urn"},{"floor":9.0,"key":"White Beast Statue"}],"event_choices":[{"damage_healed":0.0,"max_hp_gain":0.0,"max_hp_loss":0.0,"gold_gain":0.0,"event_name":"Shining Light","player_choice":"Entered Light","floor":5.0,"gold_loss":0.0,"damage_taken":21.0,"cards_upgraded":["Gash","Defend_B"]},{"damage_healed":0,"gold_gain":0,"player_choice":"Success","damage_taken":18,"relics_obtained":["Sundial"],"max_hp_gain":0,"max_hp_loss":0,"event_name":"Scrap Ooze","floor":12,"gold_loss":0},{"cards_removed":["Strike_B"],"damage_healed":0,"gold_gain":0,"player_choice":"Card Removal","damage_taken":7,"max_hp_gain":0,"max_hp_loss":0,"event_name":"Golden Wing","floor":14,"gold_loss":0}],"is_beta":false,"boss_relics":[],"items_purged_floors":[],"is_endless":false,"potions_floor_spawned":[4,10,13],"killed_by":"Slime Boss","ascension_level":20}}