{"host":"d00xzd9wj78hkf80","time":1612689004,"event":{"mods":["2.2 Compatiblity","AchievementEnabler","Act Like it!","AlwaysNeverKeys","Aspiration","Bartender","BaseMod","Beaked The Cultist","Better Altar","Better Match","Better Note","Better Sensory Stone","Better Silent Start","Better Skull","Better Vampires","BetterRewards","Block Reminder","Card Filter","CatGirl Mod","Challenge The Spire","Clockwork Mod","Colored Map","Colored Powertips","Defuse TimeMaze Blight","GifTheSpireLib","Gold Saver","Infinite Spire","Ironclad Rager","Mimic Mod","Minty Spire (QoL Compilation)","Quick Restart","RNG Fix","Random Character Button","Rare Cards Sparkle","Relic Sorter","Replay The Spire","Shop Mod","StSLib","Stuff the Spire","Transform Curses","Unknown Chances","Waifu the Spire","egg"],"gold_per_floor":[916,931,931,931,19,53,53,64,64,64,64,25,35,53,53,157,157,176,176,176,176,20,55,55,55,55,69,29,29,29,49,18,48,48,151,151,163,177,44,44,44],"floor_reached":40,"language":"ENG","playtime":1686,"items_purged":[],"score":606,"play_id":"904503f6-7e18-48dd-855b-010b6dbc6e93","local_time":"20210207011004","is_ascension_mode":true,"campfire_choices":[{"floor":11,"key":"REST"},{"floor":11,"key":"RECALL"},{"floor":15,"key":"REST"},{"data":"OpoOpo_Form","floor":15,"key":"SMITH"},{"data":"Snap_Punch","floor":34,"key":"SMITH"}],"circlet_count":0,"master_deck":["Strike_Bartender","Strike_Bartender","Strike_Bartender","Strike_Bartender","Defend_Bartender","Defend_Bartender","Defend_Bartender","Defend_Bartender","Somersault","Hook","Ripple","Sickly","OpoOpo_Form+1","Butterfly_Float","Snap_Punch+1","Trip","Hook","Greased_Lightning","With_A_Twist","On_The_House","ThreeSidedStar","Foot_Thrust","Sucker_Punch","Beat_Rush","Dragonkick+1","Riddle With Holes","Writhe","Meteodrive","Pony_Shot+1","Hook+1","Parasite","Fight_Dirty","On_The_House","Rising_Crane","Raptor_Form","Breathe_Deep","Center_Self+1","Press_Forward+1","Press_Forward","Press_Forward","Hook","Pony_Shot"],"relics":["Sneakers","Matryoshka","Ring of Searing","ReplayTheSpireMod:Ring of Challenge","White_Cape","infinitespire:Satchel","infinitespire:Magic Flask","MealTicket","Mummified Hand","ReplayTheSpireMod:DimensionalGlitch","aspiration:RitualStick","InkBottle","Happy Flower","Snack Pack","Blood Vial","Gremlin Food","ReplayTheSpireMod:CursedCoin","Pondfish Scales","Ring of Chaos"],"acts_visited":["Exordium","TheCity","TheBeyond"],"potions_floor_usage":[13,16,16,16,18,23,31,31,31,33,37,38],"damage_taken":[{"damage":0.0,"enemies":"Small Slimes","floor":1.0,"turns":3.0},{"damage":2.0,"enemies":"Jaw Worm","floor":2.0,"turns":4.0},{"damage":13,"enemies":"Gremlin Nob","floor":6,"turns":3},{"damage":0,"enemies":"2 Louse","floor":8,"turns":2},{"damage":5,"enemies":"Red Slaver","floor":13,"turns":2},{"damage":10,"enemies":"Exordium Thugs","floor":14,"turns":3},{"damage":20,"enemies":"The Guardian","floor":16,"turns":5},{"damage":13,"enemies":"2 Thieves","floor":18,"turns":2},{"damage":19,"enemies":"Replay:Snechameleon","floor":23,"turns":3},{"damage":0,"enemies":"Spheric Guardian","floor":27,"turns":4},{"damage":22,"enemies":"Centurion and Healer","floor":31,"turns":4},{"damage":15,"enemies":"Book of Stabbing","floor":33,"turns":3},{"damage":27,"enemies":"Automaton","floor":35,"turns":6},{"damage":33,"enemies":"3 Shapes","floor":37,"turns":3},{"damage":0,"enemies":"3 Darklings","floor":38,"turns":6},{"damage":62,"enemies":"Sphere and 2 Shapes","floor":40,"turns":3}],"seed_played":"6297508012710637603","potions_obtained":[{"floor":6,"key":"Explosive Potion"},{"floor":7,"key":"DistilledChaos"},{"floor":13,"key":"Ancient Potion"},{"floor":16,"key":"PowerPotion"},{"floor":18,"key":"PowerPotion"},{"floor":28,"key":"Ancient Potion"},{"floor":28,"key":"Dexterity Potion"},{"floor":28,"key":"Regen Potion"},{"floor":31,"key":"Milkshake"},{"floor":35,"key":"DistilledChaos"},{"floor":37,"key":"FearPotion"}],"is_trial":false,"path_per_floor":["M","M","?","?","$","E","?","M","T","?","R","$","M","M","R","B",null,"M","?","?","?","$","E","?","?","T","M","?","PTL","PTL","M","$","E","R_BF","B",null,"M","M","$","M"],"character_chosen":"BARTENDER","items_purchased":["White_Cape","OpoOpo_Form","Butterfly_Float","Snap_Punch","Trip","infinitespire:Satchel","Hook","Greased_Lightning","PowerPotion","ThreeSidedStar","Happy Flower","ReplayTheSpireMod:CursedCoin","Fight_Dirty","On_The_House","Rising_Crane","Press_Forward","Hook","Pony_Shot"],"campfire_rested":2,"item_purchase_floors":[5,5,5,5,5,5,5,5,5,12,22,32,32,32,32,39,39,39],"current_hp_per_floor":[70,68,43,43,43,30,30,30,30,30,51,66,61,51,70,50,65,52,52,31,31,46,27,50,32,32,35,35,35,35,24,39,70,70,45,64,35,41,56,0,0],"gold":44,"neow_bonus":"HUNDRED_GOLD","is_daily":false,"chose_seed":false,"campfire_upgraded":2,"win_rate":0.0,"timestamp":1612689004,"path_taken":["M","M","?","?","$","E","?","M","T","?","R","$","M","M","R","BOSS","M","?","?","?","$","E","?","?","T","?","?","PTL","PTL","M","$","E","R_BF","BOSS","M","?","$","M"],"items_purchased_type":["Relic","Card","Card","Card","Card","Relic","Card","Card","Potion","Card","Relic","Relic","Card","Card","Card","Card","Card","Card"],"build_version":"2020-12-22","purchased_purges":0,"victory":false,"max_hp_per_floor":[70,70,70,70,70,70,70,70,70,70,70,70,70,70,70,70,70,70,70,70,70,70,70,70,70,70,70,70,70,70,70,70,70,70,70,70,70,70,70,70,70],"card_choices":[{"not_picked":["RockBreaker","Coeurl_Form"],"picked":"Hook","floor":1.0},{"not_picked":["Pony_Shot","Scoop"],"picked":"Ripple","floor":2.0},{"not_picked":["Press_Forward","Feint"],"picked":"With_A_Twist","floor":6},{"not_picked":["Momentum","Press_Forward"],"picked":"On_The_House","floor":8},{"not_picked":["On_The_Rocks","Greased_Lightning"],"picked":"Foot_Thrust","floor":13},{"not_picked":["Waterkick","Wall_of_Ice"],"picked":"Sucker_Punch","floor":14},{"not_picked":["Dolphin_Blow","Moonsault_Kick"],"picked":"Beat_Rush","floor":16},{"not_picked":["Fading_Blow","Vortex"],"picked":"Dragonkick+1","floor":18},{"not_picked":["Step_Of_The_Wind","Stick_and_Move"],"picked":"Meteodrive","floor":23},{"not_picked":["RockBreaker","Meditate"],"picked":"Pony_Shot+1","floor":27},{"not_picked":["High_Tide","Axe_Heel_Kick"],"picked":"Hook+1","floor":31},{"not_picked":["On_The_House","Alacrity"],"picked":"Raptor_Form","floor":33},{"not_picked":["Moonsault_Kick","Spirits_Within"],"picked":"Breathe_Deep","floor":35},{"not_picked":["Scoop","Fading_Blow+1"],"picked":"Center_Self+1","floor":37},{"not_picked":["With_A_Twist+1","Greased_Lightning"],"picked":"Press_Forward+1","floor":38}],"player_experience":153935,"relics_obtained":[{"floor":4.0,"key":"Ring of Searing"},{"floor":4.0,"key":"ReplayTheSpireMod:Ring of Challenge"},{"floor":6,"key":"infinitespire:Magic Flask"},{"floor":9,"key":"MealTicket"},{"floor":9,"key":"Mummified Hand"},{"floor":23,"key":"Snack Pack"},{"floor":26,"key":"Gremlin Food"},{"floor":33,"key":"Pondfish Scales"}],"event_choices":[{"damage_healed":0.0,"max_hp_gain":0.0,"max_hp_loss":0.0,"gold_gain":0.0,"event_name":"Scrap Ooze","player_choice":"Success","floor":3.0,"gold_loss":0.0,"damage_taken":25.0,"relics_obtained":["Matryoshka"]},{"damage_healed":0,"gold_gain":0,"player_choice":"Got Potions","damage_taken":0,"max_hp_gain":0,"max_hp_loss":0,"event_name":"Lab","floor":7,"gold_loss":0},{"cards_removed":["ThreeSidedStar"],"damage_healed":0,"gold_gain":0,"player_choice":"Take \u0026 Give","damage_taken":0,"max_hp_gain":0,"max_hp_loss":0,"event_name":"betterNote:BetterNote","floor":19,"gold_loss":0,"cards_obtained":["Riddle With Holes"]},{"damage_healed":0,"gold_gain":0,"player_choice":"Opened","damage_taken":0,"relics_obtained":["InkBottle"],"max_hp_gain":0,"max_hp_loss":0,"event_name":"The Mausoleum","floor":21,"gold_loss":0,"cards_obtained":["Writhe"]},{"damage_healed":23,"gold_gain":0,"player_choice":"Heal","damage_taken":0,"max_hp_gain":0,"max_hp_loss":0,"event_name":"The Library","floor":24,"gold_loss":0},{"damage_healed":0,"gold_gain":0,"player_choice":" Vial ","damage_taken":18,"relics_obtained":["Blood Vial"],"max_hp_gain":50,"max_hp_loss":32,"event_name":"betterAltar:BetterAltar","floor":25,"potions_obtained":[],"relics_lost":[],"gold_loss":0},{"damage_healed":0,"gold_gain":0,"player_choice":"Bought 3 Potions","damage_taken":0,"max_hp_gain":0,"max_hp_loss":0,"event_name":"The Woman in Blue","floor":28,"gold_loss":0}],"is_beta":false,"boss_relics":[{"not_picked":["aspiration:RunicSpoon","StuffTheSpire:RunicHypercube"],"picked":"ReplayTheSpireMod:DimensionalGlitch"},{"not_picked":["Runic Dome","Astrolabe"],"picked":"Ring of Chaos"}],"items_purged_floors":[],"is_endless":false,"potions_floor_spawned":[6,8,13,16,18,31,35,37],"killed_by":"Sphere and 2 Shapes","ascension_level":5}}