{"host":"n9lc5i44t98l6pio","time":1612713317,"event":{"mods":["BaseMod","Curses Come First","Downfall","Minty Spire (QoL Compilation)","Replay The Spire","Say the Spire","StSLib"],"gold_per_floor":[0,17,467,467,477,477,477,494,522,422,436,336,670,141,158,258,258,170,194,30,30,30,43,28,28,28,62,62,74,88,106,106,136,153,253,253,253,264,279,224,224,237,237,251,251,261,261,272,272,272,284,284,284,319,17,17,17,17],"floor_reached":59,"language":"ENG","playtime":8835,"items_purged":["Looming Evil"],"score":1431,"play_id":"3325e853-661a-4656-a39f-3a1d06c9a2a8","local_time":"20210207165517","is_ascension_mode":false,"campfire_choices":[{"floor":1,"key":"DIG"},{"data":"Magnetism","floor":6,"key":"SMITH"},{"floor":10,"key":"RECALL"},{"floor":12,"key":"REST"},{"data":"champ:ShieldWall","floor":18,"key":"SMITH"},{"floor":32,"key":"REST"},{"floor":37,"key":"DIG"},{"data":"champ:SteelEdge","floor":47,"key":"SMITH"},{"data":"champ:TripleStrike","floor":49,"key":"SMITH"},{"data":"Apotheosis","floor":56,"key":"SMITH"}],"circlet_count":0,"master_deck":["champ:Strike","champ:Strike","champ:Strike","champ:Strike","champ:Defend","champ:Defend","champ:Defend","champ:Defend","champ:Execute","champ:Taunt","Magnetism+1","champ:BladeFlurry","downfall:Icky","downfall:Icky","downfall:Icky","champ:CrookedStrike","champ:Duel","champ:Backstep","champ:TornadoPunch","champ:CrownThrow","champ:LastStand","champ:EndlessRage","champ:DeathBlow","champ:ShieldWall+1","champ:SteelEdge+1","Injury","AbeCurse","Voices","champ:BringItOn+1","champ:TripleStrike","champ:TornadoPunch","champ:GladiatorStyle+1","champ:ShieldWall","champ:Endure+1","champ:FlashCut","champ:PreciseThrust","champ:PreciseThrust","champ:EndlessRage","champ:MurderStrike","champ:DefensiveShout","champ:EnragedBash","champ:BerserkersShout+1","champ:GladiatorStyle","champ:EnGarde","Pot Of Greed","Pot Of Greed","Pot Of Greed","Pot Of Greed","champ:SetATrap","champ:TripleStrike+1","champ:Haymaker+1","Pot Of Greed","champ:IgnorePain","champ:SetATrap","champ:FocusedDefense","champ:Backstep","Mayhem","Panacea","Apotheosis+1"],"relics":["champ:ChampionCrown","Centennial Puzzle","Ring of Panic","Ring of Fury","Replay:Kaleidoscope","downfall:HeartBlessingBlue","downfall:HeartBlessingRed","Old Coin","Replay:WaspNest","Sling","Replay:Ancient Bell","MawBank","Matryoshka","Durian","downfall:HeartBlessingGreen","ReplayTheSpireMod:CursedCoin","Lizard Tail","Simple Rune","ReplayTheSpireMod:Ninjato","Dead Branch","champ:GladiatorsBookOfMartialProwess","Kunai","SlaversCollar","Nunchaku","Letter Opener","Grinning Jar","Ornamental Fan","Lantern","ReplayTheSpireMod:ShopPack"],"acts_visited":["Exordium","TheCity","TheBeyond","TheEnding"],"potions_floor_usage":[11,16,35,35,35,35,35,35,52,52,57,57],"damage_taken":[{"damage":28,"enemies":"Jaw Worm","floor":2,"turns":6},{"damage":10,"enemies":"Small Slimes","floor":5,"turns":2},{"damage":10,"enemies":"2 Louse","floor":8,"turns":1},{"damage":22,"enemies":"Exordium Thugs","floor":11,"turns":3},{"damage":18,"enemies":"Replay:BlueRogue","floor":13,"turns":4},{"damage":20,"enemies":"downfall:FleeingMerchant","floor":14,"turns":4},{"damage":23,"enemies":"Blue Slaver","floor":15,"turns":2},{"damage":29,"enemies":"SI_SHIV_ARCHETYPE","floor":16,"turns":6},{"damage":4,"enemies":"Shell Parasite","floor":19,"turns":3},{"damage":6,"enemies":"downfall:FleeingMerchant","floor":20,"turns":4},{"damage":14,"enemies":"3 Byrds","floor":23,"turns":2},{"damage":16,"enemies":"downfall:FleeingMerchant","floor":24,"turns":4},{"damage":33,"enemies":"Slavers","floor":27,"turns":3},{"damage":2,"enemies":"Cultist and Chosen","floor":29,"turns":5},{"damage":0,"enemies":"Snecko","floor":30,"turns":4},{"damage":0,"enemies":"Snake Plant","floor":31,"turns":2},{"damage":30,"enemies":"Book of Stabbing","floor":33,"turns":3},{"damage":6,"enemies":"Sentry and Sphere","floor":34,"turns":5},{"damage":31,"enemies":"DF_ARCHETYPE_CLAW","floor":35,"turns":6},{"damage":27,"enemies":"3 Shapes","floor":38,"turns":3},{"damage":17,"enemies":"3 Darklings","floor":39,"turns":5},{"damage":21,"enemies":"downfall:FleeingMerchant","floor":40,"turns":2},{"damage":21,"enemies":"Maw","floor":42,"turns":8},{"damage":9,"enemies":"Sphere and 2 Shapes","floor":44,"turns":2},{"damage":16,"enemies":"3 Darklings","floor":46,"turns":2},{"damage":8,"enemies":"Spire Growth","floor":48,"turns":2},{"damage":81,"enemies":"Transient","floor":51,"turns":5},{"damage":55,"enemies":"IC_BLOCK_ARCHETYPE","floor":52,"turns":9},{"damage":25,"enemies":"downfall:CharBossMerchant","floor":54,"turns":5},{"damage":13,"enemies":"downfall:NeowBoss","floor":57,"turns":13},{"damage":134,"enemies":"downfall:NeowBossFinal","floor":58,"turns":7}],"seed_played":"-6319175089303341050","potions_obtained":[{"floor":2,"key":"GamblersBrew"},{"floor":5,"key":"LiquidBronze"},{"floor":11,"key":"GamblersBrew"},{"floor":15,"key":"LiquidMemories"},{"floor":19,"key":"SkillPotion"},{"floor":23,"key":"BlessingOfTheForge"},{"floor":29,"key":"EntropicBrew"},{"floor":39,"key":"Venom Potion"},{"floor":44,"key":"Dexterity Potion"}],"is_trial":false,"path_per_floor":["R","M","?","?","M","R","T","M","?","R","M","R","E","$","M","B",null,"R","M","$","PTL","PTL","M","$","?","T","E","?","M","M","M","R","E","M","B",null,"R","M","M","$","?","M","T","M","?","M","R","M","R","?","M","B",null,"E","$","R","B","B",null],"character_chosen":"THE_CHAMP","items_purchased":["Replay:WaspNest","champ:EndlessRage","Sling","champ:DeathBlow","ReplayTheSpireMod:CursedCoin","Lizard Tail","Letter Opener","champ:GladiatorStyle","ReplayTheSpireMod:ShopPack","champ:Backstep","Dexterity Potion","Milkshake"],"campfire_rested":2,"item_purchase_floors":[14,14,14,14,20,20,40,40,55,55,55,55],"current_hp_per_floor":[90,82,82,82,82,82,82,82,82,92,80,100,92,92,89,70,105,105,101,105,105,105,101,85,85,85,72,72,70,70,70,101,81,75,54,105,105,98,91,95,95,99,99,100,100,104,104,105,105,97,31,59,105,105,105,105,105,46],"gold":17,"neow_bonus":"RANDOM_COLORLESS_2","is_daily":false,"chose_seed":false,"campfire_upgraded":5,"win_rate":0.0,"timestamp":1612713317,"path_taken":["R","M","?","?","M","R","T","M","?","R","M","R","E","$","M","BOSS","R","M","$","PTL","PTL","M","$","?","T","E","?","M","M","M","R","E","M","BOSS","R","M","M","$","?","M","T","M","?","?","R","M","R","?","M","BOSS","E","$","R","BOSS","BOSS"],"items_purchased_type":["Relic","Card","Relic","Card","Relic","Relic","Relic","Card","Relic","Card","Potion","Potion"],"build_version":"2020-12-22","purchased_purges":1,"victory":true,"max_hp_per_floor":[90,90,90,90,90,90,90,90,90,100,100,100,100,100,100,100,105,105,105,105,105,105,105,105,105,105,105,105,105,105,105,105,105,105,105,105,105,105,105,105,105,105,105,105,105,105,105,105,105,105,105,105,105,105,105,105,105,105],"card_choices":[{"not_picked":["Thinking Ahead","Secret Technique"],"picked":"Magnetism","floor":0},{"not_picked":["champ:Endure","champ:DefensiveShout"],"picked":"champ:BladeFlurry","floor":2},{"not_picked":["champ:ViciousMockery","champ:Backstep"],"picked":"champ:CrookedStrike","floor":5},{"not_picked":["champ:GutPunch","champ:GladiatorStyle"],"picked":"champ:Duel","floor":8},{"not_picked":["champ:Circumvent","champ:FalseCounter"],"picked":"champ:Backstep","floor":9},{"not_picked":["champ:StanceDance","champ:PreciseThrust"],"picked":"champ:TornadoPunch","floor":11},{"not_picked":["champ:BladeFlurry","champ:SkillfulDodge"],"picked":"champ:CrownThrow","floor":13},{"not_picked":["champ:PreciseThrust","champ:EndlessRage"],"picked":"champ:LastStand","floor":14},{"not_picked":["champ:Shatter","champ:AdrenalArmor"],"picked":"champ:ShieldWall","floor":15},{"not_picked":["champ:UltimateStance","champ:VampiricStrike"],"picked":"champ:SteelEdge","floor":16},{"not_picked":["Normality","ReplayTheSpireMod:Splinters"],"picked":"Injury","floor":17},{"not_picked":["ReplayTheSpireMod:Splinters","downfall:Aged"],"picked":"AbeCurse","floor":17},{"not_picked":["Shame","Sickly"],"picked":"Voices","floor":17},{"not_picked":["champ:EnragedBash","champ:FancyFootwork"],"picked":"champ:BringItOn+1","floor":19},{"not_picked":["champ:EnGarde","champ:TornadoPunch+1"],"picked":"champ:TripleStrike","floor":20},{"not_picked":["champ:BringItOn","champ:DefensiveShout"],"picked":"champ:TornadoPunch","floor":23},{"not_picked":["champ:ShieldSlam","champ:Shatter"],"picked":"champ:GladiatorStyle","floor":24},{"not_picked":["champ:Parry","champ:HeartStrike"],"picked":"champ:ShieldWall","floor":27},{"not_picked":["champ:Duel","champ:SkillfulDodge"],"picked":"champ:Endure+1","floor":29},{"not_picked":["champ:Circumvent","champ:TornadoPunch"],"picked":"champ:FlashCut","floor":30},{"not_picked":["champ:BladeFlurry","champ:BringItOn"],"picked":"champ:PreciseThrust","floor":31},{"not_picked":["champ:DeathBlow","champ:TornadoPunch"],"picked":"champ:PreciseThrust","floor":33},{"not_picked":["champ:EnragedBash","champ:PreciseThrust"],"picked":"champ:EndlessRage","floor":34},{"not_picked":["champ:VampiricStrike","champ:IgnorePain"],"picked":"champ:MurderStrike","floor":35},{"not_picked":["champ:BladeFlurry+1","champ:Shatter"],"picked":"champ:DefensiveShout","floor":38},{"not_picked":["champ:Parry","champ:PerfectedStrike+1"],"picked":"champ:EnragedBash","floor":39},{"not_picked":["champ:Backstep+1","champ:DefensiveStyle+1"],"picked":"champ:BerserkersShout+1","floor":40},{"not_picked":["champ:Backstep","champ:Circumvent"],"picked":"champ:EnGarde","floor":42},{"not_picked":["champ:SkillfulDodge","champ:Shatter+1"],"picked":"champ:SetATrap","floor":44},{"not_picked":["champ:Circumvent+1","champ:BringItOn"],"picked":"champ:Haymaker+1","floor":46},{"not_picked":["champ:BerserkersShout","champ:GutPunch"],"picked":"champ:IgnorePain","floor":48},{"not_picked":["champ:FlashCut","champ:AdrenalArmor+1"],"picked":"champ:SetATrap","floor":51},{"not_picked":["champ:Duel","champ:Circumvent+1"],"picked":"champ:FocusedDefense","floor":54},{"not_picked":["Poisoned Strike","HandOfGreed"],"picked":"Mayhem","floor":55},{"not_picked":["PanicButton","Good Instincts"],"picked":"Panacea","floor":55},{"not_picked":["Impatience","Forethought"],"picked":"Apotheosis","floor":55}],"player_experience":250479,"relics_obtained":[{"floor":1,"key":"Centennial Puzzle"},{"floor":4,"key":"Ring of Panic"},{"floor":4,"key":"Ring of Fury"},{"floor":9,"key":"Replay:Kaleidoscope"},{"floor":13,"key":"Old Coin"},{"floor":26,"key":"Simple Rune"},{"floor":26,"key":"ReplayTheSpireMod:Ninjato"},{"floor":27,"key":"Dead Branch"},{"floor":33,"key":"Kunai"},{"floor":37,"key":"Nunchaku"},{"floor":43,"key":"Grinning Jar"},{"floor":43,"key":"Ornamental Fan"},{"floor":54,"key":"Lantern"}],"event_choices":[{"damage_healed":0,"gold_gain":0,"player_choice":"Ignored","damage_taken":0,"max_hp_gain":0,"max_hp_loss":0,"event_name":"Ghosts","floor":25,"gold_loss":0}],"is_beta":false,"boss_relics":[{"not_picked":["Cursed Key","Snecko Eye"],"picked":"Replay:Ancient Bell"},{"not_picked":["Bag of Marbles","Toy Ornithopter"],"picked":"MawBank"},{"not_picked":["Replay:Bottled Eggs","Pantograph"],"picked":"Matryoshka"},{"not_picked":["TungstenRod","Replay:Arrowhead"],"picked":"Durian"},{"not_picked":["Runic Dome","Abe\u0027s Treasure"],"picked":"SlaversCollar"}],"items_purged_floors":[40],"is_endless":false,"potions_floor_spawned":[2,5,11,15,19,23,29,30,34,39,44],"ascension_level":0}}