{"host":"aapp7ew3jk5k1bvd","time":1612709673,"event":{"mods":["AchievementEnabler","BaseMod","Colored Map","Minty Spire (QoL Compilation)","Permanent Neow","StSLib","SuperFastMode"],"gold_per_floor":[113,126,51,1,20,49,61,61,61,61,79,79,92,111,111,111,111],"floor_reached":16,"language":"KOR","playtime":289,"items_purged":["Defend_R"],"score":104,"play_id":"344f1ac6-600d-4e19-ba7d-fecdbbae477e","local_time":"20210207235433","is_ascension_mode":false,"campfire_choices":[{"data":"Bash","floor":8,"key":"SMITH"},{"floor":15,"key":"REST"}],"circlet_count":0,"master_deck":["Strike_R","Strike_R","Strike_R","Strike_R","Defend_R","Defend_R","Bash+1","Dropkick"],"relics":["Burning Blood","Darkstone Periapt","Matryoshka","CeramicFish","Shuriken"],"acts_visited":["Exordium"],"potions_floor_usage":[7],"damage_taken":[{"damage":6,"enemies":"2 Louse","floor":1,"turns":3},{"damage":3,"enemies":"Jaw Worm","floor":2,"turns":4},{"damage":5,"enemies":"Cultist","floor":5,"turns":4},{"damage":27,"enemies":"Gremlin Nob","floor":6,"turns":4},{"damage":8,"enemies":"Large Slime","floor":7,"turns":5},{"damage":24,"enemies":"Exordium Thugs","floor":11,"turns":7},{"damage":8,"enemies":"Gremlin Gang","floor":13,"turns":7},{"damage":23,"enemies":"Blue Slaver","floor":14,"turns":5},{"damage":0,"enemies":"The Guardian","floor":16,"turns":1}],"seed_played":"3209483999788527075","potions_obtained":[{"floor":0,"key":"LiquidMemories"},{"floor":0,"key":"PowerPotion"},{"floor":0,"key":"SmokeBomb"},{"floor":1,"key":"BloodPotion"},{"floor":7,"key":"SneckoOil"},{"floor":13,"key":"Ancient Potion"}],"is_trial":false,"path_per_floor":["M","M","$","?","M","E","M","R","T","?","M","T","M","M","R","B"],"character_chosen":"IRONCLAD","items_purchased":[],"campfire_rested":1,"item_purchase_floors":[],"current_hp_per_floor":[80,80,80,80,80,59,57,57,57,57,39,39,37,20,44,44,44],"gold":111,"neow_bonus":"THREE_SMALL_POTIONS","is_daily":false,"chose_seed":false,"campfire_upgraded":1,"win_rate":0.0,"timestamp":1612709673,"path_taken":["M","M","$","?","M","E","M","R","T","?","M","?","M","?","R","BOSS"],"items_purchased_type":[],"build_version":"2020-12-22","purchased_purges":1,"victory":false,"max_hp_per_floor":[80,80,80,80,80,80,80,80,80,80,80,80,80,80,80,80,80],"card_choices":[{"not_picked":["Armaments","Seeing Red"],"picked":"Dropkick","floor":1},{"not_picked":["Sword Boomerang","Perfected Strike","Warcry"],"picked":"SKIP","floor":2},{"not_picked":["Flex","Power Through","Warcry"],"picked":"SKIP","floor":5},{"not_picked":["Anger","Havoc","Intimidate"],"picked":"SKIP","floor":6},{"not_picked":["Shockwave","Sentinel","Shrug It Off"],"picked":"SKIP","floor":7},{"not_picked":["Heavy Blade","Hemokinesis","Pommel Strike"],"picked":"SKIP","floor":11},{"not_picked":["Armaments","Carnage","Pommel Strike"],"picked":"SKIP","floor":13},{"not_picked":["Heavy Blade","Sever Soul","Armaments"],"picked":"SKIP","floor":14}],"player_experience":1342806,"relics_obtained":[{"floor":6,"key":"Darkstone Periapt"},{"floor":9,"key":"Matryoshka"},{"floor":12,"key":"CeramicFish"},{"floor":12,"key":"Shuriken"}],"event_choices":[{"cards_removed":["Defend_R"],"damage_healed":0,"gold_gain":0,"player_choice":"Card Removal","damage_taken":0,"max_hp_gain":0,"max_hp_loss":0,"event_name":"The Cleric","floor":4,"gold_loss":50},{"cards_removed":["Strike_R"],"damage_healed":0,"gold_gain":0,"player_choice":"Forget","damage_taken":0,"max_hp_gain":0,"max_hp_loss":0,"event_name":"Living Wall","floor":10,"gold_loss":0}],"is_beta":false,"boss_relics":[],"items_purged_floors":[3],"is_endless":false,"potions_floor_spawned":[1,5,7,13],"killed_by":"The Guardian","ascension_level":0}}