{"host":"d2y4rmbezebiv8aj","time":1612662685,"event":{"mods":["AchievementEnabler","BaseMod","Bestiary","BetterRewards","Colored Map","Colored Powertips","Custom Start","Highlight Path","Minty Spire (QoL Compilation)","Quick Restart","Rare Cards Sparkle","Relic Sorter","Relic Stats","Shop Mod","Slay-I","StSLib","SuperFastMode"],"gold_per_floor":[136,148,162,18,33,67,67,84,84,84,98,98,127,147,147,222,222,236,248,248,347,360,360,360,395,465,482,510,510,134,152,152,228,228,247,260,260,274,17,17,33,53,80,80,105,156,188,203,203,203],"floor_reached":51,"language":"DEU","playtime":1688,"items_purged":[],"score":1615,"play_id":"17e593cc-4514-4d6e-a3f6-e80ef359095b","local_time":"20210207025125","is_ascension_mode":true,"campfire_choices":[{"floor":7.0,"key":"REST"},{"data":"Infinite Blades","floor":10.0,"key":"SMITH"},{"floor":15.0,"key":"REST"},{"floor":23.0,"key":"REST"},{"data":"Blade Dance","floor":32.0,"key":"SMITH"},{"data":"Adrenaline","floor":40,"key":"SMITH"},{"data":"Backstab","floor":44,"key":"SMITH"},{"data":"Noxious Fumes","floor":49,"key":"SMITH"}],"circlet_count":0,"master_deck":["AscendersBane","Strike_G","Strike_G","Strike_G","Strike_G","Defend_G","Defend_G","Defend_G","Defend_G","Defend_G","Survivor","Neutralize","Slice","Noxious Fumes+1","Poisoned Stab","Blade Dance","Cloak And Dagger","Dagger Throw","Choke","Backstab+1","Infinite Blades+1","Sucker Punch","Dash","Adrenaline+1","PiercingWail","Quick Slash","All Out Attack","Caltrops+1","Backflip","Accuracy+1","Blade Dance+1","Terror+1","Accuracy+1","Sadistic Nature+1","PiercingWail","Noxious Fumes+1","Envenom+1"],"relics":["Ring of the Snake","Shuriken","MealTicket","Happy Flower","Regal Pillow","Toy Ornithopter","Mercury Hourglass","PreservedInsect","Black Star","Gremlin Horn","Ancient Tea Set","Frozen Egg 2","Eternal Feather","Meat on the Bone","Ninja Scroll","Mummified Hand","WristBlade","Orichalcum","FossilizedHelix","Pocketwatch","Toxic Egg 2","Bottled Flame"],"acts_visited":["Exordium","TheCity","TheBeyond"],"potions_floor_usage":[41,50,50],"damage_taken":[{"damage":3.0,"enemies":"2 Louse","floor":1.0,"turns":4.0},{"damage":0.0,"enemies":"Cultist","floor":2.0,"turns":3.0},{"damage":4.0,"enemies":"Small Slimes","floor":3.0,"turns":3.0},{"damage":1.0,"enemies":"Looter","floor":5.0,"turns":3.0},{"damage":14.0,"enemies":"Lagavulin","floor":6.0,"turns":5.0},{"damage":8.0,"enemies":"Exordium Wildlife","floor":8.0,"turns":3.0},{"damage":0.0,"enemies":"2 Fungi Beasts","floor":11.0,"turns":2.0},{"damage":10.0,"enemies":"3 Sentries","floor":13.0,"turns":4.0},{"damage":0.0,"enemies":"Blue Slaver","floor":14.0,"turns":2.0},{"damage":2.0,"enemies":"Slime Boss","floor":16.0,"turns":6.0},{"damage":0.0,"enemies":"Spheric Guardian","floor":18.0,"turns":3.0},{"damage":2.0,"enemies":"Chosen","floor":19.0,"turns":4.0},{"damage":18.0,"enemies":"Snake Plant","floor":22.0,"turns":5.0},{"damage":8.0,"enemies":"Gremlin Leader","floor":25.0,"turns":5.0},{"damage":2.0,"enemies":"Cultist and Chosen","floor":27.0,"turns":4.0},{"damage":11.0,"enemies":"Slavers","floor":28.0,"turns":3.0},{"damage":2.0,"enemies":"Shelled Parasite and Fungi","floor":31.0,"turns":2.0},{"damage":40.0,"enemies":"Collector","floor":33.0,"turns":6.0},{"damage":2.0,"enemies":"3 Shapes","floor":35.0,"turns":2.0},{"damage":7,"enemies":"Orb Walker","floor":36,"turns":2},{"damage":0,"enemies":"Sphere and 2 Shapes","floor":38,"turns":3},{"damage":19,"enemies":"Maw","floor":41,"turns":3},{"damage":0,"enemies":"Transient","floor":42,"turns":5},{"damage":0,"enemies":"Mind Bloom Boss Battle","floor":45,"turns":3},{"damage":0,"enemies":"2 Orb Walkers","floor":46,"turns":3},{"damage":0,"enemies":"Nemesis","floor":47,"turns":4},{"damage":0,"enemies":"3 Darklings","floor":48,"turns":2},{"damage":91,"enemies":"Time Eater","floor":50,"turns":8}],"seed_played":"379311457291286651","potions_obtained":[{"floor":2.0,"key":"BlessingOfTheForge"},{"floor":3.0,"key":"SkillPotion"},{"floor":8.0,"key":"Explosive Potion"},{"floor":13.0,"key":"FearPotion"},{"floor":18.0,"key":"Energy Potion"},{"floor":33.0,"key":"SneckoOil"},{"floor":38,"key":"DistilledChaos"},{"floor":42,"key":"Poison Potion"}],"is_trial":false,"path_per_floor":["M","M","M","$","M","E","R","M","T","R","M","?","E","M","R","B",null,"M","M","?","?","M","R","?","E","T","M","E","T","$","M","R","B",null,"M","M","$","M","$","R","M","M","T","R","?","?","E","M","R","B",null],"character_chosen":"THE_SILENT","items_purchased":["Shuriken","MealTicket","Slice","Happy Flower","Noxious Fumes","Poisoned Stab","Regal Pillow","Mummified Hand","Accuracy+1","Blade Dance","Accuracy+1","Sadistic Nature+1"],"campfire_rested":3,"item_purchase_floors":[0,0,0,0,0,0,4,30,30,30,39,39],"current_hp_per_floor":[28,28,24,39,38,24,58,50,50,50,50,50,40,40,66,64,66,66,64,52,52,34,70,70,62,62,60,54,54,69,67,71,43,64,62,55,70,70,71,71,52,52,52,71,71,71,71,71,71,31],"gold":203,"neow_bonus":"","is_daily":false,"chose_seed":false,"campfire_upgraded":5,"win_rate":0.0,"timestamp":1612662685,"path_taken":["M","M","M","$","M","E","R","M","T","R","M","?","E","?","R","BOSS","M","M","?","?","M","R","?","E","T","M","E","?","$","?","R","BOSS","M","M","$","M","$","R","M","M","T","R","?","?","E","M","R","BOSS"],"items_purchased_type":["Relic","Relic","Card","Relic","Card","Card","Relic","Relic","Card","Card","Card","Card"],"build_version":"2020-12-22","purchased_purges":0,"victory":true,"max_hp_per_floor":[66,66,66,66,66,66,66,66,66,66,66,66,66,66,66,66,66,66,66,71,71,71,71,71,71,71,71,71,71,71,71,71,71,71,71,71,71,71,71,71,71,71,71,71,71,71,71,71,71,71],"relic_stats":{"Regal Pillow":37,"Happy Flower":[34],"Gremlin Horn":[15,15],"counters":[97,404],"Eternal Feather":23,"PreservedInsect":452,"Orichalcum":[18],"Mercury Hourglass":[314],"Shuriken":[99],"Mummified Hand":[78],"MealTicket":103,"Black Star":3,"obtain_stats":[{"Gremlin Horn":25,"Ginger":36,"Bottled Tornado":13,"Sling":0,"Blood Vial":31,"Sozu":34,"Centennial Puzzle":11,"HornCleat":19,"DollysMirror":37,"Philosopher\u0027s Stone":17,"MealTicket":0,"HandDrill":39,"Kunai":21,"Toxic Egg 2":12,"Pear":29,"Happy Flower":0,"Oddly Smooth Stone":7,"Eternal Feather":0,"Pen Nib":27,"War Paint":5,"Bottled Flame":43,"Shuriken":0,"Bird Faced Urn":0,"Molten Egg 2":26,"Black Star":34,"Meat on the Bone":28,"Pocketwatch":46,"Darkstone Periapt":6,"Regal Pillow":4,"Singing Bowl":37,"Snake Skull":11,"Ancient Tea Set":25,"WristBlade":34,"Mummified Hand":9,"Ninja Scroll":23,"Red Mask":30,"InkBottle":26,"Ring of the Snake":0,"NeowsBlessing":0,"The Courier":10,"PreservedInsect":22,"Omamori":30,"Frozen Egg 2":26,"Orichalcum":43,"Mercury Hourglass":9,"Turnip":40,"Bag of Marbles":9,"Art of War":26,"Toy Ornithopter":6,"FossilizedHelix":45},{"Gremlin Horn":83,"Ginger":42,"Bottled Tornado":27,"Sling":19,"Blood Vial":63,"Sozu":64,"Centennial Puzzle":26,"HornCleat":30,"DollysMirror":65,"Philosopher\u0027s Stone":10,"MealTicket":48,"HandDrill":43,"Kunai":13,"Toxic Egg 2":54,"Pear":61,"Happy Flower":69,"Oddly Smooth Stone":25,"Eternal Feather":19,"Pen Nib":60,"War Paint":2,"Bottled Flame":44,"Shuriken":69,"Bird Faced Urn":48,"Molten Egg 2":59,"Black Star":40,"Meat on the Bone":85,"Pocketwatch":94,"Darkstone Periapt":25,"Regal Pillow":72,"Singing Bowl":65,"Snake Skull":7,"Ancient Tea Set":83,"WristBlade":87,"Mummified Hand":5,"Ninja Scroll":33,"Red Mask":62,"InkBottle":15,"Ring of the Snake":0,"NeowsBlessing":0,"The Courier":53,"PreservedInsect":59,"Omamori":38,"Frozen Egg 2":83,"Orichalcum":92,"Mercury Hourglass":75,"Turnip":66,"Bag of Marbles":25,"Art of War":34,"Toy Ornithopter":3,"FossilizedHelix":93},{"Gremlin Horn":354,"Ginger":171,"Bottled Tornado":106,"Sling":78,"Blood Vial":270,"Sozu":279,"Centennial Puzzle":102,"HornCleat":126,"DollysMirror":282,"Philosopher\u0027s Stone":35,"MealTicket":202,"HandDrill":176,"Kunai":47,"Toxic Egg 2":228,"Pear":263,"Happy Flower":302,"Oddly Smooth Stone":101,"Eternal Feather":78,"Pen Nib":258,"War Paint":2,"Bottled Flame":182,"Shuriken":302,"Bird Faced Urn":202,"Molten Egg 2":257,"Black Star":164,"Meat on the Bone":361,"Pocketwatch":390,"Darkstone Periapt":101,"Regal Pillow":312,"Singing Bowl":282,"Snake Skull":21,"Ancient Tea Set":354,"WristBlade":369,"Mummified Hand":11,"Ninja Scroll":136,"Red Mask":264,"InkBottle":56,"Ring of the Snake":0,"NeowsBlessing":0,"The Courier":223,"PreservedInsect":257,"Omamori":154,"Frozen Egg 2":354,"Orichalcum":384,"Mercury Hourglass":323,"Turnip":287,"Bag of Marbles":101,"Art of War":138,"Toy Ornithopter":3,"FossilizedHelix":387}],"Toy Ornithopter":42,"Ring of the Snake":[193],"Meat on the Bone":24,"Pocketwatch":[3]},"card_choices":[{"not_picked":["Slice","Bouncing Flask"],"picked":"Blade Dance","floor":1.0},{"not_picked":["Expertise","Bouncing Flask"],"picked":"Cloak And Dagger","floor":2.0},{"not_picked":["Outmaneuver","Deadly Poison"],"picked":"Dagger Throw","floor":3.0},{"not_picked":["Well Laid Plans","Bullet Time"],"picked":"Choke","floor":5.0},{"not_picked":["Slice","PiercingWail"],"picked":"Backstab","floor":6.0},{"not_picked":["Caltrops","Well Laid Plans"],"picked":"Infinite Blades","floor":8.0},{"not_picked":["Deadly Poison","Flying Knee"],"picked":"Sucker Punch","floor":11.0},{"not_picked":["Sucker Punch","Prepared"],"picked":"Dash","floor":13.0},{"not_picked":["Predator","Quick Slash","Dodge and Roll"],"picked":"SKIP","floor":14.0},{"not_picked":["Phantasmal Killer","Night Terror"],"picked":"Adrenaline","floor":16.0},{"not_picked":["Backflip","Poisoned Stab"],"picked":"PiercingWail","floor":18.0},{"not_picked":["Sucker Punch","Heel Hook"],"picked":"Quick Slash","floor":19.0},{"not_picked":["Dodge and Roll","Acrobatics+1"],"picked":"All Out Attack","floor":22.0},{"not_picked":["Outmaneuver+1","Dodge and Roll"],"picked":"Caltrops+1","floor":25.0},{"not_picked":["Choke","Riddle With Holes","Flying Knee"],"picked":"SKIP","floor":27.0},{"not_picked":["Dodge and Roll","Reflex"],"picked":"Backflip","floor":28.0},{"not_picked":["Quick Slash","Reflex+1","Escape Plan"],"picked":"SKIP","floor":31.0},{"not_picked":["Deadly Poison","Calculated Gamble","Prepared"],"picked":"SKIP","floor":35.0},{"not_picked":["Quick Slash+1","Prepared","Sucker Punch"],"picked":"SKIP","floor":36},{"not_picked":["Dagger Throw","Blur+1"],"picked":"Terror+1","floor":38},{"not_picked":["Choke","Distraction","Catalyst"],"picked":"SKIP","floor":41},{"not_picked":["Outmaneuver","Finisher"],"picked":"PiercingWail","floor":42},{"not_picked":["Dagger Spray+1","Poisoned Stab"],"picked":"Noxious Fumes+1","floor":45},{"not_picked":["Escape Plan+1","Outmaneuver"],"picked":"Envenom+1","floor":46},{"not_picked":["Slice","Underhanded Strike","Distraction+1"],"picked":"SKIP","floor":47},{"not_picked":["Slice","Underhanded Strike","Distraction+1"],"picked":"SKIP","floor":47},{"not_picked":["Deadly Poison+1","Dodge and Roll+1","Phantasmal Killer+1"],"picked":"SKIP","floor":48},{"not_picked":["Deadly Poison+1","Dodge and Roll+1","Phantasmal Killer+1"],"picked":"SKIP","floor":48}],"player_experience":417025,"relics_obtained":[{"floor":6.0,"key":"Toy Ornithopter"},{"floor":9.0,"key":"Mercury Hourglass"},{"floor":13.0,"key":"PreservedInsect"},{"floor":25.0,"key":"Gremlin Horn"},{"floor":25.0,"key":"Ancient Tea Set"},{"floor":26.0,"key":"Frozen Egg 2"},{"floor":28.0,"key":"Eternal Feather"},{"floor":28.0,"key":"Meat on the Bone"},{"floor":29.0,"key":"Ninja Scroll"},{"floor":43,"key":"Orichalcum"},{"floor":45,"key":"FossilizedHelix"},{"floor":46,"key":"Pocketwatch"},{"floor":47,"key":"Toxic Egg 2"},{"floor":47,"key":"Bottled Flame"}],"event_choices":[{"cards_removed":["Strike_G"],"damage_healed":0.0,"max_hp_gain":0.0,"max_hp_loss":0.0,"gold_gain":0.0,"event_name":"Bonfire Elementals","player_choice":"Offered Basic","floor":12.0,"gold_loss":0.0,"damage_taken":0.0},{"damage_healed":0.0,"max_hp_gain":5.0,"max_hp_loss":0.0,"gold_gain":0.0,"event_name":"Forgotten Altar","player_choice":"Shed Blood","floor":20.0,"gold_loss":0.0,"damage_taken":17.0},{"damage_healed":0.0,"max_hp_gain":0.0,"max_hp_loss":0.0,"gold_gain":99.0,"event_name":"Nest","player_choice":"Stole From Cult","floor":21.0,"gold_loss":0.0,"damage_taken":0.0},{"damage_healed":0.0,"max_hp_gain":0.0,"max_hp_loss":0.0,"gold_gain":0.0,"event_name":"Vampires","player_choice":"Ignored","floor":24.0,"gold_loss":0.0,"damage_taken":0.0},{"damage_healed":0,"gold_gain":0,"player_choice":"Fight","damage_taken":0,"max_hp_gain":0,"max_hp_loss":0,"event_name":"MindBloom","floor":45,"gold_loss":0},{"damage_healed":0,"gold_gain":0,"player_choice":"Fight","damage_taken":0,"max_hp_gain":0,"max_hp_loss":0,"event_name":"Mysterious Sphere","floor":46,"gold_loss":0}],"is_beta":false,"boss_relics":[{"not_picked":["Velvet Choker","Astrolabe"],"picked":"Black Star"},{"not_picked":["Cursed Key","Empty Cage"],"picked":"WristBlade"}],"items_purged_floors":[],"is_endless":false,"potions_floor_spawned":[2,3,8,13,18,25,33,36,38,42,48],"ascension_level":14}}