{"host":"nju1fqcs4pk1qpy6","time":1612734876,"event":{"mods":["BaseMod","Better Altar","Better Match","Better Note","Better Sensory Stone","Better Skull","Better Third Choice","Downfall","Highlight Path","Minty Spire (QoL Compilation)","Morshu Shopkeeper - ENHANCED","Reorder Act Four","SacredBarkPlus","Spire Arcade","StSLib","Synergy Search","Unceasing Turn Reminder","Waifu the Spire","egg"],"gold_per_floor":[99,112,130,130,130,144,144,144,158,189,189,199,199,31,47,149,149,149,160,178,178,9,36,36,36,36,55,40,51,51,246,262,366,666,566,579,86,141,141,169,169,193,212,262,276,76,76,101,112,112,112,146,146,52,52,52],"floor_reached":57,"language":"ENG","playtime":6515,"items_purged":[],"score":1530,"play_id":"7f97e198-7735-45cf-b757-a6ded3a43a9c","local_time":"20210207165436","is_ascension_mode":false,"campfire_choices":[{"data":"champ:Taunt","floor":1.0,"key":"SMITH"},{"data":"champ:BerserkersShout","floor":8.0,"key":"SMITH"},{"data":"champ:VampiricStrike","floor":11.0,"key":"SMITH"},{"floor":13.0,"key":"RECALL"},{"data":"champ:SteelEdge","floor":18.0,"key":"SMITH"},{"data":"champ:EndlessRage","floor":30,"key":"SMITH"},{"data":"champ:PreciseThrust","floor":35,"key":"SMITH"},{"data":"champ:VampiricStrike","floor":46,"key":"SMITH"},{"data":"expansioncontent:Chronoboost","floor":53,"key":"SMITH"}],"circlet_count":0,"master_deck":["champ:Execute","champ:Taunt+1","champ:BerserkersShout+1","champ:BringItOn","champ:VampiricStrike+1","champ:Backstep+1","champ:Lariat+1","champ:DefensiveShout+1","champ:UltimateStance+1","champ:SteelEdge+1","champ:Endure+1","champ:PreciseThrust+1","champ:RapidStrikes","champ:FocusedBerserking+1","champ:RisingSlash+1","champ:EnragedBash","champ:BringItOn+1","champ:UltimateStance+1","champ:IgnorePain+1","champ:IronFortress","champ:SkillfulDodge+1","champ:VampiricStrike+1","champ:Lariat+1","expansioncontent:InvincibleStrength","expansioncontent:Chronoboost+1","champ:SetATrap+1","expansioncontent:Chronoboost"],"relics":["champ:ChampionCrown","Toxic Egg 2","Gremlin Horn","Ancient Tea Set","Chemical X","Pandora\u0027s Box","Omamori","Gambling Chip","Incense Burner","Oddly Smooth Stone","Calling Bell","Bronze Scales","Darkstone Periapt","Old Coin","downfall:HeartBlessingRed","Pantograph","Pocketwatch","Bag of Preparation","Boot","FossilizedHelix","downfall:HeartBlessingBlue","downfall:HeartBlessingGreen","TungstenRod","Shuriken"],"acts_visited":["Exordium","TheCity","TheBeyond","TheEnding"],"potions_floor_usage":[40,56,56,56],"damage_taken":[{"damage":20.0,"enemies":"Cultist","floor":2.0,"turns":4.0},{"damage":25.0,"enemies":"Small Slimes","floor":3.0,"turns":3.0},{"damage":5.0,"enemies":"2 Louse","floor":6.0,"turns":3.0},{"damage":20.0,"enemies":"Blue Slaver","floor":9.0,"turns":4.0},{"damage":50.0,"enemies":"Lagavulin","floor":10.0,"turns":8.0},{"damage":15.0,"enemies":"3 Louse","floor":12.0,"turns":3.0},{"damage":35.0,"enemies":"downfall:FleeingMerchant","floor":14.0,"turns":4.0},{"damage":40.0,"enemies":"Lots of Slimes","floor":15.0,"turns":4.0},{"damage":82.0,"enemies":"SI_SHIV_ARCHETYPE","floor":16.0,"turns":8.0},{"damage":41.0,"enemies":"Spheric Guardian","floor":19.0,"turns":4.0},{"damage":45.0,"enemies":"Shell Parasite","floor":20.0,"turns":2.0},{"damage":40.0,"enemies":"downfall:FleeingMerchant","floor":22.0,"turns":4.0},{"damage":68.0,"enemies":"Book of Stabbing","floor":23.0,"turns":3.0},{"damage":35,"enemies":"3 Cultists","floor":27,"turns":4},{"damage":58,"enemies":"downfall:FleeingMerchant","floor":28,"turns":4},{"damage":36,"enemies":"Centurion and Healer","floor":29,"turns":4},{"damage":0,"enemies":"downfall:FleeingMerchant","floor":31,"turns":1},{"damage":15,"enemies":"Snecko","floor":32,"turns":3},{"damage":87,"enemies":"WA_ARCHETYPE_CALM","floor":33,"turns":8},{"damage":65,"enemies":"3 Shapes","floor":36,"turns":3},{"damage":33,"enemies":"2 Orb Walkers","floor":38,"turns":4},{"damage":76,"enemies":"Reptomancer","floor":40,"turns":5},{"damage":45,"enemies":"Orb Walker","floor":43,"turns":1},{"damage":50,"enemies":"Orb Walker","floor":44,"turns":4},{"damage":26,"enemies":"3 Darklings","floor":45,"turns":3},{"damage":77,"enemies":"Giant Head","floor":48,"turns":6},{"damage":45,"enemies":"Jaw Worm Horde","floor":49,"turns":2},{"damage":107,"enemies":"DF_ARCHETYPE_ORBS","floor":50,"turns":7},{"damage":78,"enemies":"downfall:CharBossMerchant","floor":52,"turns":8},{"damage":161,"enemies":"downfall:NeowBoss","floor":55,"turns":14},{"damage":137,"enemies":"downfall:NeowBossFinal","floor":56,"turns":11}],"seed_played":"-5743817849907531979","potions_obtained":[{"floor":2.0,"key":"champ:TechniquePotion"},{"floor":10.0,"key":"LiquidBronze"},{"floor":12.0,"key":"champ:UltimateStancePotion"},{"floor":16.0,"key":"Slimebound:ThreeZeroPotion"},{"floor":26,"key":"FearPotion"},{"floor":43,"key":"CultistPotion"}],"is_trial":false,"path_per_floor":["R","M","M","T","?","M","T","R","M","E","R","M","R","$","M","B",null,"R","M","M","?","$","E","T","?","?","M","$","M","R","$","M","B",null,"R","M","$","?","?","E","T","T","M","?","M","R","?","E","M","B",null,"E","R","$","B","B",null],"character_chosen":"THE_CHAMP","items_purchased":["Chemical X","Omamori","Oddly Smooth Stone","champ:IgnorePain+1","champ:IronFortress","Pantograph","expansioncontent:Chronoboost"],"campfire_rested":0,"item_purchase_floors":[14,22,31,37,37,37,54],"current_hp_per_floor":[99,99,99,99,99,99,99,99,99,94,94,94,94,94,94,87,99,99,98,98,98,98,90,90,90,90,90,99,99,99,99,99,89,99,99,99,99,93,93,97,97,97,97,99,99,109,99,109,109,109,109,109,109,109,109,67],"gold":52,"neow_bonus":"TEN_PERCENT_HP_BONUS","is_daily":false,"chose_seed":false,"campfire_upgraded":8,"win_rate":0.0,"timestamp":1612734876,"path_taken":["R","M","M","?","?","M","T","R","M","E","R","M","R","$","M","BOSS","R","M","M","?","$","E","T","?","?","M","?","M","R","$","M","BOSS","R","M","$","?","?","E","T","?","M","?","?","R","?","E","M","BOSS","E","R","$","BOSS","BOSS"],"items_purchased_type":["Relic","Relic","Relic","Card","Card","Relic","Card"],"build_version":"2020-12-22","purchased_purges":0,"victory":true,"max_hp_per_floor":[99,99,99,99,99,99,99,99,99,99,99,99,99,99,99,99,99,99,99,99,99,99,99,99,99,99,99,99,99,99,99,99,99,99,99,99,99,99,99,99,99,99,99,99,99,109,109,109,109,109,109,109,109,109,109,109],"card_choices":[{"not_picked":["champ:EnGarde","champ:TornadoPunch"],"picked":"champ:BerserkersShout","floor":2.0},{"not_picked":["champ:BerserkersShout","champ:ShieldSlam"],"picked":"champ:BringItOn","floor":3.0},{"not_picked":["champ:GladiatorStyle","champ:CrownThrow"],"picked":"champ:VampiricStrike","floor":6.0},{"not_picked":["champ:HeartStrike","champ:Shatter"],"picked":"champ:Backstep+1","floor":9.0},{"not_picked":["champ:AdrenalArmor+1","champ:HeartStrike","champ:StanceDance+1"],"picked":"SKIP","floor":10.0},{"not_picked":["champ:FlashCut","champ:DeathBlow"],"picked":"champ:Lariat+1","floor":12.0},{"not_picked":["champ:DancingMaster","champ:PreemptiveStrike"],"picked":"champ:DefensiveShout+1","floor":14.0},{"not_picked":["champ:StanceDance+1","champ:HeartStrike","champ:Circumvent+1"],"picked":"SKIP","floor":15.0},{"not_picked":["champ:HeavySlash","champ:DancingMaster"],"picked":"champ:UltimateStance+1","floor":16.0},{"not_picked":["champ:Haymaker+1","champ:TornadoPunch"],"picked":"champ:RisingSlash+1","floor":19.0},{"not_picked":["champ:BerserkersShout+1","champ:Duel","champ:PerfectedStrike"],"picked":"SKIP","floor":20.0},{"not_picked":["champ:Duel","champ:RapidStrikes","champ:FalseCounter+1"],"picked":"SKIP","floor":22.0},{"not_picked":["champ:EndlessRage","champ:ShieldSlam+1"],"picked":"champ:BringItOn+1","floor":23},{"not_picked":["champ:GutPunch","champ:AdrenalArmor+1","champ:CrownThrow"],"picked":"SKIP","floor":27},{"not_picked":["champ:EndlessRage","champ:FocusedBerserking+1","champ:Parry+1"],"picked":"SKIP","floor":28},{"not_picked":["champ:Haymaker","champ:Endure+1","champ:TornadoPunch"],"picked":"SKIP","floor":29},{"not_picked":["champ:BladeFlurry","champ:Endure+1","champ:BringItOn+1"],"picked":"SKIP","floor":31},{"not_picked":["champ:BringItOn+1","champ:Backstep+1","champ:RisingSlash+1"],"picked":"SKIP","floor":32},{"not_picked":["champ:Improvising","champ:StrikeOfGenius"],"picked":"champ:UltimateStance+1","floor":33},{"not_picked":["champ:FocusedBerserking+1","champ:PreciseThrust","champ:ArenaPreparation+1"],"picked":"SKIP","floor":36},{"not_picked":["champ:Backstep+1","champ:CrownThrow+1"],"picked":"champ:SkillfulDodge+1","floor":40},{"not_picked":["champ:GladiatorStyle","champ:Shatter"],"picked":"champ:VampiricStrike","floor":43},{"not_picked":["champ:FocusedBerserking+1","champ:GladiatorStyle+1"],"picked":"champ:Lariat+1","floor":45},{"not_picked":["expansioncontent:PolyBeam","expansioncontent:Hexaburn"],"picked":"expansioncontent:InvincibleStrength","floor":47},{"not_picked":["expansioncontent:Hexaburn","expansioncontent:AwakenDeath"],"picked":"expansioncontent:Chronoboost","floor":47},{"not_picked":["champ:HeartStrike","champ:FanOfKnives+1","champ:BringItOn+1"],"picked":"SKIP","floor":48},{"not_picked":["champ:GutPunch+1","champ:SkillfulDodge+1"],"picked":"champ:SetATrap+1","floor":49},{"not_picked":["champ:AdrenalArmor+1","champ:Haymaker+1","champ:StanceDance+1"],"picked":"SKIP","floor":52}],"player_experience":351424,"relics_obtained":[{"floor":4.0,"key":"Toxic Egg 2"},{"floor":7.0,"key":"Gremlin Horn"},{"floor":10.0,"key":"Ancient Tea Set"},{"floor":23,"key":"Gambling Chip"},{"floor":24,"key":"Incense Burner"},{"floor":34,"key":"Bronze Scales"},{"floor":34,"key":"Darkstone Periapt"},{"floor":34,"key":"Old Coin"},{"floor":38,"key":"Pocketwatch"},{"floor":40,"key":"Bag of Preparation"},{"floor":42,"key":"Boot"},{"floor":44,"key":"FossilizedHelix"},{"floor":48,"key":"TungstenRod"},{"floor":52,"key":"Shuriken"}],"event_choices":[{"damage_healed":0,"gold_gain":0,"player_choice":"Ignored","damage_taken":0,"max_hp_gain":0,"max_hp_loss":0,"event_name":"betterNote:BetterNote","floor":25,"gold_loss":0,"cards_obtained":["expansioncontent:PrepareCrush"]},{"damage_healed":0,"gold_gain":0,"player_choice":"Fight","damage_taken":0,"max_hp_gain":0,"max_hp_loss":0,"event_name":"Mysterious Sphere","floor":38,"gold_loss":0},{"cards_removed":["champ:EndlessRage"],"damage_healed":0,"gold_gain":0,"player_choice":"Removed Power","damage_taken":0,"max_hp_gain":0,"max_hp_loss":0,"event_name":"Falling","floor":39,"gold_loss":0}],"is_beta":false,"boss_relics":[{"not_picked":["bronze:MakeshiftBattery","Busted Crown"],"picked":"Pandora\u0027s Box"},{"not_picked":["Runic Pyramid","SacredBark"],"picked":"Calling Bell"}],"items_purged_floors":[],"is_endless":false,"potions_floor_spawned":[2,10,12,15,16,20,27,32,33,43,44,45,48,49],"ascension_level":0}}