{"host":"g1wmg2w41xhsnw8g","time":1612719110,"event":{"mods":["2.2 Compatiblity","Act Like it!","Aspiration","BaseMod","Better Altar","Better Match","Better Note","Better Sensory Stone","Better Skull","Better Third Choice","BetterRewards","Booster Modes","CapriCore","Colored Map","Colored Powertips","Defuse TimeMaze Blight","Displayed Cursed Tome","Evolution","Fox Events","Friendly Minions","GifTheSpireLib","Good Game Mod","Googly Eyes","Hubris","Infinite Spire","Jedi Mod","Minty Spire (QoL Compilation)","Monster B Gone","Red Circlet Mod","Relic Filter Mod","Relic Sorter","Reliquary","SCP261 Mod","Shop Mod","Small Relic Pack","Smile Girya","Spicy Shops","Spikes Relics","StSLib","Strawberry Spire","The Animator","The Runesmith","The Sage","Trackpad","Transform Curses","Wandering Minibosses","????"],"gold_per_floor":[121,134,134,134,134,160,82,82,133,133,133,152,172,199,199,300,402,413,433,457,470,495,554,141,141,141],"floor_reached":25,"language":"ENG","playtime":2005,"items_purged":[],"score":406,"play_id":"337deb36-1388-4139-b54e-d4862f7c2911","local_time":"20210207123150","is_ascension_mode":true,"campfire_choices":[{"data":"animator:UneriGinkaku","floor":10,"key":"SMITH"},{"data":"animator:DolaSchwi","floor":15,"key":"SMITH"}],"circlet_count":0,"master_deck":["animator:Cocytus","animator:PandorasActor","animator:DolaSchwi+1","animator:DolaCouronne","animator:LizardPriest+1","animator:ShinjiMatou","animator:IrohaTamaki","hubris:DuctTapeCard","animator:TsurugaMeisai","animator:UneriGinkaku+1","animator:Emonzaemon","animator:Gilgamesh+3","animator:Pride+1","animator:Hans","animator:Verdia","animator:ZankiKiguchi"],"relics":["animator:LivingPicture","animator:TheMissingPiece","EVO:Axolotl","MerchantsRug","Calipers","Anchor","trackpad:BiPhaseBiplane","FossilizedHelix","reliquary:Firecrackers","hubris:FunFungus","relicPack:SpireResearchBook","strawberrySpire:Sunfruit","SnailShell","hubris:Towel","foxEvents:LuckyCharm","aspiration:MobileForge","strawberrySpire:MawJerky","infinitespire:Bottled Soul","trackpad:WritersBlock","HandDrill","jedi:fakemustache","Akabeko"],"acts_visited":["Exordium","TheCity"],"potions_floor_usage":[16,18,23],"damage_taken":[{"damage":0,"enemies":"2 Louse","floor":1,"turns":2},{"damage":0,"enemies":"Small Slimes","floor":2,"turns":3},{"damage":0,"enemies":"Cultist","floor":6,"turns":4},{"damage":0,"enemies":"Blue Slaver","floor":12,"turns":3},{"damage":0,"enemies":"Looter","floor":13,"turns":2},{"damage":0,"enemies":"Colosseum Slavers","floor":14,"turns":3},{"damage":0,"enemies":"Hexaghost","floor":16,"turns":5},{"damage":10,"enemies":"Spheric Guardian","floor":18,"turns":7},{"damage":0,"enemies":"3 Byrds","floor":19,"turns":3},{"damage":0,"enemies":"Centurion and Healer","floor":20,"turns":6},{"damage":0,"enemies":"Chosen and Byrds","floor":21,"turns":5},{"damage":46,"enemies":"Slavers","floor":23,"turns":5},{"damage":40,"enemies":"Nightmare","floor":25,"turns":5}],"seed_played":"3833628714618743273","potions_obtained":[{"floor":2,"key":"Block Potion"},{"floor":12,"key":"CultistPotion"},{"floor":16,"key":"PowerPotion"},{"floor":18,"key":"SCP261:DewritoBlazePotion"},{"floor":20,"key":"FearPotion"},{"floor":21,"key":"ColorlessPotion"}],"is_trial":false,"path_per_floor":["M","M","?","?","?","M","$","R","T","R","?","M","M","?","R","B",null,"M","M","M","M","?","E","R","NM"],"character_chosen":"THE_ANIMATOR","items_purchased":["MerchantsRug","Calipers","Anchor","trackpad:BiPhaseBiplane","reliquary:Firecrackers","Omamori","relicPack:SpireResearchBook","trackpad:WritersBlock","HandDrill","jedi:fakemustache","Akabeko"],"campfire_rested":0,"item_purchase_floors":[0,0,0,0,0,0,7,24,24,24,24],"current_hp_per_floor":[80,81,81,81,81,81,81,81,81,81,81,81,81,81,81,81,81,71,74,77,81,51,13,26,0,0],"gold":141,"neow_bonus":"","is_daily":false,"chose_seed":false,"campfire_upgraded":2,"win_rate":0.0,"timestamp":1612719110,"path_taken":["M","M","?","?","?","?","$","R","T","R","?","M","M","?","R","BOSS","M","M","M","M","?","E","R","NM"],"items_purchased_type":["Relic","Relic","Relic","Relic","Relic","Relic","Relic","Relic","Relic","Relic","Relic"],"build_version":"2020-12-22","purchased_purges":0,"victory":false,"max_hp_per_floor":[80,81,81,81,81,81,81,81,81,81,81,81,81,81,81,81,81,81,81,81,82,82,87,87,87,87],"card_choices":[{"not_picked":["animator:SayakaMiki","animator:Ciel"],"picked":"animator:TsurugaMeisai","floor":1},{"not_picked":["animator:Chung","animator:SayakaMiki"],"picked":"animator:UneriGinkaku","floor":2},{"not_picked":["animator:Assassin","animator:Kazuma"],"picked":"animator:Emonzaemon","floor":6},{"not_picked":["animator:Illya","animator:Berserker","animator:Ciel"],"picked":"SKIP","floor":12},{"not_picked":["animator:Azekura","animator:Assassin","animator:Rider"],"picked":"SKIP","floor":13},{"not_picked":["animator:Elesis","animator:Biyorigo"],"picked":"animator:Gilgamesh","floor":16},{"not_picked":["animator:Sloth","animator:Vanir","animator:Elsword"],"picked":"SKIP","floor":18},{"not_picked":["animator:ZankiKiguchi","animator:Sloth"],"picked":"animator:Pride+1","floor":19},{"not_picked":["animator:KyokoSakura+1","animator:UneriGinkaku"],"picked":"animator:Hans","floor":20},{"not_picked":["animator:MaesHughes+1","animator:UneriGinkaku+1"],"picked":"animator:Verdia","floor":21},{"not_picked":["animator:Add+1","animator:Verdia"],"picked":"animator:ZankiKiguchi","floor":23}],"player_experience":1186331,"relics_obtained":[{"floor":8,"key":"strawberrySpire:Sunfruit"},{"floor":9,"key":"SnailShell"},{"floor":14,"key":"foxEvents:LuckyCharm"},{"floor":23,"key":"infinitespire:Bottled Soul"}],"event_choices":[{"damage_healed":0,"gold_gain":0,"cards_transformed":["animator:YuiTsuruno"],"player_choice":"Change","damage_taken":0,"max_hp_gain":0,"max_hp_loss":0,"event_name":"Living Wall","floor":3,"gold_loss":0,"cards_obtained":["animator:Togame"]},{"cards_removed":["animator:Togame"],"damage_healed":0,"gold_gain":0,"player_choice":"Offered Uncommon","damage_taken":0,"max_hp_gain":0,"max_hp_loss":0,"event_name":"Bonfire Elementals","floor":5,"gold_loss":0},{"damage_healed":0,"gold_gain":0,"player_choice":"UP RE ","damage_taken":35,"relics_obtained":["strawberrySpire:MawJerky"],"max_hp_gain":0,"max_hp_loss":0,"event_name":"betterSkull:BetterSkull","floor":22,"gold_loss":0,"cards_upgraded":["animator:LizardPriest"]}],"is_beta":false,"boss_relics":[{"not_picked":["Cursed Key","SlaversCollar"],"picked":"aspiration:MobileForge"}],"items_purged_floors":[],"is_endless":false,"potions_floor_spawned":[2,12,16,18,20,21],"killed_by":"Nightmare","ascension_level":1}}