{"host":"lx933ja015x1ub68","time":1612693067,"event":{"mods":["AchievementEnabler","BaseMod","Better Match","Better Third Choice","BetterRewards","Colored Map","Exacting","FTL Soundtrack","Minty Spire (QoL Compilation)","Shop Mod","StSLib"],"gold_per_floor":[127,143,143,143,143,170,181,209,209,236,249,249,259,287,287,387,387,420,420,440,455,482,482,30,47,74,74,93,93,121,139,139,235,235,253,270,270,294,32,32,43,43,43,78,98,118,186,213,213,213],"floor_reached":51,"language":"ENG","playtime":5800,"items_purged":[],"score":715,"play_id":"0254a501-807c-44f7-8c35-4f7bc2bfdd1a","local_time":"20210207211747","is_ascension_mode":false,"campfire_choices":[{"data":"Zap","floor":15.0,"key":"SMITH"},{"data":"Dualcast","floor":23.0,"key":"SMITH"},{"data":"Buffer","floor":27.0,"key":"SMITH"},{"data":"Self Repair","floor":29.0,"key":"SMITH"},{"floor":32.0,"key":"REST"},{"floor":40.0,"key":"REST"},{"floor":42.0,"key":"REST"},{"data":"Metamorphosis","floor":49.0,"key":"SMITH"}],"circlet_count":0,"master_deck":["Strike_B","Strike_B","Strike_B","Strike_B","Defend_B","Defend_B","Defend_B","Defend_B","Zap+1","Dualcast+1","Auto Shields","Ball Lightning","Self Repair+1","Compile Driver","Chill","Go for the Eyes","Buffer+1","Stack","Coolheaded","FTL+1","All For One+1","Barrage+1","RitualDagger","Go for the Eyes","Go for the Eyes","Creative AI+1","Static Discharge+1","Sweeping Beam","Barrage+1","Auto Shields+1","Stack+1","Loop+1","Beam Cell","Aggregate","Capacitor+1","Cold Snap+1","Electrodynamics+1","Go for the Eyes","Beam Cell","The Bomb","Metamorphosis+1","Sadistic Nature+1","Mayhem+1","Beam Cell+1","Cold Snap+1","Gash+1","Steam+1"],"relics":["Cracked Core","Ice Cream","Meat on the Bone","Mercury Hourglass","Bottled Flame","Matryoshka","Happy Flower","Frozen Egg 2","Astrolabe","Bag of Marbles","Orrery","Bag of Preparation","PreservedInsect","Pen Nib","Ancient Tea Set","Runic Pyramid","Strawberry","Ginger","CaptainsWheel","Darkstone Periapt"],"acts_visited":["Exordium","TheCity","TheBeyond"],"potions_floor_usage":[50,50,50],"damage_taken":[{"damage":0.0,"enemies":"Small Slimes","floor":1.0,"turns":3.0},{"damage":0.0,"enemies":"Jaw Worm","floor":2.0,"turns":3.0},{"damage":23.0,"enemies":"Lagavulin","floor":6.0,"turns":6.0},{"damage":0.0,"enemies":"Cultist","floor":7.0,"turns":3.0},{"damage":33.0,"enemies":"Gremlin Nob","floor":8.0,"turns":5.0},{"damage":0.0,"enemies":"Exordium Thugs","floor":10.0,"turns":3.0},{"damage":13.0,"enemies":"3 Louse","floor":11.0,"turns":3.0},{"damage":0.0,"enemies":"Large Slime","floor":13.0,"turns":4.0},{"damage":0.0,"enemies":"Exordium Wildlife","floor":14.0,"turns":3.0},{"damage":12.0,"enemies":"The Guardian","floor":16.0,"turns":14.0},{"damage":12.0,"enemies":"Shell Parasite","floor":18.0,"turns":5.0},{"damage":0.0,"enemies":"Spheric Guardian","floor":20.0,"turns":2.0},{"damage":17.0,"enemies":"Centurion and Healer","floor":21.0,"turns":5.0},{"damage":1.0,"enemies":"Chosen and Byrds","floor":22.0,"turns":5.0},{"damage":0.0,"enemies":"Snake Plant","floor":25.0,"turns":2.0},{"damage":16.0,"enemies":"Snecko","floor":28.0,"turns":4.0},{"damage":15.0,"enemies":"Gremlin Leader","floor":30.0,"turns":4.0},{"damage":12.0,"enemies":"3 Cultists","floor":31.0,"turns":5.0},{"damage":27.0,"enemies":"Collector","floor":33.0,"turns":7.0},{"damage":0.0,"enemies":"3 Darklings","floor":35.0,"turns":3.0},{"damage":33.0,"enemies":"3 Shapes","floor":36.0,"turns":3.0},{"damage":43.0,"enemies":"Jaw Worm Horde","floor":41.0,"turns":4.0},{"damage":43.0,"enemies":"Nemesis","floor":44.0,"turns":5.0},{"damage":13.0,"enemies":"Sphere and 2 Shapes","floor":45.0,"turns":5.0},{"damage":1.0,"enemies":"Maw","floor":46.0,"turns":6.0},{"damage":0.0,"enemies":"3 Darklings","floor":48.0,"turns":4.0},{"damage":37,"enemies":"Time Eater","floor":50,"turns":8}],"seed_played":"5596521931342760659","potions_obtained":[{"floor":6.0,"key":"FearPotion"},{"floor":7.0,"key":"PotionOfCapacity"},{"floor":8.0,"key":"GamblersBrew"},{"floor":13.0,"key":"ColorlessPotion"},{"floor":18.0,"key":"Energy Potion"},{"floor":21.0,"key":"BlessingOfTheForge"},{"floor":22.0,"key":"Weak Potion"},{"floor":33.0,"key":"AttackPotion"},{"floor":41.0,"key":"Fire Potion"},{"floor":44.0,"key":"ColorlessPotion"},{"floor":48.0,"key":"AttackPotion"}],"is_trial":false,"path_per_floor":["M","M","?","?","$","E","M","E","T","M","M","T","M","M","R","B",null,"M","?","M","M","M","R","$","M","T","R","M","R","E","M","R","B",null,"M","M","?","T","$","R","M","R","T","E","M","M","T","M","R","B",null],"character_chosen":"DEFECT","items_purchased":["Ice Cream","Meat on the Bone","Auto Shields","Ball Lightning","Self Repair","Compile Driver","PotionOfCapacity","Bag of Marbles","Orrery","Bag of Preparation","Mayhem+1","Fruit Juice"],"campfire_rested":3,"item_purchase_floors":[0,0,0,0,0,0,0,24,24,24,39,39],"current_hp_per_floor":[58,65,65,75,75,59,66,52,52,59,53,53,60,67,67,73,75,70,64,71,61,67,67,67,67,67,67,58,58,43,53,75,58,75,75,42,32,39,44,70,39,65,65,34,43,64,64,74,74,59],"gold":213,"neow_bonus":"","is_daily":false,"chose_seed":false,"campfire_upgraded":5,"win_rate":0.0,"timestamp":1612693067,"path_taken":["M","M","?","?","$","E","M","E","T","?","M","?","M","M","R","BOSS","M","?","M","M","M","R","$","M","T","R","M","R","E","M","R","BOSS","M","M","?","?","$","R","M","R","T","E","?","M","?","M","R","BOSS"],"items_purchased_type":["Relic","Relic","Card","Card","Card","Card","Potion","Relic","Relic","Relic","Card","Potion"],"build_version":"2020-12-22","purchased_purges":0,"victory":true,"max_hp_per_floor":[75,75,75,75,75,75,75,75,75,75,75,75,75,75,75,75,75,75,75,75,75,75,75,75,75,75,75,75,75,75,75,75,75,75,75,75,75,82,87,87,87,87,87,87,87,87,87,87,87,87],"card_choices":[{"not_picked":["Heatsinks","Beam Cell"],"picked":"FTL","floor":1.0},{"not_picked":["Gash","Streamline"],"picked":"Redo","floor":2.0},{"not_picked":["Steam Power","Force Field"],"picked":"Chill","floor":6.0},{"not_picked":["Chaos","Coolheaded"],"picked":"Go for the Eyes","floor":7.0},{"not_picked":["Rip and Tear","Compile Driver"],"picked":"Buffer","floor":8.0},{"not_picked":["Compile Driver","Hologram"],"picked":"Stack","floor":10.0},{"not_picked":["Genetic Algorithm","Redo","Skim"],"picked":"SKIP","floor":11.0},{"not_picked":["Streamline","Lockon"],"picked":"Coolheaded","floor":13.0},{"not_picked":["Defragment+1","Buffer+1"],"picked":"Coolheaded","floor":14.0},{"not_picked":["Fission","Multi-Cast"],"picked":"Reboot","floor":16.0},{"not_picked":["Hologram","Steam Power","Conserve Battery"],"picked":"SKIP","floor":18.0},{"not_picked":["Ball Lightning","Conserve Battery+1"],"picked":"Go for the Eyes","floor":20.0},{"not_picked":["Hologram","Aggregate"],"picked":"Go for the Eyes","floor":21.0},{"not_picked":["Compile Driver+1","Aggregate+1"],"picked":"Creative AI+1","floor":22.0},{"not_picked":["Sweeping Beam+1","Compile Driver"],"picked":"Static Discharge+1","floor":24.0},{"not_picked":["Scrape","Coolheaded"],"picked":"Sweeping Beam","floor":24.0},{"not_picked":["Heatsinks+1","Steam Power"],"picked":"Barrage+1","floor":24.0},{"not_picked":["Steam Power","Fission"],"picked":"Auto Shields+1","floor":24.0},{"not_picked":["Leap","Darkness"],"picked":"Stack+1","floor":24.0},{"not_picked":["Fusion","BootSequence+1"],"picked":"Loop+1","floor":25.0},{"not_picked":["Redo","Scrape"],"picked":"Beam Cell","floor":28.0},{"not_picked":["Reprogram+1","Barrage"],"picked":"Aggregate","floor":30.0},{"not_picked":["Coolheaded","Force Field"],"picked":"Capacitor+1","floor":30.0},{"not_picked":["Coolheaded","Redo"],"picked":"Cold Snap+1","floor":31.0},{"not_picked":["Fission","All For One"],"picked":"Electrodynamics+1","floor":33.0},{"not_picked":["Darkness+1","Leap"],"picked":"Go for the Eyes","floor":35.0},{"not_picked":["Cold Snap","Rip and Tear+1"],"picked":"Beam Cell","floor":36.0},{"not_picked":["Madness","Master of Strategy"],"picked":"The Bomb","floor":37.0},{"not_picked":["Swift Strike","Panacea"],"picked":"Metamorphosis","floor":37.0},{"not_picked":["Secret Technique","Dramatic Entrance"],"picked":"Sadistic Nature+1","floor":37.0},{"not_picked":["Gash","Hologram"],"picked":"Beam Cell+1","floor":41.0},{"not_picked":["Steam Power+1","Hologram"],"picked":"Cold Snap+1","floor":44.0},{"not_picked":["Auto Shields","Genetic Algorithm+1"],"picked":"Gash+1","floor":45.0},{"not_picked":["Hologram+1","Compile Driver+1"],"picked":"Steam+1","floor":46.0},{"not_picked":["Rip and Tear+1","Capacitor+1","All For One"],"picked":"SKIP","floor":48.0}],"player_experience":18471,"relics_obtained":[{"floor":6.0,"key":"Mercury Hourglass"},{"floor":8.0,"key":"Bottled Flame"},{"floor":9.0,"key":"Matryoshka"},{"floor":12.0,"key":"Happy Flower"},{"floor":12.0,"key":"Frozen Egg 2"},{"floor":26.0,"key":"PreservedInsect"},{"floor":26.0,"key":"Pen Nib"},{"floor":30.0,"key":"Ancient Tea Set"},{"floor":38.0,"key":"Strawberry"},{"floor":43.0,"key":"Ginger"},{"floor":44.0,"key":"CaptainsWheel"},{"floor":47.0,"key":"Darkstone Periapt"}],"event_choices":[{"damage_healed":0.0,"max_hp_gain":0.0,"max_hp_loss":0.0,"gold_gain":0.0,"event_name":"The Cleric","player_choice":"Leave","floor":3.0,"gold_loss":0.0,"damage_taken":0.0},{"cards_removed":["FTL"],"damage_healed":10.0,"max_hp_gain":0.0,"max_hp_loss":0.0,"gold_gain":0.0,"event_name":"Bonfire Elementals","player_choice":"Offered Uncommon","floor":4.0,"gold_loss":0.0,"damage_taken":0.0},{"damage_healed":0.0,"max_hp_gain":0.0,"max_hp_loss":0.0,"gold_gain":0.0,"event_name":"betterThird:BetterNest","player_choice":"Dagger","floor":19.0,"gold_loss":0.0,"damage_taken":6.0,"cards_obtained":["RitualDagger"]},{"damage_healed":0.0,"max_hp_gain":0.0,"max_hp_loss":0.0,"gold_gain":0.0,"event_name":"SensoryStone","player_choice":"Memory 3","floor":37.0,"gold_loss":0.0,"damage_taken":10.0}],"is_beta":false,"boss_relics":[{"not_picked":["Black Star","Ectoplasm"],"picked":"Astrolabe"},{"not_picked":["Runic Dome","Sozu"],"picked":"Runic Pyramid"}],"items_purged_floors":[],"is_endless":false,"potions_floor_spawned":[6,7,8,13,14,18,21,22,33,41,44,48],"ascension_level":0}}