{"host":"fl6c84p0pqwjbhud","time":1612690568,"event":{"mods":["AchievementEnabler","BaseMod","Better Altar","Better Match","Better Note","Better Sensory Stone","Better Skull","Better Third Choice","Better Vampires","Better-Laid Plans","Colored Map","Defuse TimeMaze Blight","Displayed Cursed Tome","Energized Spire","Highlight Path","Minty Spire (QoL Compilation)","Permanent Neow","Quick Restart","Relic Sorter","StSLib","Synergy Search","Transform Curses"],"gold_per_floor":[114,133,147,112,130,130,145,161,161,161,161,15,61,96,96,205,205,234,257,279,288,317,317,341,361,361,31,31,71,71,99,99,208,208,235,253,187,211,231,231,241,11,61,85,110,143,169,189,189,189,189],"floor_reached":50,"language":"ENG","playtime":2450,"items_purged":[],"score":677,"play_id":"fa84c4e7-77b6-4071-8339-6c7c38472581","local_time":"20210207103608","daily_mods":["Allstar","Heirloom","Uncertain Future"],"is_ascension_mode":false,"campfire_choices":[{"data":"Secret Technique","floor":6,"key":"SMITH"},{"floor":11,"key":"REST"},{"data":"Infinite Blades","floor":15,"key":"SMITH"},{"data":"Terror","floor":23,"key":"SMITH"},{"floor":28,"key":"REST"},{"floor":32,"key":"REST"},{"data":"Madness","floor":40,"key":"SMITH"},{"floor":49,"key":"REST"}],"circlet_count":0,"master_deck":["Strike_G","Strike_G","Strike_G","Strike_G","Strike_G","Defend_G","Defend_G","Defend_G","Defend_G","Defend_G","Survivor","Neutralize","Jack Of All Trades","Metamorphosis","Master of Strategy","Sadistic Nature","Secret Technique+1","Outmaneuver","Backstab","Backstab","Endless Agony","Backflip","Endless Agony","Infinite Blades+1","Dagger Spray","Prepared","Storm of Steel","Terror","Backstab+1","Terror+1","Well Laid Plans","Blade Dance","Poisoned Stab","Escape Plan+1","Accuracy","Dagger Spray","Deadly Poison","Poisoned Stab+1","Adrenaline","Endless Agony","Madness","Madness+1","Noxious Fumes+1","Endless Agony","Dagger Spray+1","Caltrops","Poisoned Stab","Deflect+1","Deadly Poison+1","Well Laid Plans"],"relics":["Ring of the Serpent","Gambling Chip","FossilizedHelix","Blood Vial","CeramicFish","Meat on the Bone","WristBlade","Anchor","Pantograph","Ice Cream","PreservedInsect","Ancient Tea Set","Paper Crane"],"acts_visited":["Exordium","TheCity","TheBeyond"],"potions_floor_usage":[7,14,14,33,33,45,46,46],"damage_taken":[{"damage":4.0,"enemies":"Cultist","floor":1.0,"turns":3.0},{"damage":10.0,"enemies":"2 Louse","floor":2.0,"turns":5.0},{"damage":0.0,"enemies":"Jaw Worm","floor":3.0,"turns":2.0},{"damage":0,"enemies":"Looter","floor":5,"turns":3},{"damage":10,"enemies":"Exordium Thugs","floor":7,"turns":2},{"damage":0,"enemies":"Blue Slaver","floor":8,"turns":3},{"damage":0,"enemies":"Gremlin Nob","floor":14,"turns":2},{"damage":0,"enemies":"Slime Boss","floor":16,"turns":8},{"damage":21,"enemies":"2 Thieves","floor":18,"turns":4},{"damage":0,"enemies":"Chosen","floor":19,"turns":2},{"damage":2,"enemies":"Centurion and Healer","floor":20,"turns":4},{"damage":0,"enemies":"Cultist and Chosen","floor":22,"turns":4},{"damage":35,"enemies":"Snake Plant","floor":24,"turns":4},{"damage":9,"enemies":"3 Cultists","floor":25,"turns":4},{"damage":10,"enemies":"Gremlin Leader","floor":29,"turns":3},{"damage":0,"enemies":"Shelled Parasite and Fungi","floor":31,"turns":2},{"damage":46,"enemies":"Collector","floor":33,"turns":5},{"damage":0,"enemies":"Orb Walker","floor":35,"turns":2},{"damage":36,"enemies":"3 Darklings","floor":38,"turns":6},{"damage":0,"enemies":"Transient","floor":39,"turns":5},{"damage":12,"enemies":"Spire Growth","floor":41,"turns":3},{"damage":29,"enemies":"3 Darklings","floor":44,"turns":3},{"damage":0,"enemies":"Transient","floor":45,"turns":5},{"damage":6,"enemies":"Giant Head","floor":46,"turns":5},{"damage":5,"enemies":"Spire Growth","floor":47,"turns":3},{"damage":17,"enemies":"Jaw Worm Horde","floor":48,"turns":3},{"damage":115,"enemies":"Time Eater","floor":50,"turns":7}],"seed_played":"4611155544583539991","potions_obtained":[{"floor":2.0,"key":"PowerPotion"},{"floor":7,"key":"Block Potion"},{"floor":8,"key":"AttackPotion"},{"floor":14,"key":"FairyPotion"},{"floor":19,"key":"DuplicationPotion"},{"floor":20,"key":"LiquidBronze"},{"floor":29,"key":"LiquidBronze"},{"floor":33,"key":"Energy Potion"},{"floor":35,"key":"SteroidPotion"},{"floor":44,"key":"SkillPotion"},{"floor":45,"key":"Dexterity Potion"},{"floor":47,"key":"FearPotion"}],"is_trial":true,"path_per_floor":["M","M","M","?","M","R","M","M","T","?","R","$","T","E","R","B",null,"M","M","M","?","M","R","M","M","T","$","R","E","?","M","R","B",null,"M","?","?","M","M","R","M","$","T","M","M","E","M","M","R","B"],"character_chosen":"THE_SILENT","items_purchased":["Infinite Blades","AttackPotion","Dagger Spray","Pantograph","Accuracy","Dagger Spray","Caltrops","BlessingOfTheForge","PreservedInsect"],"campfire_rested":4,"item_purchase_floors":[12,12,12,27,27,27,42,42,42],"current_hp_per_floor":[66,56,56,70,70,70,60,60,60,48,69,69,69,70,70,70,70,49,51,51,51,53,53,32,37,37,37,58,50,50,52,70,36,70,70,61,61,39,41,41,43,43,43,28,42,38,47,44,65,0,0],"gold":189,"neow_bonus":"","is_daily":false,"chose_seed":false,"campfire_upgraded":4,"win_rate":0.0,"timestamp":1612690568,"path_taken":["M","M","M","?","M","R","M","M","T","?","R","$","?","E","R","BOSS","M","M","M","?","M","R","M","M","T","$","R","E","?","?","R","BOSS","M","?","?","M","M","R","?","$","T","M","M","E","M","M","R","BOSS"],"items_purchased_type":["Card","Potion","Card","Relic","Card","Card","Card","Potion","Relic"],"build_version":"2020-12-22","purchased_purges":0,"victory":false,"max_hp_per_floor":[70,70,70,70,70,70,70,70,70,70,70,70,70,70,70,70,70,70,70,70,70,70,70,70,70,70,70,70,70,70,70,70,70,70,70,70,70,70,70,70,70,70,70,70,70,70,70,70,70,70,70],"card_choices":[{"not_picked":["Calculated Gamble","Flechettes"],"picked":"Outmaneuver","floor":1.0},{"not_picked":["Acrobatics","Infinite Blades"],"picked":"Backstab","floor":2.0},{"not_picked":["Sucker Punch","Cloak And Dagger"],"picked":"Backstab","floor":3.0},{"not_picked":["Catalyst","Sucker Punch"],"picked":"Endless Agony","floor":5},{"not_picked":["Underhanded Strike","Dagger Throw"],"picked":"Backflip","floor":7},{"not_picked":["Calculated Gamble","Escape Plan"],"picked":"Endless Agony","floor":8},{"not_picked":["Dash","Terror"],"picked":"Prepared","floor":14},{"not_picked":["Grand Finale","Unload"],"picked":"Storm of Steel","floor":16},{"not_picked":["Sucker Punch+1","Calculated Gamble+1"],"picked":"Terror","floor":18},{"not_picked":["Poisoned Stab","Well Laid Plans"],"picked":"Backstab+1","floor":19},{"not_picked":["Flechettes","PiercingWail"],"picked":"Terror","floor":20},{"not_picked":["Cloak And Dagger","Quick Slash"],"picked":"Blade Dance","floor":22},{"not_picked":["Tactician","Leg Sweep"],"picked":"Poisoned Stab","floor":24},{"not_picked":["Choke","Dagger Spray"],"picked":"Escape Plan+1","floor":25},{"not_picked":["Skewer","Flechettes"],"picked":"Deadly Poison","floor":29},{"not_picked":["Outmaneuver","Storm of Steel"],"picked":"Poisoned Stab+1","floor":31},{"not_picked":["Venomology","Malaise"],"picked":"Adrenaline","floor":33},{"not_picked":["Flying Knee+1","Masterful Stab"],"picked":"Endless Agony","floor":35},{"not_picked":["Terror+1","Finisher+1"],"picked":"Noxious Fumes+1","floor":37},{"not_picked":["Predator","PiercingWail+1"],"picked":"Endless Agony","floor":38},{"not_picked":["Outmaneuver+1","Sucker Punch"],"picked":"Dagger Spray+1","floor":39},{"not_picked":["Bullet Time","Sucker Punch+1","Dodge and Roll+1"],"picked":"SKIP","floor":41},{"not_picked":["Distraction","Dagger Throw+1"],"picked":"Poisoned Stab","floor":44},{"not_picked":["Deadly Poison","Backflip"],"picked":"Deflect+1","floor":45},{"not_picked":["Malaise","Dodge and Roll","Tools of the Trade"],"picked":"SKIP","floor":46},{"not_picked":["Poisoned Stab+1","Sucker Punch"],"picked":"Deadly Poison+1","floor":47},{"not_picked":["Expertise+1","Riddle With Holes+1"],"picked":"Well Laid Plans","floor":48}],"player_experience":484560,"relics_obtained":[{"floor":9,"key":"FossilizedHelix"},{"floor":13,"key":"CeramicFish"},{"floor":14,"key":"Meat on the Bone"},{"floor":26,"key":"Anchor"},{"floor":29,"key":"Ice Cream"},{"floor":43,"key":"Ancient Tea Set"},{"floor":46,"key":"Paper Crane"}],"event_choices":[{"damage_healed":17,"gold_gain":0,"player_choice":"Healed","damage_taken":0,"max_hp_gain":0,"max_hp_loss":0,"event_name":"The Cleric","floor":4,"gold_loss":35},{"damage_healed":0,"gold_gain":0,"player_choice":"Relic ","damage_taken":12,"max_hp_gain":0,"max_hp_loss":0,"event_name":"betterThird:BetterScrap","floor":10,"gold_loss":0,"cards_obtained":["Carnage"]},{"cards_removed":["Terror"],"damage_healed":0,"gold_gain":0,"player_choice":"Take \u0026 Give","damage_taken":0,"max_hp_gain":0,"max_hp_loss":0,"event_name":"betterNote:BetterNote","floor":21,"gold_loss":0,"cards_obtained":["Well Laid Plans"]},{"damage_healed":0,"gold_gain":0,"player_choice":"Ignored","damage_taken":0,"max_hp_gain":0,"max_hp_loss":0,"event_name":"Ghosts","floor":30,"gold_loss":0},{"damage_healed":0,"gold_gain":0,"player_choice":"Embrace Madness","damage_taken":9,"max_hp_gain":0,"max_hp_loss":0,"event_name":"Winding Halls","floor":36,"gold_loss":0,"cards_obtained":["Madness","Madness"]},{"damage_healed":0,"gold_gain":0,"player_choice":"2","damage_taken":0,"max_hp_gain":0,"max_hp_loss":0,"event_name":"betterMatch:BetterMatch","floor":37,"gold_loss":0,"cards_obtained":["betterMatch:UncommonCard"]}],"is_beta":false,"boss_relics":[{"not_picked":["energizedSpire:NeverEndingSparkler","Busted Crown"],"picked":"WristBlade"},{"not_picked":["Fusion Hammer","Astrolabe"],"picked":"Ring of the Serpent"}],"items_purged_floors":[],"is_endless":false,"potions_floor_spawned":[2,3,7,8,14,19,20,29,31,33,35,44,45,47],"killed_by":"Time Eater","ascension_level":0}}