{"host":"qj91dvco5uhu9oti","time":1612693485,"event":{"mods":["BaseMod","Colored Map","Keyboard Shortcuts","Minty Spire (QoL Compilation)","Permanent Neow","Relic Stats","StSLib","SuperFastMode","everything is the same but u backflip on backflip"],"gold_per_floor":[114,126,126,136,153,188,213,241,264,276,288,310,322,334,346,456,468,490,502,528,554,566,611,623,645,735,747,787,799,844,873,885,992,1004,1027,1039,956,559,574,574,599,599,622,647,647,658,515,530,530,530,530,530,185,218,218],"floor_reached":56,"language":"KOR","playtime":1160,"items_purged":[],"score":2058,"play_id":"7649042e-ab96-4534-bb39-e483c5df328c","local_time":"20210207192445","is_ascension_mode":false,"campfire_choices":[{"data":"1","floor":11.0,"key":"LIFT"},{"data":"2","floor":13.0,"key":"LIFT"},{"data":"3","floor":15.0,"key":"LIFT"},{"data":"Terror","floor":24,"key":"SMITH"},{"data":"Calculated Gamble","floor":27,"key":"SMITH"},{"data":"Wraith Form v2","floor":29,"key":"SMITH"},{"data":"Reflex","floor":32,"key":"SMITH"},{"data":"Reflex","floor":40,"key":"SMITH"},{"data":"Reflex","floor":42,"key":"SMITH"},{"data":"Phantasmal Killer","floor":45,"key":"SMITH"},{"floor":49,"key":"RECALL"},{"data":"Eviscerate","floor":52,"key":"SMITH"}],"circlet_count":0,"master_deck":["Reflex+1","Reflex+1","Eviscerate+1","Eviscerate+1","Prepared+1","Prepared+1","Prepared+1","Reflex+1","After Image+1","After Image+1","Eviscerate+1","Wraith Form v2+1","Calculated Gamble+1","Terror+1","Phantasmal Killer+1"],"relics":["Ring of the Snake","Girya","Potion Belt","Ancient Tea Set","MawBank","Calling Bell","Juzu Bracelet","Eternal Feather","FossilizedHelix","Akabeko","Snake Skull","Tingsha","WristBlade","WingedGreaves","TheAbacus","Singing Bowl","Lantern","War Paint","PreservedInsect","Bag of Preparation","Bag of Marbles","Whetstone","Medical Kit","OrangePellets","Bottled Lightning"],"acts_visited":["Exordium","TheCity","TheBeyond","TheEnding"],"potions_floor_usage":[37,55,55],"damage_taken":[{"damage":0.0,"enemies":"Small Slimes","floor":1.0,"turns":1.0},{"damage":0.0,"enemies":"Jaw Worm","floor":2.0,"turns":1.0},{"damage":0.0,"enemies":"Cultist","floor":4.0,"turns":1.0},{"damage":0.0,"enemies":"Exordium Wildlife","floor":5.0,"turns":1.0},{"damage":0.0,"enemies":"3 Sentries","floor":6.0,"turns":1.0},{"damage":0.0,"enemies":"Lagavulin","floor":7.0,"turns":1.0},{"damage":0.0,"enemies":"Gremlin Nob","floor":8.0,"turns":1.0},{"damage":0.0,"enemies":"Looter","floor":12.0,"turns":1.0},{"damage":0.0,"enemies":"Slime Boss","floor":16.0,"turns":1.0},{"damage":0.0,"enemies":"Spheric Guardian","floor":18.0,"turns":1.0},{"damage":0.0,"enemies":"2 Thieves","floor":20.0,"turns":2.0},{"damage":14.0,"enemies":"Snake Plant","floor":21.0,"turns":2.0},{"damage":0,"enemies":"Book of Stabbing","floor":23,"turns":1},{"damage":0,"enemies":"Centurion and Healer","floor":25,"turns":1},{"damage":0,"enemies":"Slavers","floor":28,"turns":1},{"damage":0,"enemies":"Book of Stabbing","floor":30,"turns":1},{"damage":5,"enemies":"Chosen and Byrds","floor":31,"turns":2},{"damage":0,"enemies":"Automaton","floor":33,"turns":1},{"damage":0,"enemies":"3 Darklings","floor":35,"turns":1},{"damage":0,"enemies":"Orb Walker","floor":39,"turns":2},{"damage":0,"enemies":"Nemesis","floor":41,"turns":1},{"damage":0,"enemies":"Giant Head","floor":44,"turns":2},{"damage":0,"enemies":"Jaw Worm Horde","floor":46,"turns":1},{"damage":0,"enemies":"Writhing Mass","floor":48,"turns":1},{"damage":0,"enemies":"Donu and Deca","floor":50,"turns":1},{"damage":0,"enemies":"Shield and Spear","floor":54,"turns":1},{"damage":0,"enemies":"The Heart","floor":55,"turns":4}],"seed_played":"7844648208587441534","potions_obtained":[{"floor":1.0,"key":"DistilledChaos"},{"floor":5.0,"key":"SneckoOil"},{"floor":6.0,"key":"Block Potion"},{"floor":18.0,"key":"Dexterity Potion"},{"floor":20.0,"key":"LiquidMemories"}],"is_trial":false,"path_per_floor":["M","M","?","M","M","E","E","E","T","$","R","M","R","?","R","B",null,"M","$","M","M","?","E","R","M","T","R","E","R","E","M","R","B",null,"M","?","$","$","M","R","E","R","T","E","R","M","$","M","R","B",null,"R","$","E","B",null],"character_chosen":"THE_SILENT","items_purchased":["Fruit Juice","TheAbacus","Singing Bowl","Bag of Preparation","Bag of Marbles","OrangePellets","FearPotion"],"campfire_rested":0,"item_purchase_floors":[37,38,38,47,53,53,53],"current_hp_per_floor":[70,70,70,70,70,70,70,70,70,70,70,70,70,56,56,56,70,70,70,70,56,70,70,70,70,70,70,70,70,70,65,70,70,70,70,70,75,75,77,77,79,79,79,79,79,81,81,83,83,83,83,83,83,85,85],"gold":218,"neow_bonus":"ONE_RARE_RELIC","is_daily":false,"chose_seed":false,"campfire_upgraded":8,"win_rate":0.0,"timestamp":1612693485,"path_taken":["M","M","?","M","M","E","E","E","T","?","R","M","R","?","R","BOSS","M","$","M","M","?","E","R","M","T","R","E","R","E","M","R","BOSS","M","?","$","$","M","R","E","R","T","E","R","M","$","M","R","BOSS","R","$","E","BOSS"],"items_purchased_type":["Potion","Relic","Relic","Relic","Relic","Relic","Potion"],"build_version":"2020-12-22","purchased_purges":0,"victory":true,"max_hp_per_floor":[70,70,70,70,70,70,70,70,70,70,70,70,70,70,70,70,70,70,70,70,70,70,70,70,70,70,70,70,70,70,70,70,70,70,70,70,75,75,77,77,79,79,79,79,79,81,81,83,83,83,83,83,83,85,85],"relic_stats":{"Singing Bowl":10,"counters":[27,35],"Eternal Feather":5,"Tingsha":[198],"Snake Skull":[0],"PreservedInsect":68,"Juzu Bracelet":0,"Bag of Preparation":[8],"Whetstone":["Eviscerate"],"War Paint":["Prepared"],"MawBank":336,"Medical Kit":[2],"OrangePellets":[4],"TheAbacus":[186],"obtain_stats":[{"Lantern":41,"Singing Bowl":38,"Snake Skull":28,"Juzu Bracelet":17,"Bag of Preparation":47,"Whetstone":53,"Ancient Tea Set":8,"TheAbacus":38,"WristBlade":34,"WingedGreaves":0,"Ring of the Snake":0,"Potion Belt":7,"Girya":6,"Dead Branch":0,"Eternal Feather":17,"Tingsha":30,"PreservedInsect":44,"War Paint":43,"MawBank":9,"Medical Kit":53,"Akabeko":23,"Calling Bell":17,"OrangePellets":53,"Bag of Marbles":53,"Bottled Lightning":54,"FossilizedHelix":17},{"Lantern":21,"Singing Bowl":19,"Snake Skull":15,"Juzu Bracelet":9,"Bag of Preparation":23,"Whetstone":25,"Ancient Tea Set":7,"TheAbacus":19,"WristBlade":18,"WingedGreaves":0,"Ring of the Snake":0,"Potion Belt":6,"Girya":5,"Dead Branch":0,"Eternal Feather":9,"Tingsha":16,"PreservedInsect":22,"War Paint":21,"MawBank":7,"Medical Kit":25,"Akabeko":13,"Calling Bell":9,"OrangePellets":25,"Bag of Marbles":25,"Bottled Lightning":26,"FossilizedHelix":9},{"Lantern":25,"Singing Bowl":22,"Snake Skull":17,"Juzu Bracelet":9,"Bag of Preparation":28,"Whetstone":30,"Ancient Tea Set":7,"TheAbacus":22,"WristBlade":21,"WingedGreaves":0,"Ring of the Snake":0,"Potion Belt":6,"Girya":5,"Dead Branch":0,"Eternal Feather":9,"Tingsha":18,"PreservedInsect":27,"War Paint":25,"MawBank":7,"Medical Kit":30,"Akabeko":15,"Calling Bell":9,"OrangePellets":30,"Bag of Marbles":30,"Bottled Lightning":31,"FossilizedHelix":9}],"Ring of the Snake":[52]},"card_choices":[{"not_picked":["Underhanded Strike","Bane","Deflect"],"picked":"SKIP","floor":1.0},{"not_picked":["Underhanded Strike","Bane","Deflect"],"picked":"SKIP","floor":1.0},{"not_picked":["Bane","PiercingWail","Skewer"],"picked":"SKIP","floor":2.0},{"not_picked":["Distraction","Sucker Punch"],"picked":"Prepared","floor":4.0},{"not_picked":["Leg Sweep","Flying Knee","Deadly Poison"],"picked":"SKIP","floor":5.0},{"not_picked":["PiercingWail","Glass Knife","Cloak And Dagger"],"picked":"SKIP","floor":6.0},{"not_picked":["Corpse Explosion","Bullet Time","Sucker Punch"],"picked":"SKIP","floor":7.0},{"not_picked":["Bane","Flying Knee"],"picked":"Wraith Form v2","floor":8.0},{"not_picked":["Calculated Gamble","Poisoned Stab","Dagger Spray"],"picked":"SKIP","floor":12.0},{"not_picked":["Poisoned Stab","Dagger Spray"],"picked":"Calculated Gamble","floor":12.0},{"not_picked":["Noxious Fumes","Heel Hook"],"picked":"Terror","floor":18.0},{"not_picked":["Blade Dance","Dagger Throw+1","Sucker Punch"],"picked":"SKIP","floor":20.0},{"not_picked":["Outmaneuver+1","Well Laid Plans","Sucker Punch"],"picked":"SKIP","floor":21.0},{"not_picked":["Concentrate","A Thousand Cuts","PiercingWail"],"picked":"SKIP","floor":23},{"not_picked":["Tactician","Crippling Poison+1","Concentrate"],"picked":"SKIP","floor":25},{"not_picked":["Leg Sweep","Deadly Poison+1","Dagger Throw"],"picked":"SKIP","floor":28},{"not_picked":["After Image","Footwork","Blade Dance"],"picked":"SKIP","floor":30},{"not_picked":["Poisoned Stab+1","Tactician","Dagger Throw"],"picked":"SKIP","floor":31},{"not_picked":["Blade Dance+1","Footwork+1","Dagger Spray+1"],"picked":"SKIP","floor":35},{"not_picked":["Riddle With Holes","Escape Plan","Leg Sweep"],"picked":"Singing Bowl","floor":39},{"not_picked":["PiercingWail","Dagger Throw","Accuracy+1"],"picked":"Singing Bowl","floor":41},{"not_picked":["Catalyst","Riddle With Holes"],"picked":"Phantasmal Killer","floor":44},{"not_picked":["Outmaneuver","PiercingWail","Sucker Punch"],"picked":"Singing Bowl","floor":46},{"not_picked":["Setup+1","Masterful Stab+1","Poisoned Stab+1"],"picked":"Singing Bowl","floor":48},{"not_picked":["Dodge and Roll","Blur","Unload"],"picked":"Singing Bowl","floor":54}],"player_experience":363883,"relics_obtained":[{"floor":6.0,"key":"Girya"},{"floor":7.0,"key":"Potion Belt"},{"floor":8.0,"key":"Ancient Tea Set"},{"floor":9.0,"key":"MawBank"},{"floor":17.0,"key":"Juzu Bracelet"},{"floor":17.0,"key":"Eternal Feather"},{"floor":17.0,"key":"FossilizedHelix"},{"floor":23,"key":"Akabeko"},{"floor":28,"key":"Snake Skull"},{"floor":30,"key":"Tingsha"},{"floor":41,"key":"Lantern"},{"floor":43,"key":"War Paint"},{"floor":44,"key":"PreservedInsect"},{"floor":54,"key":"Bottled Lightning"}],"event_choices":[{"damage_healed":0.0,"max_hp_gain":0.0,"max_hp_loss":0.0,"gold_gain":0.0,"event_name":"Living Wall","player_choice":"Grow","floor":3.0,"gold_loss":0.0,"damage_taken":0.0,"cards_upgraded":["Prepared"]},{"damage_healed":0.0,"max_hp_gain":0.0,"max_hp_loss":0.0,"gold_gain":0.0,"event_name":"Shining Light","player_choice":"Entered Light","floor":14.0,"gold_loss":0.0,"damage_taken":14.0,"cards_upgraded":["Eviscerate","Prepared"]},{"damage_healed":23,"gold_gain":0,"player_choice":"Heal","damage_taken":0,"max_hp_gain":0,"max_hp_loss":0,"event_name":"The Library","floor":22,"gold_loss":0},{"damage_healed":0,"gold_gain":0,"player_choice":"Ignored","damage_taken":0,"max_hp_gain":0,"max_hp_loss":0,"event_name":"Tomb of Lord Red Mask","floor":36,"gold_loss":0}],"is_beta":false,"boss_relics":[{"not_picked":["Sozu","SlaversCollar"],"picked":"Calling Bell"},{"not_picked":["HoveringKite","Velvet Choker"],"picked":"WristBlade"}],"items_purged_floors":[],"is_endless":false,"potions_floor_spawned":[1,5,6,18,20,33,35],"ascension_level":0}}