{"host":"2pluridizrp50jef","time":1612658777,"event":{"mods":["ATMod(°¢èªMod)","AchievementEnabler","Act Like it!","BaseMod","Bestiary","Better Altar","Better Match","Better Note","Better Sensory Stone","Better Skull","Better Third Choice","BetterRewards","Colored Powertips","Conspire","Curses Come First","Custom Start","Downfall","Energized Spire","Gensokyo","Hallownest","Hubris","Infinite Spire","Lobotomy","LobotomyExtend","Minty Spire (QoL Compilation)","Rare Cards Sparkle","Relic Stats","Replay The Spire","StSLib","noobMod","¡¾ÒÅÎï¿¨ÅÆ¡¿REMEMod"],"gold_per_floor":[99,99,99,99,99,131,131,131,145,174,189,202,252,252,269,374,374,174,197,213,213,227,252,300,331,331,343,293,306,324,340,357,457,457,357,377,397,409,425,425,479,491,491,506,506,520,470,470,484,484,484,484,512,168,168,168,168],"floor_reached":58,"language":"ZHS","playtime":3670,"items_purged":["Pain","Injury","Voices","downfall:Icky","champ:Defend"],"score":1543,"play_id":"3d807002-2620-4966-82ed-004888f9c2ef","local_time":"20210206164617","is_ascension_mode":false,"campfire_choices":[{"data":"AT_ShrugMaster","floor":1,"key":"SMITH"},{"floor":8,"key":"RECALL"},{"data":"champ:LastStand","floor":18,"key":"SMITH"},{"data":"Looming Evil","floor":35,"key":"PURGE"},{"data":"hubris:InfiniteBlow+2","floor":55,"key":"SMITH"}],"circlet_count":0,"master_deck":["champ:Strike","champ:Strike","champ:Strike","champ:Strike","champ:Defend","champ:Defend","champ:Defend","champ:Execute","champ:Taunt","AT_ShrugMaster+1","REME_MagicPocketWatch","champ:BladeFlurry","champ:GutPunch","champ:Encircle","champ:FanOfKnives","champ:CrownThrow","champ:Endure+1","champ:CrownThrow","Gensokyo:AllTheWorldsEvil","champ:LastStand+1","champ:ArenaPreparation+1","Clumsy","ReplayTheSpireMod:Splinters","champ:PerfectedStrike","champ:BerserkerStyle","champ:CalledShot+1","champ:CalledShot+1","champ:TripleStrike","AT_ShrugMaster+1","champ:RisingSlash+1","champ:PerfectedStrike+1","infinitespire:SevenWalls","hubris:InfiniteBlow+3","champ:GladiatorForm","champ:PreciseThrust"],"relics":["champ:ChampionCrown","AT_ATBox","REME_ComplimentaryCards","ice","downfall:HeartsMalice","LetterFromLob","Centennial Puzzle","Ancient Tea Set","Smiling Mask","infinitespire:Satchel","Bottled Tornado","Toxic Egg 2","hubris:SphereOfDissonance","ReplayTheSpireMod:Ring of Exchange","Ring of Greed","The Courier","Tiny Chest","WarpedTongs","Replay:Grab Bag","Sozu","Runic Dome","conspire:RunicOctahedron","downfall:HeartBlessingRed","downfall:HeartBlessingGreen","Replay:Towering Pillar of Hats","Replay:Rubber Ducky","Replay:Wax Seal","hubris:TinFlute","Blue Candle","DollysMirror","downfall:HeartBlessingBlue","Letter Opener","ReplayTheSpireMod:Lightbulb","Toy Ornithopter","infinitespire:ShieldingShard","hubris:Potato"],"acts_visited":["Exordium","TheCity","TheBeyond","TheEnding"],"potions_floor_usage":[12,12],"damage_taken":[{"damage":0,"enemies":"Small Slimes","floor":2,"turns":1},{"damage":0,"enemies":"Cultist","floor":3,"turns":1},{"damage":0,"enemies":"Jaw Worm","floor":5,"turns":1},{"damage":20,"enemies":"Lagavulin","floor":6,"turns":6},{"damage":0,"enemies":"2 Fungi Beasts","floor":9,"turns":2},{"damage":33,"enemies":"3 Sentries","floor":10,"turns":3},{"damage":20,"enemies":"Exordium Thugs","floor":11,"turns":3},{"damage":27,"enemies":"Large Slime","floor":12,"turns":3},{"damage":9,"enemies":"Exordium Thugs","floor":15,"turns":3},{"damage":34,"enemies":"DF_ARCHETYPE_STREAMLINE","floor":16,"turns":6},{"damage":16,"enemies":"Shell Parasite","floor":20,"turns":2},{"damage":0,"enemies":"3 Byrds","floor":22,"turns":2},{"damage":45,"enemies":"Slavers","floor":23,"turns":3},{"damage":14,"enemies":"downfall:FleeingMerchant","floor":25,"turns":4},{"damage":20,"enemies":"Shelled Parasite and Fungi","floor":27,"turns":2},{"damage":22,"enemies":"Sentry and Sphere","floor":29,"turns":3},{"damage":31,"enemies":"Snake Plant","floor":30,"turns":2},{"damage":17,"enemies":"Centurion and Healer","floor":31,"turns":2},{"damage":1,"enemies":"Chosen and Byrds","floor":32,"turns":2},{"damage":51,"enemies":"WA_ARCHETYPE_CALM","floor":33,"turns":2},{"damage":10,"enemies":"3 Darklings","floor":36,"turns":2},{"damage":10,"enemies":"3 Shapes","floor":37,"turns":2},{"damage":26,"enemies":"Sphere and 2 Shapes","floor":38,"turns":2},{"damage":11,"enemies":"Jaw Worm Horde","floor":39,"turns":2},{"damage":57,"enemies":"Transient","floor":42,"turns":4},{"damage":13,"enemies":"Maw","floor":44,"turns":2},{"damage":24,"enemies":"Sphere and 2 Shapes","floor":46,"turns":2},{"damage":17,"enemies":"4 Shapes","floor":49,"turns":2},{"damage":43,"enemies":"SI_POISON_ARCHETYPE","floor":50,"turns":3},{"damage":16,"enemies":"downfall:CharBossMerchant","floor":53,"turns":4},{"damage":0,"enemies":"downfall:NeowBoss","floor":56,"turns":7},{"damage":54,"enemies":"downfall:NeowBossFinal","floor":57,"turns":5}],"seed_played":"-2783915176268719653","potions_obtained":[{"floor":6,"key":"Venom Potion"},{"floor":9,"key":"Fire Potion"},{"floor":15,"key":"Slimebound:ThreeZeroPotion"}],"is_trial":false,"path_per_floor":["R","M","M","?","M","E","T","R","M","E","M","M","?","?","M","B",null,"R","T","M","?","M","E","T","$","T","M","$","M","M","M","M","B",null,"R","M","M","M","M","T","T","M","?","M","AVR","M","$","T","M","B",null,null,"E","$","R","B","B",null],"character_chosen":"THE_CHAMP","items_purchased":["Replay:Wax Seal","hubris:TinFlute","hubris:Potato","champ:PreciseThrust"],"campfire_rested":0,"item_purchase_floors":[25,25,54,54],"current_hp_per_floor":[90,90,90,1,1,80,80,80,80,57,47,35,35,35,31,7,105,105,105,104,89,89,54,54,45,45,30,30,28,131,129,128,126,133,143,143,143,141,140,140,140,135,98,95,95,91,91,91,89,66,66,157,155,155,155,161,107],"gold":168,"neow_bonus":"THREE_ENEMY_KILL","is_daily":false,"chose_seed":false,"campfire_upgraded":3,"win_rate":0.0,"timestamp":1612658777,"path_taken":["R","M","M","?","M","E","T","R","?","E","M","M","?","?","M","BOSS","R","?","M","?","M","E","T","$","?","?","$","?","?","M","M","BOSS","R","M","M","M","M","?","T","?","?","M","AVR","M","?","?","M","BOSS","E","$","R","BOSS","BOSS"],"items_purchased_type":["Relic","Relic","Relic","Card"],"build_version":"2020-12-22","purchased_purges":5,"victory":true,"max_hp_per_floor":[90,90,90,90,90,92,92,92,92,95,97,98,98,98,101,105,105,105,105,106,106,116,120,120,125,125,128,128,129,131,131,133,133,133,143,143,144,144,145,145,145,148,148,148,148,151,151,151,154,157,157,157,159,159,159,161,168],"relic_stats":{"Sozu":3,"Centennial Puzzle":[78],"counters":[32,87],"Blue Candle":[38],"Tiny Chest":3,"Letter Opener":[58],"Smiling Mask":160,"obtain_stats":[{"ReplayTheSpireMod:Ring of Exchange":13,"AT_ATBox":0,"champ:ChampionCrown":0,"downfall:HeartBlessingGreen":18,"ice":0,"Bottled Tornado":6,"Ancient Tea Set":4,"Smiling Mask":4,"Replay:Rubber Ducky":24,"Sozu":17,"Centennial Puzzle":4,"infinitespire:ShieldingShard":53,"DollysMirror":34,"downfall:HeartBlessingBlue":35,"Tiny Chest":13,"Toxic Egg 2":7,"Replay:Wax Seal":25,"hubris:TinFlute":25,"downfall:HeartBlessingRed":18,"Replay:Towering Pillar of Hats":23,"Replay:Grab Bag":17,"Blue Candle":26,"hubris:SphereOfDissonance":10,"downfall:HeartsMalice":0,"conspire:RunicOctahedron":17,"The Courier":13,"Ring of Greed":13,"Letter Opener":40,"WarpedTongs":14,"Runic Dome":17,"infinitespire:Satchel":4,"LetterFromLob":2,"ReplayTheSpireMod:Lightbulb":41,"Toy Ornithopter":48,"hubris:Potato":54,"REME_ComplimentaryCards":0},{"ReplayTheSpireMod:Ring of Exchange":8,"AT_ATBox":0,"champ:ChampionCrown":0,"downfall:HeartBlessingGreen":10,"ice":0,"Bottled Tornado":4,"Ancient Tea Set":2,"Smiling Mask":2,"Replay:Rubber Ducky":13,"Sozu":10,"Centennial Puzzle":2,"infinitespire:ShieldingShard":30,"DollysMirror":20,"downfall:HeartBlessingBlue":20,"Tiny Chest":8,"Toxic Egg 2":4,"Replay:Wax Seal":14,"hubris:TinFlute":14,"downfall:HeartBlessingRed":10,"Replay:Towering Pillar of Hats":13,"Replay:Grab Bag":10,"Blue Candle":14,"hubris:SphereOfDissonance":6,"downfall:HeartsMalice":0,"conspire:RunicOctahedron":10,"The Courier":8,"Ring of Greed":8,"Letter Opener":24,"WarpedTongs":8,"Runic Dome":10,"infinitespire:Satchel":2,"LetterFromLob":1,"ReplayTheSpireMod:Lightbulb":24,"Toy Ornithopter":27,"hubris:Potato":30,"REME_ComplimentaryCards":0},{"ReplayTheSpireMod:Ring of Exchange":17,"AT_ATBox":0,"champ:ChampionCrown":0,"downfall:HeartBlessingGreen":26,"ice":0,"Bottled Tornado":6,"Ancient Tea Set":0,"Smiling Mask":0,"Replay:Rubber Ducky":33,"Sozu":26,"Centennial Puzzle":0,"infinitespire:ShieldingShard":75,"DollysMirror":50,"downfall:HeartBlessingBlue":50,"Tiny Chest":17,"Toxic Egg 2":6,"Replay:Wax Seal":37,"hubris:TinFlute":37,"downfall:HeartBlessingRed":26,"Replay:Towering Pillar of Hats":33,"Replay:Grab Bag":26,"Blue Candle":37,"hubris:SphereOfDissonance":11,"downfall:HeartsMalice":0,"conspire:RunicOctahedron":26,"The Courier":17,"Ring of Greed":17,"Letter Opener":58,"WarpedTongs":17,"Runic Dome":26,"infinitespire:Satchel":0,"LetterFromLob":0,"ReplayTheSpireMod:Lightbulb":58,"Toy Ornithopter":66,"hubris:Potato":75,"REME_ComplimentaryCards":0}],"Toy Ornithopter":0,"WarpedTongs":[70]},"card_choices":[{"not_picked":["champ:FocusedDefense","champ:BerserkersShout"],"picked":"champ:BladeFlurry","floor":2},{"not_picked":["champ:BringItOn","champ:RecklessLeap"],"picked":"champ:GutPunch","floor":3},{"not_picked":["champ:EndlessRage","champ:Backstep","champ:Haymaker"],"picked":"SKIP","floor":5},{"not_picked":["champ:Backstep","champ:Circumvent"],"picked":"champ:Encircle","floor":6},{"not_picked":["champ:FocusedDefense+1","champ:PerfectedStrike"],"picked":"champ:FanOfKnives","floor":9},{"not_picked":["champ:DeathBlow","champ:SetATrap+1","champ:Lariat+1"],"picked":"SKIP","floor":10},{"not_picked":["champ:FlashCut","champ:DancingMaster"],"picked":"champ:CrownThrow","floor":11},{"not_picked":["champ:EnGarde+1","champ:FaceSlap"],"picked":"champ:Endure+1","floor":12},{"not_picked":["champ:GutPunch","champ:SetATrap+1"],"picked":"champ:CrownThrow","floor":15},{"not_picked":["champ:Devastate","champ:MurderStrike"],"picked":"champ:LastStand","floor":16},{"not_picked":["champ:StanceDance+1","champ:RapidStrikes","champ:TornadoPunch"],"picked":"SKIP","floor":20},{"not_picked":["champ:BringItOn+1","champ:Shatter+1"],"picked":"champ:ArenaPreparation+1","floor":22},{"not_picked":["champ:Circumvent+1","champ:GladiatorStyle","champ:IgnorePain+1"],"picked":"SKIP","floor":23},{"not_picked":["champ:Circumvent+1","champ:GladiatorStyle","champ:IgnorePain+1"],"picked":"SKIP","floor":23},{"not_picked":["champ:Backstep+1","champ:FocusedBerserking+1"],"picked":"champ:PerfectedStrike","floor":25},{"not_picked":["champ:IronFortress","champ:Circumvent+1","champ:BladeFlurry"],"picked":"SKIP","floor":27},{"not_picked":["champ:FalseCounter+1","champ:FlashCut"],"picked":"champ:BerserkerStyle","floor":29},{"not_picked":["champ:Lariat+1","champ:DeathBlow+1"],"picked":"champ:CalledShot+1","floor":30},{"not_picked":["champ:FalseCounter+1","champ:ShieldWall"],"picked":"champ:CalledShot+1","floor":31},{"not_picked":["champ:PreciseThrust","champ:AdrenalArmor+1","champ:RecklessLeap"],"picked":"SKIP","floor":32},{"not_picked":["champ:CheapShot","champ:VampiricStrike"],"picked":"champ:TripleStrike","floor":33},{"not_picked":["champ:TornadoPunch+1","champ:PreciseThrust","champ:Backstep+1"],"picked":"SKIP","floor":36},{"not_picked":["champ:FaceSlap","champ:ViciousMockery+1"],"picked":"champ:RisingSlash+1","floor":37},{"not_picked":["champ:Endure+1","champ:BerserkersShout+1","champ:DefensiveShout+1"],"picked":"SKIP","floor":38},{"not_picked":["champ:PreemptiveStrike","champ:FancyFootwork+1","champ:CalledShot+1"],"picked":"SKIP","floor":39},{"not_picked":["champ:TornadoPunch","champ:BringItOn+1"],"picked":"champ:PerfectedStrike+1","floor":42},{"not_picked":["infinitespire:SealOfDarkness+","infinitespire:Starlight"],"picked":"infinitespire:SevenWalls","floor":43},{"not_picked":["champ:BerserkersShout+1","champ:Lariat+1","champ:Shatter"],"picked":"SKIP","floor":44},{"not_picked":["champ:PreciseThrust","champ:Backstep+1","champ:AdrenalArmor+1"],"picked":"SKIP","floor":46},{"not_picked":["champ:EnGarde+1","champ:DefensiveShout+1","champ:Lariat+1"],"picked":"SKIP","floor":49},{"not_picked":["champ:PerfectedStrike+1","champ:IronFortress"],"picked":"champ:GladiatorForm","floor":53}],"player_experience":130124,"relics_obtained":[{"floor":2,"key":"LetterFromLob"},{"floor":6,"key":"Bottled Tornado"},{"floor":7,"key":"Toxic Egg 2"},{"floor":10,"key":"hubris:SphereOfDissonance"},{"floor":13,"key":"ReplayTheSpireMod:Ring of Exchange"},{"floor":13,"key":"Ring of Greed"},{"floor":13,"key":"The Courier"},{"floor":13,"key":"Tiny Chest"},{"floor":23,"key":"Replay:Towering Pillar of Hats"},{"floor":24,"key":"Replay:Rubber Ducky"},{"floor":26,"key":"Blue Candle"},{"floor":40,"key":"Letter Opener"},{"floor":41,"key":"ReplayTheSpireMod:Lightbulb"},{"floor":48,"key":"Toy Ornithopter"},{"floor":53,"key":"infinitespire:ShieldingShard"}],"event_choices":[{"damage_healed":0,"gold_gain":0,"player_choice":"RE RE RE RE ","damage_taken":97,"relics_obtained":["Centennial Puzzle","Ancient Tea Set","Smiling Mask","infinitespire:Satchel"],"max_hp_gain":0,"max_hp_loss":0,"event_name":"betterSkull:BetterSkull","floor":4,"gold_loss":0,"cards_upgraded":[]},{"damage_healed":0,"gold_gain":0,"player_choice":"Rummage","damage_taken":0,"relics_obtained":["WarpedTongs"],"max_hp_gain":0,"max_hp_loss":0,"event_name":"Accursed Blacksmith","floor":14,"gold_loss":0,"cards_obtained":["Pain"]}],"is_beta":false,"boss_relics":[{"not_picked":["Replay:Bronze Core","REME_OnlineShoppingPlatform"],"picked":"Replay:Grab Bag"},{"not_picked":["energizedSpire:NeverEndingSparkler","energizedSpire:EnergizedDie"],"picked":"Sozu"},{"not_picked":["Fusion Hammer","Cursed Key"],"picked":"Runic Dome"},{"not_picked":["Tiny House","AT_MortalBlade"],"picked":"conspire:RunicOctahedron"},{"not_picked":["PrismaticShard","Replay:Lucky Slots"],"picked":"DollysMirror"}],"items_purged_floors":[25,28,45,47,54],"is_endless":false,"potions_floor_spawned":[6,9,12,15,16,27,29,32,33,38,42,46],"ascension_level":0}}