{"host":"2zw05eexjythz74b","time":1612732045,"event":{"mods":["AchievementEnabler","BaseMod","Better Altar","Colored Map","Minty Spire (QoL Compilation)","StSLib","everything is the same but u backflip on backflip"],"gold_per_floor":[117,132,144,160,170,170,199,199,251,285,295,295,47,61,61,156,156,174,186,43,43,62,103,116,116,116,116,116,116,134,147,147,147,147],"floor_reached":33,"language":"ENG","playtime":1726,"items_purged":[],"score":321,"play_id":"898d8e22-a103-4af1-b96a-65f0a91f568e","local_time":"20210207150725","is_ascension_mode":true,"campfire_choices":[{"data":"Combust","floor":6.0,"key":"SMITH"},{"data":"Armaments","floor":12,"key":"SMITH"},{"floor":15,"key":"REST"},{"data":"Dark Shackles","floor":27,"key":"SMITH"},{"data":"Immolate","floor":29,"key":"SMITH"},{"floor":32,"key":"REST"}],"circlet_count":0,"master_deck":["Strike_R","Strike_R+1","Strike_R","Strike_R","Strike_R","Defend_R","Defend_R","Defend_R","Defend_R","Bash","Combust+1","Sword Boomerang","Pummel+1","Armaments+1","Immolate+1","Dual Wield+1","Dark Shackles+1","Feed","Headbutt+1","Impatience","Finesse"],"relics":["Burning Blood","NeowsBlessing","Art of War","Akabeko","Mercury Hourglass","Meat on the Bone","Philosopher\u0027s Stone","Whetstone","CeramicFish","Bottled Tornado"],"acts_visited":["Exordium","TheCity"],"potions_floor_usage":[18,23,31,33],"damage_taken":[{"damage":0.0,"enemies":"Cultist","floor":1.0,"turns":1.0},{"damage":0.0,"enemies":"Small Slimes","floor":2.0,"turns":1.0},{"damage":0.0,"enemies":"Jaw Worm","floor":3.0,"turns":1.0},{"damage":19.0,"enemies":"Lots of Slimes","floor":4.0,"turns":2.0},{"damage":28.0,"enemies":"3 Louse","floor":5.0,"turns":3.0},{"damage":44.0,"enemies":"Gremlin Nob","floor":7.0,"turns":5.0},{"damage":21.0,"enemies":"3 Sentries","floor":10.0,"turns":4.0},{"damage":0,"enemies":"Large Slime","floor":11,"turns":3},{"damage":11,"enemies":"Gremlin Gang","floor":14,"turns":3},{"damage":13,"enemies":"Slime Boss","floor":16,"turns":7},{"damage":24,"enemies":"2 Thieves","floor":18,"turns":2},{"damage":12,"enemies":"Spheric Guardian","floor":19,"turns":3},{"damage":44,"enemies":"Shelled Parasite and Fungi","floor":22,"turns":4},{"damage":14,"enemies":"Gremlin Leader","floor":23,"turns":6},{"damage":25,"enemies":"Centurion and Healer","floor":24,"turns":4},{"damage":25,"enemies":"Sentry and Sphere","floor":31,"turns":4},{"damage":90,"enemies":"Collector","floor":33,"turns":6}],"seed_played":"1381569603436545509","potions_obtained":[{"floor":2.0,"key":"SpeedPotion"},{"floor":4.0,"key":"Swift Potion"},{"floor":5.0,"key":"Explosive Potion"},{"floor":16,"key":"PowerPotion"},{"floor":22,"key":"LiquidBronze"},{"floor":24,"key":"Swift Potion"}],"is_trial":false,"path_per_floor":["M","M","M","M","M","R","E","?","T","E","M","R","$","M","R","B",null,"M","M","$","?","M","E","M","?","T","R","$","R","?","M","R","B"],"character_chosen":"IRONCLAD","items_purchased":["Meat on the Bone","Whetstone"],"campfire_rested":2,"item_purchase_floors":[13,20],"current_hp_per_floor":[80,80,80,67,45,45,7,33,33,18,24,24,24,31,55,48,80,62,56,56,56,30,34,30,57,57,57,57,57,38,34,59,0,0],"gold":147,"neow_bonus":"THREE_ENEMY_KILL","is_daily":false,"chose_seed":false,"campfire_upgraded":4,"win_rate":0.0,"timestamp":1612732045,"path_taken":["M","M","?","M","?","R","E","?","T","E","M","R","$","M","R","BOSS","M","M","$","?","?","E","M","?","T","R","$","R","?","?","R","BOSS"],"items_purchased_type":["Relic","Relic"],"build_version":"2020-12-22","purchased_purges":0,"victory":false,"max_hp_per_floor":[80,80,80,80,80,80,80,80,80,80,80,80,80,80,80,80,80,80,80,80,80,80,80,83,83,83,83,83,83,83,86,86,86,86],"card_choices":[{"not_picked":["Havoc","Pommel Strike"],"picked":"Combust","floor":1.0},{"not_picked":["Pommel Strike","Dropkick"],"picked":"Sword Boomerang","floor":2.0},{"not_picked":["Iron Wave","Burning Pact"],"picked":"Pummel","floor":3.0},{"not_picked":["Evolve","Wild Strike"],"picked":"Armaments","floor":4.0},{"not_picked":["Corruption","Clothesline","True Grit"],"picked":"SKIP","floor":5.0},{"not_picked":["Body Slam","Warcry","Cleave"],"picked":"SKIP","floor":7.0},{"not_picked":["Shrug It Off","Wild Strike","Uppercut"],"picked":"SKIP","floor":10.0},{"not_picked":["Clothesline","Pommel Strike","Thunderclap"],"picked":"SKIP","floor":11},{"not_picked":["Anger","Carnage","Dark Embrace"],"picked":"SKIP","floor":14},{"not_picked":["Limit Break","Double Tap"],"picked":"Immolate","floor":16},{"not_picked":["Evolve","Twin Strike"],"picked":"Dual Wield+1","floor":18},{"not_picked":["Pommel Strike","Heavy Blade","Hemokinesis+1"],"picked":"SKIP","floor":19},{"not_picked":["Bloodletting","Fire Breathing","Searing Blow"],"picked":"SKIP","floor":22},{"not_picked":["Sentinel","Clash"],"picked":"Headbutt+1","floor":23},{"not_picked":["Clothesline+1","Armaments","Flex"],"picked":"SKIP","floor":24},{"not_picked":["Disarm","Cleave","Dual Wield+1"],"picked":"SKIP","floor":31}],"player_experience":245879,"relics_obtained":[{"floor":7.0,"key":"Art of War"},{"floor":9.0,"key":"Akabeko"},{"floor":10.0,"key":"Mercury Hourglass"},{"floor":23,"key":"CeramicFish"},{"floor":26,"key":"Bottled Tornado"}],"event_choices":[{"damage_healed":26.0,"max_hp_gain":0.0,"max_hp_loss":0.0,"gold_gain":0.0,"event_name":"Big Fish","player_choice":"Banana","floor":8.0,"gold_loss":0.0,"damage_taken":0.0},{"damage_healed":0,"gold_gain":0,"player_choice":"2 cards matched","damage_taken":0,"max_hp_gain":0,"max_hp_loss":0,"event_name":"Match and Keep!","floor":21,"gold_loss":0,"cards_obtained":["Dark Shackles","Feed"]},{"damage_healed":27,"gold_gain":0,"player_choice":"Heal","damage_taken":0,"max_hp_gain":0,"max_hp_loss":0,"event_name":"The Library","floor":25,"gold_loss":0},{"damage_healed":0,"gold_gain":0,"player_choice":"CARD CARD ","damage_taken":19,"max_hp_gain":0,"max_hp_loss":0,"event_name":"Knowing Skull","floor":30,"potions_obtained":[],"gold_loss":0,"cards_obtained":["Impatience","Finesse"]}],"is_beta":false,"boss_relics":[{"not_picked":["Cursed Key","Fusion Hammer"],"picked":"Philosopher\u0027s Stone"}],"items_purged_floors":[],"is_endless":false,"potions_floor_spawned":[2,4,5,7,16,22,24],"killed_by":"Collector","ascension_level":3}}