{"host":"b7i9ktlyokxxqlyy","time":1612724876,"event":{"mods":["BaseMod","Colored Powertips","Downfall","Friendly Minions","Hermit","Hubris","Infinite Spire","Marisa????????","Minty Spire (QoL Compilation)","Shop Mod","StSLib","The Animator","The Bug Knight","The Construct","The Cursed","The Disciple","The Servant 0.9.4"],"gold_per_floor":[109,109,146,171,192,192,232,232,300,325,348,348,348,363,363,363,363],"floor_reached":16,"language":"ENG","playtime":2497,"items_purged":[],"score":104,"play_id":"fa646d69-72c1-4ee9-93a1-87e3224debd0","local_time":"20210207130756","is_ascension_mode":false,"campfire_choices":[{"floor":6,"key":"REST"},{"floor":8,"key":"REST"},{"floor":12,"key":"REST"},{"data":"animator:SakuraMatou","floor":15,"key":"SMITH"}],"circlet_count":0,"master_deck":["animator:Strike_Konosuba","animator:Defend_Konosuba","animator:Strike","animator:Strike","animator:Strike","animator:Defend","animator:Defend","animator:Defend","animator:Kazuma","animator:Aqua","animator:SakuraMatou+1","animator:AcuraAkari","animator:DwarfShaman","animator:EmiyaShirou","animator:Kuribayashi","animator:Greed","animator:ElricEdward","animator:RoyMustang"],"relics":["animator:LivingPicture","animator:TheMissingPiece","Golden Idol","hubris:FunFungus","Mummified Hand"],"acts_visited":["Exordium"],"potions_floor_usage":[16,16,16],"damage_taken":[{"damage":12,"enemies":"Jaw Worm","floor":1,"turns":6},{"damage":2,"enemies":"Small Slimes","floor":3,"turns":5},{"damage":0,"enemies":"2 Louse","floor":4,"turns":4},{"damage":21,"enemies":"2 Fungi Beasts","floor":5,"turns":5},{"damage":27,"enemies":"HollowMod:MossKnight","floor":7,"turns":21},{"damage":11,"enemies":"Exordium Wildlife","floor":10,"turns":5},{"damage":14,"enemies":"Lots of Slimes","floor":11,"turns":4},{"damage":15,"enemies":"2 Fungi Beasts","floor":14,"turns":5},{"damage":54,"enemies":"The Guardian","floor":16,"turns":10}],"seed_played":"3876903856474474130","potions_obtained":[{"floor":1,"key":"Fire Potion"},{"floor":3,"key":"infinitespire:BlackPotion"},{"floor":4,"key":"Guardian:BlockOnCardUsePotion"},{"floor":7,"key":"SteroidPotion"}],"is_trial":false,"path_per_floor":["M","?","M","M","M","R","E","R","T","M","M","R","?","M","R","B"],"character_chosen":"THE_ANIMATOR","items_purchased":[],"campfire_rested":3,"item_purchase_floors":[],"current_hp_per_floor":[60,42,42,44,25,46,21,42,42,33,21,42,66,51,51,0,0],"gold":363,"neow_bonus":"TEN_PERCENT_HP_BONUS","is_daily":false,"chose_seed":false,"campfire_upgraded":1,"win_rate":0.0,"timestamp":1612724876,"path_taken":["M","?","M","M","M","R","E","R","T","M","M","R","?","M","R","BOSS"],"items_purchased_type":[],"build_version":"2020-12-22","purchased_purges":0,"victory":false,"max_hp_per_floor":[72,72,72,72,72,72,72,72,72,72,72,72,72,72,72,72,72],"card_choices":[{"not_picked":["animator:Arpeggio","animator:Tyuule"],"picked":"animator:SakuraMatou","floor":1},{"not_picked":["animator:Priestess","animator:EmiyaShirou"],"picked":"animator:AcuraAkari","floor":3},{"not_picked":["animator:ElricAlphonse","animator:Bozes"],"picked":"animator:DwarfShaman","floor":4},{"not_picked":["animator:Illya","animator:Assassin"],"picked":"animator:EmiyaShirou","floor":5},{"not_picked":["animator:MaesHughes","animator:Illya"],"picked":"animator:Kuribayashi","floor":7},{"not_picked":["animator:Mitsurugi","animator:ElricAlphonse"],"picked":"animator:Greed","floor":10},{"not_picked":["animator:Mitsurugi","animator:WinryRockbell"],"picked":"animator:ElricEdward","floor":11},{"not_picked":["animator:ElricAlphonse","animator:ElricEdward"],"picked":"animator:RoyMustang","floor":14}],"player_experience":34223,"relics_obtained":[{"floor":7,"key":"hubris:FunFungus"},{"floor":9,"key":"Mummified Hand"}],"event_choices":[{"damage_healed":0,"gold_gain":0,"player_choice":"Take Damage","damage_taken":18,"relics_obtained":["Golden Idol"],"max_hp_gain":0,"max_hp_loss":0,"event_name":"Golden Idol","floor":2,"gold_loss":0},{"damage_healed":24,"gold_gain":0,"player_choice":"Banana","damage_taken":0,"max_hp_gain":0,"max_hp_loss":0,"event_name":"Big Fish","floor":13,"gold_loss":0}],"is_beta":false,"boss_relics":[],"items_purged_floors":[],"is_endless":false,"potions_floor_spawned":[1,3,4,7],"killed_by":"The Guardian","ascension_level":0}}