{"host":"11728qvdvolffudn","time":1612707628,"event":{"mods":["BaseMod","Block Reminder","Colored Powertips","Curses Come First","Custom Start","Displayed Cursed Tome","Highlight Path","Minty Spire (QoL Compilation)","Permanent Neow","Quick Restart","Rare Cards Sparkle","Relic Stats","StSLib","Weighted Paths"],"gold_per_floor":[109,120,48,48,63,63,63,102,102,125,125,159,159,198,198,329,329,319,244,244],"floor_reached":19,"language":"ENG","playtime":1095,"items_purged":[],"score":204,"play_id":"5b728d25-af67-4462-8e77-210da8a461e5","local_time":"20210207142028","is_ascension_mode":true,"campfire_choices":[{"data":"Inflame","floor":6,"key":"SMITH"},{"data":"Shrug It Off","floor":11,"key":"SMITH"},{"data":"Defend_R","floor":13,"key":"SMITH"},{"floor":15,"key":"REST"}],"circlet_count":0,"master_deck":["Strike_R","Strike_R+1","Defend_R+1","Defend_R+1","Defend_R","Defend_R","Bash","Inflame+1","Shrug It Off+1","Shockwave+1","Clothesline+1","Dual Wield+1"],"relics":["Burning Blood","Oddly Smooth Stone","Golden Idol","Letter Opener","Mercury Hourglass","MealTicket","InkBottle","Astrolabe"],"acts_visited":["Exordium","TheCity"],"potions_floor_usage":[8,14],"damage_taken":[{"damage":2,"enemies":"2 Louse","floor":1,"turns":3},{"damage":0,"enemies":"Jaw Worm","floor":2,"turns":3},{"damage":0,"enemies":"Small Slimes","floor":5,"turns":4},{"damage":9,"enemies":"3 Sentries","floor":8,"turns":9},{"damage":0,"enemies":"Exordium Wildlife","floor":10,"turns":3},{"damage":18,"enemies":"Gremlin Nob","floor":12,"turns":5},{"damage":9,"enemies":"Lagavulin","floor":14,"turns":5},{"damage":32,"enemies":"The Guardian","floor":16,"turns":14},{"damage":14,"enemies":"2 Thieves","floor":18,"turns":4}],"seed_played":"-8604535408174284854","potions_obtained":[{"floor":2,"key":"HeartOfIron"},{"floor":8,"key":"FearPotion"},{"floor":14,"key":"Fire Potion"},{"floor":18,"key":"Weak Potion"}],"is_trial":false,"path_per_floor":["M","M","$","?","M","R","?","E","T","M","R","E","R","E","R","B",null,"M","?"],"character_chosen":"IRONCLAD","items_purchased":["Inflame"],"campfire_rested":1,"item_purchase_floors":[3],"current_hp_per_floor":[80,80,80,60,66,66,50,47,47,53,53,41,41,38,62,36,80,72,72,72],"gold":244,"neow_bonus":"RANDOM_COMMON_RELIC","is_daily":false,"chose_seed":false,"campfire_upgraded":3,"win_rate":0.0,"timestamp":1612707628,"path_taken":["M","M","$","?","M","R","?","E","T","M","R","E","R","E","R","BOSS","M","?"],"items_purchased_type":["Card"],"build_version":"2020-12-22","purchased_purges":0,"victory":false,"max_hp_per_floor":[80,80,80,80,80,80,80,80,80,80,80,80,80,80,80,80,80,80,80,80],"relic_stats":{"counters":[9,50],"Golden Idol":61,"Astrolabe":["Shockwave","Clothesline","Dual Wield"],"MealTicket":0,"Letter Opener":[5],"obtain_stats":[{"Golden Idol":4,"Astrolabe":17,"Oddly Smooth Stone":0,"MealTicket":12,"Letter Opener":8,"Burning Blood":0,"InkBottle":14,"Mercury Hourglass":9},{"Golden Idol":2,"Astrolabe":8,"Oddly Smooth Stone":0,"MealTicket":6,"Letter Opener":4,"Burning Blood":0,"InkBottle":7,"Mercury Hourglass":4},{"Golden Idol":6,"Astrolabe":46,"Oddly Smooth Stone":0,"MealTicket":27,"Letter Opener":19,"Burning Blood":0,"InkBottle":32,"Mercury Hourglass":19}],"Burning Blood":44,"InkBottle":[4],"Mercury Hourglass":[93]},"card_choices":[{"not_picked":["Twin Strike","Sword Boomerang","Clothesline"],"picked":"SKIP","floor":1},{"not_picked":["Carnage","Perfected Strike","Bloodletting"],"picked":"SKIP","floor":2},{"not_picked":["Anger","Clothesline"],"picked":"Shrug It Off","floor":5},{"not_picked":["Heavy Blade","Rage","Perfected Strike"],"picked":"SKIP","floor":8},{"not_picked":["Twin Strike","Dark Embrace","Sentinel"],"picked":"SKIP","floor":10},{"not_picked":["Uppercut","Body Slam","Second Wind"],"picked":"SKIP","floor":12},{"not_picked":["Carnage","Flame Barrier","Heavy Blade"],"picked":"SKIP","floor":14},{"not_picked":["Heavy Blade","Armaments","Rage"],"picked":"SKIP","floor":18}],"player_experience":180486,"relics_obtained":[{"floor":8,"key":"Letter Opener"},{"floor":9,"key":"Mercury Hourglass"},{"floor":12,"key":"MealTicket"},{"floor":14,"key":"InkBottle"}],"event_choices":[{"damage_healed":0,"gold_gain":0,"player_choice":"Take Damage","damage_taken":20,"relics_obtained":["Golden Idol"],"max_hp_gain":0,"max_hp_loss":0,"event_name":"Golden Idol","floor":4,"gold_loss":0},{"damage_healed":0,"gold_gain":0,"player_choice":"Entered Light","damage_taken":16,"max_hp_gain":0,"max_hp_loss":0,"event_name":"Shining Light","floor":7,"gold_loss":0,"cards_upgraded":["Strike_R","Defend_R"]}],"is_beta":false,"boss_relics":[{"not_picked":["SacredBark","Pandora\u0027s Box"],"picked":"Astrolabe"}],"items_purged_floors":[],"is_endless":false,"potions_floor_spawned":[2,8,14,18],"ascension_level":2}}