{"host":"rolltorest","time":1612667051,"event":{"mods":["BaseMod","Minty Spire (QoL Compilation)","Relic Stats","Slay the Relics Exporter","StSLib"],"gold_per_floor":[111,32,32,32,49,82,82,109,121,144,185,214,226,226],"floor_reached":13,"language":"ENG","playtime":266,"items_purged":[],"score":256,"play_id":"8f8390d0-298a-493e-abe8-2c61b3864e8a","local_time":"20210206190411","is_ascension_mode":true,"campfire_choices":[{"data":"Rainbow","floor":7,"key":"SMITH"}],"circlet_count":0,"master_deck":["AscendersBane","Strike_B+1","Strike_B","Strike_B","Strike_B","Defend_B","Defend_B","Defend_B","Defend_B","Zap+1","Dualcast","Ball Lightning","Sweeping Beam","Cold Snap","Rainbow+1","Defragment","Hologram","All For One","Self Repair"],"relics":["Cracked Core","NeowsBlessing","FossilizedHelix","MawBank","Turnip","Bottled Flame"],"acts_visited":["Exordium"],"potions_floor_usage":[13,13],"damage_taken":[{"damage":0,"enemies":"Jaw Worm","floor":1,"turns":1},{"damage":0,"enemies":"Small Slimes","floor":5,"turns":1},{"damage":0,"enemies":"3 Sentries","floor":6,"turns":1},{"damage":3,"enemies":"Lagavulin","floor":8,"turns":6},{"damage":0,"enemies":"Cultist","floor":10,"turns":2},{"damage":14,"enemies":"3 Sentries","floor":11,"turns":5},{"damage":0,"enemies":"3 Louse","floor":12,"turns":2},{"damage":0,"enemies":"Gremlin Nob","floor":13,"turns":3}],"seed_played":"391274050448903306","potions_obtained":[{"floor":1,"key":"DuplicationPotion"},{"floor":5,"key":"Weak Potion"},{"floor":10,"key":"Swift Potion"}],"is_trial":false,"path_per_floor":["M","$","?","$","M","E","R","E","T","M","E","M","E"],"character_chosen":"DEFECT","items_purchased":["Ball Lightning","Sweeping Beam"],"campfire_rested":0,"item_purchase_floors":[2,2],"current_hp_per_floor":[64,64,43,43,43,43,43,40,40,40,26,26,26,26],"gold":226,"neow_bonus":"THREE_ENEMY_KILL","is_daily":false,"chose_seed":false,"campfire_upgraded":1,"win_rate":0.0,"timestamp":1612667051,"path_taken":["M","$","?","$","M","E","R","E","T","M","E","M","E"],"items_purchased_type":["Card","Card"],"build_version":"2020-12-18","purchased_purges":0,"victory":false,"max_hp_per_floor":[71,71,71,71,71,71,71,71,71,71,71,71,71,71],"relic_stats":{"counters":[8,21],"Turnip":[0],"MawBank":60,"obtain_stats":[{"Bottled Flame":11,"NeowsBlessing":0,"Turnip":9,"Cracked Core":0,"MawBank":8,"FossilizedHelix":6},{"Bottled Flame":6,"NeowsBlessing":0,"Turnip":4,"Cracked Core":0,"MawBank":4,"FossilizedHelix":3},{"Bottled Flame":16,"NeowsBlessing":0,"Turnip":9,"Cracked Core":0,"MawBank":9,"FossilizedHelix":3}]},"card_choices":[{"not_picked":["Blizzard","Tempest","Turbo"],"picked":"SKIP","floor":1},{"not_picked":["Melter","Redo"],"picked":"Cold Snap","floor":5},{"not_picked":["Loop","Capacitor"],"picked":"Rainbow","floor":6},{"not_picked":["Leap","Go for the Eyes"],"picked":"Defragment","floor":8},{"not_picked":["Conserve Battery","Reprogram"],"picked":"Hologram","floor":10},{"not_picked":["Conserve Battery","Sweeping Beam"],"picked":"All For One","floor":11},{"not_picked":["Consume","Steam"],"picked":"Self Repair","floor":12}],"player_experience":1902882,"relics_obtained":[{"floor":6,"key":"FossilizedHelix"},{"floor":8,"key":"MawBank"},{"floor":9,"key":"Turnip"},{"floor":11,"key":"Bottled Flame"}],"event_choices":[{"damage_healed":0,"gold_gain":0,"player_choice":"Entered Light","damage_taken":21,"max_hp_gain":0,"max_hp_loss":0,"event_name":"Shining Light","floor":3,"gold_loss":0,"cards_upgraded":["Zap","Strike_B"]}],"is_beta":true,"boss_relics":[],"items_purged_floors":[],"is_endless":false,"potions_floor_spawned":[1,5,10],"killed_by":"Gremlin Nob","ascension_level":20}}