{"host":"ilhhjx796p2x2wmd","time":1612683105,"event":{"mods":["AchievementEnabler","BaseMod","BetterRewards","Colored Map","Colored Powertips","DeckTracker","Highlight Path","Minty Spire (QoL Compilation)","Permanent Neow","Rare Cards Sparkle","Shop Mod"],"gold_per_floor":[111,128,142,162,175,200,200,200,200,200,200],"floor_reached":10,"language":"KOR","playtime":328,"items_purged":[],"score":98,"play_id":"6d2cddbc-269c-4921-aea2-aea29971b354","local_time":"20210207163145","is_ascension_mode":true,"campfire_choices":[],"circlet_count":0,"master_deck":["Strike_R","Strike_R","Strike_R","Strike_R","Strike_R","Defend_R","Defend_R","Defend_R","Bash+1","Armaments","Whirlwind","Battle Trance","Evolve","Twin Strike","Impervious"],"relics":["Burning Blood","Toy Ornithopter","Frozen Egg 2","Letter Opener"],"acts_visited":["Exordium"],"potions_floor_usage":[5,6,10],"damage_taken":[{"damage":5,"enemies":"2 Louse","floor":1,"turns":4},{"damage":7,"enemies":"Jaw Worm","floor":2,"turns":3},{"damage":1,"enemies":"Cultist","floor":3,"turns":3},{"damage":18,"enemies":"Red Slaver","floor":4,"turns":3},{"damage":0,"enemies":"Exordium Wildlife","floor":5,"turns":3},{"damage":25,"enemies":"3 Sentries","floor":6,"turns":7},{"damage":25,"enemies":"Lagavulin","floor":10,"turns":5}],"seed_played":"7177020678436193555","potions_obtained":[{"floor":2,"key":"DistilledChaos"},{"floor":3,"key":"Block Potion"},{"floor":4,"key":"DuplicationPotion"}],"is_trial":false,"path_per_floor":["M","M","M","M","M","E","?","T","T","E"],"character_chosen":"IRONCLAD","items_purchased":[],"campfire_rested":0,"item_purchase_floors":[],"current_hp_per_floor":[73,72,77,65,71,52,45,45,45,25,25],"gold":200,"neow_bonus":"UPGRADE_CARD","is_daily":false,"chose_seed":false,"campfire_upgraded":0,"win_rate":0.0,"timestamp":1612683105,"path_taken":["M","M","M","M","M","E","?","?","T","E"],"items_purchased_type":[],"build_version":"2020-12-22","purchased_purges":0,"victory":false,"max_hp_per_floor":[80,80,80,80,80,80,80,80,80,80,80],"card_choices":[{"not_picked":["Sword Boomerang","Anger"],"picked":"Armaments","floor":1},{"not_picked":["Sword Boomerang","Anger"],"picked":"Whirlwind","floor":2},{"not_picked":["Feel No Pain","Hemokinesis"],"picked":"Battle Trance","floor":3},{"not_picked":["Clothesline","Iron Wave"],"picked":"Evolve","floor":4},{"not_picked":["Anger","Infernal Blade"],"picked":"Twin Strike","floor":5},{"not_picked":["Intimidate","Thunderclap"],"picked":"Impervious","floor":6}],"player_experience":335756,"relics_obtained":[{"floor":6,"key":"Toy Ornithopter"},{"floor":8,"key":"Frozen Egg 2"},{"floor":9,"key":"Letter Opener"}],"event_choices":[{"cards_removed":["Defend_R"],"damage_healed":0,"gold_gain":0,"player_choice":"Card Removal","damage_taken":7,"max_hp_gain":0,"max_hp_loss":0,"event_name":"Golden Wing","floor":7,"gold_loss":0}],"is_beta":false,"boss_relics":[],"items_purged_floors":[],"is_endless":false,"potions_floor_spawned":[2,3,4],"killed_by":"Lagavulin","ascension_level":8}}