{"host":"skr63qsdfgeey3it","time":1612738422,"event":{"mods":["BaseMod","Colored Map","Hubris","Minty Spire (QoL Compilation)","Monster B Gone","Reliquary","Replay The Spire","Spicy Shops","StSLib"],"gold_per_floor":[110,24,53,53,53,53,67,137,137,187,237,251,251,262,262,339,339,349,16,66,76,93,93,112,112,135,160,160,160],"floor_reached":28,"language":"ENG","playtime":877,"items_purged":["Amnesia"],"score":391,"play_id":"02bfb583-1ef4-47ad-a820-db8e1e99e6d8","local_time":"20210207165342","is_ascension_mode":true,"campfire_choices":[{"data":"Double Energy","floor":6.0,"key":"SMITH"},{"floor":13.0,"key":"REST"},{"floor":23,"key":"REST"},{"floor":25,"key":"REST"}],"circlet_count":0,"master_deck":["AscendersBane","Strike_B","Strike_B","Defend_B","Defend_B","Defend_B","Defend_B","Zap","Dualcast","Rainbow","Ball Lightning","Double Energy+1","Conserve Battery+1","BasicCrystalCard","Sweeping Beam","Sweeping Beam","Ball Lightning","ReplayRNGCard","Go for the Eyes+1","Beam Cell","Panic Button","Glacier","White Noise","Creative AI"],"relics":["Cracked Core","ReplayTheSpireMod:CursedCoin","SsserpentHead","Pantograph","Akabeko","Snecko Heart","hubris:GlazedTorus","Replay:Frozen Program","Nilry\u0027s Codex","reliquary:TuningFork","Geode"],"acts_visited":["Exordium","TheCity"],"potions_floor_usage":[27],"damage_taken":[{"damage":5.0,"enemies":"Jaw Worm","floor":1.0,"turns":4.0},{"damage":3.0,"enemies":"Cultist","floor":2.0,"turns":4.0},{"damage":0.0,"enemies":"Small Slimes","floor":7.0,"turns":2.0},{"damage":12.0,"enemies":"3 Louse","floor":8.0,"turns":3.0},{"damage":7.0,"enemies":"Exordium Wildlife","floor":12.0,"turns":2.0},{"damage":0.0,"enemies":"Lots of Slimes","floor":14.0,"turns":1.0},{"damage":30.0,"enemies":"Slime Boss","floor":16.0,"turns":5.0},{"damage":5,"enemies":"3 Byrds","floor":18,"turns":4},{"damage":34,"enemies":"2 Thieves","floor":21,"turns":4},{"damage":5,"enemies":"3 Cultists","floor":22,"turns":4},{"damage":14,"enemies":"Chosen and Byrds","floor":24,"turns":5},{"damage":22,"enemies":"Slavers","floor":27,"turns":4},{"damage":16,"enemies":"Snake Plant","floor":28,"turns":1}],"seed_played":"865117349007638447","potions_obtained":[{"floor":1.0,"key":"LiquidMemories"},{"floor":12.0,"key":"GamblersBrew"},{"floor":18,"key":"Flashbang"},{"floor":27,"key":"SteroidPotion"}],"is_trial":false,"path_per_floor":["M","M","$","?","?","R","M","M","T","?","?","M","R","M","R_BF","B",null,"M","$","?","M","M","R","M","R","T","E","M"],"character_chosen":"DEFECT","items_purchased":["ReplayTheSpireMod:CursedCoin","Conserve Battery","hubris:GlazedTorus","Replay:Frozen Program","Beam Cell"],"campfire_rested":3,"item_purchase_floors":[3,3,19,19,19],"current_hp_per_floor":[59,56,56,56,56,56,56,44,44,41,41,34,55,55,71,41,64,59,59,43,9,4,25,11,32,32,10,0,0],"gold":160,"neow_bonus":"THREE_RARE_CARDS","is_daily":false,"chose_seed":false,"campfire_upgraded":1,"win_rate":0.0,"timestamp":1612738422,"path_taken":["M","M","$","?","?","R","M","?","T","?","?","M","R","M","R_BF","BOSS","M","$","?","M","M","R","M","R","T","E","M"],"items_purchased_type":["Relic","Card","Relic","Relic","Card"],"build_version":"2020-12-22","purchased_purges":1,"victory":false,"max_hp_per_floor":[71,71,71,71,71,71,71,71,71,71,71,71,71,71,71,71,71,71,71,71,71,71,71,71,71,71,71,71,71],"card_choices":[{"not_picked":["hubris:DoWhile","Fission"],"picked":"Rainbow","floor":0.0},{"not_picked":["Rebound","Gash"],"picked":"Ball Lightning","floor":1.0},{"not_picked":["Leap","Fission"],"picked":"Double Energy","floor":2.0},{"not_picked":["ReplaySolidLightProjector","Redo"],"picked":"Sweeping Beam","floor":7.0},{"not_picked":["ReplayTheSpireMod:GoodbyeWorld","Sweeping Beam","Panic Button"],"picked":"SKIP","floor":8.0},{"not_picked":["Steam Power","Crystallizer"],"picked":"Sweeping Beam","floor":12.0},{"not_picked":["ReplayTheSpireMod:Reroute Power","ReplayTheSpireMod:GoodbyeWorld"],"picked":"Ball Lightning","floor":14.0},{"not_picked":["Creative AI","Rainbow"],"picked":"ReplayRNGCard","floor":16.0},{"not_picked":["Sweeping Beam","Conserve Battery"],"picked":"Go for the Eyes+1","floor":18},{"not_picked":["Gash","Force Field"],"picked":"Panic Button","floor":21},{"not_picked":["Double Energy","ReplayGash"],"picked":"Glacier","floor":22},{"not_picked":["Sweeping Beam","Go for the Eyes+1"],"picked":"White Noise","floor":24},{"not_picked":["Leap","Go for the Eyes+1"],"picked":"Creative AI","floor":27}],"player_experience":906796,"relics_obtained":[{"floor":9.0,"key":"Pantograph"},{"floor":20,"key":"Nilry\u0027s Codex"},{"floor":26,"key":"reliquary:TuningFork"},{"floor":27,"key":"Geode"}],"event_choices":[{"damage_healed":0.0,"max_hp_gain":0.0,"max_hp_loss":0.0,"gold_gain":0.0,"cards_transformed":["Strike_B"],"event_name":"Living Wall","player_choice":"Change","floor":4.0,"gold_loss":0.0,"damage_taken":0.0,"cards_obtained":["BasicCrystalCard"]},{"damage_healed":0.0,"max_hp_gain":0.0,"max_hp_loss":0.0,"gold_gain":0.0,"event_name":"FaceTrader","player_choice":"Trade","floor":5.0,"gold_loss":0.0,"damage_taken":0.0,"relics_obtained":["SsserpentHead"]},{"damage_healed":0.0,"max_hp_gain":0.0,"max_hp_loss":0.0,"gold_gain":0.0,"event_name":"Scrap Ooze","player_choice":"Success","floor":10.0,"gold_loss":0.0,"damage_taken":3.0,"relics_obtained":["Akabeko"]},{"damage_healed":0,"gold_gain":0,"player_choice":"Obtained Book","damage_taken":16,"max_hp_gain":0,"max_hp_loss":0,"event_name":"Cursed Tome","floor":20,"gold_loss":0}],"is_beta":false,"boss_relics":[{"not_picked":["SacredBark","Kintsugi"],"picked":"Snecko Heart"}],"items_purged_floors":[3],"is_endless":false,"potions_floor_spawned":[1,12,18,22,27],"killed_by":"Snake Plant","ascension_level":14}}