{"host":"fzjk61lpi4bwj033","time":1612730379,"event":{"mods":["BaseMod","Downfall","Hermit","Jorbs\u0027s Wanderer Trilogy","Minty Spire (QoL Compilation)","Rare Cards Sparkle","Relic Stats","StSLib"],"gold_per_floor":[99,116,116,135,135,169,169,182,182,193,193,193,193],"floor_reached":11,"language":"ENG","playtime":486,"items_purged":[],"score":146,"play_id":"716e1051-d1ab-4e8d-8bd4-24f7bc0c8c76","local_time":"20210207143939","is_ascension_mode":true,"campfire_choices":[{"data":"champ:Taunt","floor":1,"key":"SMITH"},{"floor":9,"key":"REST"}],"circlet_count":0,"master_deck":["AscendersBane","champ:Strike","champ:Strike","champ:Strike","champ:Strike","champ:Defend","champ:Defend","champ:Defend","champ:Defend","champ:Execute","champ:Taunt+1","champ:PreciseThrust","champ:BerserkersShout","champ:StanceDance","champ:CheapShot","champ:SkillfulDodge"],"relics":["champ:ChampionCrown","White Beast Statue","Torii"],"acts_visited":["Exordium"],"potions_floor_usage":[6,10,11],"damage_taken":[{"damage":30,"enemies":"Small Slimes","floor":2,"turns":4},{"damage":11,"enemies":"Cultist","floor":4,"turns":4},{"damage":67,"enemies":"Gremlin Nob","floor":6,"turns":4},{"damage":15,"enemies":"Jaw Worm","floor":8,"turns":3},{"damage":29,"enemies":"3 Louse","floor":10,"turns":3},{"damage":53,"enemies":"3 Sentries","floor":11,"turns":12}],"seed_played":"-6899696234653523097","potions_obtained":[{"floor":4,"key":"DuplicationPotion"},{"floor":5,"key":"DistilledChaos"},{"floor":8,"key":"AttackPotion"},{"floor":10,"key":"ColorlessPotion"}],"is_trial":false,"path_per_floor":["R","M","?","M","?","E","T","M","R","M","E"],"character_chosen":"THE_CHAMP","items_purchased":[],"campfire_rested":1,"item_purchase_floors":[],"current_hp_per_floor":[81,61,71,70,70,38,38,38,67,53,0,0,0],"gold":193,"neow_bonus":"TEN_PERCENT_HP_BONUS","is_daily":false,"chose_seed":false,"campfire_upgraded":1,"win_rate":0.0,"timestamp":1612730379,"path_taken":["R","M","?","M","?","E","T","M","R","M","E"],"items_purchased_type":[],"build_version":"2020-12-22","purchased_purges":0,"victory":false,"max_hp_per_floor":[89,89,99,99,99,99,99,99,99,99,99,99,99],"relic_stats":{"Torii":12,"counters":[6,30],"obtain_stats":[{"Torii":7,"champ:ChampionCrown":0,"White Beast Statue":6},{"Torii":3,"champ:ChampionCrown":0,"White Beast Statue":3},{"Torii":12,"champ:ChampionCrown":0,"White Beast Statue":12}]},"card_choices":[{"not_picked":["champ:FocusedBerserking","champ:BladeFlurry"],"picked":"champ:PreciseThrust","floor":2},{"not_picked":["champ:EnGarde","champ:RisingSlash"],"picked":"champ:BerserkersShout","floor":4},{"not_picked":["champ:Shatter","champ:Circumvent"],"picked":"champ:StanceDance","floor":6},{"not_picked":["champ:PreemptiveStrike","champ:RecklessLeap"],"picked":"champ:CheapShot","floor":8},{"not_picked":["champ:BringItOn","champ:Circumvent"],"picked":"champ:SkillfulDodge","floor":10}],"player_experience":838393,"relics_obtained":[{"floor":6,"key":"White Beast Statue"},{"floor":7,"key":"Torii"}],"event_choices":[{"damage_healed":0,"gold_gain":0,"player_choice":"Got Potions","damage_taken":0,"max_hp_gain":0,"max_hp_loss":0,"event_name":"Lab","floor":5,"gold_loss":0}],"is_beta":false,"boss_relics":[],"items_purged_floors":[],"is_endless":false,"potions_floor_spawned":[4,8,10],"killed_by":"3 Sentries","ascension_level":20}}