{"host":"takgv9cv6xf64vhq","time":1612667002,"event":{"mods":["BaseMod","Colored Powertips","Conspire","Decade(王小明)","Downfall","Energized Spire","Hermit","Hubris","LagranYue(拉格朗・月)","Marisa（F雨　魔理沙）","Minty Spire (QoL Compilation)","Replay The Spire","StSLib","The Cursed","The Hierophant","The Jungle","The Servant 0.9.4","TheHeartMod"],"gold_per_floor":[113,125,139,139,200,220,123,136,136,200,217,242,312,381,381,381,381],"floor_reached":16,"language":"ZHS","playtime":691,"items_purged":["Strike_B"],"score":138,"play_id":"48d9ac14-6e31-4ad8-b0ff-82027be7657c","local_time":"20210207110322","is_ascension_mode":true,"campfire_choices":[{"data":"BasicCrystalCard","floor":15,"key":"SMITH"}],"circlet_count":0,"master_deck":["Strike_B","Strike_B","Strike_B","Defend_B","Defend_B","Defend_B","Defend_B","Zap","Dualcast","Ball Lightning","Cold Snap","hubris:PowerSurge","Cold Snap","Heatsinks","Reinforced Body","Blizzard","BootSequence","ReplaySort","conspire:Rain","BasicCrystalCard+1"],"relics":["Cracked Core","NeowsBlessing","SsserpentHead","conspire:BottledYoYo"],"acts_visited":["Exordium"],"potions_floor_usage":[11,12,16],"damage_taken":[{"damage":0,"enemies":"Cultist","floor":1,"turns":1},{"damage":0,"enemies":"Jaw Worm","floor":2,"turns":1},{"damage":0,"enemies":"2 Louse","floor":3,"turns":1},{"damage":27,"enemies":"Gremlin Gang","floor":5,"turns":5},{"damage":1,"enemies":"2 Fungi Beasts","floor":6,"turns":3},{"damage":15,"enemies":"Lots of Slimes","floor":8,"turns":4},{"damage":0,"enemies":"Large Slime","floor":10,"turns":3},{"damage":0,"enemies":"2 Fungi Beasts","floor":11,"turns":2},{"damage":6,"enemies":"3 Sentries","floor":12,"turns":8},{"damage":3,"enemies":"Looter","floor":13,"turns":3},{"damage":0,"enemies":"Blue Slaver","floor":14,"turns":2},{"damage":29,"enemies":"Hexaghost","floor":16,"turns":11}],"seed_played":"3339709658684261038","potions_obtained":[{"floor":2,"key":"Languid Potion"},{"floor":6,"key":"champ:CounterPotion"},{"floor":8,"key":"SkillPotion"},{"floor":11,"key":"Venom Potion"}],"is_trial":false,"path_per_floor":["M","M","M","?","M","M","$","M","T","M","M","E","M","M","R","B"],"character_chosen":"DEFECT","items_purchased":["Heatsinks"],"campfire_rested":0,"item_purchase_floors":[7],"current_hp_per_floor":[75,75,75,75,48,47,47,32,32,32,32,26,23,23,23,0,0],"gold":381,"neow_bonus":"THREE_ENEMY_KILL","is_daily":false,"chose_seed":false,"campfire_upgraded":1,"win_rate":0.0,"timestamp":1612667002,"path_taken":["M","?","M","?","?","M","?","M","T","?","M","E","?","?","R","BOSS"],"items_purchased_type":["Card"],"build_version":"2020-12-22","purchased_purges":1,"victory":false,"max_hp_per_floor":[75,75,75,75,75,75,75,75,75,75,75,75,75,75,75,75,75],"card_choices":[{"not_picked":["Streamline","Panic Button"],"picked":"Ball Lightning","floor":1},{"not_picked":["Go for the Eyes","Panic Button"],"picked":"Cold Snap","floor":2},{"not_picked":["Ball Lightning","Static Discharge"],"picked":"hubris:PowerSurge","floor":3},{"not_picked":["ReplaySort","Rebound"],"picked":"Cold Snap","floor":5},{"not_picked":["Meteor Strike","ReplayTheSpireMod:Reroute Power","Stack"],"picked":"SKIP","floor":6},{"not_picked":["Beam Cell","Skim"],"picked":"Reinforced Body","floor":8},{"not_picked":["Coolheaded","Redo"],"picked":"Blizzard","floor":10},{"not_picked":["Hologram","Cold Snap"],"picked":"BootSequence","floor":11},{"not_picked":["Meteor Strike","Rebound"],"picked":"ReplaySort","floor":12},{"not_picked":["hubris:Ukulele","Leap"],"picked":"conspire:Rain","floor":13},{"not_picked":["Aggregate","Redo"],"picked":"BasicCrystalCard","floor":14}],"player_experience":458639,"relics_obtained":[{"floor":12,"key":"conspire:BottledYoYo"}],"event_choices":[{"damage_healed":0,"gold_gain":0,"player_choice":"Trade","damage_taken":0,"relics_obtained":["SsserpentHead"],"max_hp_gain":0,"max_hp_loss":0,"event_name":"FaceTrader","floor":4,"gold_loss":0}],"is_beta":false,"boss_relics":[],"items_purged_floors":[7],"is_endless":false,"potions_floor_spawned":[2,6,8,10,11],"killed_by":"Hexaghost","ascension_level":5}}