{"host":"7l2t4psy44vpcd9q","time":1612691442,"event":{"mods":["AchievementEnabler","BaseMod","DeckTracker","Minty Spire (QoL Compilation)","SuperFastMode"],"gold_per_floor":[10,20,31,31,49,49,83,102,102,102,27,27,27,61,61,61,61],"floor_reached":16,"language":"KOR","playtime":521,"items_purged":[],"score":220,"play_id":"630d81d0-1c9f-448a-b726-08eccadebd51","local_time":"20210207185042","is_ascension_mode":true,"campfire_choices":[{"data":"Juggernaut","floor":6,"key":"SMITH"},{"floor":10,"key":"REST"},{"data":"Flame Barrier","floor":13,"key":"SMITH"},{"data":"Inflame","floor":15,"key":"SMITH"}],"circlet_count":0,"master_deck":["AscendersBane","Strike_R","Strike_R","Strike_R","Strike_R","Defend_R","Defend_R","Defend_R","Defend_R","Bash","Juggernaut+1","Cleave","Ghostly Armor","Twin Strike","Inflame+1","Flame Barrier+1","Fiend Fire"],"relics":["Burning Blood","Ancient Tea Set","InkBottle","Pantograph","Kunai"],"acts_visited":["Exordium"],"potions_floor_usage":[16,16],"damage_taken":[{"damage":5,"enemies":"2 Louse","floor":1,"turns":5},{"damage":21,"enemies":"Jaw Worm","floor":2,"turns":5},{"damage":6,"enemies":"Cultist","floor":3,"turns":3},{"damage":20,"enemies":"Lots of Slimes","floor":5,"turns":4},{"damage":25,"enemies":"3 Sentries","floor":7,"turns":7},{"damage":6,"enemies":"Blue Slaver","floor":8,"turns":4},{"damage":22,"enemies":"Lagavulin","floor":14,"turns":8},{"damage":56,"enemies":"Hexaghost","floor":16,"turns":9}],"seed_played":"-2717723832103591362","potions_obtained":[{"floor":2,"key":"Swift Potion"},{"floor":7,"key":"SmokeBomb"},{"floor":14,"key":"SpeedPotion"}],"is_trial":false,"path_per_floor":["M","M","M","$","M","R","E","M","T","R","?","?","R","E","R","B"],"character_chosen":"IRONCLAD","items_purchased":[],"campfire_rested":1,"item_purchase_floors":[],"current_hp_per_floor":[69,54,54,54,40,40,21,21,21,43,43,43,43,27,27,0,0],"gold":61,"neow_bonus":"THREE_RARE_CARDS","is_daily":false,"chose_seed":false,"campfire_upgraded":3,"win_rate":0.0,"timestamp":1612691442,"path_taken":["M","M","M","$","M","R","E","M","T","R","?","?","R","E","R","BOSS"],"items_purchased_type":[],"build_version":"2020-12-22","purchased_purges":0,"victory":false,"max_hp_per_floor":[75,75,75,75,75,75,75,75,75,75,75,75,75,75,75,75,75],"card_choices":[{"not_picked":["Demon Form","Exhume"],"picked":"Juggernaut","floor":0},{"not_picked":["Warcry","Spot Weakness"],"picked":"Cleave","floor":1},{"not_picked":["True Grit","Searing Blow"],"picked":"Ghostly Armor","floor":2},{"not_picked":["Sever Soul","Anger","Disarm"],"picked":"SKIP","floor":3},{"not_picked":["Sword Boomerang","Sever Soul"],"picked":"Twin Strike","floor":5},{"not_picked":["Warcry","Rampage"],"picked":"Inflame","floor":7},{"not_picked":["Shrug It Off","Uppercut"],"picked":"Flame Barrier","floor":8},{"not_picked":["Sentinel","Clash"],"picked":"Fiend Fire","floor":14}],"player_experience":1285396,"relics_obtained":[{"floor":7,"key":"Ancient Tea Set"},{"floor":9,"key":"InkBottle"},{"floor":14,"key":"Kunai"}],"event_choices":[{"cards_removed":["Strike_R"],"damage_healed":0,"gold_gain":0,"player_choice":"Card Removal","damage_taken":0,"max_hp_gain":0,"max_hp_loss":0,"event_name":"The Cleric","floor":11,"gold_loss":75},{"damage_healed":0,"gold_gain":0,"player_choice":"Searched \u00271\u0027 times","damage_taken":0,"relics_obtained":["Pantograph"],"max_hp_gain":0,"max_hp_loss":0,"event_name":"Dead Adventurer","floor":12,"gold_loss":0}],"is_beta":false,"boss_relics":[],"items_purged_floors":[],"is_endless":false,"potions_floor_spawned":[2,7,14],"killed_by":"Hexaghost","ascension_level":20}}