{"host":"8kweeulvvasqx820","time":1612735395,"event":{"mods":["Aspiration","BaseMod","Better Altar","Better Match","Better Note","Better Sensory Stone","Better Skull","Better Third Choice","BetterRewards","Colored Map","Conspire","Displayed Cursed Tome","Downfall","Hubris","Infinite Spire","Jorbs\u0027s Wanderer Trilogy","Minty Spire (QoL Compilation)","Relic Stats","Replay The Spire","Spicy Shops","StSLib","SuperFastMode","Swap Starting Deck Mod","The Construct","The Marked","The Servant 0.9.4","everything is the same but u backflip on backflip","slay the spire mod where everything is the same but ironclad has a cowboy hat"],"gold_per_floor":[99,110,19,37,37,63,63,98,98,98,83,83,83,95,109,212,212,112,132,132,132,132,143,143,52,65,75,75,95,95,125,143,247,247,147,161,174,185,185,185,210,245,255,255,274,16,16,16,16],"floor_reached":47,"language":"ENG","playtime":4016,"items_purged":["Guardian:Strike_Guardian","Writhe"],"score":535,"play_id":"d738617a-30f1-4d1b-bda4-7fcbe8bdc5bb","local_time":"20210207170315","is_ascension_mode":false,"campfire_choices":[{"data":"Ghostly","floor":1.0,"key":"SMITH"},{"floor":10.0,"key":"REST"},{"data":"Genetic Algorithm","floor":12.0,"key":"SMITH"},{"data":"infinitespire:Starlight","floor":28.0,"key":"SMITH"},{"data":"Guardian:ShieldCharger","floor":30.0,"key":"SMITH"},{"data":"hubris:InfiniteBlow","floor":35,"key":"SMITH"},{"data":"Guardian:DecasProtection","floor":40,"key":"SMITH"}],"circlet_count":0,"master_deck":["Ghostly+1","Guardian:Strike_Guardian","Guardian:Strike_Guardian","Guardian:Defend_Guardian","Guardian:Defend_Guardian","Guardian:CurlUp","Guardian:TwinSlam","Guardian:ShieldCharger","Guardian:TemporalStrike","Guardian:PrismaticBarrier","Guardian:ConstructionForm","Genetic Algorithm+1","Guardian:DecasProtection+1","Guardian:Suspension","Guardian:ExploitGems","TheWorld+1","infinitespire:Starlight+1","Guardian:PiercingHide","expansioncontent:HyperBeam","Guardian:Recover","Guardian:ChargeCore","hubris:InfiniteBlow+1","Guardian:BaubleBeam","Guardian:Incinerate+1","Guardian:RefractedBeam+1","hubris:DuctTapeCard","Guardian:Emergency","Replay:Hysterical Blindness","Pain","infinitespire:Punishment","Guardian:Gem_Cyan"],"relics":["SlaversCollar","Juzu Bracelet","Pear","aspiration:RitualDagger","downfall:HeartBlessingBlue","infinitespire:Cupcake","conspire:TreasureMap","Replay:Kaleidoscope","BargainBundle","aspiration:TomeofQuesting","Empty Cage","downfall:HeartBlessingGreen","InkBottle","Orrery","hubris:DuctTape","Letter Opener","Pen Nib","Strawberry","Guardian:BottledStasis","TungstenRod"],"acts_visited":["Exordium","TheCity","TheBeyond"],"potions_floor_usage":[42,47,47,47],"damage_taken":[{"damage":4.0,"enemies":"2 Louse","floor":2.0,"turns":3.0},{"damage":0.0,"enemies":"downfall:FleeingMerchant","floor":3.0,"turns":4.0},{"damage":6.0,"enemies":"Cultist","floor":4.0,"turns":4.0},{"damage":31.0,"enemies":"3 Sentries","floor":6.0,"turns":11.0},{"damage":26.0,"enemies":"Gremlin Nob","floor":8.0,"turns":7.0},{"damage":6.0,"enemies":"downfall:FleeingMerchant","floor":11.0,"turns":4.0},{"damage":0.0,"enemies":"Jaw Worm","floor":14.0,"turns":6.0},{"damage":0.0,"enemies":"Exordium Thugs","floor":15.0,"turns":7.0},{"damage":23.0,"enemies":"DF_ARCHETYPE_STREAMLINE","floor":16.0,"turns":13.0},{"damage":43.0,"enemies":"Shell Parasite","floor":19.0,"turns":8.0},{"damage":144.0,"enemies":"Chosen","floor":23.0,"turns":16.0},{"damage":6.0,"enemies":"downfall:FleeingMerchant","floor":25.0,"turns":4.0},{"damage":32.0,"enemies":"Shelled Parasite and Fungi","floor":26.0,"turns":9.0},{"damage":23.0,"enemies":"Snecko","floor":27.0,"turns":8.0},{"damage":24.0,"enemies":"conspire:HollyBat","floor":29.0,"turns":10.0},{"damage":24.0,"enemies":"Nightmare","floor":31.0,"turns":10.0},{"damage":27.0,"enemies":"Cultist and Chosen","floor":32.0,"turns":8.0},{"damage":83.0,"enemies":"WA_ARCHETYPE_CALM","floor":33.0,"turns":14.0},{"damage":9,"enemies":"Orb Walker","floor":36,"turns":4},{"damage":22,"enemies":"3 Shapes","floor":37,"turns":6},{"damage":44,"enemies":"3 Darklings","floor":38,"turns":12},{"damage":33,"enemies":"Nemesis","floor":42,"turns":5},{"damage":37,"enemies":"Transient","floor":43,"turns":5},{"damage":6,"enemies":"Sphere and 2 Shapes","floor":45,"turns":2},{"damage":24,"enemies":"downfall:FleeingMerchant","floor":46,"turns":4},{"damage":102,"enemies":"Nightmare","floor":47,"turns":8}],"seed_played":"1996423131625444858","potions_obtained":[{"floor":4.0,"key":"AttackPotion"},{"floor":6.0,"key":"Regen Potion"},{"floor":8.0,"key":"LifebloodPotion"},{"floor":14.0,"key":"Block Potion"},{"floor":23.0,"key":"Reflective Coating"},{"floor":26.0,"key":"Adrenaline Potion"},{"floor":32.0,"key":"Languid Potion"},{"floor":38,"key":"champ:CounterPotion"},{"floor":45,"key":"Dexterity Potion"}],"is_trial":false,"path_per_floor":["R","M","$","M","?","E","T","E","?","R","$","R","?","M","M","B",null,"R_BF","M","?","AVR","?","M","T","$","M","M","R","M","R","NM","M","B",null,"R","M","M","M","$","R","T","E","M","?","M","$","NM"],"character_chosen":"GUARDIAN","items_purchased":["Guardian:ShieldCharger","Guardian:TemporalStrike","BargainBundle","Ancient Potion","Reflective Coating","expansioncontent:HyperBeam","Guardian:Recover","Guardian:ShieldCharger","Guardian:ChargeCore","InkBottle","Orrery","hubris:DuctTape","Letter Opener","Guardian:BottledStasis","TungstenRod"],"campfire_rested":1,"item_purchase_floors":[3,3,25,25,25,25,25,25,25,39,39,39,39,46,46],"current_hp_per_floor":[80,76,76,70,70,39,39,23,9,36,30,30,30,30,30,7,90,100,57,57,57,100,68,68,76,66,65,65,67,67,86,84,37,100,100,100,93,95,38,38,38,45,33,33,51,49,0,0,0],"gold":16,"neow_bonus":"BOSS_RELIC","is_daily":false,"chose_seed":false,"campfire_upgraded":6,"win_rate":0.0,"timestamp":1612735395,"path_taken":["R","M","$","M","?","E","T","E","?","R","$","R","?","M","M","BOSS","R_BF","M","?","AVR","?","M","T","$","M","M","R","M","R","NM","M","BOSS","R","M","M","M","?","R","T","E","M","?","M","$","NM"],"items_purchased_type":["Card","Card","Relic","Potion","Potion","Card","Card","Card","Card","Relic","Relic","Relic","Relic","Relic","Relic"],"build_version":"2020-12-22","purchased_purges":2,"victory":false,"max_hp_per_floor":[80,80,80,80,80,80,80,90,90,90,90,90,90,90,90,90,90,100,100,100,100,100,100,100,100,100,100,100,100,100,100,100,100,100,100,100,100,100,100,100,100,107,107,107,107,107,107,107,107],"relic_stats":{"counters":[26,192],"Pen Nib":[3],"Juzu Bracelet":2,"Letter Opener":[87],"obtain_stats":[{"Guardian:BottledStasis":46,"conspire:TreasureMap":21,"BargainBundle":25,"Pear":8,"hubris:DuctTape":39,"Guardian:ModeShifter":0,"aspiration:TomeofQuesting":31,"downfall:HeartBlessingGreen":35,"Pen Nib":41,"Juzu Bracelet":6,"Replay:Kaleidoscope":24,"Letter Opener":39,"Empty Cage":34,"SlaversCollar":0,"downfall:HeartBlessingBlue":18,"Strawberry":42,"Orrery":39,"aspiration:RitualDagger":17,"InkBottle":39,"TungstenRod":46,"infinitespire:Cupcake":21},{"Guardian:BottledStasis":25,"conspire:TreasureMap":10,"BargainBundle":12,"Pear":5,"hubris:DuctTape":21,"Guardian:ModeShifter":0,"aspiration:TomeofQuesting":16,"downfall:HeartBlessingGreen":18,"Pen Nib":21,"Juzu Bracelet":4,"Replay:Kaleidoscope":11,"Letter Opener":21,"Empty Cage":18,"SlaversCollar":0,"downfall:HeartBlessingBlue":9,"Strawberry":22,"Orrery":21,"aspiration:RitualDagger":9,"InkBottle":21,"TungstenRod":25,"infinitespire:Cupcake":10},{"Guardian:BottledStasis":184,"conspire:TreasureMap":67,"BargainBundle":87,"Pear":29,"hubris:DuctTape":168,"Guardian:ModeShifter":0,"aspiration:TomeofQuesting":124,"downfall:HeartBlessingGreen":146,"Pen Nib":168,"Juzu Bracelet":22,"Replay:Kaleidoscope":83,"Letter Opener":168,"Empty Cage":146,"SlaversCollar":0,"downfall:HeartBlessingBlue":59,"Strawberry":173,"Orrery":168,"aspiration:RitualDagger":59,"InkBottle":168,"TungstenRod":184,"infinitespire:Cupcake":67}],"InkBottle":[12],"TungstenRod":22},"card_choices":[{"not_picked":["Guardian:WalkerClaw","Guardian:Suspension"],"picked":"Guardian:Gem_Green","floor":2.0},{"not_picked":["Guardian:Reroute","Guardian:RevengeProtocol"],"picked":"Guardian:DonusPower","floor":3.0},{"not_picked":["Guardian:WalkerClaw","Guardian:ChargeCore"],"picked":"Guardian:PrismaticBarrier","floor":4.0},{"not_picked":["Guardian:ChargeCore","Guardian:PrimingBeam"],"picked":"Guardian:Gem_White","floor":6.0},{"not_picked":["Guardian:TemporalStrike","Guardian:PiercingHide","Guardian:Reroute"],"picked":"SKIP","floor":8.0},{"not_picked":["Guardian:ExploitGems","Guardian:Repulse","Guardian:Harden"],"picked":"SKIP","floor":11.0},{"not_picked":["Guardian:Recover","Guardian:TimeCapacitor","Guardian:VentSteam"],"picked":"SKIP","floor":14.0},{"not_picked":["Guardian:WalkerClaw","Guardian:DonusPower"],"picked":"Guardian:Suspension","floor":15.0},{"not_picked":["Guardian:FastForward","Guardian:Gem_Synthetic"],"picked":"Guardian:ExploitGems","floor":16.0},{"not_picked":["Guardian:CrystalBeam+1","Guardian:Gem_Green"],"picked":"Guardian:Gem_Cyan","floor":19.0},{"not_picked":["Guardian:PrimingBeam","Guardian:EvasiveProtocol+1"],"picked":"Guardian:PiercingHide","floor":23.0},{"not_picked":["Guardian:ShieldCharger","Guardian:Recover"],"picked":"Guardian:Gem_Red","floor":25.0},{"not_picked":["Guardian:CrystalBeam","Guardian:BodySlam+1"],"picked":"Guardian:Gem_Red","floor":26.0},{"not_picked":["Guardian:Gem_Blue","Guardian:GuardianWhirl"],"picked":"Guardian:Gem_Cyan","floor":27.0},{"not_picked":["Guardian:PiercingHide+1","Guardian:PrimingBeam"],"picked":"Guardian:Gem_Lightblue","floor":29.0},{"not_picked":["ReplayTheSpireMod:Black Plague","Replay:Fractal Strike"],"picked":"hubris:InfiniteBlow","floor":31.0},{"not_picked":["Guardian:ChargeCore","Guardian:EvasiveProtocol"],"picked":"Guardian:Gem_Cyan","floor":31.0},{"not_picked":["Guardian:ShieldSpikes","Guardian:Emergency","Guardian:PrismaticBarrier"],"picked":"SKIP","floor":32.0},{"not_picked":["Guardian:StasisStrike","Guardian:Gem_Synthetic"],"picked":"Guardian:BaubleBeam","floor":33.0},{"not_picked":["Guardian:CrystalBeam","Guardian:Recover+1","Guardian:RefractedBeam"],"picked":"SKIP","floor":36},{"not_picked":["Guardian:ShieldCharger","Guardian:TemporalShield+1","Guardian:BronzeArmor+1"],"picked":"SKIP","floor":37},{"not_picked":["Guardian:Planning+1","Guardian:Gem_Cyan"],"picked":"Guardian:Clone+1","floor":38},{"not_picked":["Guardian:ExploitGems","Guardian:BronzeArmor"],"picked":"Guardian:Incinerate+1","floor":39},{"not_picked":["Guardian:CrystalBeam","Guardian:WalkerClaw+1"],"picked":"Guardian:RefractedBeam+1","floor":39},{"not_picked":["Guardian:Gem_Blue","Guardian:Reroute+1"],"picked":"Guardian:Gem_Red","floor":39},{"not_picked":["Guardian:TemporalShield+1","Guardian:ChargeCore+1","Guardian:HyperBeam_Guardian"],"picked":"SKIP","floor":42},{"not_picked":["Guardian:TemporalShield","Guardian:WalkerClaw"],"picked":"Guardian:Emergency","floor":43},{"not_picked":["infinitespire:Menacing","ReplayTheSpireMod:Echoes of Time"],"picked":"infinitespire:Punishment","floor":44},{"not_picked":["Guardian:VentSteam+1","Guardian:Harden","Guardian:TemporalStrike"],"picked":"SKIP","floor":45},{"not_picked":["Guardian:Suspension+1","Guardian:Recover"],"picked":"Guardian:Gem_Cyan","floor":46}],"player_experience":162402,"relics_obtained":[{"floor":6.0,"key":"Juzu Bracelet"},{"floor":8.0,"key":"Pear"},{"floor":24.0,"key":"Replay:Kaleidoscope"},{"floor":31.0,"key":"aspiration:TomeofQuesting"},{"floor":41,"key":"Pen Nib"},{"floor":42,"key":"Strawberry"}],"event_choices":[{"damage_healed":0.0,"max_hp_gain":0.0,"max_hp_loss":0.0,"gold_gain":1.0,"event_name":"betterThird:BetterScrap","player_choice":"Card ","floor":9.0,"gold_loss":0.0,"damage_taken":14.0,"cards_obtained":["Genetic Algorithm","m_BronzeAgony"]},{"cards_removed":["Ghostly"],"damage_healed":0.0,"max_hp_gain":0.0,"max_hp_loss":0.0,"gold_gain":0.0,"event_name":"betterNote:BetterNote","player_choice":"Take \u0026 Give","floor":20.0,"gold_loss":0.0,"damage_taken":0.0,"cards_obtained":["TheWorld"]},{"cards_removed":["Guardian:DonusPower"],"damage_healed":43.0,"max_hp_gain":0.0,"max_hp_loss":0.0,"gold_gain":0.0,"event_name":"Bonfire Elementals","player_choice":"Offered Uncommon","floor":22.0,"gold_loss":0.0,"damage_taken":0.0}],"is_beta":false,"boss_relics":[{"not_picked":["Fusion Hammer","hubris:VirtuousBlindfold"],"picked":"aspiration:RitualDagger"},{"not_picked":["Replay:Bronze Core","hubris:BlackHole"],"picked":"Empty Cage"}],"items_purged_floors":[21,25],"is_endless":false,"potions_floor_spawned":[4,6,8,14,23,26,32,36,38,45],"killed_by":"Nightmare","ascension_level":0}}