{"host":"0ssbae92yp6998o9","time":1612693574,"event":{"mods":["ATMod(°¢èªMod)","BaseMod","Marisa£¨ìFÓê¡¡Ä§ÀíÉ³£©","Minty Spire (QoL Compilation)","READ ME - Guardian Mod","Shop Mod","Spicy Shops","StSLib","Waifu the Spire"],"gold_per_floor":[109,109,109,127,146,146,181,181,181,181,193,204,204,230,230,328,328,345,193,206,221,221,249,209,209,258,284,312,356,368,400,412,521,533,565,588,617,648,364,394,394,404,404,454,454,487,499,512,512,512,512,512,80,113,113],"floor_reached":56,"language":"ZHT","playtime":2724,"items_purged":["Strike_MRS","Defend_MRS"],"score":1555,"play_id":"d2144905-1b91-4a15-9694-99ab5d9ba3bc","local_time":"20210207182614","is_ascension_mode":true,"campfire_choices":[{"data":"AT_ShrugMaster","floor":6.0,"key":"SMITH"},{"data":"EscapeVelocity","floor":8.0,"key":"SMITH"},{"data":"AlicesGift","floor":13.0,"key":"SMITH"},{"data":"DeepEcoloBomb","floor":15.0,"key":"SMITH"},{"data":"Ghostly","floor":25,"key":"SMITH"},{"data":"Ghostly","floor":32,"key":"SMITH"},{"floor":49,"key":"RECALL"},{"data":"Defend_MRS","floor":52,"key":"PURGE"}],"circlet_count":0,"master_deck":["Strike_MRS+1","Defend_MRS","Defend_MRS+1","MasterSpark+1","UpSweep","AT_ShrugMaster+1","DeepEcoloBomb+1","ShootingEcho","AlicesGift+1","WitchLeyline","EscapeVelocity+1","PowerUp","CollectingQuirk+1","OpenUniverse+1","MachineGunSpark","Ghostly+1","Ghostly+1","Ghostly+1","Ghostly","Ghostly","CasketOfStar","Occultation","FairyDestructionRay","SatelliteIllusion","Orbital+1","PropBag","ChargingUp+1","ManaConvection","Occultation+1","Occultation+1","MilkyWay+1"],"relics":["MiniHakkero","AT_ATBox","NeowsBlessing","Akabeko","Sundial","Unceasing Top","Black Star","Centennial Puzzle","Whetstone","Du-Vu Doll","Happy Flower","MawBank","Blue Candle","AmplifyWand","Oddly Smooth Stone","Runic Dome","Toolbox","AT_SilverBalance","Boot","Peace Pipe","Calipers","StoneCalendar","BreadOfAWashokuLover","AT_Manta","Lee\u0027s Waffle","Nunchaku","Blood Vial"],"acts_visited":["Exordium","TheCity","TheBeyond","TheEnding"],"potions_floor_usage":[55,55,55],"damage_taken":[{"damage":0.0,"enemies":"2 Louse","floor":1.0,"turns":1.0},{"damage":0.0,"enemies":"Jaw Worm","floor":4.0,"turns":1.0},{"damage":0.0,"enemies":"Cultist","floor":5.0,"turns":1.0},{"damage":12.0,"enemies":"Gremlin Nob","floor":7.0,"turns":3.0},{"damage":11.0,"enemies":"Looter","floor":11.0,"turns":2.0},{"damage":7.0,"enemies":"2 Fungi Beasts","floor":12.0,"turns":3.0},{"damage":2.0,"enemies":"3 Sentries","floor":14.0,"turns":4.0},{"damage":9.0,"enemies":"Slime Boss","floor":16.0,"turns":5.0},{"damage":18.0,"enemies":"3 Byrds","floor":18.0,"turns":4.0},{"damage":0.0,"enemies":"Chosen","floor":20.0,"turns":2.0},{"damage":14.0,"enemies":"Snake Plant","floor":21.0,"turns":3.0},{"damage":14.0,"enemies":"Slavers","floor":23.0,"turns":5.0},{"damage":2,"enemies":"Gremlin Leader","floor":27,"turns":4},{"damage":1,"enemies":"Snecko","floor":28,"turns":3},{"damage":2,"enemies":"Book of Stabbing","floor":29,"turns":4},{"damage":2,"enemies":"Cultist and Chosen","floor":31,"turns":4},{"damage":5,"enemies":"Automaton","floor":33,"turns":10},{"damage":4,"enemies":"3 Shapes","floor":35,"turns":3},{"damage":5,"enemies":"3 Darklings","floor":36,"turns":3},{"damage":1,"enemies":"Transient","floor":37,"turns":5},{"damage":0,"enemies":"Spire Growth","floor":38,"turns":4},{"damage":2,"enemies":"Reptomancer","floor":40,"turns":3},{"damage":0,"enemies":"3 Darklings","floor":42,"turns":1},{"damage":0,"enemies":"Mind Bloom Boss Battle","floor":44,"turns":3},{"damage":0,"enemies":"Giant Head","floor":46,"turns":4},{"damage":0,"enemies":"Writhing Mass","floor":47,"turns":4},{"damage":1,"enemies":"Jaw Worm Horde","floor":48,"turns":4},{"damage":2,"enemies":"Donu and Deca","floor":50,"turns":2},{"damage":2,"enemies":"Shield and Spear","floor":54,"turns":2},{"damage":17,"enemies":"The Heart","floor":55,"turns":6}],"seed_played":"7385703203165157767","potions_obtained":[{"floor":5.0,"key":"SkillPotion"},{"floor":7.0,"key":"Fruit Juice"},{"floor":12.0,"key":"DistilledChaos"},{"floor":18.0,"key":"Ancient Potion"},{"floor":27,"key":"Weak Potion"},{"floor":29,"key":"PowerPotion"},{"floor":36,"key":"Energy Potion"},{"floor":42,"key":"DistilledChaos"}],"is_trial":false,"path_per_floor":["M","?","?","M","M","R","E","R","T","$","M","M","R","E","R","B",null,"M","$","M","M","?","E","?","R","T","E","M","E","?","M","R","B",null,"M","M","M","M","$","E","?","M","T","?","T","E","M","M","R","B",null,"R","$","E","B",null],"character_chosen":"MARISA","items_purchased":["Centennial Puzzle","PropBag","Toolbox","AT_Manta","Lee\u0027s Waffle"],"campfire_rested":0,"item_purchase_floors":[19,39,39,53,53],"current_hp_per_floor":[75,75,75,75,75,75,68,68,68,68,57,50,50,48,48,39,80,62,62,62,48,40,26,26,26,26,24,23,21,21,19,19,14,40,36,31,30,30,30,28,28,20,20,20,20,32,21,20,20,18,40,40,47,21,30],"gold":113,"neow_bonus":"THREE_ENEMY_KILL","is_daily":false,"chose_seed":false,"campfire_upgraded":6,"win_rate":0.0,"timestamp":1612693574,"path_taken":["M","?","?","?","M","R","E","R","T","$","M","M","R","E","R","BOSS","M","$","M","M","?","E","?","R","T","E","?","E","?","M","R","BOSS","M","M","?","M","$","E","?","M","T","?","?","E","M","M","R","BOSS","R","$","E","BOSS"],"items_purchased_type":["Relic","Card","Relic","Relic","Relic"],"build_version":"2020-12-22","purchased_purges":2,"victory":true,"max_hp_per_floor":[75,75,75,75,75,75,80,80,80,80,80,80,80,80,80,80,80,80,80,80,80,40,40,40,40,40,40,40,40,40,40,40,40,40,40,40,40,40,40,40,40,40,40,40,40,40,40,40,40,40,40,40,47,47,47],"card_choices":[{"not_picked":["6A","WitchOfGreed"],"picked":"DeepEcoloBomb","floor":1.0},{"not_picked":["GravityBeat","AlicesGift"],"picked":"WitchLeyline","floor":4.0},{"not_picked":["AsteroidBelt","DC","DoubleSpark"],"picked":"SKIP","floor":5.0},{"not_picked":["GalacticHalo","EarthLightRay"],"picked":"EscapeVelocity","floor":7.0},{"not_picked":["DoubleSpark","StarlightTyphoon"],"picked":"PowerUp","floor":11.0},{"not_picked":["WitchLeyline","DC","GravityBeat"],"picked":"SKIP","floor":12.0},{"not_picked":["AsteroidBelt","GalacticHalo","RefractionSpark"],"picked":"SKIP","floor":14.0},{"not_picked":["CasketOfStar","UltimateShortwave"],"picked":"CollectingQuirk","floor":16.0},{"not_picked":["GravityBeat","DeepEcoloBomb+1","WitchOfGreed"],"picked":"SKIP","floor":18.0},{"not_picked":["GasGiant","IllusionStar+1"],"picked":"OpenUniverse+1","floor":20.0},{"not_picked":["MilkyWay","NonDirectionalLaser+1"],"picked":"MachineGunSpark","floor":21.0},{"not_picked":["PowerUp","GrandCross+1"],"picked":"CasketOfStar","floor":23.0},{"not_picked":["RefractionSpark","DarkMatter+1","NonDirectionalLaser"],"picked":"SKIP","floor":27},{"not_picked":["MilkyWay","ChargeUpSpray+1","GalacticHalo+1"],"picked":"SKIP","floor":28},{"not_picked":["MysteriousBeam","DC"],"picked":"Occultation","floor":29},{"not_picked":["ChargeUpSpray","WitchLeyline+1"],"picked":"FairyDestructionRay","floor":31},{"not_picked":["JA","BinaryStars"],"picked":"SatelliteIllusion","floor":33},{"not_picked":["ShootingEcho+1","AsteroidBelt"],"picked":"Orbital+1","floor":35},{"not_picked":["NonDirectionalLaser","SporeBomb","WitchLeyline"],"picked":"SKIP","floor":36},{"not_picked":["UnstableBomb+1","MilkyWay+1","SporeBomb"],"picked":"SKIP","floor":37},{"not_picked":["UnstableBomb+1","MeteoricShower+1","PowerUp"],"picked":"SKIP","floor":38},{"not_picked":["SuperPerseids","GalacticHalo"],"picked":"ChargingUp+1","floor":40},{"not_picked":["MysteriousBeam+1","EventHorizon"],"picked":"ManaConvection","floor":42},{"not_picked":["StarBarrage+1","BigCrunch","DoubleSpark+1"],"picked":"SKIP","floor":46},{"not_picked":["6A","MagicAbsorber+1"],"picked":"Occultation+1","floor":47},{"not_picked":["MilkyWay+1","LuminesStrike+1"],"picked":"Occultation+1","floor":48},{"not_picked":["MysteriousBeam","StarlightTyphoon"],"picked":"MilkyWay+1","floor":54}],"player_experience":254414,"relics_obtained":[{"floor":7.0,"key":"Akabeko"},{"floor":9.0,"key":"Sundial"},{"floor":14.0,"key":"Unceasing Top"},{"floor":23.0,"key":"Whetstone"},{"floor":23.0,"key":"Du-Vu Doll"},{"floor":26,"key":"Happy Flower"},{"floor":27,"key":"MawBank"},{"floor":27,"key":"Blue Candle"},{"floor":29,"key":"AmplifyWand"},{"floor":29,"key":"Oddly Smooth Stone"},{"floor":40,"key":"AT_SilverBalance"},{"floor":40,"key":"Boot"},{"floor":44,"key":"Peace Pipe"},{"floor":45,"key":"Calipers"},{"floor":46,"key":"StoneCalendar"},{"floor":46,"key":"BreadOfAWashokuLover"},{"floor":54,"key":"Nunchaku"},{"floor":54,"key":"Blood Vial"}],"event_choices":[{"damage_healed":0.0,"max_hp_gain":0.0,"max_hp_loss":0.0,"gold_gain":0.0,"cards_transformed":["Strike_MRS"],"event_name":"Living Wall","player_choice":"Change","floor":2.0,"gold_loss":0.0,"damage_taken":0.0,"cards_obtained":["ShootingEcho"]},{"damage_healed":0.0,"max_hp_gain":0.0,"max_hp_loss":0.0,"gold_gain":0.0,"cards_transformed":["Strike_MRS"],"event_name":"Transmorgrifier","player_choice":"Transformed","floor":3.0,"gold_loss":0.0,"damage_taken":0.0,"cards_obtained":["AlicesGift"]},{"damage_healed":0.0,"max_hp_gain":0.0,"max_hp_loss":40.0,"gold_gain":0.0,"event_name":"Ghosts","player_choice":"Became a Ghost","floor":22.0,"gold_loss":0.0,"damage_taken":0.0,"cards_obtained":["Ghostly","Ghostly","Ghostly","Ghostly","Ghostly"]},{"damage_healed":0,"gold_gain":0,"player_choice":"Upgraded Two","damage_taken":0,"max_hp_gain":0,"max_hp_loss":0,"event_name":"Designer","floor":24,"gold_loss":40,"cards_upgraded":["Defend_MRS","CollectingQuirk"]},{"damage_healed":0,"gold_gain":0,"player_choice":"Upgraded","damage_taken":0,"max_hp_gain":0,"max_hp_loss":0,"event_name":"Upgrade Shrine","floor":30,"gold_loss":0,"cards_upgraded":["Ghostly"]},{"damage_healed":0,"gold_gain":0,"player_choice":"Ignored","damage_taken":0,"max_hp_gain":0,"max_hp_loss":0,"event_name":"Tomb of Lord Red Mask","floor":41,"gold_loss":0},{"damage_healed":0,"gold_gain":0,"player_choice":"Fight","damage_taken":0,"max_hp_gain":0,"max_hp_loss":0,"event_name":"MindBloom","floor":44,"gold_loss":0}],"is_beta":false,"boss_relics":[{"not_picked":["Velvet Choker","Philosopher\u0027s Stone"],"picked":"Black Star"},{"not_picked":["Coffee Dripper","Busted Crown"],"picked":"Runic Dome"}],"items_purged_floors":[19,39],"is_endless":false,"potions_floor_spawned":[5,7,12,18,27,29,35,36,40,42,54],"ascension_level":4}}