{"host":"89frlrzg3lfsymiq","time":1612714547,"event":{"mods":["2.2 Compatiblity","AchievementEnabler","Aspiration","BaseMod","Better Altar","Better Match","Better Note","Better Sensory Stone","Better Skull","Better Third Choice","Conspire","Downfall","GifTheSpireLib","Halation","Highlight Path","Hubris","Minty Spire (QoL Compilation)","Permanent Neow","Quick Restart","StSLib","The Blue Laboratory","The Cursed","The Jungle","The Necromancer","The Runesmith"],"gold_per_floor":[99,113,132,132,146,97,97,97,112,141,153,187,187,205,215,317,317,317,330,330,57,73,88,88,12,12,12,23,37,37,65,83,180,180,180,199,65,77,77,77,87,87,87,87,87],"floor_reached":45,"language":"ENG","playtime":2600,"items_purged":["Normality"],"score":497,"play_id":"7a4623d3-9b9a-4a0e-9bfe-71c2180b5efb","local_time":"20210207111547","is_ascension_mode":false,"campfire_choices":[{"data":"Mind Blast","floor":1,"key":"SMITH"},{"data":"bronze:FineTuning","floor":8,"key":"SMITH"},{"floor":13,"key":"REST"},{"floor":18,"key":"RECALL"},{"floor":30,"key":"REST"},{"data":"bronze:Allocate","floor":35,"key":"SMITH"},{"data":"Runesmith:MetallurgicalResearch","floor":40,"key":"SMITH"},{"floor":43,"key":"REST"}],"circlet_count":0,"master_deck":["bronze:Strike","bronze:Strike","bronze:Defend","bronze:Defend","bronze:Defend","bronze:Defend","bronze:Replicate","bronze:Goto","Mind Blast+1","bronze:DelayedGuard","Injury","bronze:WhirlingStrike+1","bronze:DelayedGuard","bronze:Flail+1","bronze:Deprecate","bronze:ItsAFeature","bronze:DelayedGuard","bronze:Overheat+1","bronze:Allocate+1","bronze:BronzeOrb+1","bronze:HyperBeam+1","bronze:DelayedSlice+1","bronze:OilSpill+1","bronze:WhirlingStrike+1","bronze:DelayedGuard+1","bronze:Repair","bronze:DelayedSlice+1","Slimebound:Prepare","Cleave+1","Runesmith:MetallurgicalResearch+1","Runesmith:Superposition+1","Uppercut+1","bronze:MaxOutput","bronze:Philosophize+1","TheCursedMod:SurpriseAttack+1"],"relics":["bronze:BronzeCore","Molten Egg 2","White Beast Statue","aspiration:HiddenCompartment","Black Star","Membership Card","The Courier","PrismaticShard","hubris:Teleporter","aspiration:FetidBarrel","conspire:RoyalGoblet","Question Card","bronze:CableSpool"],"acts_visited":["Exordium","TheCity","TheBeyond"],"potions_floor_usage":[16,16,16,33,33],"damage_taken":[{"damage":0,"enemies":"Small Slimes","floor":2,"turns":4},{"damage":5,"enemies":"2 Louse","floor":3,"turns":3},{"damage":8,"enemies":"Jaw Worm","floor":5,"turns":4},{"damage":3,"enemies":"downfall:FleeingMerchant","floor":6,"turns":4},{"damage":2,"enemies":"2 Fungi Beasts","floor":9,"turns":3},{"damage":24,"enemies":"Gremlin Nob","floor":10,"turns":5},{"damage":1,"enemies":"Gremlin Gang","floor":11,"turns":2},{"damage":9,"enemies":"3 Sentries","floor":12,"turns":3},{"damage":0,"enemies":"Large Slime","floor":14,"turns":4},{"damage":3,"enemies":"Exordium Thugs","floor":15,"turns":3},{"damage":33,"enemies":"WA_ARCHETYPE_RETAIN","floor":16,"turns":9},{"damage":0,"enemies":"3 Byrds","floor":19,"turns":4},{"damage":3,"enemies":"downfall:FleeingMerchant","floor":21,"turns":4},{"damage":18,"enemies":"Snake Plant","floor":22,"turns":3},{"damage":9,"enemies":"Centurion and Healer","floor":23,"turns":5},{"damage":15,"enemies":"downfall:FleeingMerchant","floor":25,"turns":4},{"damage":1,"enemies":"Cultist and Chosen","floor":28,"turns":4},{"damage":25,"enemies":"Sentry and Sphere","floor":29,"turns":6},{"damage":11,"enemies":"Slavers","floor":31,"turns":6},{"damage":0,"enemies":"Shelled Parasite and Fungi","floor":32,"turns":2},{"damage":72,"enemies":"IC_MUSHROOM_ARCHETYPE","floor":33,"turns":10},{"damage":0,"enemies":"Orb Walker","floor":36,"turns":3},{"damage":0,"enemies":"downfall:FleeingMerchant","floor":38,"turns":4},{"damage":29,"enemies":"3 Shapes","floor":39,"turns":3},{"damage":40,"enemies":"Maw","floor":42,"turns":7},{"damage":57,"enemies":"Giant Head","floor":45,"turns":7}],"seed_played":"-5651140320718468510","potions_obtained":[{"floor":3,"key":"blueLaboratory:AbyssPotion"},{"floor":9,"key":"champ:CounterPotion"},{"floor":11,"key":"DistilledChaos"},{"floor":15,"key":"AttackPotion"},{"floor":16,"key":"blueLaboratory:PhilterOfMotion"},{"floor":19,"key":"blueLaboratory:AbyssPotion"},{"floor":21,"key":"blueLaboratory:BottledHope"},{"floor":22,"key":"blueLaboratory:PolymorphPotion"},{"floor":25,"key":"blueLaboratory:FruitPunch"},{"floor":33,"key":"DuplicationPotion"},{"floor":36,"key":"blueLaboratory:CorrosionFlask"}],"is_trial":false,"path_per_floor":["R","M","M","?","M","$","T","R","M","E","M","E","R","M","M","B",null,"R","M","?","$","M","M","T","$","?","?","M","M","R","E","M","B",null,"R","M","$","M","R","T","M","R","E"],"character_chosen":"THE_AUTOMATON","items_purchased":["bronze:Flail+1","Membership Card","bronze:WhirlingStrike+1","bronze:DelayedGuard","bronze:Shell","PrismaticShard","Question Card","bronze:MaxOutput"],"campfire_rested":3,"item_purchase_floors":[6,21,21,21,21,25,38,38],"current_hp_per_floor":[70,70,65,65,57,54,54,54,52,28,27,18,39,39,36,3,70,70,70,70,67,49,47,47,39,70,62,61,43,64,60,60,5,72,72,72,72,50,50,50,10,31,0,0,0],"gold":87,"neow_bonus":"RANDOM_COLORLESS","is_daily":false,"chose_seed":false,"campfire_upgraded":4,"win_rate":0.0,"timestamp":1612714547,"path_taken":["R","M","M","?","M","$","T","R","M","E","M","E","R","M","M","BOSS","R","M","?","$","M","M","T","$","?","?","M","M","R","E","M","BOSS","R","M","$","?","R","T","M","R","E"],"items_purchased_type":["Card","Relic","Card","Card","Card","Relic","Relic","Card"],"build_version":"2020-12-22","purchased_purges":1,"victory":false,"max_hp_per_floor":[70,70,70,70,70,70,70,70,70,70,70,70,70,70,70,70,70,70,70,70,70,70,70,70,70,70,70,70,70,70,70,70,72,72,72,72,72,72,72,72,72,72,72,72,72],"card_choices":[{"not_picked":["Enlightenment","PanicButton"],"picked":"Mind Blast","floor":0},{"not_picked":["bronze:DelayedSlice","bronze:MaxOutput"],"picked":"bronze:DelayedGuard","floor":2},{"not_picked":["bronze:DelayedSlice","bronze:Shield"],"picked":"bronze:FineTuning","floor":3},{"not_picked":["bronze:BitShift","bronze:BronzeArmor"],"picked":"bronze:WhirlingStrike+1","floor":5},{"not_picked":["bronze:Optimize","bronze:CutThrough+1"],"picked":"bronze:DelayedGuard","floor":6},{"not_picked":["bronze:Overload","bronze:BurnOut+1"],"picked":"bronze:Deprecate","floor":9},{"not_picked":["bronze:Frontload","bronze:Deprecate"],"picked":"bronze:ItsAFeature","floor":10},{"not_picked":["bronze:Philosophize","bronze:Frontload"],"picked":"bronze:DelayedGuard","floor":11},{"not_picked":["bronze:Break+1","bronze:FineTuning"],"picked":"bronze:Overheat+1","floor":12},{"not_picked":["bronze:Deprecate","bronze:FineTuning"],"picked":"bronze:Allocate","floor":14},{"not_picked":["bronze:BugBarrage+1","bronze:DelayedGuard"],"picked":"bronze:BronzeOrb+1","floor":15},{"not_picked":["bronze:Virus+1","bronze:ShipIt+1"],"picked":"bronze:HyperBeam+1","floor":16},{"not_picked":["bronze:WildBeam+1","bronze:Deprecate+1"],"picked":"bronze:DelayedSlice+1","floor":19},{"not_picked":["bronze:BitShift","bronze:NullPointer+1"],"picked":"bronze:OilSpill+1","floor":21},{"not_picked":["bronze:CutThrough+1","bronze:Deprecate"],"picked":"bronze:Repair","floor":22},{"not_picked":["bronze:Iterate+1","bronze:Frontload"],"picked":"bronze:DelayedSlice+1","floor":23},{"not_picked":["bronze:Overheat+1","bronze:WhirlingStrike+1"],"picked":"bronze:DelayedGuard","floor":25},{"not_picked":["Shackles_Of_Pain","Guardian:Gem_Lightblue"],"picked":"Slimebound:Prepare","floor":28},{"not_picked":["TheCursedMod:AshesToAshes","champ:Haymaker+1","hexamod:SpectersWail+1"],"picked":"SKIP","floor":29},{"not_picked":["Madness","Runesmith:LastStand"],"picked":"Cleave+1","floor":31},{"not_picked":["Bone_Spikes+1","TheCursedMod:ReleasedKnowledge+1","Force Field+1"],"picked":"SKIP","floor":32},{"not_picked":["Buffer","Slimebound:LeechLife+1"],"picked":"Runesmith:MetallurgicalResearch","floor":33},{"not_picked":["Slimebound:SplitLeeching+1","Guardian:CrystalBeam+1"],"picked":"Runesmith:Superposition+1","floor":36},{"not_picked":["Deflect","hubris:SharpeningStone"],"picked":"Uppercut+1","floor":38},{"not_picked":["TheCursedMod:Stigma+1","TheCursedMod:Obscuration+1","Slimebound:PressTheAttack+1"],"picked":"bronze:Philosophize+1","floor":39},{"not_picked":["Negative_Energy_Javelin+1","Shrug It Off","TheCursedMod:Torture"],"picked":"TheCursedMod:SurpriseAttack+1","floor":42}],"player_experience":230276,"relics_obtained":[{"floor":10,"key":"White Beast Statue"},{"floor":12,"key":"aspiration:HiddenCompartment"},{"floor":24,"key":"The Courier"},{"floor":31,"key":"hubris:Teleporter"},{"floor":31,"key":"aspiration:FetidBarrel"},{"floor":41,"key":"bronze:CableSpool"}],"event_choices":[{"cards_removed":["bronze:Shell"],"damage_healed":31,"gold_gain":0,"player_choice":"Offered Uncommon","damage_taken":0,"max_hp_gain":0,"max_hp_loss":0,"event_name":"Bonfire Elementals","floor":26,"gold_loss":0}],"is_beta":false,"boss_relics":[{"not_picked":["halation:CatFaceCupcake","aspiration:PoetsPen_weak"],"picked":"Black Star"},{"not_picked":["halation:PinkAlligatorPlush","SacredBark"],"picked":"conspire:RoyalGoblet"}],"items_purged_floors":[21],"is_endless":false,"potions_floor_spawned":[3,9,11,12,14,15,16,19,21,22,23,25,28,29,31,32,33,36,38,39,42],"killed_by":"Giant Head","ascension_level":0}}