{"host":"0awa854l6bexpjrv","time":1612657499,"event":{"mods":["BaseMod","Block Reminder","Colored Map","Colored Powertips","Downfall","Highlight Path","Minty Spire (QoL Compilation)","Quick Restart","Rare Cards Sparkle","StSLib","SuperFastMode"],"gold_per_floor":[117,136,136,34,50,50,76,76,76,76,96,96,96,109,109,205,205,216,216,216,227,227,127,127,161,161,161,173,173,8,21,21,126,126,143,143,159,178,178,208,208,225,225,225,239,259,259,60,60,60],"floor_reached":51,"language":"ENG","playtime":2944,"items_purged":["Defend_P","Defend_P","Strike_P","Strike_P"],"score":790,"play_id":"bcf53e64-4abb-40fc-b995-894429f12bc4","local_time":"20210206162459","is_ascension_mode":true,"campfire_choices":[{"data":"Meditate","floor":6.0,"key":"SMITH"},{"data":"CrushJoints","floor":8.0,"key":"SMITH"},{"data":"Eruption","floor":10.0,"key":"SMITH"},{"data":"Tantrum","floor":12.0,"key":"SMITH"},{"data":"EmptyMind","floor":15.0,"key":"SMITH"},{"floor":27.0,"key":"REST"},{"data":"SandsOfTime","floor":29.0,"key":"SMITH"},{"floor":32.0,"key":"REST"},{"floor":41,"key":"REST"},{"floor":44,"key":"REST"},{"floor":49,"key":"REST"}],"circlet_count":0,"master_deck":["Strike_P","Strike_P+1","Defend_P","Defend_P","Eruption+1","Vigilance","Dramatic Entrance+1","EmptyFist+1","EmptyMind+1","CrushJoints+1","Meditate+1","CutThroughFate","Tantrum+1","Protect","DeusExMachina","SashWhip+1","SandsOfTime+1","Wallop+1","Wallop+1","ClearTheMind","BattleHymn","Wish","Ragnarok","Protect","Violence","Madness","Madness","FearNoEvil+1","LikeWater+1","Crescendo+1"],"relics":["PureWater","TeardropLocket","Happy Flower","Snecko Eye","Oddly Smooth Stone","Whetstone","Question Card","Busted Crown","Smiling Mask","Prayer Wheel"],"acts_visited":["Exordium","TheCity","TheBeyond"],"potions_floor_usage":[38,38,38,38,40,40,45,50,50,50],"damage_taken":[{"damage":0.0,"enemies":"Small Slimes","floor":1.0,"turns":2.0},{"damage":0.0,"enemies":"Cultist","floor":2.0,"turns":2.0},{"damage":2.0,"enemies":"Jaw Worm","floor":5.0,"turns":3.0},{"damage":10.0,"enemies":"Lagavulin","floor":7.0,"turns":5.0},{"damage":0.0,"enemies":"Exordium Thugs","floor":11.0,"turns":2.0},{"damage":0.0,"enemies":"3 Louse","floor":14.0,"turns":1.0},{"damage":11.0,"enemies":"Slime Boss","floor":16.0,"turns":6.0},{"damage":0.0,"enemies":"3 Byrds","floor":18.0,"turns":2.0},{"damage":7.0,"enemies":"Chosen","floor":21.0,"turns":3.0},{"damage":20.0,"enemies":"Slavers","floor":25.0,"turns":3.0},{"damage":0.0,"enemies":"Centurion and Healer","floor":28.0,"turns":4.0},{"damage":2.0,"enemies":"Snake Plant","floor":31.0,"turns":2.0},{"damage":0.0,"enemies":"Champ","floor":33.0,"turns":6.0},{"damage":3.0,"enemies":"3 Darklings","floor":35.0,"turns":4.0},{"damage":0,"enemies":"Orb Walker","floor":37,"turns":1},{"damage":0,"enemies":"Writhing Mass","floor":38,"turns":3},{"damage":26,"enemies":"Reptomancer","floor":40,"turns":6},{"damage":16,"enemies":"Transient","floor":42,"turns":5},{"damage":10,"enemies":"Jaw Worm Horde","floor":45,"turns":4},{"damage":0,"enemies":"Maw","floor":46,"turns":5},{"damage":47,"enemies":"Awakened One","floor":50,"turns":9}],"seed_played":"155205476310907616","potions_obtained":[{"floor":1.0,"key":"Dexterity Potion"},{"floor":5.0,"key":"DistilledChaos"},{"floor":14.0,"key":"LiquidBronze"},{"floor":21.0,"key":"LiquidBronze"},{"floor":28.0,"key":"EntropicBrew"},{"floor":33.0,"key":"Swift Potion"},{"floor":35.0,"key":"BottledMiracle"},{"floor":40,"key":"Energy Potion"},{"floor":45,"key":"Slimebound:ThreeZeroPotion"}],"is_trial":false,"path_per_floor":["M","M","?","$","M","R","E","R","T","R","M","R","?","M","R","B",null,"M","?","?","M","?","$","T","E","T","R","M","R","$","M","R","B",null,"M","?","M","M","?","E","R","M","T","R","M","M","?","$","R","B",null],"character_chosen":"WATCHER","items_purchased":["CrushJoints","BattleHymn","Ambrosia","PowerPotion"],"campfire_rested":5,"item_purchase_floors":[4,30,48,48],"current_hp_per_floor":[72,72,72,72,70,70,60,60,60,60,60,60,60,60,60,49,72,72,72,60,53,53,53,53,33,33,54,54,54,54,52,72,72,72,69,69,69,69,60,34,55,39,39,60,50,50,50,50,71,24],"gold":60,"neow_bonus":"RANDOM_COLORLESS","is_daily":false,"chose_seed":false,"campfire_upgraded":6,"win_rate":0.0,"timestamp":1612657499,"path_taken":["M","M","?","$","M","R","E","R","T","R","M","R","?","?","R","BOSS","M","?","?","?","?","$","?","E","T","R","M","R","$","M","R","BOSS","M","?","?","M","?","E","R","M","T","R","M","M","?","$","R","BOSS"],"items_purchased_type":["Card","Card","Potion","Potion"],"build_version":"2020-12-22","purchased_purges":4,"victory":true,"max_hp_per_floor":[72,72,72,72,72,72,72,72,72,72,72,72,72,72,72,72,72,72,72,72,72,72,72,72,72,72,72,72,72,72,72,72,72,72,72,72,72,72,72,72,72,72,72,72,72,72,72,72,72,72],"card_choices":[{"not_picked":["Purity","Enlightenment"],"picked":"Dramatic Entrance","floor":0.0},{"not_picked":["FlurryOfBlows","CrushJoints"],"picked":"EmptyFist","floor":1.0},{"not_picked":["Prostrate","Evaluate"],"picked":"EmptyMind","floor":2.0},{"not_picked":["FlyingSleeves","ClearTheMind"],"picked":"Meditate","floor":5.0},{"not_picked":["CrushJoints","EmptyBody"],"picked":"CutThroughFate","floor":7.0},{"not_picked":["FlyingSleeves","Wireheading"],"picked":"Tantrum","floor":11.0},{"not_picked":["Omniscience","JustLucky"],"picked":"Protect","floor":14.0},{"not_picked":["Scrawl","Blasphemy"],"picked":"DeusExMachina","floor":16.0},{"not_picked":["Prostrate+1","Swivel+1"],"picked":"SashWhip+1","floor":18.0},{"not_picked":["Vengeance","Tantrum"],"picked":"Wallop","floor":21.0},{"not_picked":["FlyingSleeves","JustLucky"],"picked":"Wallop+1","floor":25.0},{"not_picked":["ThirdEye","CutThroughFate+1","Consecrate"],"picked":"ClearTheMind","floor":28.0},{"not_picked":["SashWhip","EmptyFist","ThirdEye"],"picked":"Wish","floor":31.0},{"not_picked":["Blasphemy","SpiritShield","Judgement"],"picked":"Ragnarok","floor":33.0},{"not_picked":["InnerPeace"],"picked":"Protect","floor":35.0},{"not_picked":["Meditate+1","Collect"],"picked":"SKIP","floor":37},{"not_picked":["FlurryOfBlows+1","JustLucky"],"picked":"SKIP","floor":38},{"not_picked":["Sanctity"],"picked":"FearNoEvil+1","floor":40},{"not_picked":["PathToVictory+1","ClearTheMind+1"],"picked":"SKIP","floor":42},{"not_picked":["JustLucky"],"picked":"LikeWater+1","floor":45},{"not_picked":["Meditate","Prostrate+1"],"picked":"SKIP","floor":45},{"not_picked":["FearNoEvil"],"picked":"Crescendo+1","floor":46},{"not_picked":["FlurryOfBlows","PathToVictory"],"picked":"SKIP","floor":46}],"player_experience":731376,"relics_obtained":[{"floor":7.0,"key":"TeardropLocket"},{"floor":9.0,"key":"Happy Flower"},{"floor":24.0,"key":"Oddly Smooth Stone"},{"floor":25.0,"key":"Whetstone"},{"floor":26.0,"key":"Question Card"},{"floor":40,"key":"Smiling Mask"},{"floor":43,"key":"Prayer Wheel"}],"event_choices":[{"damage_healed":0.0,"max_hp_gain":0.0,"max_hp_loss":0.0,"gold_gain":0.0,"event_name":"Living Wall","player_choice":"Grow","floor":3.0,"gold_loss":0.0,"damage_taken":0.0,"cards_upgraded":["EmptyFist"]},{"damage_healed":0.0,"max_hp_gain":0.0,"max_hp_loss":0.0,"gold_gain":0.0,"event_name":"Upgrade Shrine","player_choice":"Upgraded","floor":13.0,"gold_loss":0.0,"damage_taken":0.0,"cards_upgraded":["Dramatic Entrance"]},{"damage_healed":0.0,"max_hp_gain":0.0,"max_hp_loss":0.0,"gold_gain":0.0,"event_name":"The Library","player_choice":"Read","floor":19.0,"gold_loss":0.0,"damage_taken":0.0,"cards_obtained":["SandsOfTime"]},{"damage_healed":0.0,"max_hp_gain":0.0,"max_hp_loss":0.0,"gold_gain":0.0,"event_name":"Knowing Skull","player_choice":"CARD ","floor":20.0,"potions_obtained":[],"gold_loss":0.0,"damage_taken":12.0,"cards_obtained":["Swift Strike"]},{"damage_healed":0.0,"max_hp_gain":0.0,"max_hp_loss":0.0,"gold_gain":0.0,"event_name":"Upgrade Shrine","player_choice":"Upgraded","floor":22.0,"gold_loss":0.0,"damage_taken":0.0,"cards_upgraded":["Wallop"]},{"damage_healed":0,"gold_gain":0,"cards_transformed":["Swift Strike"],"player_choice":"Transformed","damage_taken":0,"max_hp_gain":0,"max_hp_loss":0,"event_name":"Transmorgrifier","floor":36,"gold_loss":0,"cards_obtained":["Violence"]},{"damage_healed":0,"gold_gain":0,"player_choice":"Embrace Madness","damage_taken":9,"max_hp_gain":0,"max_hp_loss":0,"event_name":"Winding Halls","floor":39,"gold_loss":0,"cards_obtained":["Madness","Madness"]},{"damage_healed":0,"gold_gain":0,"player_choice":"Ignored","damage_taken":0,"max_hp_gain":0,"max_hp_loss":0,"event_name":"Tomb of Lord Red Mask","floor":47,"gold_loss":0}],"is_beta":false,"boss_relics":[{"not_picked":["Runic Dome","SlaversCollar"],"picked":"Snecko Eye"},{"not_picked":["Sozu","Cursed Key"],"picked":"Busted Crown"}],"items_purged_floors":[4,23,30,48],"is_endless":false,"potions_floor_spawned":[1,5,14,21,28,33,35,40,45],"ascension_level":2}}