{"host":"ao4lxi9bhtts409i","time":1612704188,"event":{"mods":["AchievementEnabler","BaseMod","Colored Map","Colored Powertips","Minty Spire (QoL Compilation)","SuperFastMode"],"gold_per_floor":[109,109,69,90,106,106,139,139,139,153,176,200,200,236,236,364,364,383,403,328,328,341,341,341,341],"floor_reached":24,"language":"ENG","playtime":844,"items_purged":["Strike_B"],"score":297,"play_id":"a880659f-961d-4b42-a197-b904a109babe","local_time":"20210207142308","is_ascension_mode":true,"campfire_choices":[{"data":"Zap","floor":6,"key":"SMITH"},{"data":"Dualcast","floor":8,"key":"SMITH"},{"data":"1","floor":15,"key":"LIFT"},{"data":"2","floor":23,"key":"LIFT"}],"circlet_count":0,"master_deck":["Strike_B","Strike_B","Defend_B","Defend_B","Defend_B","Defend_B","Zap+1","Dualcast+1","Leap","Sunder","Ball Lightning","Chill","All For One","Streamline","Beam Cell","Go for the Eyes","Coolheaded","Compile Driver","Buffer","Rebound+1","Gash","Seek","Leap"],"relics":["Nuclear Battery","Golden Idol","Sundial","Girya","Akabeko","Inserter"],"acts_visited":["Exordium","TheCity"],"potions_floor_usage":[14,14,14],"damage_taken":[{"damage":7,"enemies":"Small Slimes","floor":1,"turns":4},{"damage":0,"enemies":"2 Louse","floor":4,"turns":2},{"damage":1,"enemies":"Cultist","floor":5,"turns":3},{"damage":12,"enemies":"Lagavulin","floor":7,"turns":5},{"damage":3,"enemies":"Exordium Wildlife","floor":10,"turns":4},{"damage":0,"enemies":"Gremlin Gang","floor":11,"turns":3},{"damage":11,"enemies":"Looter","floor":12,"turns":3},{"damage":3,"enemies":"Gremlin Nob","floor":14,"turns":3},{"damage":34,"enemies":"The Guardian","floor":16,"turns":9},{"damage":7,"enemies":"Shell Parasite","floor":18,"turns":3},{"damage":14,"enemies":"2 Thieves","floor":19,"turns":2},{"damage":12,"enemies":"Cultist and Chosen","floor":22,"turns":4},{"damage":36,"enemies":"Gremlin Leader","floor":24,"turns":6}],"seed_played":"3451676057352150048","potions_obtained":[{"floor":5,"key":"FocusPotion"},{"floor":7,"key":"FocusPotion"},{"floor":12,"key":"CultistPotion"},{"floor":16,"key":"Explosive Potion"},{"floor":22,"key":"Energy Potion"}],"is_trial":false,"path_per_floor":["M","?","$","M","M","R","E","R","T","M","M","M","?","E","R","B",null,"M","M","$","?","M","R","E"],"character_chosen":"DEFECT","items_purchased":["Sunder"],"campfire_rested":0,"item_purchase_floors":[3],"current_hp_per_floor":[68,68,68,68,67,67,55,55,55,52,52,41,41,38,38,4,69,62,48,48,48,36,36,0,0],"gold":341,"neow_bonus":"BOSS_RELIC","is_daily":false,"chose_seed":false,"campfire_upgraded":2,"win_rate":0.0,"timestamp":1612704188,"path_taken":["M","?","$","M","M","R","E","R","T","M","M","M","?","E","R","BOSS","M","M","$","?","M","R","E"],"items_purchased_type":["Card"],"build_version":"2020-12-22","purchased_purges":1,"victory":false,"max_hp_per_floor":[75,69,69,69,69,69,69,69,69,69,69,69,69,69,69,69,69,69,69,69,69,69,69,69,69],"card_choices":[{"not_picked":["Barrage","Steam Power"],"picked":"Leap","floor":1},{"not_picked":["Go for the Eyes","Blizzard"],"picked":"Ball Lightning","floor":4},{"not_picked":["Sunder","BootSequence"],"picked":"Chill","floor":5},{"not_picked":["Gash","Rebound"],"picked":"All For One","floor":7},{"not_picked":["Storm","Barrage"],"picked":"Streamline","floor":10},{"not_picked":["Streamline","Sweeping Beam"],"picked":"Beam Cell","floor":11},{"not_picked":["Coolheaded","Self Repair"],"picked":"Go for the Eyes","floor":12},{"not_picked":["Thunder Strike","Heatsinks"],"picked":"Compile Driver","floor":14},{"not_picked":["Biased Cognition","All For One"],"picked":"Buffer","floor":16},{"not_picked":["Ball Lightning","Sweeping Beam"],"picked":"Rebound+1","floor":18},{"not_picked":["Turbo","Loop"],"picked":"Gash","floor":19},{"not_picked":["Skim","Rebound"],"picked":"Leap","floor":22}],"player_experience":270403,"relics_obtained":[{"floor":7,"key":"Sundial"},{"floor":9,"key":"Girya"},{"floor":14,"key":"Akabeko"}],"event_choices":[{"damage_healed":0,"gold_gain":0,"player_choice":"Lose Max HP","damage_taken":0,"relics_obtained":["Golden Idol"],"max_hp_gain":0,"max_hp_loss":6,"event_name":"Golden Idol","floor":2,"gold_loss":0},{"damage_healed":0,"gold_gain":0,"cards_transformed":["Strike_B"],"player_choice":"Change","damage_taken":0,"max_hp_gain":0,"max_hp_loss":0,"event_name":"Living Wall","floor":13,"gold_loss":0,"cards_obtained":["Coolheaded"]},{"damage_healed":0,"gold_gain":0,"player_choice":"Read","damage_taken":0,"max_hp_gain":0,"max_hp_loss":0,"event_name":"The Library","floor":21,"gold_loss":0,"cards_obtained":["Seek"]}],"is_beta":false,"boss_relics":[{"not_picked":["Black Star","Busted Crown"],"picked":"Inserter"}],"items_purged_floors":[20],"is_endless":false,"potions_floor_spawned":[5,7,12,16,22],"killed_by":"Gremlin Leader","ascension_level":3}}