{"host":"cb9xh4d0ss8ax8yb","time":1612682071,"event":{"mods":["100% Spire Juice","BaseMod","Fox Events","Good Game Mod","Jess\u0027s Bottle","Minty Spire (QoL Compilation)","StSLib","The Dragon Tamer","The Gatherer"],"gold_per_floor":[116,116,132,146,156,183,82,82,109,123,149,149,177,190,190,291,51,63,63,80,99,112,141,141,174,174,190,49,49,49,49,49,146,146,157,157,172,172,172,203,215,246,258,270,82,96,46,57,57,57],"floor_reached":51,"language":"KOR","playtime":2540,"items_purged":["Moonworks:Strike","Moonworks:Strike"],"score":852,"play_id":"2b43a79e-4c88-4545-9b8d-4907953d928b","local_time":"20210207161431","is_ascension_mode":true,"campfire_choices":[{"data":"Moonworks:Ambush","floor":8,"key":"SMITH"},{"floor":15,"key":"REST"},{"data":"Moonworks:AwakeningOfTalent","floor":29,"key":"SMITH"},{"data":"Moonworks:AnotherUltimateWeapon","floor":32,"key":"SMITH"},{"data":"Madness","floor":41,"key":"SMITH"},{"data":"Madness","floor":44,"key":"SMITH"},{"data":"Moonworks:PlushieMaster","floor":49,"key":"SMITH"}],"circlet_count":0,"master_deck":["Moonworks:Strike+1","Moonworks:Defend","Moonworks:Defend","Moonworks:Defend","Moonworks:Ambush+1","Moonworks:LongDistanceShot","Moonworks:EvilSpyWorkPreparation+1","Moonworks:AwakeningOfTalent+1","Moonworks:MiracleRedBeanIceCream","Moonworks:BigBangBell","Moonworks:MiracleRedBeanIceCream","Moonworks:AnotherUltimateWeapon+1","Moonworks:LuckyCharm","Moonworks:IndiscriminateFireSupport","Moonworks:TreasureThief+1","Moonworks:PlushieMaster+1","Moonworks:NicePresent","Madness+1","Madness+1","Moonworks:EvilSpyWorkPreparation+1","Moonworks:EvilSpyWorkPreparation+1","Moonworks:BackdoorTrade+1"],"relics":["Moonworks:SBBomb","Moonworks:Homemark","REME:ComplimentaryCards","Mercury Hourglass","Art of War","Centennial Puzzle","Boot","Bag of Marbles","Cursed Key","Smiling Mask","Regal Pillow","Tiny Chest","MawBank","Akabeko"],"acts_visited":["Exordium","TheCity","TheBeyond"],"potions_floor_usage":[6,6,13,18,23,40,46,46,46],"damage_taken":[{"damage":14,"enemies":"Small Slimes","floor":1,"turns":4},{"damage":1,"enemies":"Cultist","floor":3,"turns":3},{"damage":2,"enemies":"Jaw Worm","floor":4,"turns":4},{"damage":10,"enemies":"Gremlin Gang","floor":5,"turns":3},{"damage":14,"enemies":"Lagavulin","floor":6,"turns":6},{"damage":1,"enemies":"2 Fungi Beasts","floor":7,"turns":3},{"damage":0,"enemies":"Large Slime","floor":10,"turns":4},{"damage":11,"enemies":"3 Sentries","floor":13,"turns":5},{"damage":0,"enemies":"3 Louse","floor":14,"turns":2},{"damage":26,"enemies":"Hexaghost","floor":16,"turns":9},{"damage":0,"enemies":"2 Thieves","floor":18,"turns":3},{"damage":0,"enemies":"Chosen","floor":20,"turns":2},{"damage":0,"enemies":"Centurion and Healer","floor":21,"turns":3},{"damage":5,"enemies":"Cultist and Chosen","floor":22,"turns":3},{"damage":0,"enemies":"Slavers","floor":23,"turns":2},{"damage":4,"enemies":"Book of Stabbing","floor":25,"turns":3},{"damage":0,"enemies":"Shelled Parasite and Fungi","floor":27,"turns":3},{"damage":14,"enemies":"Champ","floor":33,"turns":6},{"damage":0,"enemies":"3 Shapes","floor":35,"turns":1},{"damage":0,"enemies":"Orb Walker","floor":37,"turns":2},{"damage":0,"enemies":"Nemesis","floor":40,"turns":4},{"damage":1,"enemies":"Sphere and 2 Shapes","floor":42,"turns":2},{"damage":0,"enemies":"Maw","floor":46,"turns":4},{"damage":0,"enemies":"3 Darklings","floor":48,"turns":1},{"damage":1,"enemies":"Donu and Deca","floor":50,"turns":3}],"seed_played":"-6219848270539254087","potions_obtained":[{"floor":4,"key":"Weak Potion"},{"floor":5,"key":"FearPotion"},{"floor":10,"key":"LiquidBronze"},{"floor":14,"key":"SneckoOil"},{"floor":20,"key":"DistilledChaos"},{"floor":23,"key":"Block Potion"},{"floor":33,"key":"Energy Potion"},{"floor":35,"key":"FearPotion"},{"floor":40,"key":"Swift Potion"},{"floor":42,"key":"LiquidMemories"}],"is_trial":false,"path_per_floor":["M","?","M","M","M","E","M","R","T","M","T","?","E","M","R","B",null,"M","?","M","M","M","E","?","E","T","M","?","R","$","?","R","B",null,"M","?","M","T","?","E","R","M","T","R","$","M","$","M","R","B",null],"character_chosen":"THE_STARBREAKER","items_purchased":["Akabeko"],"campfire_rested":1,"item_purchase_floors":[45],"current_hp_per_floor":[52,52,51,49,39,25,29,29,29,34,34,21,20,25,44,28,66,66,66,66,66,66,66,66,66,66,66,66,66,66,66,66,57,66,66,66,66,66,58,66,66,65,65,65,65,66,66,66,66,66],"gold":57,"neow_bonus":"TEN_PERCENT_HP_BONUS","is_daily":false,"chose_seed":false,"campfire_upgraded":6,"win_rate":0.0,"timestamp":1612682071,"path_taken":["M","?","?","M","M","E","M","R","T","M","?","?","E","M","R","BOSS","M","?","M","?","M","E","?","E","T","M","?","R","$","?","R","BOSS","M","?","M","?","?","E","R","M","T","R","$","M","$","M","R","BOSS"],"items_purchased_type":["Relic"],"build_version":"2020-12-22","purchased_purges":2,"victory":true,"max_hp_per_floor":[66,66,66,66,66,66,66,66,66,66,66,66,66,66,66,66,66,66,66,66,66,66,66,66,66,66,66,66,66,66,66,66,66,66,66,66,66,66,66,66,66,66,66,66,66,66,66,66,66,66],"card_choices":[{"not_picked":["Moonworks:AngelHand","Moonworks:Assault"],"picked":"Moonworks:EvilSpyWorkPreparation","floor":1},{"not_picked":["Moonworks:IntelligenceOfficer","Moonworks:UnpaidWork","Moonworks:ImOnFire"],"picked":"SKIP","floor":3},{"not_picked":["Moonworks:SakisCookie","Moonworks:Poppoformation","Moonworks:ImOnFire"],"picked":"SKIP","floor":4},{"not_picked":["Moonworks:NicePresent","Moonworks:LulusLuckyEgg"],"picked":"Moonworks:AwakeningOfTalent","floor":5},{"not_picked":["Moonworks:DeployBits","Moonworks:MixPhenomenon"],"picked":"Moonworks:MiracleRedBeanIceCream","floor":6},{"not_picked":["Moonworks:JonathanRush","Moonworks:SealedMemories"],"picked":"Moonworks:BigBangBell","floor":7},{"not_picked":["Moonworks:OutOfAmmo","Moonworks:Assault"],"picked":"Moonworks:MiracleRedBeanIceCream","floor":10},{"not_picked":["Moonworks:CookingTime","Moonworks:SakisCookie","Moonworks:CloudOfSeagulls"],"picked":"SKIP","floor":13},{"not_picked":["Moonworks:CastOff","Moonworks:BigBangBell","Moonworks:ImOnFire"],"picked":"SKIP","floor":14},{"not_picked":["Moonworks:StarBlastingFuse","Moonworks:ShieldCounter"],"picked":"Moonworks:AnotherUltimateWeapon","floor":16},{"not_picked":["Moonworks:Poppoformation+1","Moonworks:CloudOfSeagulls","Moonworks:JonathanRush"],"picked":"SKIP","floor":18},{"not_picked":["Moonworks:CloudOfSeagulls","Moonworks:NicePresent"],"picked":"Moonworks:LuckyCharm","floor":20},{"not_picked":["Moonworks:TacticalRetreat","Moonworks:NicePresent"],"picked":"Moonworks:IndiscriminateFireSupport","floor":21},{"not_picked":["Moonworks:IndiscriminateFireSupport","Moonworks:Assault"],"picked":"Moonworks:TreasureThief+1","floor":22},{"not_picked":["Moonworks:ImOnFire+1","Moonworks:UnluckyCharm","Moonworks:TreasureThief"],"picked":"SKIP","floor":23},{"not_picked":["Moonworks:CastOff","Moonworks:CompletionReward","Moonworks:Bloodlust"],"picked":"SKIP","floor":25},{"not_picked":["Moonworks:JonathanRush","Moonworks:LulusLuckyEgg","Moonworks:IndiscriminateFireSupport"],"picked":"SKIP","floor":27},{"not_picked":["Moonworks:Encore","Moonworks:AnotherUltimateWeapon"],"picked":"Moonworks:PlushieMaster","floor":33},{"not_picked":["Moonworks:IntelligenceOfficer+1","Moonworks:BigBangBell"],"picked":"Moonworks:NicePresent","floor":35},{"not_picked":["Moonworks:AngelHand","Moonworks:NicePresent","Moonworks:EvilSpyWorkPreparation"],"picked":"SKIP","floor":37},{"not_picked":["Moonworks:DeployBits+1","Moonworks:IndiscriminateFireSupport+1"],"picked":"Moonworks:EvilSpyWorkPreparation+1","floor":40},{"not_picked":["Moonworks:UnpaidWork+1","Moonworks:EvilSpyWorkPreparation","Moonworks:LuckyCharm+1"],"picked":"SKIP","floor":42},{"not_picked":["Moonworks:ForcedRevival","Moonworks:ImOnFire+1"],"picked":"Moonworks:EvilSpyWorkPreparation+1","floor":46},{"not_picked":["Moonworks:CloudOfSeagulls+1","Moonworks:Heat300Percent+1"],"picked":"Moonworks:BackdoorTrade+1","floor":48}],"player_experience":451330,"relics_obtained":[{"floor":6,"key":"Art of War"},{"floor":9,"key":"Centennial Puzzle"},{"floor":11,"key":"Boot"},{"floor":13,"key":"Bag of Marbles"},{"floor":23,"key":"Smiling Mask"},{"floor":25,"key":"Tiny Chest"},{"floor":40,"key":"MawBank"}],"event_choices":[{"cards_removed":["Moonworks:ShieldCounter"],"damage_healed":0,"gold_gain":0,"player_choice":"Gave Card","damage_taken":0,"relics_obtained":["Mercury Hourglass"],"max_hp_gain":0,"max_hp_loss":0,"event_name":"WeMeetAgain","floor":2,"gold_loss":0},{"damage_healed":0,"gold_gain":0,"player_choice":"Entered Light","damage_taken":13,"max_hp_gain":0,"max_hp_loss":0,"event_name":"Shining Light","floor":12,"gold_loss":0,"cards_upgraded":["Moonworks:EvilSpyWorkPreparation","Moonworks:Strike"]},{"cards_removed":["Moonworks:Strike"],"damage_healed":0,"gold_gain":0,"player_choice":"Purged","damage_taken":0,"max_hp_gain":0,"max_hp_loss":0,"event_name":"Purifier","floor":19,"gold_loss":0},{"damage_healed":0,"gold_gain":0,"player_choice":"Opened","damage_taken":0,"relics_obtained":["Regal Pillow"],"max_hp_gain":0,"max_hp_loss":0,"event_name":"The Mausoleum","floor":24,"gold_loss":0},{"damage_healed":0,"gold_gain":99,"player_choice":"Stole From Cult","damage_taken":0,"max_hp_gain":0,"max_hp_loss":0,"event_name":"Nest","floor":28,"gold_loss":0},{"cards_removed":["Moonworks:Defend"],"damage_healed":0,"gold_gain":0,"player_choice":"Removed Skill","damage_taken":0,"max_hp_gain":0,"max_hp_loss":0,"event_name":"Falling","floor":36,"gold_loss":0},{"damage_healed":0,"gold_gain":0,"player_choice":"Embrace Madness","damage_taken":8,"max_hp_gain":0,"max_hp_loss":0,"event_name":"Winding Halls","floor":39,"gold_loss":0,"cards_obtained":["Madness","Madness"]}],"is_beta":false,"boss_relics":[{"not_picked":["Pandora\u0027s Box","Tiny House"],"picked":"Cursed Key"},{"not_picked":["Velvet Choker","Coffee Dripper"],"picked":"Moonworks:SBBomb"}],"items_purged_floors":[45,47],"is_endless":false,"potions_floor_spawned":[4,5,10,14,20,23,33,35,40,42],"ascension_level":2}}