{"host":"u5p72gjg7qm9i6r4","time":1612678608,"event":{"mods":["AchievementEnabler","BaseMod","Curses Come First","Highlight Path","Minty Spire (QoL Compilation)","Rare Cards Sparkle","StSLib"],"gold_per_floor":[118,118,130,59,76,105,105,115,115,115,127,154,168,188,188,285,285,285,285,285,285,61,61,61,61,61,61,61,1,1,1,1,1,1,1,1,1,1,1,1,1,1,1,1,1,1,1,1,1,1,1,1,1,1,1,1],"floor_reached":55,"language":"ENG","playtime":3175,"items_purged":[],"score":1135,"play_id":"e92e917b-9133-4803-be07-148ef0a65e5c","local_time":"20210207001648","is_ascension_mode":true,"campfire_choices":[{"floor":7.0,"key":"REST"},{"data":"Bludgeon","floor":10.0,"key":"SMITH"},{"floor":15.0,"key":"REST"},{"floor":24.0,"key":"REST"},{"floor":32.0,"key":"REST"},{"floor":41.0,"key":"RECALL"},{"floor":44.0,"key":"REST"},{"floor":49.0,"key":"REST"},{"floor":52.0,"key":"REST"}],"circlet_count":0,"master_deck":["Defend_R","Defend_R","Defend_R","Bash","Clothesline","Bludgeon+1","Headbutt","Rampage","Headbutt","Cleave","Berserk","Inflame","Feed","Ghostly Armor+1","Ghostly","Ghostly","Ghostly","Ghostly","Ghostly","Demon Form","Inflame","Limit Break","Rampage","Iron Wave+1","Heavy Blade","Shrug It Off+1","Battle Trance+1","True Grit+1","Limit Break+1","Sever Soul","Metallicize+1","True Grit+1"],"relics":["Burning Blood","Dead Branch","InkBottle","Letter Opener","Ectoplasm","Red Mask","Blood Vial","Shuriken","Ancient Tea Set","Anchor","Du-Vu Doll","Dream Catcher","Fusion Hammer","StoneCalendar","Omamori","Toy Ornithopter","Bird Faced Urn","Red Skull"],"acts_visited":["Exordium","TheCity","TheBeyond","TheEnding"],"potions_floor_usage":[54,55],"damage_taken":[{"damage":1.0,"enemies":"Cultist","floor":1.0,"turns":3.0},{"damage":5.0,"enemies":"Small Slimes","floor":3.0,"turns":4.0},{"damage":7.0,"enemies":"2 Louse","floor":5.0,"turns":4.0},{"damage":30.0,"enemies":"3 Sentries","floor":6.0,"turns":6.0},{"damage":0.0,"enemies":"Large Slime","floor":8.0,"turns":3.0},{"damage":6.0,"enemies":"Looter","floor":11.0,"turns":2.0},{"damage":30.0,"enemies":"Lagavulin","floor":12.0,"turns":5.0},{"damage":14.0,"enemies":"Red Slaver","floor":13.0,"turns":2.0},{"damage":15.0,"enemies":"Exordium Thugs","floor":14.0,"turns":3.0},{"damage":29.0,"enemies":"The Guardian","floor":16.0,"turns":6.0},{"damage":19.0,"enemies":"Shell Parasite","floor":18.0,"turns":4.0},{"damage":39.0,"enemies":"Masked Bandits","floor":19.0,"turns":4.0},{"damage":22.0,"enemies":"Book of Stabbing","floor":23.0,"turns":5.0},{"damage":24.0,"enemies":"Slavers","floor":25.0,"turns":6.0},{"damage":8.0,"enemies":"Book of Stabbing","floor":27.0,"turns":5.0},{"damage":1.0,"enemies":"2 Thieves","floor":29.0,"turns":4.0},{"damage":18.0,"enemies":"Snake Plant","floor":30.0,"turns":5.0},{"damage":2.0,"enemies":"3 Cultists","floor":31.0,"turns":4.0},{"damage":13.0,"enemies":"Collector","floor":33.0,"turns":7.0},{"damage":1.0,"enemies":"3 Shapes","floor":35.0,"turns":6.0},{"damage":3.0,"enemies":"3 Darklings","floor":36.0,"turns":4.0},{"damage":3.0,"enemies":"Maw","floor":38.0,"turns":6.0},{"damage":3.0,"enemies":"Mind Bloom Boss Battle","floor":39.0,"turns":7.0},{"damage":1.0,"enemies":"Nemesis","floor":40.0,"turns":5.0},{"damage":0.0,"enemies":"Reptomancer","floor":42.0,"turns":3.0},{"damage":0.0,"enemies":"4 Shapes","floor":45.0,"turns":6.0},{"damage":1.0,"enemies":"2 Orb Walkers","floor":46.0,"turns":3.0},{"damage":0.0,"enemies":"Spire Growth","floor":48.0,"turns":5.0},{"damage":9.0,"enemies":"Awakened One","floor":50.0,"turns":9.0},{"damage":7,"enemies":"Shield and Spear","floor":54,"turns":7},{"damage":78,"enemies":"The Heart","floor":55,"turns":5}],"seed_played":"-4331372154389336029","potions_obtained":[{"floor":6.0,"key":"Strength Potion"},{"floor":8.0,"key":"Weak Potion"},{"floor":11.0,"key":"Fire Potion"},{"floor":13.0,"key":"Weak Potion"},{"floor":16.0,"key":"Weak Potion"},{"floor":25.0,"key":"ColorlessPotion"},{"floor":30.0,"key":"SteroidPotion"},{"floor":33.0,"key":"CultistPotion"},{"floor":35.0,"key":"ColorlessPotion"},{"floor":39.0,"key":"FearPotion"},{"floor":40.0,"key":"Swift Potion"},{"floor":48.0,"key":"Swift Potion"}],"is_trial":false,"path_per_floor":["M","?","M","$","M","E","R","M","T","R","M","E","M","M","R","B",null,"M","?","?","?","$","E","R","E","T","E","T","M","M","M","R","B",null,"M","M","?","M","?","E","R","E","T","R","M","?","?","M","R","B",null,"R","$","E","B"],"character_chosen":"IRONCLAD","items_purchased":["Bludgeon","Blood Vial","Limit Break"],"campfire_rested":7,"item_purchase_floors":[4,22,22],"current_hp_per_floor":[56,56,57,57,56,32,56,62,62,62,62,38,30,21,45,22,66,56,26,26,26,26,12,24,8,8,8,8,18,8,17,31,29,46,55,58,58,58,58,58,58,58,58,58,64,64,64,67,67,65,67,67,67,67,0,0],"gold":1,"neow_bonus":"REMOVE_TWO","is_daily":false,"chose_seed":false,"campfire_upgraded":1,"win_rate":0.0,"timestamp":1612678608,"path_taken":["M","?","M","$","M","E","R","M","T","R","?","E","M","M","R","BOSS","M","?","?","?","$","E","R","E","T","E","?","M","?","M","R","BOSS","M","M","?","?","?","E","R","E","T","R","M","?","?","M","R","BOSS","R","$","E","BOSS"],"items_purchased_type":["Card","Relic","Card"],"build_version":"2020-12-22","purchased_purges":0,"victory":false,"max_hp_per_floor":[80,80,80,80,80,80,80,80,80,80,80,80,80,80,80,80,80,83,86,43,43,43,43,43,43,43,43,43,46,46,49,49,52,52,55,58,58,58,58,58,58,58,58,58,64,64,64,67,67,67,67,67,67,67,67,67],"card_choices":[{"not_picked":["Clash","True Grit"],"picked":"Clothesline","floor":1.0},{"not_picked":["Perfected Strike","True Grit","Rage"],"picked":"SKIP","floor":3.0},{"not_picked":["Iron Wave","Cleave"],"picked":"Headbutt","floor":5.0},{"not_picked":["Battle Trance","Anger"],"picked":"Rampage","floor":6.0},{"not_picked":["Heavy Blade","Second Wind","Body Slam"],"picked":"SKIP","floor":8.0},{"not_picked":["Wild Strike","Perfected Strike"],"picked":"Headbutt","floor":11.0},{"not_picked":["Sentinel","Ghostly Armor"],"picked":"Cleave","floor":12.0},{"not_picked":["Evolve","Burning Pact"],"picked":"Berserk","floor":13.0},{"not_picked":["Armaments","Clothesline"],"picked":"Inflame","floor":14.0},{"not_picked":["Reaper","Offering"],"picked":"Feed","floor":16.0},{"not_picked":["Pommel Strike","Rupture"],"picked":"Ghostly Armor+1","floor":18.0},{"not_picked":["Sword Boomerang","Entrench+1"],"picked":"Rampage","floor":23.0},{"not_picked":["Barricade","Infernal Blade","Bloodletting"],"picked":"SKIP","floor":25.0},{"not_picked":["Clothesline","Iron Wave","Headbutt"],"picked":"SKIP","floor":27.0},{"not_picked":["Havoc","Sentinel+1","Armaments"],"picked":"SKIP","floor":29.0},{"not_picked":["Cleave+1","True Grit"],"picked":"Iron Wave+1","floor":30.0},{"not_picked":["Iron Wave","Perfected Strike+1"],"picked":"Heavy Blade","floor":31.0},{"not_picked":["True Grit","Armaments+1","Clash"],"picked":"SKIP","floor":35.0},{"not_picked":["Warcry","Armaments","Evolve+1"],"picked":"SKIP","floor":36.0},{"not_picked":["Feed","Flex"],"picked":"Shrug It Off+1","floor":38.0},{"not_picked":["Headbutt+1","Anger+1"],"picked":"Battle Trance+1","floor":39.0},{"not_picked":["Entrench+1","Feel No Pain+1"],"picked":"True Grit+1","floor":40.0},{"not_picked":["Inflame+1","Disarm+1"],"picked":"Limit Break","floor":42.0},{"not_picked":["Wild Strike+1","Perfected Strike"],"picked":"Sever Soul","floor":44.0},{"not_picked":["Heavy Blade","Headbutt+1","Clothesline+1"],"picked":"SKIP","floor":45.0},{"not_picked":["Clash","Sword Boomerang"],"picked":"Metallicize+1","floor":46.0},{"not_picked":["Hemokinesis","Shrug It Off","Clothesline"],"picked":"SKIP","floor":48.0},{"not_picked":["Demon Form","Rupture+1"],"picked":"True Grit+1","floor":49.0},{"not_picked":["Warcry","Iron Wave","Clash+1"],"picked":"SKIP","floor":54}],"player_experience":151094,"relics_obtained":[{"floor":6.0,"key":"Dead Branch"},{"floor":9.0,"key":"InkBottle"},{"floor":12.0,"key":"Letter Opener"},{"floor":19.0,"key":"Red Mask"},{"floor":23.0,"key":"Shuriken"},{"floor":25.0,"key":"Ancient Tea Set"},{"floor":26.0,"key":"Anchor"},{"floor":27.0,"key":"Du-Vu Doll"},{"floor":28.0,"key":"Dream Catcher"},{"floor":39.0,"key":"StoneCalendar"},{"floor":40.0,"key":"Omamori"},{"floor":42.0,"key":"Toy Ornithopter"},{"floor":46.0,"key":"Bird Faced Urn"},{"floor":54,"key":"Red Skull"}],"event_choices":[{"cards_removed":["Strike_R"],"damage_healed":0.0,"max_hp_gain":0.0,"max_hp_loss":0.0,"gold_gain":0.0,"event_name":"Bonfire Elementals","player_choice":"Offered Basic","floor":2.0,"gold_loss":0.0,"damage_taken":0.0},{"damage_healed":0.0,"max_hp_gain":0.0,"max_hp_loss":0.0,"gold_gain":0.0,"event_name":"Masked Bandits","player_choice":"Fought Bandits","floor":19.0,"gold_loss":0.0,"damage_taken":0.0},{"damage_healed":0.0,"max_hp_gain":0.0,"max_hp_loss":43.0,"gold_gain":0.0,"event_name":"Ghosts","player_choice":"Became a Ghost","floor":20.0,"gold_loss":0.0,"damage_taken":0.0,"cards_obtained":["Ghostly","Ghostly","Ghostly","Ghostly","Ghostly"]},{"damage_healed":0.0,"max_hp_gain":0.0,"max_hp_loss":0.0,"gold_gain":0.0,"cards_transformed":["Strike_R","Strike_R"],"event_name":"Drug Dealer","player_choice":"Became Test Subject","floor":21.0,"gold_loss":0.0,"damage_taken":0.0,"cards_obtained":["Demon Form","Inflame"]},{"cards_removed":["Strike_R"],"damage_healed":0.0,"max_hp_gain":0.0,"max_hp_loss":0.0,"gold_gain":0.0,"event_name":"Purifier","player_choice":"Purged","floor":37.0,"gold_loss":0.0,"damage_taken":0.0},{"damage_healed":0.0,"max_hp_gain":0.0,"max_hp_loss":0.0,"gold_gain":0.0,"event_name":"MindBloom","player_choice":"Fight","floor":39.0,"gold_loss":0.0,"damage_taken":0.0},{"damage_healed":0.0,"max_hp_gain":0.0,"max_hp_loss":0.0,"gold_gain":0.0,"event_name":"Mysterious Sphere","player_choice":"Fight","floor":46.0,"gold_loss":0.0,"damage_taken":0.0},{"damage_healed":0.0,"max_hp_gain":0.0,"max_hp_loss":0.0,"gold_gain":0.0,"event_name":"Accursed Blacksmith","player_choice":"Forge","floor":47.0,"gold_loss":0.0,"damage_taken":0.0,"cards_upgraded":["Limit Break"]}],"is_beta":false,"boss_relics":[{"not_picked":["Black Blood","Runic Pyramid"],"picked":"Ectoplasm"},{"not_picked":["Cursed Key","Snecko Eye"],"picked":"Fusion Hammer"}],"items_purged_floors":[],"is_endless":false,"potions_floor_spawned":[6,8,11,13,16,25,30,33,35,39,40,45,48],"killed_by":"The Heart","ascension_level":7}}