{"host":"n605f8gctjc87d7h","time":1612730791,"event":{"mods":["Aspiration","Bard","BaseMod","Better Match","Better Note","Better Skull","Better Third Choice","Conspire","Downfall","Halation","Hermit","Infinite Spire","Minty Spire (QoL Compilation)","Replay The Spire","Retaliation","Shade Mod","Spicy Shops","StSLib","The IronCluck","The Jungle"],"gold_per_floor":[113,16,16,16,37,37,71,71,94,94,94,94],"floor_reached":11,"language":"ENG","playtime":376,"items_purged":[],"score":117,"play_id":"a3c2ae5e-c44a-4943-b9f6-fade4374585c","local_time":"20210207124631","is_ascension_mode":true,"campfire_choices":[{"floor":6,"key":"REST"},{"floor":10,"key":"REST"}],"circlet_count":0,"master_deck":["AscendersBane","Strike_R","Strike_R","Strike_R","Strike_R","Strike_R","Defend_R","Defend_R","Defend_R","Bash","ReplayTheSpireMod:Stacked","conspire:Banana","Infernal Blade","Shrug It Off"],"relics":["Burning Blood","Golden Idol","Ancient Tea Set","ReplayTheSpireMod:Ring of Challenge","Dream Catcher"],"acts_visited":["Exordium"],"potions_floor_usage":[11],"damage_taken":[{"damage":0,"enemies":"Small Slimes","floor":1,"turns":3},{"damage":9,"enemies":"Jaw Worm","floor":5,"turns":5},{"damage":75,"enemies":"Gremlin Nob","floor":7,"turns":7},{"damage":50,"enemies":"Lagavulin","floor":11,"turns":9}],"seed_played":"8618615500015688205","potions_obtained":[{"floor":7,"key":"Explosive Potion"}],"is_trial":false,"path_per_floor":["M","$","?","?","M","R","E","?","T","R","E"],"character_chosen":"IRONCLAD","items_purchased":["conspire:Banana"],"campfire_rested":2,"item_purchase_floors":[2],"current_hp_per_floor":[81,81,74,54,52,76,8,8,8,33,0,0],"gold":94,"neow_bonus":"TEN_PERCENT_HP_BONUS","is_daily":false,"chose_seed":false,"campfire_upgraded":0,"win_rate":0.0,"timestamp":1612730791,"path_taken":["M","$","?","?","M","R","E","?","T","R","E"],"items_purchased_type":["Card"],"build_version":"2020-12-22","purchased_purges":0,"victory":false,"max_hp_per_floor":[82,82,82,82,83,83,84,84,84,84,85,85],"card_choices":[{"not_picked":["ReplayTheSpireMod:Strike From Hell","Ghostly Armor"],"picked":"ReplayTheSpireMod:Stacked","floor":1},{"not_picked":["Anger","ReplayReversal","Thunderclap"],"picked":"SKIP","floor":5},{"not_picked":["ReplayTheSpireMod:LeadingStrike","Body Slam"],"picked":"Infernal Blade","floor":7},{"not_picked":["DDmod:UnstoppableAttack","Abandon"],"picked":"Shrug It Off","floor":10}],"player_experience":836615,"relics_obtained":[{"floor":7,"key":"Ancient Tea Set"},{"floor":8,"key":"ReplayTheSpireMod:Ring of Challenge"},{"floor":9,"key":"Dream Catcher"}],"event_choices":[{"cards_removed":["Defend_R"],"damage_healed":0,"gold_gain":0,"player_choice":"Card Removal","damage_taken":7,"max_hp_gain":0,"max_hp_loss":0,"event_name":"Golden Wing","floor":3,"gold_loss":0},{"damage_healed":0,"gold_gain":0,"player_choice":"Take Damage","damage_taken":20,"relics_obtained":["Golden Idol"],"max_hp_gain":0,"max_hp_loss":0,"event_name":"Golden Idol","floor":4,"gold_loss":0}],"is_beta":false,"boss_relics":[],"items_purged_floors":[],"is_endless":false,"potions_floor_spawned":[7],"killed_by":"Lagavulin","ascension_level":14}}