{"host":"88sw61cmk1203zgj","time":1612671853,"event":{"mods":["BaseMod","Minty Spire (QoL Compilation)"],"gold_per_floor":[110,210,220,220,274,305,305,345,345,345,345,33,58,78,78,172,172,190,208,231,267,68,68,89,89,142,156,156,181,181,181,181,181,181],"floor_reached":33,"language":"ENG","playtime":1390,"items_purged":["Strike_R"],"score":561,"play_id":"15e19fe4-b9ee-4d2c-b826-719a81884a52","local_time":"20210206232413","is_ascension_mode":true,"campfire_choices":[{"data":"Spot Weakness","floor":7.0,"key":"SMITH"},{"data":"Twin Strike","floor":10.0,"key":"SMITH"},{"floor":15.0,"key":"REST"},{"data":"Shrug It Off","floor":25,"key":"SMITH"},{"data":"Infernal Blade","floor":28,"key":"SMITH"},{"floor":32,"key":"REST"}],"circlet_count":0,"master_deck":["AscendersBane","Strike_R","Strike_R","Strike_R","Strike_R","Defend_R","Defend_R","Defend_R","Defend_R","Bash","Spot Weakness+1","Clothesline+1","Twin Strike+1","Twin Strike","Pummel","Offering","Infernal Blade+1","Shrug It Off+1","Feel No Pain","Warcry","Shockwave","Spot Weakness+1"],"relics":["Burning Blood","NeowsBlessing","Golden Idol","Bronze Scales","Ice Cream","Ornamental Fan","Torii","Dead Branch","Mark of Pain","Red Mask","Strawberry","Sundial"],"acts_visited":["Exordium","TheCity"],"potions_floor_usage":[19,29,33],"damage_taken":[{"damage":0.0,"enemies":"Cultist","floor":1.0,"turns":1.0},{"damage":0.0,"enemies":"2 Louse","floor":3.0,"turns":1.0},{"damage":0.0,"enemies":"Gremlin Nob","floor":6.0,"turns":1.0},{"damage":30.0,"enemies":"3 Sentries","floor":8.0,"turns":7.0},{"damage":1.0,"enemies":"Jaw Worm","floor":13.0,"turns":2.0},{"damage":1.0,"enemies":"3 Louse","floor":14.0,"turns":3.0},{"damage":6.0,"enemies":"Slime Boss","floor":16.0,"turns":6.0},{"damage":12,"enemies":"Spheric Guardian","floor":18,"turns":3},{"damage":18,"enemies":"2 Thieves","floor":19,"turns":3},{"damage":6,"enemies":"Centurion and Healer","floor":20,"turns":6},{"damage":6,"enemies":"Masked Bandits","floor":21,"turns":2},{"damage":7,"enemies":"3 Cultists","floor":24,"turns":5},{"damage":20,"enemies":"Snake Plant","floor":27,"turns":4},{"damage":21,"enemies":"Snecko","floor":29,"turns":4},{"damage":77,"enemies":"Automaton","floor":33,"turns":6}],"seed_played":"-1105754543753322498","potions_obtained":[{"floor":3.0,"key":"Strength Potion"},{"floor":6.0,"key":"LiquidBronze"},{"floor":8.0,"key":"ColorlessPotion"},{"floor":16.0,"key":"Explosive Potion"},{"floor":21,"key":"GamblersBrew"},{"floor":29,"key":"Regen Potion"}],"is_trial":false,"path_per_floor":["M","?","M","?","T","E","R","E","T","R","?","$","M","M","R","B",null,"M","M","M","?","$","?","M","R","T","M","R","M","?","T","R","B"],"character_chosen":"IRONCLAD","items_purchased":["Dead Branch","Warcry","Shockwave"],"campfire_rested":2,"item_purchase_floors":[12,22,22],"current_hp_per_floor":[74,74,75,57,57,63,63,39,39,39,39,39,44,49,71,71,74,68,56,56,56,56,56,55,55,62,48,48,33,33,33,57,0,0],"gold":181,"neow_bonus":"THREE_ENEMY_KILL","is_daily":false,"chose_seed":false,"campfire_upgraded":4,"win_rate":0.0,"timestamp":1612671853,"path_taken":["M","?","?","?","?","E","R","E","T","R","?","$","M","M","R","BOSS","M","?","M","?","$","?","?","R","T","M","R","M","?","?","R","BOSS"],"items_purchased_type":["Relic","Card","Card"],"build_version":"2020-12-22","purchased_purges":1,"victory":false,"max_hp_per_floor":[75,75,75,75,75,75,75,75,75,75,75,75,75,75,75,75,75,75,75,75,75,75,75,75,75,82,82,82,82,82,82,82,82,82],"card_choices":[{"not_picked":["Clash","Perfected Strike"],"picked":"Spot Weakness","floor":1.0},{"not_picked":["Iron Wave","Sentinel"],"picked":"Clothesline","floor":3.0},{"not_picked":["Impervious","Clothesline"],"picked":"Twin Strike","floor":6.0},{"not_picked":["Flame Barrier","Wild Strike"],"picked":"Twin Strike","floor":8.0},{"not_picked":["Dropkick","Evolve","Entrench"],"picked":"SKIP","floor":13.0},{"not_picked":["Dropkick","Evolve","Entrench"],"picked":"SKIP","floor":13.0},{"not_picked":["Ghostly Armor","Body Slam"],"picked":"Pummel","floor":14.0},{"not_picked":["Impervious","Juggernaut"],"picked":"Offering","floor":16.0},{"not_picked":["Thunderclap+1","Pommel Strike","Iron Wave"],"picked":"SKIP","floor":18},{"not_picked":["Rage","Thunderclap"],"picked":"Infernal Blade","floor":19},{"not_picked":["Wild Strike","Metallicize"],"picked":"Shrug It Off","floor":20},{"not_picked":["Uppercut+1","Fiend Fire"],"picked":"Feel No Pain","floor":21},{"not_picked":["Anger+1","Flame Barrier"],"picked":"Spot Weakness+1","floor":24},{"not_picked":["Whirlwind","Headbutt","Pommel Strike"],"picked":"SKIP","floor":27},{"not_picked":["Wild Strike","Armaments","Heavy Blade"],"picked":"SKIP","floor":29}],"player_experience":1563525,"relics_obtained":[{"floor":5.0,"key":"Bronze Scales"},{"floor":6.0,"key":"Ice Cream"},{"floor":8.0,"key":"Ornamental Fan"},{"floor":9.0,"key":"Torii"},{"floor":21,"key":"Red Mask"},{"floor":26,"key":"Strawberry"},{"floor":31,"key":"Sundial"}],"event_choices":[{"damage_healed":0.0,"max_hp_gain":0.0,"max_hp_loss":0.0,"gold_gain":100.0,"event_name":"Golden Shrine","player_choice":"Pray","floor":2.0,"gold_loss":0.0,"damage_taken":0.0},{"damage_healed":0.0,"max_hp_gain":0.0,"max_hp_loss":0.0,"gold_gain":0.0,"event_name":"Golden Idol","player_choice":"Take Damage","floor":4.0,"gold_loss":0.0,"damage_taken":18.0,"relics_obtained":["Golden Idol"]},{"damage_healed":0.0,"max_hp_gain":0.0,"max_hp_loss":0.0,"gold_gain":0.0,"event_name":"Upgrade Shrine","player_choice":"Upgraded","floor":11.0,"gold_loss":0.0,"damage_taken":0.0,"cards_upgraded":["Clothesline"]},{"damage_healed":0,"gold_gain":0,"player_choice":"Fought Bandits","damage_taken":0,"max_hp_gain":0,"max_hp_loss":0,"event_name":"Masked Bandits","floor":21,"gold_loss":0},{"damage_healed":0,"gold_gain":0,"player_choice":"Ignored","damage_taken":0,"max_hp_gain":0,"max_hp_loss":0,"event_name":"NoteForYourself","floor":23,"gold_loss":0},{"damage_healed":0,"gold_gain":0,"player_choice":"Ignored","damage_taken":0,"max_hp_gain":0,"max_hp_loss":0,"event_name":"The Mausoleum","floor":30,"gold_loss":0}],"is_beta":false,"boss_relics":[{"not_picked":["Black Star","Ectoplasm"],"picked":"Mark of Pain"}],"items_purged_floors":[22],"is_endless":false,"potions_floor_spawned":[3,6,8,16,21,24,27,29],"killed_by":"Automaton","ascension_level":14}}