{"host":"x3688v8yj57o2b0e","time":1612685999,"event":{"mods":["BaseMod","Minty Spire (QoL Compilation)"],"gold_per_floor":[112,31,47,59,78,78,108,108,108,118,151,151,182,0,0,102,102,120,45,57,68,85,85,103,20,20,20,20,30,30,56,56,155,155,171,0,16,29,43,74,74,74,74,87,140,140,158,158,158],"floor_reached":48,"language":"ENG","playtime":4925,"items_purged":[],"score":582,"play_id":"b7d0b0ea-c073-4c72-bcb1-aab1713b729d","local_time":"20210207031959","is_ascension_mode":true,"campfire_choices":[{"data":"WheelKick","floor":6,"key":"SMITH"},{"data":"Vigilance","floor":8,"key":"SMITH"},{"floor":15,"key":"REST"},{"data":"Meditate","floor":23,"key":"SMITH"},{"floor":32,"key":"REST"},{"data":"WheelKick","floor":41,"key":"SMITH"},{"data":"Tantrum","floor":46,"key":"SMITH"}],"circlet_count":0,"master_deck":["Strike_P","Defend_P","Defend_P","Eruption","Vigilance+1","WindmillStrike","WheelKick+1","FlyingSleeves","CutThroughFate","Alpha","Adaptation","ClearTheMind","Meditate+1","CrushJoints","Tantrum+1","Omniscience","MentalFortress+1","Consecrate+1","EmptyFist","Adaptation","Halt","WheelKick+1","EmptyBody","CutThroughFate","DevaForm","ClearTheMind+1","WindmillStrike+1","ThirdEye+1","Consecrate","Halt+1","Regret","Decay","FearNoEvil+1"],"relics":["Snecko Eye","Bottled Lightning","Lizard Tail","Dead Branch","GoldenEye","Bag of Preparation","Orichalcum","Cursed Key","Bag of Marbles","Empty Cage","Red Mask","Thread and Needle","Blue Candle","MealTicket"],"acts_visited":["Exordium","TheCity","TheBeyond"],"potions_floor_usage":[5,13,16,16,39,39,44,44],"damage_taken":[{"damage":0,"enemies":"Cultist","floor":1,"turns":2},{"damage":3,"enemies":"2 Louse","floor":3,"turns":2},{"damage":3,"enemies":"Jaw Worm","floor":4,"turns":2},{"damage":16,"enemies":"Exordium Thugs","floor":5,"turns":2},{"damage":17,"enemies":"3 Sentries","floor":7,"turns":5},{"damage":0,"enemies":"2 Fungi Beasts","floor":10,"turns":2},{"damage":13,"enemies":"Lagavulin","floor":11,"turns":5},{"damage":9,"enemies":"3 Sentries","floor":13,"turns":5},{"damage":15,"enemies":"Slime Boss","floor":16,"turns":9},{"damage":19,"enemies":"Shell Parasite","floor":18,"turns":2},{"damage":0,"enemies":"3 Byrds","floor":20,"turns":3},{"damage":0,"enemies":"Snake Plant","floor":21,"turns":3},{"damage":0,"enemies":"Chosen and Byrds","floor":22,"turns":4},{"damage":0,"enemies":"Centurion and Healer","floor":24,"turns":1},{"damage":16,"enemies":"Shelled Parasite and Fungi","floor":29,"turns":3},{"damage":6,"enemies":"Book of Stabbing","floor":31,"turns":4},{"damage":15,"enemies":"Champ","floor":33,"turns":6},{"damage":3,"enemies":"Orb Walker","floor":35,"turns":2},{"damage":5,"enemies":"3 Shapes","floor":37,"turns":3},{"damage":0,"enemies":"Spire Growth","floor":38,"turns":3},{"damage":20,"enemies":"3 Darklings","floor":39,"turns":3},{"damage":0,"enemies":"Giant Head","floor":40,"turns":5},{"damage":1,"enemies":"Transient","floor":44,"turns":5},{"damage":59,"enemies":"Maw","floor":47,"turns":7},{"damage":26,"enemies":"Reptomancer","floor":48,"turns":2}],"seed_played":"-3327982426761113697","potions_obtained":[{"floor":4,"key":"SkillPotion"},{"floor":5,"key":"Weak Potion"},{"floor":10,"key":"Ambrosia"},{"floor":11,"key":"EssenceOfSteel"},{"floor":20,"key":"Swift Potion"},{"floor":31,"key":"Explosive Potion"},{"floor":37,"key":"StancePotion"},{"floor":40,"key":"PowerPotion"},{"floor":47,"key":"LiquidMemories"}],"is_trial":false,"path_per_floor":["M","$","M","M","M","R","E","R","T","M","E","T","E","$","R","B",null,"M","?","M","M","M","R","M","$","T","?","$","M","?","E","R","B",null,"M","?","M","M","M","E","R","?","T","M","T","R","M","E"],"character_chosen":"WATCHER","items_purchased":["WheelKick","FlyingSleeves","Tantrum","Orichalcum","WheelKick","SteroidPotion"],"campfire_rested":2,"item_purchase_floors":[2,2,14,14,25,25],"current_hp_per_floor":[72,72,69,66,50,50,33,33,33,33,20,20,11,11,32,17,72,53,53,53,53,53,53,53,53,53,53,53,37,37,31,52,37,72,69,69,64,64,44,44,44,44,44,43,43,43,25,0,0],"gold":158,"neow_bonus":"BOSS_RELIC","is_daily":false,"chose_seed":false,"campfire_upgraded":5,"win_rate":0.0,"timestamp":1612685999,"path_taken":["M","$","M","M","M","R","E","R","T","M","E","?","E","?","R","BOSS","M","?","M","M","M","R","M","$","T","?","$","?","?","E","R","BOSS","M","?","M","M","M","E","R","?","T","M","?","R","M","E"],"items_purchased_type":["Card","Card","Card","Relic","Card","Potion"],"build_version":"2020-12-22","purchased_purges":0,"victory":false,"max_hp_per_floor":[72,72,72,72,72,72,72,72,72,72,72,72,72,72,72,72,72,72,72,72,72,72,72,72,72,72,72,72,72,72,72,72,72,72,72,72,72,72,72,72,72,72,72,72,72,72,72,72,72],"card_choices":[{"not_picked":["BowlingBash","ThirdEye"],"picked":"WindmillStrike","floor":1},{"not_picked":["EmptyBody","SashWhip"],"picked":"CutThroughFate","floor":3},{"not_picked":["WaveOfTheHand","PathToVictory"],"picked":"Alpha","floor":4},{"not_picked":["SandsOfTime","EmptyMind"],"picked":"Adaptation","floor":5},{"not_picked":["Wireheading","Prostrate"],"picked":"SashWhip","floor":7},{"not_picked":["EmptyBody","SashWhip"],"picked":"ClearTheMind","floor":10},{"not_picked":["Swivel","EmptyFist"],"picked":"Meditate","floor":11},{"not_picked":["Swivel","Collect"],"picked":"CrushJoints","floor":13},{"not_picked":["Scrawl","Judgement"],"picked":"Omniscience","floor":16},{"not_picked":["Adaptation","FlyingSleeves"],"picked":"MentalFortress+1","floor":18},{"not_picked":["ThirdEye","JustLucky+1"],"picked":"Consecrate+1","floor":20},{"not_picked":["Crescendo","ClearTheMind"],"picked":"EmptyFist","floor":21},{"not_picked":["Wireheading","Pray+1"],"picked":"Adaptation","floor":22},{"not_picked":["FlyingSleeves","PathToVictory+1"],"picked":"Halt","floor":24},{"not_picked":["Collect","Alpha"],"picked":"EmptyBody","floor":29},{"not_picked":["WaveOfTheHand+1","Nirvana+1"],"picked":"CutThroughFate","floor":31},{"not_picked":["Judgement","Blasphemy"],"picked":"DevaForm","floor":33},{"not_picked":["SashWhip","Halt"],"picked":"ClearTheMind+1","floor":35},{"not_picked":["Protect+1","FlyingSleeves+1"],"picked":"WindmillStrike+1","floor":37},{"not_picked":["EmptyMind","SashWhip+1"],"picked":"ThirdEye+1","floor":38},{"not_picked":["Devotion","Prostrate"],"picked":"Consecrate","floor":39},{"not_picked":["ThirdEye","DeusExMachina"],"picked":"Halt+1","floor":40},{"not_picked":["Evaluate+1","WreathOfFlame+1","PathToVictory+1"],"picked":"SKIP","floor":44},{"not_picked":["LikeWater+1","PathToVictory+1"],"picked":"FearNoEvil+1","floor":47}],"player_experience":210935,"relics_obtained":[{"floor":7,"key":"Bottled Lightning"},{"floor":9,"key":"Lizard Tail"},{"floor":11,"key":"Dead Branch"},{"floor":12,"key":"GoldenEye"},{"floor":13,"key":"Bag of Preparation"},{"floor":31,"key":"Bag of Marbles"},{"floor":40,"key":"Thread and Needle"},{"floor":43,"key":"Blue Candle"},{"floor":45,"key":"MealTicket"}],"event_choices":[{"cards_removed":["Strike_P"],"damage_healed":0,"gold_gain":0,"player_choice":"Gave Gold","damage_taken":0,"max_hp_gain":0,"max_hp_loss":0,"event_name":"Beggar","floor":19,"gold_loss":75},{"cards_removed":["Strike_P"],"damage_healed":0,"gold_gain":0,"player_choice":"Purged","damage_taken":0,"max_hp_gain":0,"max_hp_loss":0,"event_name":"Purifier","floor":27,"gold_loss":0},{"cards_removed":["Strike_P"],"damage_healed":0,"gold_gain":0,"player_choice":"Elegance","damage_taken":0,"max_hp_gain":0,"max_hp_loss":0,"event_name":"Back to Basics","floor":30,"gold_loss":0},{"damage_healed":0,"gold_gain":0,"player_choice":"Paid","damage_taken":0,"relics_obtained":["Red Mask"],"max_hp_gain":0,"max_hp_loss":0,"event_name":"Tomb of Lord Red Mask","floor":36,"gold_loss":171},{"cards_removed":["SashWhip"],"damage_healed":0,"gold_gain":0,"player_choice":"Removed Attack","damage_taken":0,"max_hp_gain":0,"max_hp_loss":0,"event_name":"Falling","floor":42,"gold_loss":0}],"is_beta":false,"boss_relics":[{"not_picked":["Philosopher\u0027s Stone","Black Star"],"picked":"Cursed Key"},{"not_picked":["Runic Dome","Tiny House"],"picked":"Empty Cage"}],"items_purged_floors":[],"is_endless":false,"potions_floor_spawned":[4,5,10,11,20,31,37,38,40,47],"killed_by":"Reptomancer","ascension_level":1}}