{"host":"msmkw03x1o7nq45i","time":1612729885,"event":{"mods":["AchievementEnabler","BaseMod","Bestiary","Colored Powertips","GifTheSpireLib","Highlight Path","Minty Spire (QoL Compilation)","Random Character Button","StSLib","everything is the same but u backflip on backflip"],"gold_per_floor":[18,35,46,96,112,112,142,142,142,142,152,170,188,213,213,286,286,304,317,56,56,66,66,91,91,91,123,123,134,134,163,163,237,237,257,307,582,597,613,613,642,642,642,542,562,596,352,362,362,362,362,362,35,68,68,68],"floor_reached":55,"language":"ENG","playtime":5104,"items_purged":["Strike_G","Regret","Strike_G+1"],"score":1571,"play_id":"42788fc7-2d35-41e0-8673-8ac1b349334d","local_time":"20210207223125","is_ascension_mode":true,"campfire_choices":[{"data":"Skewer","floor":6.0,"key":"SMITH"},{"data":"Leg Sweep","floor":8.0,"key":"SMITH"},{"data":"Endless Agony","floor":10.0,"key":"SMITH"},{"data":"Crippling Poison","floor":15.0,"key":"SMITH"},{"data":"Cloak And Dagger","floor":23,"key":"SMITH"},{"data":"Burst","floor":32,"key":"SMITH"},{"data":"Blade Dance","floor":40,"key":"SMITH"},{"data":"Ghostly","floor":42,"key":"SMITH"},{"floor":49,"key":"RECALL"},{"data":"Ghostly","floor":52,"key":"SMITH"}],"circlet_count":0,"master_deck":["AscendersBane","Strike_G+1","Strike_G+1","Defend_G+1","Defend_G+1","Defend_G+1","Defend_G+1","Survivor","Neutralize","Well Laid Plans","Crippling Poison+1","Leg Sweep+1","Skewer+1","Terror","Slice","Endless Agony+1","Dagger Throw","Backstab","Calculated Gamble","Malaise","Phantasmal Killer","Underhanded Strike","Masterful Stab","Tools of the Trade","Cloak And Dagger+1","Ghostly+1","Ghostly+1","Ghostly","Heel Hook+1","Blade Dance+1","Burst+1","Phantasmal Killer","Night Terror","Acrobatics","Backflip+1","Blade Dance","Parasite","Tactician","Master of Strategy","PanicButton","Finisher+1"],"relics":["Ring of the Snake","Toy Ornithopter","PreservedInsect","Eternal Feather","WristBlade","Orrery","Question Card","Paper Crane","Ancient Tea Set","StoneCalendar","Cursed Key","Tingsha","Juzu Bracelet","Gremlin Horn","Potion Belt","White Beast Statue"],"acts_visited":["Exordium","TheCity","TheBeyond","TheEnding"],"potions_floor_usage":[19,27,35,38,41,50,50,55,55,55],"damage_taken":[{"damage":0.0,"enemies":"Cultist","floor":1.0,"turns":5.0},{"damage":7.0,"enemies":"Small Slimes","floor":2.0,"turns":4.0},{"damage":5.0,"enemies":"Jaw Worm","floor":3.0,"turns":8.0},{"damage":8.0,"enemies":"Blue Slaver","floor":5.0,"turns":7.0},{"damage":18.0,"enemies":"3 Sentries","floor":7.0,"turns":10.0},{"damage":10.0,"enemies":"Gremlin Gang","floor":11.0,"turns":5.0},{"damage":4.0,"enemies":"3 Louse","floor":12.0,"turns":2.0},{"damage":0.0,"enemies":"Looter","floor":13.0,"turns":2.0},{"damage":0.0,"enemies":"Lagavulin","floor":14.0,"turns":3.0},{"damage":9.0,"enemies":"Hexaghost","floor":16.0,"turns":10.0},{"damage":1,"enemies":"Shell Parasite","floor":18,"turns":3},{"damage":6,"enemies":"Spheric Guardian","floor":19,"turns":3},{"damage":22,"enemies":"Chosen and Byrds","floor":22,"turns":9},{"damage":12,"enemies":"Gremlin Leader","floor":24,"turns":4},{"damage":0,"enemies":"Slavers","floor":27,"turns":6},{"damage":5,"enemies":"Centurion and Healer","floor":29,"turns":5},{"damage":0,"enemies":"Gremlin Leader","floor":31,"turns":5},{"damage":17,"enemies":"Champ","floor":33,"turns":7},{"damage":0,"enemies":"3 Darklings","floor":35,"turns":7},{"damage":13,"enemies":"2 Orb Walkers","floor":36,"turns":6},{"damage":1,"enemies":"Orb Walker","floor":38,"turns":2},{"damage":4,"enemies":"Maw","floor":39,"turns":5},{"damage":3,"enemies":"Giant Head","floor":41,"turns":7},{"damage":0,"enemies":"Sphere and 2 Shapes","floor":45,"turns":5},{"damage":1,"enemies":"Nemesis","floor":46,"turns":5},{"damage":2,"enemies":"Jaw Worm Horde","floor":48,"turns":5},{"damage":39,"enemies":"Awakened One","floor":50,"turns":17},{"damage":1,"enemies":"Shield and Spear","floor":54,"turns":7},{"damage":50,"enemies":"The Heart","floor":55,"turns":6}],"seed_played":"419500775363936941","potions_obtained":[{"floor":1.0,"key":"Poison Potion"},{"floor":2.0,"key":"FairyPotion"},{"floor":7.0,"key":"SteroidPotion"},{"floor":13.0,"key":"Explosive Potion"},{"floor":19,"key":"FearPotion"},{"floor":24,"key":"EssenceOfSteel"},{"floor":31,"key":"SpeedPotion"},{"floor":36,"key":"ColorlessPotion"},{"floor":39,"key":"Poison Potion"},{"floor":45,"key":"Poison Potion"},{"floor":54,"key":"PowerPotion"}],"is_trial":false,"path_per_floor":["M","M","M","?","M","R","E","R","T","R","M","M","M","E","R","B",null,"M","M","$","?","M","R","E","?","T","E","T","M","?","E","R","B",null,"M","?","?","M","M","R","E","R","T","$","M","E","$","M","R","B",null,"R","$","E","B"],"character_chosen":"THE_SILENT","items_purchased":["Orrery","Cloak And Dagger","Strength Potion","Master of Strategy","PanicButton","Dexterity Potion","BlessingOfTheForge"],"campfire_rested":0,"item_purchase_floors":[20,20,47,47,53,53,53],"current_hp_per_floor":[59,52,47,47,39,39,21,21,21,21,11,12,12,12,24,15,53,52,51,51,33,11,26,14,14,14,19,19,14,14,14,32,15,29,33,20,20,24,20,33,30,33,33,33,33,32,32,30,33,4,26,33,33,32,0,0],"gold":68,"neow_bonus":"TRANSFORM_TWO_CARDS","is_daily":false,"chose_seed":false,"campfire_upgraded":9,"win_rate":0.0,"timestamp":1612729885,"path_taken":["M","M","M","?","M","R","E","R","T","R","M","M","M","E","R","BOSS","M","?","$","?","M","R","E","?","T","E","?","?","?","E","R","BOSS","M","?","?","M","M","R","E","R","T","$","M","E","$","M","R","BOSS","R","$","E","BOSS"],"items_purchased_type":["Relic","Card","Potion","Card","Card","Potion","Potion"],"build_version":"2020-12-22","purchased_purges":3,"victory":false,"max_hp_per_floor":[66,66,66,66,66,66,66,66,66,66,66,66,66,66,66,66,66,66,66,66,33,33,33,33,33,33,33,33,33,33,33,33,33,33,33,33,33,33,33,33,33,33,33,33,33,33,33,33,33,33,33,33,33,33,33,33],"card_choices":[{"not_picked":["Deadly Poison","Accuracy"],"picked":"Leg Sweep","floor":1.0},{"not_picked":["Backflip","Finisher"],"picked":"Skewer","floor":2.0},{"not_picked":["PiercingWail","Masterful Stab"],"picked":"Terror","floor":3.0},{"not_picked":["Skewer","Underhanded Strike"],"picked":"Slice","floor":5.0},{"not_picked":["Leg Sweep","Dagger Throw"],"picked":"Endless Agony","floor":7.0},{"not_picked":["Reflex","Backflip"],"picked":"Dagger Throw","floor":11.0},{"not_picked":["Crippling Poison","Underhanded Strike"],"picked":"Backstab","floor":12.0},{"not_picked":["Deadly Poison","Sucker Punch"],"picked":"Calculated Gamble","floor":13.0},{"not_picked":["Poisoned Stab","Predator"],"picked":"Malaise","floor":14.0},{"not_picked":["Night Terror","A Thousand Cuts"],"picked":"Phantasmal Killer","floor":16.0},{"not_picked":["Outmaneuver","Quick Slash"],"picked":"Underhanded Strike","floor":18},{"not_picked":["Flying Knee","Caltrops"],"picked":"Masterful Stab","floor":19},{"not_picked":["Night Terror","Glass Knife"],"picked":"Tools of the Trade","floor":20},{"not_picked":["Backflip","Deadly Poison","Riddle With Holes+1"],"picked":"SKIP","floor":22},{"not_picked":["Acrobatics","Outmaneuver"],"picked":"Heel Hook+1","floor":24},{"not_picked":["Well Laid Plans","Quick Slash","Masterful Stab","Skewer"],"picked":"SKIP","floor":27},{"not_picked":["Underhanded Strike","Expertise+1","Outmaneuver"],"picked":"Blade Dance","floor":29},{"not_picked":["Sucker Punch","Slice","Deadly Poison+1"],"picked":"Phantasmal Killer","floor":31},{"not_picked":["Doppelganger","Phantasmal Killer","Bullet Time"],"picked":"Night Terror","floor":33},{"not_picked":["Poisoned Stab+1","Infinite Blades","Dagger Spray","Bane"],"picked":"SKIP","floor":35},{"not_picked":["Deadly Poison+1","Envenom","Cloak And Dagger"],"picked":"Acrobatics","floor":38},{"not_picked":["Bane","Flying Knee+1","Endless Agony"],"picked":"Backflip+1","floor":39},{"not_picked":["Deflect","Dodge and Roll","Endless Agony"],"picked":"Blade Dance","floor":41},{"not_picked":["Sucker Punch","Phantasmal Killer","Heel Hook","Deadly Poison"],"picked":"SKIP","floor":45},{"not_picked":["Dodge and Roll+1","Escape Plan","Backflip"],"picked":"Tactician","floor":46},{"not_picked":["Infinite Blades","Deflect","Predator","Footwork+1"],"picked":"SKIP","floor":48},{"not_picked":["Prepared","Concentrate","Sucker Punch"],"picked":"Finisher+1","floor":54}],"player_experience":500235,"relics_obtained":[{"floor":7.0,"key":"Toy Ornithopter"},{"floor":9.0,"key":"PreservedInsect"},{"floor":14.0,"key":"Eternal Feather"},{"floor":24,"key":"Question Card"},{"floor":26,"key":"Paper Crane"},{"floor":27,"key":"Ancient Tea Set"},{"floor":31,"key":"StoneCalendar"},{"floor":36,"key":"Tingsha"},{"floor":41,"key":"Juzu Bracelet"},{"floor":43,"key":"Gremlin Horn"},{"floor":46,"key":"Potion Belt"},{"floor":54,"key":"White Beast Statue"}],"event_choices":[{"damage_healed":0.0,"max_hp_gain":0.0,"max_hp_loss":0.0,"gold_gain":50.0,"event_name":"Golden Shrine","player_choice":"Pray","floor":4.0,"gold_loss":0.0,"damage_taken":0.0},{"damage_healed":0,"gold_gain":0,"player_choice":"Became a Ghost","damage_taken":0,"max_hp_gain":0,"max_hp_loss":33,"event_name":"Ghosts","floor":21,"gold_loss":0,"cards_obtained":["Ghostly","Ghostly","Ghostly"]},{"damage_healed":0,"gold_gain":0,"player_choice":"Simplicity","damage_taken":0,"max_hp_gain":0,"max_hp_loss":0,"event_name":"Back to Basics","floor":25,"gold_loss":0,"cards_upgraded":["Strike_G","Strike_G","Strike_G","Defend_G","Defend_G","Defend_G","Defend_G"]},{"damage_healed":0,"gold_gain":0,"player_choice":"Read","damage_taken":0,"max_hp_gain":0,"max_hp_loss":0,"event_name":"The Library","floor":30,"gold_loss":0,"cards_obtained":["Burst"]},{"damage_healed":0,"gold_gain":0,"player_choice":"Fight","damage_taken":0,"max_hp_gain":0,"max_hp_loss":0,"event_name":"Mysterious Sphere","floor":36,"gold_loss":0},{"damage_healed":0,"gold_gain":275,"player_choice":"Desecrate","damage_taken":0,"max_hp_gain":0,"max_hp_loss":0,"event_name":"Golden Shrine","floor":37,"gold_loss":0,"cards_obtained":["Regret"]}],"is_beta":false,"boss_relics":[{"not_picked":["Tiny House","Ring of the Serpent"],"picked":"WristBlade"},{"not_picked":["Philosopher\u0027s Stone","Snecko Eye"],"picked":"Cursed Key"}],"items_purged_floors":[20,44,53],"is_endless":false,"potions_floor_spawned":[1,2,5,7,13,19,24,31,36,39,45,54],"killed_by":"The Heart","ascension_level":17}}