{"host":"1ooxfz79hmpvpehx","time":1612723504,"event":{"mods":["BaseMod","Minty Spire (QoL Compilation)","Quick Restart","Replay The Spire","StSLib","SuperFastMode"],"gold_per_floor":[116,116,216,24,36,36,65,75,75,102,15,30,75,107,107,208,208,218,230,230,32,46,81,81,114,114,114,124,124,224,139,139,240,240,260,273,290,302,87,87,87,104,130,130,145,145,180,199,199,199,199,199,1,33,33],"floor_reached":56,"language":"ENG","playtime":1528,"items_purged":["Sickly","Strike_B","Strike_B","Defend_B","Parasite"],"score":1437,"play_id":"48596898-c315-48af-bc6e-1fe0e14abf75","local_time":"20210207154504","is_ascension_mode":false,"campfire_choices":[{"data":"Hyperbeam","floor":6,"key":"SMITH"},{"data":"Creative AI","floor":15,"key":"SMITH"},{"data":"Storm","floor":27,"key":"SMITH"},{"floor":32,"key":"RECALL"},{"data":"Defragment","floor":40,"key":"SMITH"},{"data":"Pot Of Greed","floor":49,"key":"SMITH"},{"floor":52,"key":"REST"}],"circlet_count":0,"master_deck":["Defend_B+1","Defend_B+1","Zap+1","Dualcast+1","Force Field+1","Gash+1","Hyperbeam+1","Self Repair+1","Force Field+1","Defragment+1","Creative AI+1","Capacitor+1","Pot Of Greed+1","Pot Of Greed+1","Storm+1","Electrodynamics+1","Ghostly+1","Ghostly+1","Ghostly+1","Ghostly+1","Ghostly+1","Pot Of Greed+1","Storm+1","Defragment+1","White Noise+1","Mayhem+1","Defragment+1","Buffer+1","FIFO Queue+1","Heatsinks+1","ReplaySolidLightProjector+1","Loop+1","Pot Of Greed+1","Defragment+1"],"relics":["Cracked Core","Prayer Wheel","ReplayTheSpireMod:Ring of Collecting","Membership Card","Eternal Feather","Ring of Shattering","Blue Doll","Smiling Mask","Grinning Jar","Onion Ring","Inserter","Frozen Egg 2","DollysMirror","Calipers","Question Card","BargainBundle","Incense Burner","Replay:Rubber Ducky","StoneCalendar","Bottled Tornado","Pet Ghost","Empty Cage","Pantograph","Ring of Hypnosis","Geode","Mark of the Bloom","Mercury Hourglass","Strawberry","FossilizedHelix"],"acts_visited":["Exordium","TheCity","TheBeyond","TheEnding"],"potions_floor_usage":[10,14,14,16,19,19,25,30,30,33,44,45,54,55,55],"damage_taken":[{"damage":1,"enemies":"2 Louse","floor":1,"turns":2},{"damage":6,"enemies":"Cultist","floor":5,"turns":3},{"damage":18,"enemies":"Gremlin Nob","floor":7,"turns":4},{"damage":1,"enemies":"Jaw Worm","floor":8,"turns":3},{"damage":11,"enemies":"3 Sentries","floor":10,"turns":3},{"damage":0,"enemies":"2 Fungi Beasts","floor":12,"turns":1},{"damage":20,"enemies":"Lagavulin","floor":14,"turns":8},{"damage":18,"enemies":"Slime Boss","floor":16,"turns":6},{"damage":25,"enemies":"2 Thieves","floor":18,"turns":3},{"damage":12,"enemies":"Shell Parasite","floor":19,"turns":2},{"damage":2,"enemies":"Centurion and Healer","floor":22,"turns":4},{"damage":5,"enemies":"Slavers","floor":23,"turns":4},{"damage":2,"enemies":"Gremlin Leader","floor":25,"turns":5},{"damage":0,"enemies":"Snake Plant","floor":28,"turns":3},{"damage":0,"enemies":"Colosseum Slavers","floor":30,"turns":4},{"damage":0,"enemies":"Colosseum Nobs","floor":30,"turns":2},{"damage":0,"enemies":"Automaton","floor":33,"turns":6},{"damage":0,"enemies":"3 Darklings","floor":35,"turns":4},{"damage":0,"enemies":"3 Shapes","floor":36,"turns":3},{"damage":12,"enemies":"Writhing Mass","floor":37,"turns":4},{"damage":0,"enemies":"4 Shapes","floor":38,"turns":3},{"damage":0,"enemies":"Maw","floor":42,"turns":4},{"damage":0,"enemies":"Jaw Worm Horde","floor":44,"turns":1},{"damage":9,"enemies":"4 Shapes","floor":45,"turns":3},{"damage":2,"enemies":"Giant Head","floor":47,"turns":5},{"damage":0,"enemies":"Sphere and 2 Shapes","floor":48,"turns":3},{"damage":11,"enemies":"Donu and Deca","floor":50,"turns":4},{"damage":6,"enemies":"Shield and Spear","floor":54,"turns":4},{"damage":0,"enemies":"The Heart","floor":55,"turns":6}],"seed_played":"-7792017107980819312","potions_obtained":[{"floor":8,"key":"Dexterity Potion"},{"floor":10,"key":"DistilledChaos"},{"floor":13,"key":"LiquidBronze"},{"floor":14,"key":"FocusPotion"},{"floor":16,"key":"EssenceOfDarkness"},{"floor":18,"key":"Fire Potion"},{"floor":22,"key":"GamblersBrew"},{"floor":23,"key":"AttackPotion"},{"floor":30,"key":"SmokeBomb"},{"floor":36,"key":"AttackPotion"},{"floor":42,"key":"Cursed Concoction"},{"floor":45,"key":"SpeedPotion"},{"floor":54,"key":"Dexterity Potion"}],"is_trial":false,"path_per_floor":["M","?","?","$","M","R","E","M","T","E","$","M","?","E","R","B",null,"M","M","?","$","M","E","?","E","T","R","M","$","?","?","R","B",null,"M","M","M","M","$","R","?","M","T","M","M","?","E","M","R","B",null,"R","$","E","B",null],"character_chosen":"DEFECT","items_purchased":["Membership Card","Defragment","Frozen Egg 2","DollysMirror","BargainBundle","Mayhem+1","Defragment+1","Incense Burner","Replay:Rubber Ducky","EssenceOfSteel","Fire Potion","Pantograph","Heatsinks+1","Defragment+1","Strawberry","FocusPotion","Swift Potion"],"campfire_rested":1,"item_purchase_floors":[4,11,21,21,29,29,29,29,29,29,29,39,39,53,53,53,53],"current_hp_per_floor":[74,74,74,74,68,68,50,49,49,45,45,45,45,39,51,47,75,57,52,37,37,35,37,37,35,35,37,37,37,37,37,37,37,37,37,37,25,32,32,37,37,37,37,37,35,35,33,33,33,22,22,22,22,16,16],"gold":33,"neow_bonus":"ONE_RARE_RELIC","is_daily":false,"chose_seed":false,"campfire_upgraded":5,"win_rate":0.0,"timestamp":1612723504,"path_taken":["M","?","?","$","M","R","E","?","T","E","$","?","?","E","R","BOSS","M","M","?","$","M","E","?","E","T","R","?","$","?","?","R","BOSS","M","M","M","M","$","R","?","M","T","M","?","?","E","M","R","BOSS","R","$","E","BOSS"],"items_purchased_type":["Relic","Card","Relic","Relic","Relic","Card","Card","Relic","Relic","Potion","Potion","Relic","Card","Card","Relic","Potion","Potion"],"build_version":"2020-12-22","purchased_purges":5,"victory":true,"max_hp_per_floor":[75,75,75,75,75,75,75,75,75,75,75,75,75,75,75,75,75,75,75,37,37,37,37,37,37,37,37,37,37,37,37,37,37,37,37,37,37,37,37,37,37,37,37,37,37,37,37,37,37,37,37,37,41,41,41],"card_choices":[{"not_picked":["Barrage","Coolheaded"],"picked":"Force Field","floor":1},{"not_picked":["Streamline","Reprogram","Coolheaded"],"picked":"SKIP","floor":1},{"not_picked":["BasicCrystalCard","Rebound"],"picked":"Gash","floor":5},{"not_picked":["Sweeping Beam","ReplaySort"],"picked":"Hyperbeam","floor":5},{"not_picked":["Go for the Eyes","Blizzard","Beam Cell"],"picked":"SKIP","floor":7},{"not_picked":["Coolheaded","Chaos"],"picked":"Self Repair","floor":8},{"not_picked":["Ball Lightning","Leap","Streamline"],"picked":"SKIP","floor":8},{"not_picked":["Streamline","Cold Snap"],"picked":"Force Field","floor":10},{"not_picked":["Hello World","Beam Cell"],"picked":"Creative AI","floor":12},{"not_picked":["Conserve Battery","Stack","Compile Driver"],"picked":"SKIP","floor":12},{"not_picked":["Go for the Eyes","Beam Cell"],"picked":"Capacitor","floor":13},{"not_picked":["Go for the Eyes","Beam Cell"],"picked":"Double Energy","floor":13},{"not_picked":["Leap","Lockon"],"picked":"Storm","floor":14},{"not_picked":["Fission","Creative AI"],"picked":"Electrodynamics","floor":16},{"not_picked":["ReplayTheSpireMod:System Scan","Reprogram","Skim+1"],"picked":"SKIP","floor":18},{"not_picked":["Redo","ReplayTheSpireMod:Repulse","Coolheaded+1"],"picked":"SKIP","floor":18},{"not_picked":["Sunder","Recycle+1","Coolheaded"],"picked":"SKIP","floor":19},{"not_picked":["Coolheaded","Barrage","Sweeping Beam"],"picked":"SKIP","floor":19},{"not_picked":["Turbo","Panic Button","ReplayTheSpireMod:Repulse"],"picked":"SKIP","floor":22},{"not_picked":["Leap","Stack","Chill"],"picked":"SKIP","floor":22},{"not_picked":["Lockon","Recycle"],"picked":"Defragment+1","floor":23},{"not_picked":["Sunder","Hologram+1","ReplaySolidLightProjector"],"picked":"SKIP","floor":25},{"not_picked":["Rebound+1","Coolheaded","Heatsinks+1"],"picked":"White Noise+1","floor":28},{"not_picked":["Cold Snap","BasicCrystalCard","Turbo+1","Go for the Eyes"],"picked":"SKIP","floor":28},{"not_picked":["Reboot","Hyperbeam","Mirror Shield"],"picked":"Buffer+1","floor":33},{"not_picked":["Turbo+1","Stack","Static Discharge+1","Streamline"],"picked":"SKIP","floor":35},{"not_picked":["Streamline","Steam Power","Static Discharge+1","Beam Cell"],"picked":"SKIP","floor":35},{"not_picked":["Steam","Beam Cell","Turbo+1","Hologram"],"picked":"SKIP","floor":36},{"not_picked":["Undo+1","Blizzard+1","Steam Power","Beam Cell+1"],"picked":"SKIP","floor":36},{"not_picked":["Skim+1","Hologram","Leap","Go for the Eyes+1"],"picked":"SKIP","floor":37},{"not_picked":["Steam","Time Bomb+1","Beam Cell","Barrage+1"],"picked":"SKIP","floor":37},{"not_picked":["Streamline+1","BootSequence+1","Glacier"],"picked":"FIFO Queue+1","floor":38},{"not_picked":["ReplaySolidLightProjector+1","Sweeping Beam+1","ReplayTheSpireMod:Calculation Training+1","Fusion"],"picked":"SKIP","floor":38},{"not_picked":["Ball Lightning+1","Conserve Battery+1","Go for the Eyes+1","Streamline+1"],"picked":"SKIP","floor":42},{"not_picked":["Chaos","Cold Snap","Undo","ReplayTheSpireMod:Calculation Training"],"picked":"SKIP","floor":42},{"not_picked":["Ball Lightning+1","Conserve Battery+1","Go for the Eyes+1","Streamline+1"],"picked":"SKIP","floor":42},{"not_picked":["Chaos","Cold Snap","Undo","ReplayTheSpireMod:Calculation Training"],"picked":"SKIP","floor":42},{"not_picked":["Fission","Hologram","Reinforced Body","Static Discharge+1"],"picked":"SKIP","floor":45},{"not_picked":["Hologram","Conserve Battery+1","Cold Snap","ReplayGash+1"],"picked":"SKIP","floor":45},{"not_picked":["Gash","Electrodynamics+1","Beam Cell"],"picked":"Loop+1","floor":47},{"not_picked":["Chaos+1","Rebound","Reprogram","Ball Lightning"],"picked":"SKIP","floor":48},{"not_picked":["Beam Cell+1","Compile Driver","Cold Snap","Redo+1"],"picked":"SKIP","floor":48},{"not_picked":["ReplayTheSpireMod:Repulse","Glacier","Sweeping Beam+1","Doom and Gloom"],"picked":"SKIP","floor":54}],"player_experience":25848,"relics_obtained":[{"floor":2,"key":"ReplayTheSpireMod:Ring of Collecting"},{"floor":7,"key":"Eternal Feather"},{"floor":9,"key":"Ring of Shattering"},{"floor":9,"key":"Blue Doll"},{"floor":10,"key":"Smiling Mask"},{"floor":13,"key":"Grinning Jar"},{"floor":14,"key":"Onion Ring"},{"floor":23,"key":"Calipers"},{"floor":25,"key":"Question Card"},{"floor":30,"key":"StoneCalendar"},{"floor":30,"key":"Bottled Tornado"},{"floor":43,"key":"Ring of Hypnosis"},{"floor":43,"key":"Geode"},{"floor":47,"key":"Mercury Hourglass"},{"floor":54,"key":"FossilizedHelix"}],"event_choices":[{"damage_healed":0,"gold_gain":100,"player_choice":"Gold","damage_taken":0,"max_hp_gain":0,"max_hp_loss":0,"event_name":"Wheel of Change","floor":3,"gold_loss":0},{"damage_healed":0,"gold_gain":0,"player_choice":"Became a Ghost","damage_taken":0,"max_hp_gain":0,"max_hp_loss":38,"event_name":"Ghosts","floor":20,"gold_loss":0,"cards_obtained":["Ghostly","Ghostly","Ghostly","Ghostly","Ghostly"]},{"cards_removed":["Double Energy"],"damage_healed":0,"gold_gain":0,"player_choice":"Offered Uncommon","damage_taken":0,"max_hp_gain":0,"max_hp_loss":0,"event_name":"Bonfire Elementals","floor":24,"gold_loss":0},{"damage_healed":0,"gold_gain":0,"player_choice":"Fight","damage_taken":0,"max_hp_gain":0,"max_hp_loss":0,"event_name":"Colosseum","floor":30,"gold_loss":0},{"damage_healed":0,"gold_gain":0,"player_choice":"Fought Nobs","damage_taken":0,"max_hp_gain":0,"max_hp_loss":0,"event_name":"Colosseum","floor":30,"gold_loss":0},{"damage_healed":0,"gold_gain":0,"player_choice":"Obtained Relic","damage_taken":0,"relics_obtained":["Pet Ghost"],"max_hp_gain":0,"max_hp_loss":0,"event_name":"Addict","floor":31,"gold_loss":85},{"damage_healed":0,"gold_gain":0,"cards_transformed":["Defend_B"],"player_choice":"Transformed","damage_taken":0,"max_hp_gain":0,"max_hp_loss":0,"event_name":"Transmorgrifier","floor":41,"gold_loss":0,"cards_obtained":["ReplaySolidLightProjector"]},{"damage_healed":0,"gold_gain":0,"player_choice":"Upgrade","damage_taken":0,"relics_obtained":["Mark of the Bloom"],"max_hp_gain":0,"max_hp_loss":0,"event_name":"MindBloom","floor":46,"gold_loss":0,"cards_upgraded":["Defend_B","Defend_B","Zap","Dualcast","Force Field","Gash","Self Repair","Force Field","Capacitor","Pot Of Greed","Pot Of Greed","Electrodynamics","Ghostly","Ghostly","Ghostly","Ghostly","Ghostly","Pot Of Greed","ReplaySolidLightProjector"]}],"is_beta":false,"boss_relics":[{"not_picked":["FrozenCore","Painkiller Herb"],"picked":"Inserter"},{"not_picked":["ReplayTheSpireMod:DimensionalGlitch","Snecko Eye"],"picked":"Empty Cage"}],"items_purged_floors":[4,11,29,39,53],"is_endless":false,"potions_floor_spawned":[8,10,14,16,18,22,23,30,36,42,44,45,54],"ascension_level":0}}