{"host":"hxua32t82iuyq99n","time":1612668161,"event":{"mods":["AchievementEnabler","BaseMod","Colored Map","Minty Spire (QoL Compilation)","everything is the same but u backflip on backflip"],"gold_per_floor":[112,127,144,158,10,10,39,51,51,51,69,69,69,44,44,44,44],"floor_reached":16,"language":"ENG","playtime":387,"items_purged":[],"score":102,"play_id":"9777383b-8c49-4d78-a5c0-18b10367f4a9","local_time":"20210207052241","is_ascension_mode":false,"campfire_choices":[{"data":"Bludgeon","floor":6.0,"key":"SMITH"},{"data":"Bash","floor":13.0,"key":"SMITH"},{"data":"Armaments","floor":15.0,"key":"SMITH"}],"circlet_count":0,"master_deck":["Strike_R","Strike_R","Strike_R","Strike_R","Strike_R","Defend_R","Defend_R","Defend_R","Defend_R","Bash+1","Carnage","Clothesline","Heavy Blade+1","Bludgeon+1","Buffer+1","WindmillStrike+1","Armaments+1"],"relics":["Burning Blood","PrismaticShard","Blood Vial","Meat on the Bone"],"acts_visited":[],"potions_floor_usage":[],"damage_taken":[{"damage":8.0,"enemies":"Jaw Worm","floor":1.0,"turns":5.0},{"damage":10.0,"enemies":"Small Slimes","floor":2.0,"turns":2.0},{"damage":0.0,"enemies":"Cultist","floor":3.0,"turns":2.0},{"damage":6.0,"enemies":"2 Fungi Beasts","floor":4.0,"turns":3.0},{"damage":4.0,"enemies":"Gremlin Nob","floor":7.0,"turns":3.0},{"damage":21.0,"enemies":"Lots of Slimes","floor":8.0,"turns":5.0},{"damage":14.0,"enemies":"Exordium Thugs","floor":11.0,"turns":5.0},{"damage":0,"enemies":"Hexaghost","floor":16,"turns":1}],"seed_played":"-8738695917636111442","potions_obtained":[{"floor":1.0,"key":"LiquidMemories"},{"floor":2.0,"key":"Strength Potion"},{"floor":11.0,"key":"SteroidPotion"}],"is_trial":false,"path_per_floor":["M","M","M","M","$","R","E","M","T","?","M","?","R","$","R","B"],"character_chosen":"IRONCLAD","items_purchased":["PrismaticShard","Armaments"],"campfire_rested":0,"item_purchase_floors":[5,14],"current_hp_per_floor":[86,82,88,88,88,88,88,73,73,73,67,49,49,49,49,51,51],"gold":44,"neow_bonus":"TEN_PERCENT_HP_BONUS","is_daily":false,"chose_seed":false,"campfire_upgraded":3,"win_rate":0.0,"timestamp":1612668161,"path_taken":["M","M","M","M","$","R","E","M","T","?","M","?","R","$","R","BOSS"],"items_purchased_type":["Relic","Card"],"build_version":"2020-12-22","purchased_purges":0,"victory":false,"max_hp_per_floor":[88,88,88,88,88,88,88,88,88,88,88,88,88,88,88,88,88],"card_choices":[{"not_picked":["Evolve","Entrench"],"picked":"Carnage","floor":1.0},{"not_picked":["Reckless Charge","Warcry"],"picked":"Clothesline","floor":2.0},{"not_picked":["Sword Boomerang","Pummel"],"picked":"Heavy Blade","floor":3.0},{"not_picked":["Cleave","Warcry"],"picked":"Bludgeon","floor":4.0},{"not_picked":["ThirdEye","Stack"],"picked":"Buffer","floor":7.0},{"not_picked":["Mind Blast","Compile Driver","Barrage"],"picked":"SKIP","floor":8.0},{"not_picked":["Flying Knee","Halt"],"picked":"WindmillStrike","floor":11.0}],"player_experience":703543,"relics_obtained":[{"floor":7.0,"key":"Blood Vial"},{"floor":9.0,"key":"Meat on the Bone"}],"event_choices":[{"damage_healed":0.0,"max_hp_gain":0.0,"max_hp_loss":0.0,"gold_gain":0.0,"event_name":"Living Wall","player_choice":"Grow","floor":10.0,"gold_loss":0.0,"damage_taken":0.0,"cards_upgraded":["Buffer"]},{"damage_healed":0.0,"max_hp_gain":0.0,"max_hp_loss":0.0,"gold_gain":0.0,"event_name":"Shining Light","player_choice":"Entered Light","floor":12.0,"gold_loss":0.0,"damage_taken":18.0,"cards_upgraded":["WindmillStrike","Heavy Blade"]}],"is_beta":false,"boss_relics":[],"items_purged_floors":[],"is_endless":false,"potions_floor_spawned":[1,2,11],"killed_by":"Hexaghost","ascension_level":0}}