{"host":"wshey5htrz8rni6u","time":1612705257,"event":{"mods":["2.2 Compatiblity","BaseMod","Best Route Mod","Block Reminder","Colored Map","Colored Powertips","Current Relic Mod","Curses Come First","Dark Map","Key Reminder","Minty Spire (QoL Compilation)","Potion Indicator Mod","Quick Restart","Random Character Button","Relic Sorter","Relic Stats","StSLib","SuperFastMode","Unceasing Turn Reminder"],"gold_per_floor":[17,17,17,17,33,33,67,67,67,78,89,89,104,138,138,237,237,249,249,3,20,36,36,63,63,88,108,48,81,34,34,34,34,34],"floor_reached":33,"language":"ENG","playtime":1420,"items_purged":["Strike_R"],"score":293,"play_id":"a7f69f38-7aa6-4827-849f-16c1f61a8143","local_time":"20210207054057","is_ascension_mode":false,"campfire_choices":[{"data":"Metamorphosis","floor":6,"key":"SMITH"},{"data":"Dark Embrace","floor":8,"key":"SMITH"},{"data":"True Grit","floor":12,"key":"SMITH"},{"data":"Juggernaut","floor":15,"key":"SMITH"},{"data":"Double Tap","floor":23,"key":"SMITH"},{"floor":25,"key":"REST"},{"floor":32,"key":"REST"}],"circlet_count":0,"master_deck":["Defend_R","Defend_R","Defend_R+1","Defend_R","Bash","Metamorphosis+1","Dark Embrace+1","Juggernaut+1","Metallicize","Spot Weakness","True Grit+1","Metallicize","Whirlwind","Rage","Double Tap+1","Shockwave","Pommel Strike","Dagger Spray+1","Deflect+1","Chrysalis","Blur","Glass Knife","Barricade","True Grit","Armaments","FollowUp+1"],"relics":["Burning Blood","Blood Vial","Red Skull","Bag of Preparation","Black Star","PrismaticShard","Dream Catcher","Oddly Smooth Stone","Vajra","Potion Belt","Letter Opener","MutagenicStrength"],"acts_visited":["Exordium","TheCity"],"potions_floor_usage":[21,24,24,29,33],"damage_taken":[{"damage":3,"enemies":"Jaw Worm","floor":1,"turns":3},{"damage":0,"enemies":"2 Louse","floor":5,"turns":4},{"damage":16,"enemies":"3 Sentries","floor":7,"turns":5},{"damage":0,"enemies":"Cultist","floor":10,"turns":3},{"damage":6,"enemies":"Blue Slaver","floor":11,"turns":4},{"damage":2,"enemies":"Exordium Thugs","floor":13,"turns":4},{"damage":5,"enemies":"Lagavulin","floor":14,"turns":6},{"damage":39,"enemies":"Hexaghost","floor":16,"turns":6},{"damage":4,"enemies":"3 Byrds","floor":18,"turns":6},{"damage":9,"enemies":"Shell Parasite","floor":21,"turns":5},{"damage":19,"enemies":"Cultist and Chosen","floor":22,"turns":6},{"damage":34,"enemies":"Gremlin Leader","floor":24,"turns":6},{"damage":38,"enemies":"Sentry and Sphere","floor":27,"turns":6},{"damage":37,"enemies":"Slavers","floor":29,"turns":7},{"damage":62,"enemies":"Collector","floor":33,"turns":5}],"seed_played":"-4679023553614348245","potions_obtained":[{"floor":1,"key":"Regen Potion"},{"floor":11,"key":"LiquidMemories"},{"floor":14,"key":"Regen Potion"},{"floor":18,"key":"Fruit Juice"},{"floor":21,"key":"Strength Potion"},{"floor":29,"key":"FearPotion"}],"is_trial":false,"path_per_floor":["M","?","$","?","M","R","E","R","T","M","M","R","M","E","R","B",null,"M","?","$","M","M","R","E","R","T","M","?","E","$","?","R","B"],"character_chosen":"IRONCLAD","items_purchased":["PrismaticShard","Pommel Strike","Armaments"],"campfire_rested":2,"item_purchase_floors":[20,20,30],"current_hp_per_floor":[80,80,80,64,70,70,60,60,60,68,70,70,76,79,79,47,80,80,80,80,82,71,71,45,70,70,40,40,26,26,26,51,0,0],"gold":34,"neow_bonus":"RANDOM_COLORLESS_2","is_daily":false,"chose_seed":false,"campfire_upgraded":5,"win_rate":0.0,"timestamp":1612705257,"path_taken":["M","?","$","?","M","R","E","R","T","M","M","R","M","E","R","BOSS","M","?","$","M","?","R","E","R","T","M","?","E","?","?","R","BOSS"],"items_purchased_type":["Relic","Card","Card"],"build_version":"2020-12-13","purchased_purges":1,"victory":false,"max_hp_per_floor":[80,80,80,80,80,80,80,80,80,80,80,80,80,80,80,80,80,80,80,80,85,85,85,85,85,85,85,85,85,85,85,85,85,85],"relic_stats":{"Blood Vial":19,"Dream Catcher":2,"counters":[15,76],"Bag of Preparation":[16],"Black Star":2,"Letter Opener":[5],"obtain_stats":[{"Blood Vial":7,"Potion Belt":29,"Dream Catcher":24,"MutagenicStrength":31,"Oddly Smooth Stone":24,"Vajra":26,"Bag of Preparation":14,"Black Star":17,"Letter Opener":29,"PrismaticShard":20,"Burning Blood":0,"Red Skull":9},{"Blood Vial":3,"Potion Belt":14,"Dream Catcher":12,"MutagenicStrength":14,"Oddly Smooth Stone":12,"Vajra":12,"Bag of Preparation":7,"Black Star":8,"Letter Opener":14,"PrismaticShard":9,"Burning Blood":0,"Red Skull":3},{"Blood Vial":12,"Potion Belt":71,"Dream Catcher":58,"MutagenicStrength":71,"Oddly Smooth Stone":58,"Vajra":58,"Bag of Preparation":29,"Black Star":35,"Letter Opener":71,"PrismaticShard":41,"Burning Blood":0,"Red Skull":12}],"Burning Blood":79},"card_choices":[{"not_picked":["Transmutation","Apotheosis"],"picked":"Metamorphosis","floor":0},{"not_picked":["Clothesline","Pummel"],"picked":"Dark Embrace","floor":1},{"not_picked":["Warcry","Twin Strike"],"picked":"Metallicize","floor":5},{"not_picked":["Corruption","Body Slam"],"picked":"Spot Weakness","floor":7},{"not_picked":["Headbutt","Searing Blow"],"picked":"True Grit","floor":10},{"not_picked":["Cleave","Flame Barrier"],"picked":"Metallicize","floor":11},{"not_picked":["Reckless Charge","True Grit"],"picked":"Whirlwind","floor":13},{"not_picked":["Headbutt","Perfected Strike"],"picked":"Rage","floor":14},{"not_picked":["Bludgeon","Offering"],"picked":"Double Tap","floor":16},{"not_picked":["Body Slam","Warcry"],"picked":"Shockwave","floor":18},{"not_picked":["Chaos+1","Deflect"],"picked":"Dagger Spray+1","floor":21},{"not_picked":["Iron Wave","Outmaneuver+1"],"picked":"Deflect+1","floor":22},{"not_picked":["Genetic Algorithm","Sword Boomerang"],"picked":"Chrysalis","floor":24},{"not_picked":["JustLucky","Steam+1"],"picked":"Blur","floor":25},{"not_picked":["Flex","Sucker Punch"],"picked":"Glass Knife","floor":27},{"not_picked":["Pommel Strike","Sucker Punch","Perfected Strike"],"picked":"SKIP","floor":29},{"not_picked":["True Grit","Beam Cell"],"picked":"FollowUp+1","floor":32}],"player_experience":6014,"relics_obtained":[{"floor":7,"key":"Blood Vial"},{"floor":9,"key":"Red Skull"},{"floor":14,"key":"Bag of Preparation"},{"floor":24,"key":"Dream Catcher"},{"floor":24,"key":"Oddly Smooth Stone"},{"floor":26,"key":"Vajra"},{"floor":29,"key":"Potion Belt"},{"floor":29,"key":"Letter Opener"}],"event_choices":[{"damage_healed":0,"gold_gain":0,"cards_transformed":["Strike_R"],"player_choice":"Change","damage_taken":0,"max_hp_gain":0,"max_hp_loss":0,"event_name":"Living Wall","floor":2,"gold_loss":0,"cards_obtained":["Juggernaut"]},{"damage_healed":0,"gold_gain":0,"player_choice":"Entered Light","damage_taken":16,"max_hp_gain":0,"max_hp_loss":0,"event_name":"Shining Light","floor":4,"gold_loss":0,"cards_upgraded":["Strike_R","Defend_R"]},{"cards_removed":["Strike_R"],"damage_healed":0,"gold_gain":0,"player_choice":"Offered Basic","damage_taken":0,"max_hp_gain":0,"max_hp_loss":0,"event_name":"Bonfire Elementals","floor":19,"gold_loss":0},{"damage_healed":0,"gold_gain":0,"cards_transformed":["Strike_R","Strike_R"],"player_choice":"Transformed Cards","damage_taken":0,"max_hp_gain":0,"max_hp_loss":0,"event_name":"Designer","floor":28,"gold_loss":60,"cards_obtained":["Barricade","True Grit"]},{"damage_healed":0,"gold_gain":0,"player_choice":"Inject Mutagens","damage_taken":0,"relics_obtained":["MutagenicStrength"],"max_hp_gain":0,"max_hp_loss":0,"event_name":"Drug Dealer","floor":31,"gold_loss":0}],"is_beta":false,"boss_relics":[{"not_picked":["Runic Cube","SlaversCollar"],"picked":"Black Star"}],"items_purged_floors":[20],"is_endless":false,"potions_floor_spawned":[1,11,14,16,18,21,29],"killed_by":"Collector","ascension_level":0}}