{"host":"15dd7v8o90xso62x","time":1612715923,"event":{"mods":["BaseMod","Minty Spire (QoL Compilation)","Quick Restart","StSLib","SuperFastMode"],"gold_per_floor":[18,30,42,61,61,396,396,154,227,258,277,289,318,334,334,412,412,428,428,446,371,386,386,400,400,400,411,105,105,20,20,20,99,99,113,113,129,147,167,167,192,209,209,209,225,225,225],"floor_reached":46,"language":"KOR","playtime":1608,"items_purged":["Strike_G","Strike_G"],"score":952,"play_id":"60c18212-93e7-465a-aaaf-5c8c504cc898","local_time":"20210208013843","is_ascension_mode":true,"campfire_choices":[{"data":"Glass Knife","floor":7.0,"key":"SMITH"},{"data":"Neutralize","floor":15.0,"key":"SMITH"},{"data":"Blade Dance","floor":23.0,"key":"SMITH"},{"data":"Adrenaline","floor":25.0,"key":"SMITH"},{"data":"Blade Dance","floor":32.0,"key":"SMITH"},{"data":"Footwork","floor":40.0,"key":"SMITH"}],"circlet_count":0,"master_deck":["AscendersBane","Strike_G","Strike_G","Defend_G","Defend_G","Survivor","Neutralize+1","Adrenaline+1","Sucker Punch","Heel Hook","Backstab","Glass Knife+1","PiercingWail","Die Die Die","Backflip+1","Blade Dance+1","Backstab+1","Terror","Blade Dance+1","Footwork+1","A Thousand Cuts+1","PiercingWail+1","Madness","Madness"],"relics":["Ring of the Snake","Old Coin","Sling","Shuriken","Pen Nib","Pocketwatch","Black Star","Unceasing Top","Cursed Key","Mercury Hourglass","Boot"],"acts_visited":["Exordium","TheCity","TheBeyond"],"potions_floor_usage":[],"damage_taken":[{"damage":0.0,"enemies":"2 Louse","floor":1.0,"turns":3.0},{"damage":0.0,"enemies":"Cultist","floor":2.0,"turns":4.0},{"damage":7.0,"enemies":"Jaw Worm","floor":3.0,"turns":4.0},{"damage":1.0,"enemies":"Exordium Wildlife","floor":4.0,"turns":2.0},{"damage":16.0,"enemies":"Gremlin Nob","floor":6.0,"turns":4.0},{"damage":2.0,"enemies":"Lagavulin","floor":10.0,"turns":3.0},{"damage":0.0,"enemies":"Blue Slaver","floor":11.0,"turns":2.0},{"damage":0.0,"enemies":"Looter","floor":12.0,"turns":1.0},{"damage":5.0,"enemies":"3 Sentries","floor":13.0,"turns":4.0},{"damage":9.0,"enemies":"Exordium Wildlife","floor":14.0,"turns":3.0},{"damage":12.0,"enemies":"The Guardian","floor":16.0,"turns":11.0},{"damage":7.0,"enemies":"3 Byrds","floor":18.0,"turns":4.0},{"damage":1.0,"enemies":"Chosen","floor":20.0,"turns":3.0},{"damage":20.0,"enemies":"Snake Plant","floor":22.0,"turns":3.0},{"damage":0.0,"enemies":"3 Cultists","floor":24.0,"turns":3.0},{"damage":2.0,"enemies":"Snecko","floor":27.0,"turns":3.0},{"damage":5.0,"enemies":"Champ","floor":33.0,"turns":6.0},{"damage":0.0,"enemies":"3 Shapes","floor":35.0,"turns":2.0},{"damage":0.0,"enemies":"3 Darklings","floor":37.0,"turns":2.0},{"damage":27.0,"enemies":"Writhing Mass","floor":38.0,"turns":5.0},{"damage":0.0,"enemies":"Jaw Worm Horde","floor":39.0,"turns":2.0},{"damage":9.0,"enemies":"Giant Head","floor":41.0,"turns":4.0},{"damage":0.0,"enemies":"Spire Growth","floor":42.0,"turns":2.0},{"damage":3,"enemies":"Transient","floor":45,"turns":6},{"damage":16,"enemies":"Maw","floor":46,"turns":2}],"seed_played":"3135011438613734953","potions_obtained":[{"floor":4.0,"key":"AttackPotion"},{"floor":5.0,"key":"Explosive Potion"},{"floor":6.0,"key":"SpeedPotion"},{"floor":10.0,"key":"Fruit Juice"},{"floor":12.0,"key":"AttackPotion"},{"floor":20.0,"key":"Ancient Potion"},{"floor":24.0,"key":"Fire Potion"},{"floor":42.0,"key":"SteroidPotion"}],"is_trial":false,"path_per_floor":["M","M","M","M","?","E","R","$","T","E","M","M","E","M","R","B",null,"M","?","M","?","M","R","M","R","T","M","$","?","$","?","R","B",null,"M","?","M","M","M","R","E","M","T","?","M","M"],"character_chosen":"THE_SILENT","items_purchased":["Sling","Terror","Blade Dance","CultistPotion","Footwork"],"campfire_rested":0,"item_purchase_floors":[8,28,28,28,30],"current_hp_per_floor":[59,59,52,51,51,35,35,35,35,38,38,38,33,24,24,12,56,49,49,48,48,28,28,28,28,28,26,26,26,26,26,26,21,59,59,59,59,32,32,32,23,23,23,10,7,0,0],"gold":225,"neow_bonus":"TRANSFORM_TWO_CARDS","is_daily":false,"chose_seed":false,"campfire_upgraded":6,"win_rate":0.0,"timestamp":1612715923,"path_taken":["M","M","M","M","?","E","R","$","T","E","M","M","E","?","R","BOSS","M","?","M","?","?","R","M","R","T","M","$","?","$","?","R","BOSS","M","?","M","M","M","R","E","?","T","?","M","M"],"items_purchased_type":["Relic","Card","Card","Potion","Card"],"build_version":"2020-12-22","purchased_purges":2,"victory":false,"max_hp_per_floor":[66,66,66,66,66,66,66,66,66,71,71,71,71,71,71,71,71,71,71,71,71,71,71,71,71,71,71,71,71,71,71,71,71,71,71,71,71,71,71,71,71,71,71,71,71,71,71],"card_choices":[{"not_picked":["Underhanded Strike","Deflect","Catalyst"],"picked":"SKIP","floor":1.0},{"not_picked":["Catalyst","Prepared"],"picked":"Heel Hook","floor":2.0},{"not_picked":["Poisoned Stab","Caltrops","Riddle With Holes"],"picked":"SKIP","floor":3.0},{"not_picked":["Prepared","Endless Agony"],"picked":"Backstab","floor":4.0},{"not_picked":["Reflex","Sucker Punch"],"picked":"Glass Knife","floor":6.0},{"not_picked":["Backflip","Deadly Poison","Riddle With Holes"],"picked":"SKIP","floor":10.0},{"not_picked":["Heel Hook","Finisher","Dodge and Roll"],"picked":"SKIP","floor":11.0},{"not_picked":["Dodge and Roll","Sucker Punch","Backstab"],"picked":"SKIP","floor":12.0},{"not_picked":["Unload","Escape Plan","Underhanded Strike"],"picked":"SKIP","floor":13.0},{"not_picked":["Flechettes","Prepared","PiercingWail"],"picked":"SKIP","floor":14.0},{"not_picked":["Flechettes","Prepared"],"picked":"PiercingWail","floor":14.0},{"not_picked":["Malaise","Burst"],"picked":"Die Die Die","floor":16.0},{"not_picked":["Bane+1","Skewer"],"picked":"Backflip+1","floor":18.0},{"not_picked":["Catalyst","Dagger Throw","Poisoned Stab"],"picked":"SKIP","floor":20.0},{"not_picked":["Endless Agony","Flying Knee","Slice"],"picked":"SKIP","floor":22.0},{"not_picked":["Dagger Spray","Bane+1"],"picked":"Backstab+1","floor":24.0},{"not_picked":["Outmaneuver","Flying Knee","Quick Slash+1"],"picked":"SKIP","floor":27.0},{"not_picked":["Malaise","Storm of Steel"],"picked":"A Thousand Cuts","floor":33.0},{"not_picked":["Quick Slash","Acrobatics","Underhanded Strike"],"picked":"SKIP","floor":35.0},{"not_picked":["Deadly Poison+1","Dodge and Roll","Dagger Throw"],"picked":"SKIP","floor":37.0},{"not_picked":["Acrobatics+1","Flying Knee+1"],"picked":"PiercingWail+1","floor":38.0},{"not_picked":["PiercingWail+1","Outmaneuver","Acrobatics"],"picked":"SKIP","floor":39.0},{"not_picked":["Acrobatics+1","Well Laid Plans","Flying Knee"],"picked":"SKIP","floor":41.0},{"not_picked":["Prepared","Setup+1","Underhanded Strike"],"picked":"SKIP","floor":42.0},{"not_picked":["Quick Slash","Acrobatics","Envenom"],"picked":"SKIP","floor":45}],"player_experience":939318,"relics_obtained":[{"floor":6.0,"key":"Old Coin"},{"floor":9.0,"key":"Shuriken"},{"floor":10.0,"key":"Pen Nib"},{"floor":13.0,"key":"Pocketwatch"},{"floor":26.0,"key":"Unceasing Top"},{"floor":41.0,"key":"Mercury Hourglass"},{"floor":41.0,"key":"Boot"}],"event_choices":[{"damage_healed":0.0,"max_hp_gain":0.0,"max_hp_loss":0.0,"gold_gain":0.0,"event_name":"Lab","player_choice":"Got Potions","floor":5.0,"gold_loss":0.0,"damage_taken":0.0},{"damage_healed":0.0,"max_hp_gain":0.0,"max_hp_loss":0.0,"gold_gain":0.0,"event_name":"The Library","player_choice":"Read","floor":19.0,"gold_loss":0.0,"damage_taken":0.0,"cards_obtained":["Blade Dance"]},{"cards_removed":["Defend_G"],"damage_healed":0.0,"max_hp_gain":0.0,"max_hp_loss":0.0,"gold_gain":0.0,"event_name":"Beggar","player_choice":"Gave Gold","floor":21.0,"gold_loss":75.0,"damage_taken":0.0},{"cards_removed":["Defend_G"],"damage_healed":0.0,"max_hp_gain":0.0,"max_hp_loss":0.0,"gold_gain":0.0,"event_name":"Back to Basics","player_choice":"Elegance","floor":29.0,"gold_loss":0.0,"damage_taken":0.0},{"damage_healed":0.0,"max_hp_gain":0.0,"max_hp_loss":0.0,"gold_gain":0.0,"event_name":"Cursed Tome","player_choice":"Ignored","floor":31.0,"gold_loss":0.0,"damage_taken":0.0},{"damage_healed":0.0,"max_hp_gain":0.0,"max_hp_loss":0.0,"gold_gain":0.0,"event_name":"Upgrade Shrine","player_choice":"Upgraded","floor":36.0,"gold_loss":0.0,"damage_taken":0.0,"cards_upgraded":["A Thousand Cuts"]},{"damage_healed":0,"gold_gain":0,"player_choice":"Embrace Madness","damage_taken":13,"max_hp_gain":0,"max_hp_loss":0,"event_name":"Winding Halls","floor":44,"gold_loss":0,"cards_obtained":["Madness","Madness"]}],"is_beta":false,"boss_relics":[{"not_picked":["Ring of the Serpent","Busted Crown"],"picked":"Black Star"},{"not_picked":["Velvet Choker","Calling Bell"],"picked":"Cursed Key"}],"items_purged_floors":[8,28],"is_endless":false,"potions_floor_spawned":[4,6,10,12,20,24,27,39,42],"killed_by":"Maw","ascension_level":20}}