{"host":"zs3tguvuxkh90jf4","time":1612659351,"event":{"mods":["AchievementEnabler","BaseMod","Better Silent Start","Better-Laid Plans","BetterRewards","Block Reminder","Colored Map","Colored Powertips","Gold Saver","Minty Spire (QoL Compilation)","Shop Mod","StSLib","Transform Curses"],"gold_per_floor":[2544,1752,1752,1769,1784,1784,1784,1784],"floor_reached":7,"language":"ENG","playtime":369,"items_purged":[],"score":82,"play_id":"a1d1fbab-2043-4b01-955d-5cc2dcfb439e","local_time":"20210206165551","is_ascension_mode":true,"campfire_choices":[{"data":"Chrysalis","floor":6,"key":"SMITH"}],"circlet_count":0,"master_deck":["AscendersBane","Strike_R","Strike_R","Strike_R","Strike_R","Strike_R","Defend_R","Defend_R","Defend_R","Defend_R","Bash","Fire Breathing","Shrug It Off","Chrysalis+1","Magnetism","Flame Barrier","Metallicize","Intimidate"],"relics":["Burning Blood","Strange Spoon","Toy Ornithopter","Girya","MerchantsRug","MutagenicStrength","Regal Pillow","Pear","Brimstone","Bottled Lightning"],"acts_visited":["Exordium"],"potions_floor_usage":[7,7],"damage_taken":[{"damage":4,"enemies":"Cultist","floor":1,"turns":4},{"damage":3,"enemies":"2 Louse","floor":4,"turns":3},{"damage":22,"enemies":"Small Slimes","floor":5,"turns":3},{"damage":72,"enemies":"Gremlin Nob","floor":7,"turns":5}],"seed_played":"188214847364151948","potions_obtained":[{"floor":3,"key":"GamblersBrew"},{"floor":3,"key":"LiquidBronze"}],"is_trial":false,"path_per_floor":["M","$","?","M","M","R","E"],"character_chosen":"IRONCLAD","items_purchased":["Strange Spoon","Toy Ornithopter","Girya","MerchantsRug","Fire Breathing","Shrug It Off","Chrysalis","Pear","Brimstone","Bottled Lightning","Metallicize"],"campfire_rested":0,"item_purchase_floors":[0,0,0,0,0,0,0,2,2,2,2],"current_hp_per_floor":[54,64,64,67,51,51,0,0],"gold":1784,"neow_bonus":"","is_daily":false,"chose_seed":false,"campfire_upgraded":1,"win_rate":0.0,"timestamp":1612659351,"path_taken":["M","$","?","?","M","R","E"],"items_purchased_type":["Relic","Relic","Relic","Relic","Card","Card","Card","Relic","Relic","Relic","Card"],"build_version":"2020-12-22","purchased_purges":0,"victory":false,"max_hp_per_floor":[70,80,80,80,80,80,80,80],"card_choices":[{"not_picked":["Rage","Perfected Strike"],"picked":"Flame Barrier","floor":1},{"not_picked":["Pommel Strike","Sword Boomerang"],"picked":"Intimidate","floor":4},{"not_picked":["Combust","Searing Blow","Clothesline"],"picked":"SKIP","floor":5}],"player_experience":532288,"relics_obtained":[],"event_choices":[{"damage_healed":0,"gold_gain":0,"player_choice":"Got Potions","damage_taken":0,"max_hp_gain":0,"max_hp_loss":0,"event_name":"Lab","floor":3,"gold_loss":0}],"is_beta":false,"boss_relics":[],"items_purged_floors":[],"is_endless":false,"potions_floor_spawned":[4],"killed_by":"Gremlin Nob","ascension_level":20}}