{"host":"7iv10lxbxedtd0qh","time":1612732129,"event":{"mods":["BaseMod","Bestiary","Colored Map","Colored Powertips","Minty Spire (QoL Compilation)","Spire Arcade","StSLib","The Alterego","The Marked","TheSurvivalist"],"gold_per_floor":[115,126,126,140,140,175,193,193,193,225,225,225,251,264,264,362,362,375,375,395,395,411,411,423,451,505,505,518,535,545,470,470,567,567,577,257,276,287,162,190,190,240,240,256,106,136,136,148,148,148,148,148,75,107,107],"floor_reached":56,"language":"ENG","playtime":2772,"items_purged":["survmod:Strike","survmod:VersatileOffense+1","survmod:Strike+1","survmod:Strike+1"],"score":1289,"play_id":"2b9a1e1c-4238-4a89-b70d-91f4775b508f","local_time":"20210207220849","is_ascension_mode":false,"campfire_choices":[{"data":"survmod:VersatileOffense","floor":8.0,"key":"SMITH"},{"floor":12.0,"key":"REST"},{"data":"survmod:Sprint","floor":15.0,"key":"SMITH"},{"data":"survmod:MarkTrap","floor":23.0,"key":"SMITH"},{"data":"survmod:Marksmanship","floor":27.0,"key":"SMITH"},{"data":"survmod:DuckAndFlare","floor":32.0,"key":"SMITH"},{"floor":41,"key":"RECALL"},{"data":"survmod:Hawkeye","floor":47,"key":"SMITH"},{"data":"survmod:VersatilePower","floor":49,"key":"SMITH"},{"data":"survmod:EscapeMechanism","floor":52,"key":"SMITH"}],"circlet_count":0,"master_deck":["survmod:Defend","survmod:Defend","survmod:Defend","survmod:Defend","survmod:Sprint+1","survmod:MarkTrap+1","survmod:Marksmanship+1","survmod:MarkedFromAfar","survmod:FlashbangShot","survmod:VersatilePower+1","survmod:DuckAndFlare+1","survmod:DuckAndFlare+1","survmod:EscapeMechanism+1","survmod:Hawkeye+1","survmod:Hawkeye+1","survmod:ComplexMutation"],"relics":["survmod:InnateMutation","NeowsBlessing","Bottled Tornado","Kunai","Darkstone Periapt","Toy Ornithopter","Runic Pyramid","Mummified Hand","Vajra","Sozu","survmod:RunningShoes","Happy Flower","Du-Vu Doll","Bag of Preparation","Bag of Marbles","survmod:ShotGlass"],"acts_visited":["Exordium","TheCity","TheBeyond","TheEnding"],"potions_floor_usage":[50],"damage_taken":[{"damage":0.0,"enemies":"Cultist","floor":1.0,"turns":1.0},{"damage":0.0,"enemies":"2 Louse","floor":2.0,"turns":1.0},{"damage":0.0,"enemies":"Jaw Worm","floor":4.0,"turns":1.0},{"damage":7.0,"enemies":"3 Sentries","floor":6.0,"turns":13.0},{"damage":1.0,"enemies":"Looter","floor":7.0,"turns":4.0},{"damage":20.0,"enemies":"Gremlin Nob","floor":10.0,"turns":6.0},{"damage":3.0,"enemies":"Lots of Slimes","floor":14.0,"turns":7.0},{"damage":3.0,"enemies":"The Guardian","floor":16.0,"turns":7.0},{"damage":0.0,"enemies":"Shell Parasite","floor":18.0,"turns":4.0},{"damage":3.0,"enemies":"Spheric Guardian","floor":20.0,"turns":5.0},{"damage":0.0,"enemies":"Centurion and Healer","floor":22.0,"turns":4.0},{"damage":0.0,"enemies":"Chosen and Byrds","floor":24.0,"turns":4.0},{"damage":2.0,"enemies":"Gremlin Leader","floor":25.0,"turns":5.0},{"damage":0.0,"enemies":"Snake Plant","floor":28.0,"turns":3.0},{"damage":0.0,"enemies":"Snecko","floor":29.0,"turns":3.0},{"damage":0.0,"enemies":"3 Cultists","floor":30.0,"turns":3.0},{"damage":3,"enemies":"Champ","floor":33,"turns":5},{"damage":1,"enemies":"3 Shapes","floor":35,"turns":3},{"damage":0,"enemies":"3 Darklings","floor":37,"turns":3},{"damage":5,"enemies":"Writhing Mass","floor":38,"turns":5},{"damage":4,"enemies":"Nemesis","floor":40,"turns":5},{"damage":5,"enemies":"2 Orb Walkers","floor":42,"turns":3},{"damage":1,"enemies":"Sphere and 2 Shapes","floor":44,"turns":3},{"damage":0,"enemies":"Giant Head","floor":46,"turns":3},{"damage":0,"enemies":"4 Shapes","floor":48,"turns":3},{"damage":0,"enemies":"Time Eater","floor":50,"turns":3},{"damage":3,"enemies":"Shield and Spear","floor":54,"turns":4},{"damage":47,"enemies":"The Heart","floor":55,"turns":6}],"seed_played":"-8585487944207387672","potions_obtained":[{"floor":1.0,"key":"Strength Potion"},{"floor":7.0,"key":"PowerPotion"},{"floor":14.0,"key":"FairyPotion"},{"floor":16.0,"key":"Block Potion"},{"floor":18.0,"key":"FairyPotion"},{"floor":28.0,"key":"SpeedPotion"},{"floor":29.0,"key":"DistilledChaos"},{"floor":30.0,"key":"Energy Potion"}],"is_trial":false,"path_per_floor":["M","M","?","M","?","E","M","R","T","E","?","R","T","M","R","B",null,"M","?","M","T","M","R","M","E","T","R","M","M","M","$","R","B",null,"M","$","M","M","$","E","R","?","T","M","$","E","R","M","R","B",null,"R","$","E","B",null],"character_chosen":"THE_SURVIVOR","items_purchased":["survmod:RunningShoes","survmod:Hawkeye","survmod:ComplexMutation"],"campfire_rested":1,"item_purchase_floors":[36,36,53],"current_hp_per_floor":[50,50,50,50,40,33,32,32,32,12,5,20,20,17,17,14,50,50,50,47,47,47,47,47,45,45,45,50,50,50,50,50,47,50,49,49,49,44,44,40,40,35,35,34,34,34,34,34,34,39,50,50,50,47,15],"gold":107,"neow_bonus":"THREE_ENEMY_KILL","is_daily":false,"chose_seed":false,"campfire_upgraded":8,"win_rate":0.0,"timestamp":1612732129,"path_taken":["M","M","?","?","?","E","M","R","T","E","?","R","?","M","R","BOSS","M","?","?","?","M","R","M","E","T","R","M","M","M","$","R","BOSS","M","$","?","M","$","E","R","?","T","M","$","E","R","M","R","BOSS","R","$","E","BOSS"],"items_purchased_type":["Relic","Card","Card"],"build_version":"2020-12-22","purchased_purges":4,"victory":true,"max_hp_per_floor":[50,50,50,50,50,50,50,50,50,50,50,50,50,50,50,50,50,50,50,50,50,50,50,50,50,50,50,50,50,50,50,50,50,50,50,50,50,50,50,50,50,50,50,50,50,50,50,50,50,50,50,50,50,50,50],"card_choices":[{"not_picked":["survmod:PersonalMark","survmod:TakeAim","survmod:FenceTrap"],"picked":"SKIP","floor":1.0},{"not_picked":["survmod:QuickThinking","survmod:TwinShot"],"picked":"survmod:MarkTrap","floor":2.0},{"not_picked":["survmod:SurpriseTrap","survmod:NockAnArrow"],"picked":"survmod:Marksmanship","floor":4.0},{"not_picked":["survmod:ComplexMutation","survmod:WalledOffTraps","survmod:FindCover"],"picked":"SKIP","floor":6.0},{"not_picked":["survmod:TrickShot","survmod:PinningSnipe"],"picked":"survmod:MarkedFromAfar","floor":7.0},{"not_picked":["survmod:GoForFace","survmod:Decoy","survmod:HiddenTactic"],"picked":"SKIP","floor":10.0},{"not_picked":["survmod:FlareBarrage","survmod:PinningSnipe"],"picked":"survmod:FlashbangShot","floor":14.0},{"not_picked":["survmod:TrapTrap","survmod:NeedleShot"],"picked":"survmod:VersatilePower","floor":16.0},{"not_picked":["survmod:TacticalManeuver","survmod:TakeAim+1","survmod:SwiftKick"],"picked":"SKIP","floor":18.0},{"not_picked":["survmod:BearTrap+1","survmod:FocusedFire","survmod:FindCover+1"],"picked":"SKIP","floor":20.0},{"not_picked":["survmod:FocusedFire","survmod:FindCover","survmod:AcidTrap+1"],"picked":"SKIP","floor":22.0},{"not_picked":["survmod:AcidTrap","survmod:SkillfulManeuver"],"picked":"survmod:DuckAndFlare","floor":24.0},{"not_picked":["survmod:DeadlyAim","survmod:LongShot","survmod:MarkTrap+1"],"picked":"SKIP","floor":25.0},{"not_picked":["survmod:BearTrap+1","survmod:FlashbangTrap+1"],"picked":"survmod:DuckAndFlare+1","floor":28.0},{"not_picked":["survmod:FocusedFire","survmod:FindCover","survmod:SimpleMutation"],"picked":"SKIP","floor":29.0},{"not_picked":["survmod:FindCover","survmod:DuckAndFlare"],"picked":"survmod:EscapeMechanism","floor":30.0},{"not_picked":["survmod:BearTrap+1","survmod:TakeAim","survmod:QuickDash"],"picked":"SKIP","floor":35},{"not_picked":["survmod:PiercingShot","survmod:BendAndBow","survmod:QuickThinking"],"picked":"SKIP","floor":37},{"not_picked":["survmod:QuickDash+1","survmod:DuckAndFlare+1","survmod:HiddenTactic"],"picked":"SKIP","floor":38},{"not_picked":["survmod:RejectWeakness","survmod:DuckAndFlare+1","survmod:FocusedFire+1"],"picked":"SKIP","floor":40},{"not_picked":["survmod:SimpleMutation+1","survmod:PinningSnipe+1","survmod:FocusedFire+1"],"picked":"SKIP","floor":44},{"not_picked":["survmod:SimpleMutation+1","survmod:FocusedFire"],"picked":"survmod:Hawkeye+1","floor":46},{"not_picked":["survmod:PenetratingShot","survmod:UnfortunateEscape","survmod:QuickDash+1"],"picked":"SKIP","floor":48},{"not_picked":["survmod:PinningSnipe","survmod:RejectWeakness","survmod:GoForFace+1"],"picked":"SKIP","floor":54}],"player_experience":652549,"relics_obtained":[{"floor":6.0,"key":"Bottled Tornado"},{"floor":9.0,"key":"Kunai"},{"floor":10.0,"key":"Darkstone Periapt"},{"floor":13.0,"key":"Toy Ornithopter"},{"floor":21.0,"key":"Mummified Hand"},{"floor":25.0,"key":"Vajra"},{"floor":40,"key":"Happy Flower"},{"floor":42,"key":"Du-Vu Doll"},{"floor":43,"key":"Bag of Preparation"},{"floor":46,"key":"Bag of Marbles"},{"floor":54,"key":"survmod:ShotGlass"}],"event_choices":[{"damage_healed":0.0,"max_hp_gain":0.0,"max_hp_loss":0.0,"gold_gain":0.0,"event_name":"NoteForYourself","player_choice":"Ignored","floor":3.0,"gold_loss":0.0,"damage_taken":0.0},{"damage_healed":0.0,"max_hp_gain":0.0,"max_hp_loss":0.0,"gold_gain":0.0,"event_name":"Shining Light","player_choice":"Entered Light","floor":5.0,"gold_loss":0.0,"damage_taken":10.0,"cards_upgraded":["survmod:Strike","survmod:Strike"]},{"cards_removed":["survmod:Strike"],"damage_healed":0.0,"max_hp_gain":0.0,"max_hp_loss":0.0,"gold_gain":0.0,"event_name":"Golden Wing","player_choice":"Card Removal","floor":11.0,"gold_loss":0.0,"damage_taken":7.0},{"damage_healed":0.0,"max_hp_gain":0.0,"max_hp_loss":0.0,"gold_gain":0.0,"event_name":"Lab","player_choice":"Got Potions","floor":19.0,"gold_loss":0.0,"damage_taken":0.0},{"damage_healed":0,"gold_gain":0,"player_choice":"Fight","damage_taken":0,"max_hp_gain":0,"max_hp_loss":0,"event_name":"Mysterious Sphere","floor":42,"gold_loss":0}],"is_beta":false,"boss_relics":[{"not_picked":["Fusion Hammer","Pandora\u0027s Box"],"picked":"Runic Pyramid"},{"not_picked":["Snecko Eye","Velvet Choker"],"picked":"Sozu"}],"items_purged_floors":[31,36,39,45],"is_endless":false,"potions_floor_spawned":[1,7,14,16,18,22,28,29,30,38,40,42,48],"ascension_level":0}}