{"host":"815dqs41i1y8uxms","time":1612698104,"event":{"mods":["A Penny For Your Troubles","Act Like it!","BaseMod","GungeonMod","Minty Spire (QoL Compilation)","Rare Cards Sparkle","Shop Mod","Spire Arcade","StSLib"],"gold_per_floor":[362,375,17,17,17,42,42,54,54,129,129,147,167,184,184,184,184],"floor_reached":16,"language":"ENG","playtime":823,"items_purged":[],"score":102,"play_id":"8dd14805-2aea-4ce1-8c29-292b27444d44","local_time":"20210207124144","is_ascension_mode":false,"campfire_choices":[{"floor":7,"key":"REST"},{"floor":15,"key":"REST"}],"circlet_count":0,"master_deck":["DemoMod:Strike_Huntress","DemoMod:Strike_Huntress","DemoMod:Defend_Huntress","DemoMod:Defend_Huntress","DemoMod:Defend_Huntress","DemoMod:Defend_Huntress","DemoMod:Roll","DemoMod:ManualReload","DemoMod:RustySidearm","DemoMod:CrossBow","DemoMod:AC15","DemoMod:ZorGun","DemoMod:BattleInHaste+1","DemoMod:ShadowBullets","DemoMod:BoxingGlove+1","DemoMod:Casey+1","DemoMod:JK47+1","DemoMod:Gungine+1"],"relics":["DemoMod:Dog","Membership Card","MerchantsRug","Molten Egg 2","Happy Flower","Matryoshka","Toy Ornithopter","Bottled Lightning"],"acts_visited":["Exordium"],"potions_floor_usage":[6,13],"damage_taken":[{"damage":0,"enemies":"2 Louse","floor":1,"turns":3},{"damage":4,"enemies":"Cultist","floor":2,"turns":4},{"damage":34,"enemies":"3 Sentries","floor":6,"turns":17},{"damage":3,"enemies":"Jaw Worm","floor":8,"turns":7},{"damage":6,"enemies":"Large Slime","floor":12,"turns":8},{"damage":11,"enemies":"Exordium Wildlife","floor":13,"turns":2},{"damage":6,"enemies":"3 Louse","floor":14,"turns":3},{"damage":32,"enemies":"The Guardian","floor":16,"turns":5}],"seed_played":"5482508426549337113","potions_obtained":[{"floor":2,"key":"ColorlessPotion"},{"floor":8,"key":"LiquidMemories"}],"is_trial":false,"path_per_floor":["M","M","$","?","$","E","R","M","T","T","?","M","M","M","R","B"],"character_chosen":"HUNTRESS","items_purchased":["Membership Card","MerchantsRug","Molten Egg 2","DemoMod:BattleInHaste"],"campfire_rested":2,"item_purchase_floors":[3,3,3,3],"current_hp_per_floor":[49,45,45,45,45,11,32,29,29,29,29,23,17,11,32,0,0],"gold":184,"neow_bonus":"TWO_FIFTY_GOLD","is_daily":false,"chose_seed":false,"campfire_upgraded":0,"win_rate":0.0,"timestamp":1612698104,"path_taken":["M","M","$","?","?","E","R","M","T","?","?","M","M","?","R","BOSS"],"items_purchased_type":["Relic","Relic","Relic","Card"],"build_version":"2020-12-22","purchased_purges":0,"victory":false,"max_hp_per_floor":[70,70,70,70,70,70,70,70,70,70,70,70,70,70,70,70,70],"card_choices":[{"not_picked":["DemoMod:AWP","DemoMod:HighKaliber"],"picked":"DemoMod:AC15","floor":1},{"not_picked":["DemoMod:FeignSurrender","DemoMod:Replace"],"picked":"DemoMod:ZorGun","floor":2},{"not_picked":["DemoMod:MachoBrace","DemoMod:FortunesFavor"],"picked":"DemoMod:ShadowBullets","floor":6},{"not_picked":["DemoMod:ConditionalReflex","DemoMod:Replace"],"picked":"DemoMod:BoxingGlove+1","floor":8},{"not_picked":["DemoMod:Camera+1","DemoMod:TeaPot+1"],"picked":"DemoMod:Casey+1","floor":12},{"not_picked":["DemoMod:BoxingGlove+1","DemoMod:HardPowerCard"],"picked":"DemoMod:JK47+1","floor":13},{"not_picked":["DemoMod:HuntsMan+1","DemoMod:GunstockTap+1"],"picked":"DemoMod:Gungine+1","floor":14}],"player_experience":3758813,"relics_obtained":[{"floor":6,"key":"Happy Flower"},{"floor":9,"key":"Matryoshka"},{"floor":10,"key":"Toy Ornithopter"},{"floor":10,"key":"Bottled Lightning"}],"event_choices":[{"cards_removed":["DemoMod:Strike_Huntress"],"damage_healed":0,"gold_gain":0,"player_choice":"Purged","damage_taken":0,"max_hp_gain":0,"max_hp_loss":0,"event_name":"Purifier","floor":4,"gold_loss":0},{"damage_healed":0,"gold_gain":0,"player_choice":"Grow","damage_taken":0,"max_hp_gain":0,"max_hp_loss":0,"event_name":"Living Wall","floor":11,"gold_loss":0,"cards_upgraded":["DemoMod:BattleInHaste"]}],"is_beta":false,"boss_relics":[],"items_purged_floors":[],"is_endless":false,"potions_floor_spawned":[2,8],"killed_by":"The Guardian","ascension_level":0}}