{"host":"7knmrn95sg4xnyj1","time":1612711992,"event":{"mods":["Act Like it!","BaseMod","Gremlin Mod","Minty Spire (QoL Compilation)","Quick Restart","Relic Stats","RumiaBox-露米娅的神秘盒子","StSLib"],"gold_per_floor":[118,118,134,134,86,118,118,138,138,138,158,176,176,209,209,306,306,338,152,77,90,70,70,92,92,116,186,200,212,212,69,69,167,167,167,17,17,29,47,47,22,22,22,22,22,35,47,76,76,76],"floor_reached":51,"language":"ZHS","playtime":4630,"items_purged":[],"score":1015,"play_id":"90546064-d224-42b1-94e7-5e2a111b7867","local_time":"20210207233312","is_ascension_mode":true,"campfire_choices":[{"data":"Gremlin:Scatter","floor":10.0,"key":"SMITH"},{"data":"Gremlin:BubbleBarrier","floor":13.0,"key":"SMITH"},{"data":"Gremlin:Polish","floor":15.0,"key":"SMITH"},{"data":"Gremlin:ShadowShiv","floor":23.0,"key":"SMITH"},{"data":"Gremlin:InfiniteBlocks","floor":25.0,"key":"SMITH"},{"data":"Gremlin:FollowThrough","floor":32,"key":"SMITH"},{"data":"Gremlin:Pinprick","floor":40,"key":"SMITH"},{"data":"Gremlin:GlitterGuard","floor":42,"key":"SMITH"},{"data":"Gremlin:Polish","floor":49,"key":"SMITH"}],"circlet_count":0,"master_deck":["Gremlin:Strike","Gremlin:Strike","Gremlin:Defend","Gremlin:Defend","Gremlin:Defend","Gremlin:Defend","Gremlin:TagTeam","Gremlin:GremlinDance","Finesse","Gremlin:InfiniteBlocks+1","Gremlin:Pinprick+1","Gremlin:Tricksy","Gremlin:Scatter+1","Gremlin:Patsy","Gremlin:BubbleBarrier+1","Gremlin:TwistTheKnife","Gremlin:Polish+1","Gremlin:ShadowShiv+1","Gremlin:FollowThrough+1","Gremlin:Pickpocket+1","Gremlin:Pinprick+1","Gremlin:Enthusiasm","Gremlin:GlitterGuard+1","Gremlin:GremlinOffensive","Gremlin:GremlinDance","Enlightenment","Gremlin:Jeer+1","Gremlin:Polish+1"],"relics":["Gremlin:GremlinKnob","Baka","HornCleat","Mummified Hand","Gremlin:StolenMerchandise","Pen Nib","GremlinMask","Darkstone Periapt","Gremlin:PricklyShields","Busted Crown","Bag of Marbles","Unceasing Top","Art of War","Centennial Puzzle","Happy Flower","Gremlin:SupplyScroll","Coffee Dripper","Ornamental Fan","Juzu Bracelet"],"acts_visited":["Exordium","TheCity","TheBeyond"],"potions_floor_usage":[33,50,50,50,50,50],"damage_taken":[{"damage":5.0,"enemies":"Jaw Worm","floor":1.0,"turns":3.0},{"damage":0.0,"enemies":"Cultist","floor":3.0,"turns":4.0},{"damage":11.0,"enemies":"Gremlin Nob","floor":6.0,"turns":4.0},{"damage":5.0,"enemies":"2 Louse","floor":8.0,"turns":2.0},{"damage":0.0,"enemies":"Gremlin Gang","floor":11.0,"turns":4.0},{"damage":5.0,"enemies":"Lots of Slimes","floor":12.0,"turns":2.0},{"damage":0.0,"enemies":"Lagavulin","floor":14.0,"turns":5.0},{"damage":0.0,"enemies":"Slime Boss","floor":16.0,"turns":6.0},{"damage":0.0,"enemies":"Spheric Guardian","floor":18.0,"turns":3.0},{"damage":0.0,"enemies":"2 Thieves","floor":21.0,"turns":2.0},{"damage":0.0,"enemies":"Gremlin Leader","floor":24.0,"turns":4.0},{"damage":14.0,"enemies":"Slavers","floor":27.0,"turns":3.0},{"damage":0.0,"enemies":"Shelled Parasite and Fungi","floor":28.0,"turns":3.0},{"damage":1.0,"enemies":"Snake Plant","floor":29.0,"turns":3.0},{"damage":0.0,"enemies":"Chosen and Byrds","floor":30.0,"turns":3.0},{"damage":13,"enemies":"Champ","floor":33,"turns":7},{"damage":0,"enemies":"Orb Walker","floor":35,"turns":2},{"damage":0,"enemies":"3 Darklings","floor":38,"turns":1},{"damage":8,"enemies":"Spire Growth","floor":39,"turns":4},{"damage":0,"enemies":"Transient","floor":46,"turns":5},{"damage":0,"enemies":"Jaw Worm Horde","floor":47,"turns":1},{"damage":0,"enemies":"Giant Head","floor":48,"turns":6},{"damage":9,"enemies":"Awakened One","floor":50,"turns":7}],"seed_played":"752413663313397103","potions_obtained":[{"floor":1.0,"key":"Dexterity Potion"},{"floor":8.0,"key":"DuplicationPotion"},{"floor":12.0,"key":"SkillPotion"},{"floor":14.0,"key":"SneckoOil"},{"floor":22.0,"key":"SpeedPotion"},{"floor":24.0,"key":"Energy Potion"},{"floor":28.0,"key":"Block Potion"},{"floor":29.0,"key":"EntropicBrew"},{"floor":30.0,"key":"ColorlessPotion"}],"is_trial":false,"path_per_floor":["M","?","M","?","$","E","?","M","T","R","M","M","R","E","R","B",null,"M","$","?","M","?","R","E","R","T","E","M","M","M","$","R","B",null,"M","$","?","M","M","R","$","R","T","?","$","M","M","E","R","B",null],"character_chosen":"GREMLIN","items_purchased":["Gremlin:StolenMerchandise","Gremlin:Tricksy","Bag of Marbles","Gremlin:FollowThrough","Gremlin:SupplyScroll","Gremlin:Enthusiasm","DuplicationPotion","Gremlin:GlitterGuard"],"campfire_rested":0,"item_purchase_floors":[5,5,19,19,31,36,36,41],"current_hp_per_floor":[20,20,20,17,17,6,6,17,17,17,7,17,17,7,7,17,23,23,23,23,23,23,23,23,23,23,23,23,9,23,23,23,22,23,23,23,23,23,15,15,15,15,15,15,15,23,23,23,23,23],"gold":76,"neow_bonus":"RANDOM_COLORLESS","is_daily":false,"chose_seed":false,"campfire_upgraded":9,"win_rate":0.0,"timestamp":1612711992,"path_taken":["M","?","?","?","?","E","?","M","T","R","M","?","R","E","R","BOSS","M","?","?","?","?","R","E","R","T","E","?","M","M","$","R","BOSS","M","$","?","M","?","R","$","R","T","?","?","?","M","E","R","BOSS"],"items_purchased_type":["Relic","Card","Relic","Card","Relic","Card","Potion","Card"],"build_version":"2020-12-22","purchased_purges":0,"victory":true,"max_hp_per_floor":[20,20,20,20,20,20,20,20,20,20,23,23,23,23,23,23,23,23,23,23,23,23,23,23,23,23,23,23,23,23,23,23,23,23,23,23,23,23,23,23,23,23,23,23,23,23,23,23,23,23],"relic_stats":{"Darkstone Periapt":0,"Centennial Puzzle":[12],"Busted Crown":28,"Happy Flower":[12],"counters":[23,84],"Mummified Hand":[54],"Ornamental Fan":[84],"Pen Nib":[25],"Art of War":[3],"Juzu Bracelet":0,"obtain_stats":[{"Darkstone Periapt":9,"Happy Flower":29,"Gremlin:StolenMerchandise":5,"GremlinMask":7,"Pen Nib":6,"Baka":1,"Juzu Bracelet":48,"Gremlin:SupplyScroll":31,"Centennial Puzzle":27,"HornCleat":2,"Busted Crown":17,"Mummified Hand":4,"Ornamental Fan":43,"Gremlin:GremlinKnob":0,"Gremlin:PricklyShields":14,"Bag of Marbles":19,"Art of War":26,"Coffee Dripper":34,"Unceasing Top":24},{"Darkstone Periapt":4,"Happy Flower":14,"Gremlin:StolenMerchandise":2,"GremlinMask":3,"Pen Nib":3,"Baka":1,"Juzu Bracelet":22,"Gremlin:SupplyScroll":15,"Centennial Puzzle":12,"HornCleat":1,"Busted Crown":8,"Mummified Hand":2,"Ornamental Fan":19,"Gremlin:GremlinKnob":0,"Gremlin:PricklyShields":7,"Bag of Marbles":9,"Art of War":11,"Coffee Dripper":16,"Unceasing Top":11},{"Darkstone Periapt":13,"Happy Flower":48,"Gremlin:StolenMerchandise":7,"GremlinMask":11,"Pen Nib":11,"Baka":3,"Juzu Bracelet":77,"Gremlin:SupplyScroll":51,"Centennial Puzzle":42,"HornCleat":3,"Busted Crown":30,"Mummified Hand":7,"Ornamental Fan":65,"Gremlin:GremlinKnob":0,"Gremlin:PricklyShields":24,"Bag of Marbles":33,"Art of War":39,"Coffee Dripper":58,"Unceasing Top":39}],"Unceasing Top":[18]},"card_choices":[{"not_picked":["Dark Shackles","Madness"],"picked":"Finesse","floor":0.0},{"not_picked":["Gremlin:Patsy","Gremlin:PartyStick"],"picked":"Gremlin:InfiniteBlocks","floor":1.0},{"not_picked":["Gremlin:Tadah","Gremlin:Tricksy"],"picked":"Gremlin:Pinprick","floor":3.0},{"not_picked":["Gremlin:Tadah","Gremlin:Jeer"],"picked":"Gremlin:Scatter","floor":6.0},{"not_picked":["Gremlin:Encore","Gremlin:Pinprick"],"picked":"Gremlin:Patsy","floor":8.0},{"not_picked":["Gremlin:Stupend","Gremlin:Pretaliation"],"picked":"Gremlin:BubbleBarrier","floor":11.0},{"not_picked":["Gremlin:Heckle","Gremlin:BubbleBarrier"],"picked":"Gremlin:TwistTheKnife","floor":12.0},{"not_picked":["Gremlin:Glimmer","Gremlin:FanOfKnives"],"picked":"Gremlin:Polish","floor":14.0},{"not_picked":["Gremlin:FairyDust","Gremlin:SecondVolley"],"picked":"Gremlin:ShadowShiv","floor":16.0},{"not_picked":["Gremlin:Tadah"],"picked":"SKIP","floor":18.0},{"not_picked":["Gremlin:Presto+1"],"picked":"SKIP","floor":21.0},{"not_picked":["Gremlin:Patsy"],"picked":"SKIP","floor":24.0},{"not_picked":["Gremlin:Changeo"],"picked":"SKIP","floor":27.0},{"not_picked":["Gremlin:Changeo"],"picked":"SKIP","floor":28.0},{"not_picked":[],"picked":"Gremlin:Pickpocket+1","floor":29.0},{"not_picked":["Gremlin:Whiz"],"picked":"SKIP","floor":30.0},{"not_picked":[],"picked":"Gremlin:Pinprick+1","floor":35},{"not_picked":["Gremlin:GlitterGuard+1"],"picked":"SKIP","floor":38},{"not_picked":["Gremlin:Patsy"],"picked":"SKIP","floor":39},{"not_picked":["Gremlin:Patsy"],"picked":"SKIP","floor":39},{"not_picked":[],"picked":"Gremlin:Jeer+1","floor":46},{"not_picked":["Gremlin:Presto+1"],"picked":"SKIP","floor":47},{"not_picked":[],"picked":"Gremlin:Polish","floor":48}],"player_experience":1205906,"relics_obtained":[{"floor":1.0,"key":"Baka"},{"floor":6.0,"key":"Pen Nib"},{"floor":9.0,"key":"Darkstone Periapt"},{"floor":14.0,"key":"Gremlin:PricklyShields"},{"floor":24.0,"key":"Unceasing Top"},{"floor":26.0,"key":"Art of War"},{"floor":27.0,"key":"Centennial Puzzle"},{"floor":29.0,"key":"Happy Flower"},{"floor":43,"key":"Ornamental Fan"},{"floor":48,"key":"Juzu Bracelet"}],"event_choices":[{"damage_healed":0.0,"max_hp_gain":0.0,"max_hp_loss":0.0,"gold_gain":0.0,"event_name":"WeMeetAgain","player_choice":"Gave Potion","floor":2.0,"gold_loss":0.0,"damage_taken":0.0,"relics_obtained":["HornCleat"]},{"damage_healed":0.0,"max_hp_gain":0.0,"max_hp_loss":0.0,"gold_gain":0.0,"event_name":"Scrap Ooze","player_choice":"Success","floor":4.0,"gold_loss":0.0,"damage_taken":3.0,"relics_obtained":["Mummified Hand"]},{"damage_healed":0.0,"max_hp_gain":0.0,"max_hp_loss":0.0,"gold_gain":0.0,"event_name":"FaceTrader","player_choice":"Trade","floor":7.0,"gold_loss":0.0,"damage_taken":0.0,"relics_obtained":["GremlinMask"]},{"cards_removed":["Gremlin:Strike"],"damage_healed":0.0,"max_hp_gain":0.0,"max_hp_loss":0.0,"gold_gain":0.0,"event_name":"Beggar","player_choice":"Gave Gold","floor":20.0,"gold_loss":75.0,"damage_taken":0.0},{"damage_healed":0.0,"max_hp_gain":0.0,"max_hp_loss":0.0,"gold_gain":0.0,"event_name":"The Woman in Blue","player_choice":"Bought 1 Potion","floor":22.0,"gold_loss":0.0,"damage_taken":0.0},{"cards_removed":["Gremlin:Strike"],"damage_healed":0,"gold_gain":0,"player_choice":"Offered Basic","damage_taken":0,"max_hp_gain":0,"max_hp_loss":0,"event_name":"Bonfire Elementals","floor":37,"gold_loss":0},{"damage_healed":0,"gold_gain":0,"player_choice":"3 cards matched","damage_taken":0,"max_hp_gain":0,"max_hp_loss":0,"event_name":"Match and Keep!","floor":44,"gold_loss":0,"cards_obtained":["Gremlin:GremlinOffensive","Gremlin:GremlinDance","Enlightenment"]}],"is_beta":false,"boss_relics":[{"not_picked":["SacredBark","Tiny House"],"picked":"Busted Crown"},{"not_picked":["Fusion Hammer","Velvet Choker"],"picked":"Coffee Dripper"}],"items_purged_floors":[],"is_endless":false,"potions_floor_spawned":[1,8,12,14,24,28,29,30,46,47,48],"ascension_level":4}}