{"host":"szp1d6dso4pv7ddl","time":1612668435,"event":{"mods":["AchievementEnabler","Alarm Clock","BaseMod","Bestiary","Block Reminder","Colored Map","Colored Powertips","Curses Come First","Dark Map","Displayed Cursed Tome","Highlight Path","Minty Spire (QoL Compilation)","Permanent Neow","Quick Restart","Relic Sorter","Relic Stats","StSLib","Synergy Search"],"gold_per_floor":[113,113,113,113,132,132,149,149,149,178,77,35,35,54,54,54,54],"floor_reached":16,"language":"ENG","playtime":620,"items_purged":["Regret"],"score":186,"play_id":"23124112-45df-40fa-99e9-e84147408bcc","local_time":"20210206192715","is_ascension_mode":true,"campfire_choices":[{"data":"Bash","floor":6.0,"key":"SMITH"},{"floor":8.0,"key":"REST"},{"floor":13.0,"key":"REST"},{"data":"Carnage","floor":15.0,"key":"SMITH"}],"circlet_count":0,"master_deck":["AscendersBane","Strike_R","Strike_R","Defend_R","Defend_R","Defend_R","Defend_R","Bash+1","Pummel","Limit Break","Havoc","True Grit+1","Feel No Pain","Feed","Armaments+1","Carnage+1","Iron Wave"],"relics":["Burning Blood","Toxic Egg 2","Tiny Chest","Bag of Marbles"],"acts_visited":["Exordium"],"potions_floor_usage":[16],"damage_taken":[{"damage":19.0,"enemies":"2 Louse","floor":1.0,"turns":5.0},{"damage":18.0,"enemies":"Small Slimes","floor":5.0,"turns":6.0},{"damage":5.0,"enemies":"Jaw Worm","floor":7.0,"turns":5.0},{"damage":54.0,"enemies":"Lagavulin","floor":10.0,"turns":10.0},{"damage":6.0,"enemies":"Lots of Slimes","floor":14.0,"turns":3.0},{"damage":46,"enemies":"Hexaghost","floor":16,"turns":11}],"seed_played":"7397449224649061471","potions_obtained":[{"floor":10.0,"key":"Block Potion"},{"floor":14.0,"key":"AttackPotion"}],"is_trial":false,"path_per_floor":["M","?","?","T","M","R","M","R","T","E","$","$","R","M","R","B"],"character_chosen":"IRONCLAD","items_purchased":["Armaments+1","Carnage"],"campfire_rested":2,"item_purchase_floors":[11,12],"current_hp_per_floor":[55,48,53,53,41,41,42,66,66,18,18,18,42,45,45,0,0],"gold":54,"neow_bonus":"TRANSFORM_TWO_CARDS","is_daily":false,"chose_seed":false,"campfire_upgraded":2,"win_rate":0.0,"timestamp":1612668435,"path_taken":["M","?","?","?","M","R","?","R","T","E","?","$","R","M","R","BOSS"],"items_purchased_type":["Card","Card"],"build_version":"2020-12-22","purchased_purges":1,"victory":false,"max_hp_per_floor":[75,75,80,80,80,80,80,80,80,80,80,80,80,83,83,83,83],"relic_stats":{"counters":[6,40],"Tiny Chest":0,"obtain_stats":[{"Tiny Chest":9,"Bag of Marbles":10,"Toxic Egg 2":4,"Burning Blood":0},{"Tiny Chest":3,"Bag of Marbles":4,"Toxic Egg 2":1,"Burning Blood":0},{"Tiny Chest":16,"Bag of Marbles":26,"Toxic Egg 2":5,"Burning Blood":0}],"Burning Blood":30},"card_choices":[{"not_picked":["Battle Trance","Sentinel"],"picked":"Havoc","floor":1.0},{"not_picked":["Shrug It Off+1","Sentinel+1"],"picked":"True Grit+1","floor":5.0},{"not_picked":["Iron Wave","Battle Trance+1"],"picked":"Feel No Pain","floor":7.0},{"not_picked":["Perfected Strike","Clash"],"picked":"Feed","floor":10.0},{"not_picked":["Rage+1","Sword Boomerang"],"picked":"Iron Wave","floor":14.0}],"player_experience":1383136,"relics_obtained":[{"floor":4.0,"key":"Toxic Egg 2"},{"floor":9.0,"key":"Tiny Chest"},{"floor":10.0,"key":"Bag of Marbles"}],"event_choices":[{"cards_removed":["Strike_R"],"damage_healed":0.0,"max_hp_gain":0.0,"max_hp_loss":0.0,"gold_gain":0.0,"event_name":"Golden Wing","player_choice":"Card Removal","floor":2.0,"gold_loss":0.0,"damage_taken":7.0},{"damage_healed":0.0,"max_hp_gain":5.0,"max_hp_loss":0.0,"gold_gain":0.0,"event_name":"Big Fish","player_choice":"Donut","floor":3.0,"gold_loss":0.0,"damage_taken":0.0}],"is_beta":false,"boss_relics":[],"items_purged_floors":[11],"is_endless":false,"potions_floor_spawned":[10,14],"killed_by":"Hexaghost","ascension_level":18}}