{"host":"8vrmceg1p8ljousa","time":1612705883,"event":{"mods":["BaseMod","Hermit","Highlight Path","Minty Spire (QoL Compilation)","StSLib"],"gold_per_floor":[364,364,378,52,65,65,91,152,152,152,152,152,33,33,33,206,206,210,210,227,83,83,83,100,0,0,0,35,81,81,81],"floor_reached":30,"language":"ENG","playtime":1092,"items_purged":["Injury","hermit:Strike_Hermit"],"score":226,"play_id":"6a085aa7-fc84-442f-9b33-9f145d794675","local_time":"20210207155123","is_ascension_mode":false,"campfire_choices":[{"data":"hermit:Combo","floor":6,"key":"SMITH"},{"data":"hermit:TakeAim","floor":11,"key":"SMITH"},{"data":"hermit:GoldenBullet","floor":15,"key":"SMITH"},{"data":"hermit:BodyArmor","floor":23,"key":"SMITH"},{"data":"hermit:Showdown","floor":27,"key":"SMITH"}],"circlet_count":0,"master_deck":["hermit:Strike_Hermit","hermit:Defend_Hermit","hermit:Defend_Hermit","hermit:Defend_Hermit","hermit:Defend_Hermit","hermit:Snapshot","hermit:Covet","hermit:Combo+1","hermit:ItchyTrigger","hermit:DeadOrAlive","hermit:Enervate","hermit:TakeAim+1","Parasite","hermit:GoldenBullet+1","hermit:Gambit","hermit:BodyArmor+1","hermit:FinalCanter","hermit:Showdown+1","hermit:BigShot","hermit:Dive","hermit:Gambit","hermit:Quickdraw","Injury","Parasite"],"relics":["hermit:Momento","Pantograph","Oddly Smooth Stone","Potion Belt","Cursed Key","Orrery","Torii","Bag of Preparation"],"acts_visited":["Exordium","TheCity"],"potions_floor_usage":[16,18,20],"damage_taken":[{"damage":2,"enemies":"Small Slimes","floor":1,"turns":3},{"damage":2,"enemies":"2 Louse","floor":3,"turns":3},{"damage":8,"enemies":"Jaw Worm","floor":5,"turns":3},{"damage":5,"enemies":"Looter","floor":7,"turns":3},{"damage":29,"enemies":"3 Sentries","floor":8,"turns":8},{"damage":37,"enemies":"Slime Boss","floor":16,"turns":13},{"damage":20,"enemies":"2 Thieves","floor":18,"turns":4},{"damage":4,"enemies":"Spheric Guardian","floor":20,"turns":3},{"damage":11,"enemies":"Cultist and Chosen","floor":24,"turns":7},{"damage":20,"enemies":"Sentry and Sphere","floor":28,"turns":6},{"damage":23,"enemies":"Snake Plant","floor":30,"turns":2}],"seed_played":"-2984939892155860970","potions_obtained":[{"floor":3,"key":"ColorlessPotion"},{"floor":8,"key":"Energy Potion"},{"floor":24,"key":"EssenceOfSteel"}],"is_trial":false,"path_per_floor":["M","?","M","$","M","R","M","E","T","?","R","?","$","?","R","B",null,"M","?","M","$","?","R","M","$","T","R","M","T","M"],"character_chosen":"HERMIT","items_purchased":["Pantograph","hermit:GoldenBullet","Strength Potion","Orrery"],"campfire_rested":0,"item_purchase_floors":[4,13,13,21],"current_hp_per_floor":[73,73,71,71,63,63,58,29,29,47,47,47,47,47,47,35,75,55,55,51,51,51,51,40,40,40,40,20,20,0,0],"gold":81,"neow_bonus":"TWO_FIFTY_GOLD","is_daily":false,"chose_seed":false,"campfire_upgraded":5,"win_rate":0.0,"timestamp":1612705883,"path_taken":["M","?","M","$","M","R","M","E","T","?","R","?","?","?","R","BOSS","M","?","M","$","?","R","?","$","T","R","M","?","M"],"items_purchased_type":["Relic","Card","Potion","Relic"],"build_version":"2020-12-22","purchased_purges":2,"victory":false,"max_hp_per_floor":[75,75,75,75,75,75,75,75,75,75,75,75,75,75,75,75,75,75,75,75,75,75,75,75,75,75,75,75,75,75,75],"card_choices":[{"not_picked":["hermit:LowProfile","hermit:LuckOfTheDraw"],"picked":"hermit:Combo","floor":1},{"not_picked":["hermit:Glare","hermit:Spite"],"picked":"hermit:ItchyTrigger","floor":3},{"not_picked":["hermit:SprayPray","hermit:CalledShot"],"picked":"hermit:DeadOrAlive","floor":5},{"not_picked":["hermit:Cheat","hermit:Roulette"],"picked":"hermit:Enervate","floor":7},{"not_picked":["hermit:CalledShot","hermit:Coalescence"],"picked":"hermit:TakeAim","floor":8},{"not_picked":["hermit:HighNoon","hermit:Magnum"],"picked":"hermit:Gambit","floor":16},{"not_picked":["hermit:Ricochet","hermit:HoleUp"],"picked":"hermit:BodyArmor","floor":18},{"not_picked":["hermit:Headshot","hermit:Combo","hermit:Grudge"],"picked":"SKIP","floor":20},{"not_picked":["hermit:Headshot","hermit:Deadeye+1"],"picked":"hermit:BigShot","floor":21},{"not_picked":["hermit:Roulette","hermit:Misfire"],"picked":"hermit:Dive","floor":21},{"not_picked":["hermit:Desperado","hermit:Horror"],"picked":"hermit:Gambit","floor":21},{"not_picked":["hermit:SprayPray","hermit:PistolWhip"],"picked":"hermit:Quickdraw","floor":24},{"not_picked":["hermit:Headshot+1","hermit:Desperado","hermit:Brawl"],"picked":"SKIP","floor":28}],"player_experience":72724,"relics_obtained":[{"floor":8,"key":"Oddly Smooth Stone"},{"floor":9,"key":"Potion Belt"},{"floor":26,"key":"Torii"},{"floor":29,"key":"Bag of Preparation"}],"event_choices":[{"damage_healed":0,"gold_gain":0,"player_choice":"Leave","damage_taken":0,"max_hp_gain":0,"max_hp_loss":0,"event_name":"The Cleric","floor":2,"gold_loss":0},{"damage_healed":18,"gold_gain":0,"player_choice":"Healed and dodged fight","damage_taken":0,"max_hp_gain":0,"max_hp_loss":0,"event_name":"Mushrooms","floor":10,"gold_loss":0,"cards_obtained":["Parasite"]},{"damage_healed":0,"gold_gain":0,"player_choice":"Ignored","damage_taken":0,"max_hp_gain":0,"max_hp_loss":0,"event_name":"Golden Idol","floor":12,"gold_loss":0},{"damage_healed":0,"gold_gain":0,"player_choice":"Ignored","damage_taken":0,"max_hp_gain":0,"max_hp_loss":0,"event_name":"Liars Game","floor":14,"gold_loss":0},{"damage_healed":0,"gold_gain":0,"cards_transformed":["hermit:Strike_Hermit","hermit:Strike_Hermit"],"player_choice":"Became Test Subject","damage_taken":0,"max_hp_gain":0,"max_hp_loss":0,"event_name":"Drug Dealer","floor":19,"gold_loss":0,"cards_obtained":["hermit:FinalCanter","hermit:Showdown"]},{"damage_healed":0,"gold_gain":0,"player_choice":"Ignored","damage_taken":0,"max_hp_gain":0,"max_hp_loss":0,"event_name":"Fountain of Cleansing","floor":22,"gold_loss":0}],"is_beta":false,"boss_relics":[{"not_picked":["Snecko Eye","Fusion Hammer"],"picked":"Cursed Key"}],"items_purged_floors":[4,25],"is_endless":false,"potions_floor_spawned":[3,8,24],"killed_by":"Snake Plant","ascension_level":0}}