{"host":"mal0jdk4f6ubgyb8","time":1612662381,"event":{"mods":["100% Spire Juice","Act Like it!","Aspiration","BaseMod","CapriCore","Gensokyo","KinomotoSakuraMod(ƒæ÷Æ±æ”£)","Koishi","Luminous","Marisa£®ÏF”Í°°ƒß¿Ì…≥£©","Minty Spire (QoL Compilation)","Pale of the Ancients","Quick Restart","Reimu£®≤©¿ˆ¡È√Œ£©","Relic Stats","Reliquary","Remilia£®¿Ÿ√◊¿Ú—«£©","Replay The Spire","Spicy Shops","StSLib","The Immortal","WarShipGirlsR/’ΩΩ¢…Ÿ≈ÆR mod","Yakumo Yukari mod","Youmu£®ªÍ∆«—˝√Œ£©","Yuri Mod","Yuyuko"],"gold_per_floor":[114,114,114,114,130,159,159,185,212,242,93,124,141,154,154,258,258,271,271,291,309,328,356,356,372,372,402,52,66,66,83,83,184,284,284,284],"floor_reached":35,"language":"ZHS","playtime":1970,"items_purged":["Overencumbered"],"score":717,"play_id":"73d6c04b-3de4-44bc-81f7-7c2f880911ba","local_time":"20210207094621","is_ascension_mode":true,"campfire_choices":[{"data":"CherryBlossomSword","floor":7.0,"key":"SMITH"},{"data":"Defend_YM","floor":15.0,"key":"PURGE"},{"floor":24,"key":"RECALL"},{"data":"FiveSignsOfTheDyingDeva","floor":32,"key":"SMITH"}],"circlet_count":0,"master_deck":["Strike_YM","Strike_YM","Strike_YM","Strike_YM+1","Defend_YM","Defend_YM","Defend_YM+1","SlashOfPresentWorld","WheelOfPainOfLivingAndDead","HumanKnowledgeSword","CherryBlossomFlashing","CherryBlossomSword+1","FlashingScatteredFlowers","SlashOfTheEternalFuture","SwordExtraction","CelestialStarSword","CrescentMoonSlash","HellRealmSword","FiveSignsOfTheDyingDeva+1","LightFlashOfTheNetherworld+1","PhosphoricSlash","LightFlashOfTheNetherworld","Violence","Flash of Steel","Flash of Steel","CrescentMoonSlash","HumanKnowledgeSword","WickedSoul"],"relics":["HalfPhantom","aspiration:Nostalgia","Sizzling Blood","ReplayTheSpireMod:Ring of Addiction","Toy Ornithopter","Ring of Fury","White Beast Statue","Dream Catcher","Garlic","AntiCross","Oddly Smooth Stone","reliquary:RosewoodLute","Cursed Key","Vajra","Gremlin Horn","Question Card","reliquary:WeakTea","ReplayTheSpireMod:ShopPack","Nilry\u0027s Codex","Replay:Wanted Poster"],"acts_visited":["Exordium","TheCity","TheBeyond"],"potions_floor_usage":[22,23,25,27,29,31,33],"damage_taken":[{"damage":0.0,"enemies":"Cultist","floor":1.0,"turns":3.0},{"damage":0.0,"enemies":"Jaw Worm","floor":5.0,"turns":1.0},{"damage":2.0,"enemies":"Gremlin Nob","floor":6.0,"turns":3.0},{"damage":12.0,"enemies":"Lagavulin","floor":8.0,"turns":5.0},{"damage":0.0,"enemies":"Gremlin Nob","floor":10.0,"turns":4.0},{"damage":0.0,"enemies":"3 Sentries","floor":12.0,"turns":3.0},{"damage":0.0,"enemies":"2 Louse","floor":13.0,"turns":2.0},{"damage":0.0,"enemies":"Exordium Wildlife","floor":14.0,"turns":1.0},{"damage":20.0,"enemies":"The Guardian","floor":16.0,"turns":5.0},{"damage":0.0,"enemies":"Chosen","floor":18.0,"turns":3.0},{"damage":0.0,"enemies":"Shell Parasite","floor":20.0,"turns":1.0},{"damage":0,"enemies":"Chosen and Byrds","floor":21,"turns":3},{"damage":0,"enemies":"Snake Plant","floor":22,"turns":2},{"damage":0,"enemies":"Book of Stabbing","floor":23,"turns":2},{"damage":14,"enemies":"Centurion and Healer","floor":25,"turns":3},{"damage":6,"enemies":"Replay:Snechameleon","floor":27,"turns":2},{"damage":0,"enemies":"Shelled Parasite and Fungi","floor":29,"turns":2},{"damage":15,"enemies":"Snake Plant","floor":31,"turns":2},{"damage":10,"enemies":"Automaton","floor":33,"turns":3},{"damage":168,"enemies":"3 Darklings","floor":35,"turns":1}],"seed_played":"-4453300097703802832","potions_obtained":[{"floor":1.0,"key":"ZuzhouPotion:ReiMu"},{"floor":2.0,"key":"Strength Potion"},{"floor":2.0,"key":"AttackPotion"},{"floor":2.0,"key":"Block Potion"},{"floor":5.0,"key":"Explosive Potion"},{"floor":6.0,"key":"Regen Potion"},{"floor":8.0,"key":"Block Potion"},{"floor":10.0,"key":"DistilledChaos"},{"floor":12.0,"key":"AttackPotion"},{"floor":13.0,"key":"Energy Potion"},{"floor":14.0,"key":"EssenceOfSteel"},{"floor":16.0,"key":"Regen Potion"},{"floor":18.0,"key":"FearPotion"},{"floor":20.0,"key":"Fire Potion"},{"floor":21,"key":"DistilledChaos"},{"floor":22,"key":"Strength Potion"},{"floor":23,"key":"CausticAgent"},{"floor":25,"key":"LiquidMemories"},{"floor":27,"key":"Fruit Juice"},{"floor":29,"key":"SwordSoul"},{"floor":31,"key":"PowerPotion"},{"floor":33,"key":"Regen Potion"}],"is_trial":false,"path_per_floor":["M","?","?","?","M","E","R","E","T","E","$","E","M","M","R","B",null,"M","?","M","M","M","E","R","M","T","E","$","M","?","M","R","B",null,"M"],"character_chosen":"YOUMU","items_purchased":["Oddly Smooth Stone","reliquary:WeakTea","ReplayTheSpireMod:ShopPack"],"campfire_rested":0,"item_purchase_floors":[11,28,28],"current_hp_per_floor":[79,79,63,56,65,72,72,69,69,78,78,79,79,79,79,63,79,79,79,79,79,79,79,79,74,74,77,77,79,63,62,62,61,84,0,0],"gold":284,"neow_bonus":"NOSTALGIA","is_daily":false,"chose_seed":false,"campfire_upgraded":2,"win_rate":0.0,"timestamp":1612662381,"path_taken":["M","?","?","?","?","E","R","E","T","E","$","E","M","M","R","BOSS","M","?","M","M","M","E","R","M","T","E","$","M","?","M","R","BOSS","M"],"items_purchased_type":["Relic","Relic","Relic"],"build_version":"2020-12-22","purchased_purges":1,"victory":false,"max_hp_per_floor":[79,79,79,79,79,79,79,79,79,79,79,79,79,79,79,79,79,79,79,79,79,79,79,79,79,79,79,79,79,79,84,84,84,84,84,84],"relic_stats":{"Dream Catcher":0,"Gremlin Horn":[3,3],"counters":[20,51],"Cursed Key":1,"Question Card":7,"obtain_stats":[{"Gremlin Horn":26,"aspiration:Nostalgia":0,"Nilry\u0027s Codex":30,"ReplayTheSpireMod:Ring of Addiction":2,"Oddly Smooth Stone":11,"Vajra":23,"HalfPhantom":0,"Sizzling Blood":0,"reliquary:WeakTea":28,"reliquary:RosewoodLute":12,"Cursed Key":17,"Question Card":27,"White Beast Statue":2,"Replay:Wanted Poster":34,"Dream Catcher":6,"Ring of Fury":2,"AntiCross":10,"Garlic":8,"Toy Ornithopter":2,"ReplayTheSpireMod:ShopPack":28},{"Gremlin Horn":15,"aspiration:Nostalgia":0,"Nilry\u0027s Codex":17,"ReplayTheSpireMod:Ring of Addiction":1,"Oddly Smooth Stone":5,"Vajra":14,"HalfPhantom":0,"Sizzling Blood":0,"reliquary:WeakTea":16,"reliquary:RosewoodLute":6,"Cursed Key":9,"Question Card":16,"White Beast Statue":1,"Replay:Wanted Poster":19,"Dream Catcher":3,"Ring of Fury":1,"AntiCross":5,"Garlic":4,"Toy Ornithopter":1,"ReplayTheSpireMod:ShopPack":16},{"Gremlin Horn":41,"aspiration:Nostalgia":0,"Nilry\u0027s Codex":45,"ReplayTheSpireMod:Ring of Addiction":3,"Oddly Smooth Stone":16,"Vajra":38,"HalfPhantom":0,"Sizzling Blood":0,"reliquary:WeakTea":43,"reliquary:RosewoodLute":19,"Cursed Key":27,"Question Card":43,"White Beast Statue":3,"Replay:Wanted Poster":50,"Dream Catcher":7,"Ring of Fury":3,"AntiCross":16,"Garlic":12,"Toy Ornithopter":3,"ReplayTheSpireMod:ShopPack":43}],"Toy Ornithopter":43},"card_choices":[{"not_picked":["TwoHundredYojanaInOneSlash","ObsessionWithThePresentWorld"],"picked":"HumanKnowledgeSword","floor":1.0},{"not_picked":["DispleasureOfTheSevenHakus","SlashOfMeditation"],"picked":"CherryBlossomFlashing","floor":5.0},{"not_picked":["SwordOfBindingDesires","CherryBlossomFlashing"],"picked":"CherryBlossomSword","floor":6.0},{"not_picked":["ThreeKonsSevenHakus","TenKingsRetributionOnThePreta"],"picked":"FlashingScatteredFlowers","floor":8.0},{"not_picked":["TwoHundredYojanaInOneSlash","HiganSword"],"picked":"SlashOfTheEternalFuture","floor":10.0},{"not_picked":["SwordOfBindingDesires","FlashingScatteredFlowers"],"picked":"SwordExtraction","floor":12.0},{"not_picked":["HumanKnowledgeSword","CherryBlossomFlashing"],"picked":"CelestialStarSword","floor":13.0},{"not_picked":["HeavenlyHaloSlash","PhosphoricSlash"],"picked":"CrescentMoonSlash","floor":14.0},{"not_picked":["SlashOfTheEternalFuture","SuddenDivineSeveringOfKarmicWind"],"picked":"HellRealmSword","floor":16.0},{"not_picked":["LifeCuttingSword+1","SwordOfBindingDesires","CherryBlossomFlashing"],"picked":"SKIP","floor":18.0},{"not_picked":["HeartExcerptSlash","ThreeKonsSevenHakus+1"],"picked":"FiveSignsOfTheDyingDeva","floor":20.0},{"not_picked":["SanzenSekai+1","HeartExcerptSlash"],"picked":"LightFlashOfTheNetherworld+1","floor":21},{"not_picked":["SwordOfBindingDesires+1","FlashingScatteredFlowers"],"picked":"PhosphoricSlash","floor":22},{"not_picked":["TurningAngelCut","ThreeKonsSevenHakus+1","BizarrenessOfSixRealms"],"picked":"SKIP","floor":23},{"not_picked":["SpiritCuttingSword","SwordOfBindingDesires+1","EchoesOfTheInclemencyOfAllBeings"],"picked":"SKIP","floor":25},{"not_picked":["SpiderLilyBurial","MatsuyoiReflectingSatelliteSlash"],"picked":"LightFlashOfTheNetherworld","floor":27},{"not_picked":["Metamorphosis","The Bomb","Mayhem"],"picked":"Violence","floor":28},{"not_picked":["Panacea","ReplayTheSpireMod:Brewmster","HandOfGreed"],"picked":"Flash of Steel","floor":28},{"not_picked":["Replay:Sssssssssstrike","Mind Blast","ReplayUltimateDefense"],"picked":"Flash of Steel","floor":28},{"not_picked":["CherryBlossomFlashing+1","SlashOfAscensionToBuddhahood","DispleasureOfTheSevenHakus"],"picked":"CrescentMoonSlash","floor":29},{"not_picked":["DispleasureOfTheSevenHakus","AsuraSword","SpiritCuttingSword"],"picked":"HumanKnowledgeSword","floor":31},{"not_picked":["GreatEnlightenmentAppearingAndDisappearing","SlashOfTheEternalFuture","CelestialStarSword"],"picked":"WickedSoul","floor":33}],"player_experience":393085,"relics_obtained":[{"floor":2.0,"key":"ReplayTheSpireMod:Ring of Addiction"},{"floor":2.0,"key":"Toy Ornithopter"},{"floor":2.0,"key":"Ring of Fury"},{"floor":2.0,"key":"White Beast Statue"},{"floor":6.0,"key":"Dream Catcher"},{"floor":8.0,"key":"Garlic"},{"floor":10.0,"key":"AntiCross"},{"floor":12.0,"key":"reliquary:RosewoodLute"},{"floor":23,"key":"Vajra"},{"floor":26,"key":"Gremlin Horn"},{"floor":27,"key":"Question Card"},{"floor":30,"key":"Nilry\u0027s Codex"}],"event_choices":[{"damage_healed":0.0,"max_hp_gain":0.0,"max_hp_loss":0.0,"gold_gain":0.0,"event_name":"Shining Light","player_choice":"Entered Light","floor":3.0,"gold_loss":0.0,"damage_taken":16.0,"cards_upgraded":["Defend_YM","Strike_YM"]},{"cards_removed":["Delirium"],"damage_healed":0.0,"max_hp_gain":0.0,"max_hp_loss":0.0,"gold_gain":0.0,"event_name":"Golden Wing","player_choice":"Card Removal","floor":4.0,"gold_loss":0.0,"damage_taken":7.0},{"damage_healed":0.0,"max_hp_gain":0.0,"max_hp_loss":0.0,"gold_gain":0.0,"event_name":"Ghosts","player_choice":"Ignored","floor":19.0,"gold_loss":0.0,"damage_taken":0.0},{"damage_healed":0,"gold_gain":0,"player_choice":"Obtained Book","damage_taken":16,"max_hp_gain":0,"max_hp_loss":0,"event_name":"Cursed Tome","floor":30,"gold_loss":0}],"is_beta":false,"boss_relics":[{"not_picked":["aspiration:SilentSkillbook","reliquary:Craggleroot"],"picked":"Cursed Key"},{"not_picked":["Snecko Eye","Busted Crown"],"picked":"Replay:Wanted Poster"}],"items_purged_floors":[28],"is_endless":false,"potions_floor_spawned":[1,5,6,8,10,12,13,14,16,18,20,21,22,23,25,27,29,31,33],"killed_by":"3 Darklings","ascension_level":2}}