{"host":"g1wmg2w41xhsnw8g","time":1612736965,"event":{"mods":["2.2 Compatiblity","Act Like it!","Aspiration","BaseMod","Better Altar","Better Match","Better Note","Better Sensory Stone","Better Skull","Better Third Choice","BetterRewards","Booster Modes","CapriCore","Colored Map","Colored Powertips","Defuse TimeMaze Blight","Displayed Cursed Tome","Evolution","Fox Events","Friendly Minions","GifTheSpireLib","Good Game Mod","Googly Eyes","Hubris","Infinite Spire","Jedi Mod","Minty Spire (QoL Compilation)","Monster B Gone","Red Circlet Mod","Relic Filter Mod","Relic Sorter","Reliquary","SCP261 Mod","Shop Mod","Small Relic Pack","Smile Girya","Spicy Shops","Spikes Relics","StSLib","Strawberry Spire","The Animator","The Runesmith","The Sage","Trackpad","Transform Curses","Wandering Minibosses","????"],"gold_per_floor":[123,123,123,46,58,58,69,99,99,99,139,104,104,131,131,232,232,248,240,240,252,252,23,42,42,68,68,68,68,68,68],"floor_reached":30,"language":"ENG","playtime":1748,"items_purged":[],"score":298,"play_id":"6b58dbf2-07c9-4a17-b2bf-16eb5ee07503","local_time":"20210207172925","daily_mods":["SealedDeck","Specialized","Heirloom","Elite Swarm"],"is_ascension_mode":true,"campfire_choices":[{"data":"Adrenaline","floor":6,"key":"SMITH"},{"data":"animator:ElricEdward","floor":10,"key":"SMITH"},{"data":"animator:Boros","floor":15,"key":"SMITH"},{"floor":25,"key":"REST"},{"data":"animator:Biyorigo","floor":28,"key":"SMITH"}],"circlet_count":0,"master_deck":["animator:WinryRockbell","animator:WinryRockbell","animator:WinryRockbell","animator:ElricAlphonse","animator:Melzalgald","animator:Shichika","animator:Sebas","animator:Sonic","animator:Tatsumaki","animator:ElricEdward+1","animator:Entoma+4","animator:Ainz","animator:Guren","animator:TsurugaMeisai","Adrenaline+1","animator:Witch","animator:Nanami","animator:Boros+1","animator:MadokaKaname","animator:Konayuki","animator:Biyorigo+1","animator:KrulTepes+1","infinitespire:Oblivion","animator:DwarfShaman","BlessedFruit+1"],"relics":["animator:LivingPicture","animator:TheMissingPiece","EVO:Axolotl","REME:ComplimentaryCards","Ginger","hubris:Towel","Rawhide","reliquary:Firecrackers","infinitespire:Joker Card","Membership Card","MerchantsRug","aspiration:SeaSaltIceCream","SpikesRelics:DaevaFist","trackpad:WritersBlock","relicPack:DSword"],"acts_visited":["Exordium","TheCity"],"potions_floor_usage":[11,11,16,18,30],"damage_taken":[{"damage":11,"enemies":"Cultist","floor":1,"turns":4},{"damage":11,"enemies":"Jaw Worm","floor":5,"turns":2},{"damage":5,"enemies":"Small Slimes","floor":7,"turns":3},{"damage":28,"enemies":"Gremlin Nob","floor":8,"turns":4},{"damage":7,"enemies":"3 Sentries","floor":11,"turns":3},{"damage":6,"enemies":"Exordium Thugs","floor":14,"turns":4},{"damage":26,"enemies":"Slime Boss","floor":16,"turns":9},{"damage":32,"enemies":"Spheric Guardian","floor":18,"turns":5},{"damage":28,"enemies":"2 Thieves","floor":19,"turns":5},{"damage":25,"enemies":"Centurion and Healer","floor":21,"turns":5},{"damage":11,"enemies":"Snake Plant","floor":24,"turns":3},{"damage":21,"enemies":"Nightmare","floor":30,"turns":3}],"seed_played":"8317495216054449398","potions_obtained":[{"floor":7,"key":"SCP261:EnergyGasPotion"},{"floor":14,"key":"Regen Potion"},{"floor":16,"key":"jedi:tentaclejuice"},{"floor":21,"key":"jedi:StrikingPotion"}],"is_trial":true,"path_per_floor":["M","?","?","$","M","R","M","E","T","R","E","?","$","M","R","B",null,"M","M","AVR","M","?","R","M","R","T","?","R","?","NM"],"character_chosen":"THE_ANIMATOR","items_purchased":["animator:Witch","Membership Card","MerchantsRug","aspiration:SeaSaltIceCream"],"campfire_rested":1,"item_purchase_floors":[4,23,23,23],"current_hp_per_floor":[80,80,80,80,72,72,69,41,41,41,36,60,60,54,54,62,99,67,45,45,23,33,33,25,54,54,54,54,19,0,0],"gold":68,"neow_bonus":"","is_daily":false,"chose_seed":false,"campfire_upgraded":4,"win_rate":0.0,"timestamp":1612736965,"path_taken":["M","?","?","?","M","R","M","E","T","R","E","?","$","?","R","BOSS","M","M","AVR","M","?","R","M","R","T","?","R","?","NM"],"items_purchased_type":["Card","Relic","Relic","Relic"],"build_version":"2020-12-22","purchased_purges":0,"victory":false,"max_hp_per_floor":[91,91,91,91,94,94,96,96,96,96,98,98,98,98,98,99,99,99,99,99,99,99,99,99,99,99,99,99,99,99,99],"card_choices":[{"not_picked":["animator:YuiTsuruno","animator:Witch"],"picked":"animator:TsurugaMeisai","floor":1},{"not_picked":["animator:DwarfShaman","animator:Shigure"],"picked":"animator:Nanami","floor":5},{"not_picked":["animator:HiiragiShinya","animator:Genos","animator:Emonzaemon"],"picked":"SKIP","floor":7},{"not_picked":["animator:Father","animator:HomuraAkemi"],"picked":"animator:Boros","floor":8},{"not_picked":["animator:Saitama","animator:SwordMaiden"],"picked":"animator:MadokaKaname","floor":11},{"not_picked":["animator:Mitsuba","animator:ZankiKiguchi"],"picked":"animator:Konayuki","floor":14},{"not_picked":["animator:Kyubey","animator:Greed"],"picked":"animator:Biyorigo","floor":16},{"not_picked":["animator:Shichika","animator:ElricEdward","animator:Spearman"],"picked":"SKIP","floor":18},{"not_picked":["animator:Nanami","animator:HigakiRinne"],"picked":"animator:KrulTepes+1","floor":19},{"not_picked":["animator:OrikoMikuni","animator:Pride"],"picked":"animator:DwarfShaman","floor":21},{"not_picked":["animator:Sloth","animator:HiiragiShinya+1","animator:Witch"],"picked":"SKIP","floor":24}],"player_experience":1188336,"relics_obtained":[{"floor":8,"key":"Rawhide"},{"floor":9,"key":"Bottled Flame"},{"floor":11,"key":"reliquary:Firecrackers"},{"floor":26,"key":"trackpad:WritersBlock"}],"event_choices":[{"damage_healed":24,"gold_gain":0,"player_choice":"Healed","damage_taken":0,"max_hp_gain":0,"max_hp_loss":0,"event_name":"The Cleric","floor":12,"gold_loss":35},{"cards_removed":["animator:KrulTepes"],"damage_healed":0,"gold_gain":0,"player_choice":"Take \u0026 Give","damage_taken":0,"max_hp_gain":0,"max_hp_loss":0,"event_name":"betterNote:BetterNote","floor":27,"gold_loss":0,"cards_obtained":["BlessedFruit"]}],"is_beta":false,"boss_relics":[{"not_picked":["Cursed Key","reliquary:WritOfMandamus"],"picked":"Empty Cage"}],"items_purged_floors":[],"is_endless":false,"potions_floor_spawned":[7,14,16,21],"killed_by":"Nightmare","ascension_level":1}}