{"host":"52lujqhsyicpcskq","time":1612721468,"event":{"mods":["BaseMod","Colored Map","Minty Spire (QoL Compilation)","Permanent Neow","StSLib","SuperFastMode","everything is the same but u backflip on backflip"],"gold_per_floor":[114,191,209,209,219,219,252,252,279,279,292,292,319,330,330,409,409,420,420,446,458,458],"floor_reached":21,"language":"KOR","playtime":664,"items_purged":[],"score":312,"play_id":"df9a682d-f465-4447-a67a-2e184ae27359","local_time":"20210208031108","is_ascension_mode":true,"campfire_choices":[{"data":"All Out Attack","floor":6,"key":"SMITH"},{"data":"Dagger Spray","floor":8,"key":"SMITH"},{"data":"Survivor","floor":12,"key":"SMITH"},{"floor":15,"key":"REST"}],"circlet_count":0,"master_deck":["AscendersBane","Strike_G","Strike_G","Strike_G","Strike_G","Strike_G","Defend_G","Defend_G","Defend_G","Defend_G","Defend_G","Survivor+1","Neutralize+1","All Out Attack+1","Heel Hook","Dagger Spray+1","Dagger Throw","Endless Agony","Predator","Deadly Poison","Night Terror","Flying Knee","Writhe","Dash"],"relics":["Ring of the Snake","Anchor","Akabeko","Bag of Marbles","Blue Candle","Black Star","MawBank"],"acts_visited":["Exordium","TheCity"],"potions_floor_usage":[7,16,18],"damage_taken":[{"damage":11,"enemies":"Jaw Worm","floor":1,"turns":8},{"damage":0,"enemies":"2 Louse","floor":3,"turns":3},{"damage":0,"enemies":"Cultist","floor":5,"turns":3},{"damage":7,"enemies":"3 Sentries","floor":7,"turns":6},{"damage":0,"enemies":"2 Fungi Beasts","floor":11,"turns":2},{"damage":15,"enemies":"Lagavulin","floor":13,"turns":5},{"damage":0,"enemies":"3 Louse","floor":14,"turns":1},{"damage":18,"enemies":"Slime Boss","floor":16,"turns":8},{"damage":32,"enemies":"Spheric Guardian","floor":18,"turns":6},{"damage":0,"enemies":"3 Byrds","floor":20,"turns":4},{"damage":37,"enemies":"Shelled Parasite and Fungi","floor":21,"turns":3}],"seed_played":"3134283613176380734","potions_obtained":[{"floor":5,"key":"Explosive Potion"},{"floor":7,"key":"DuplicationPotion"},{"floor":13,"key":"SpeedPotion"},{"floor":20,"key":"LiquidBronze"}],"is_trial":false,"path_per_floor":["M","?","M","?","M","R","E","R","T","T","M","R","E","M","R","B",null,"M","?","M","M"],"character_chosen":"THE_SILENT","items_purchased":[],"campfire_rested":1,"item_purchase_floors":[],"current_hp_per_floor":[52,52,52,57,57,57,50,50,50,50,50,50,35,35,57,39,66,34,34,34,0,0],"gold":458,"neow_bonus":"UPGRADE_CARD","is_daily":false,"chose_seed":false,"campfire_upgraded":3,"win_rate":0.0,"timestamp":1612721468,"path_taken":["M","?","M","?","M","R","E","R","T","?","M","R","E","M","R","BOSS","M","?","M","M"],"items_purchased_type":[],"build_version":"2020-12-22","purchased_purges":0,"victory":false,"max_hp_per_floor":[70,70,70,75,75,75,75,75,75,75,75,75,75,75,75,75,75,75,75,75,75,75],"card_choices":[{"not_picked":["Underhanded Strike","Distraction"],"picked":"All Out Attack","floor":1},{"not_picked":["Acrobatics","Deflect"],"picked":"Heel Hook","floor":3},{"not_picked":["Dodge and Roll","Quick Slash"],"picked":"Dagger Spray","floor":5},{"not_picked":["Bane","Skewer"],"picked":"Dagger Throw","floor":7},{"not_picked":["Choke","Dagger Throw"],"picked":"Endless Agony","floor":11},{"not_picked":["Bouncing Flask","Flechettes"],"picked":"Predator","floor":13},{"not_picked":["Outmaneuver","Prepared"],"picked":"Deadly Poison","floor":14},{"not_picked":["Phantasmal Killer","Die Die Die"],"picked":"Night Terror","floor":16},{"not_picked":["Dagger Throw","Skewer"],"picked":"Flying Knee","floor":18},{"not_picked":["Underhanded Strike","Prepared"],"picked":"Dash","floor":20}],"player_experience":765013,"relics_obtained":[{"floor":7,"key":"Anchor"},{"floor":9,"key":"Akabeko"},{"floor":10,"key":"Bag of Marbles"},{"floor":13,"key":"Blue Candle"}],"event_choices":[{"damage_healed":0,"gold_gain":77,"player_choice":"Gained Gold","damage_taken":0,"max_hp_gain":0,"max_hp_loss":0,"event_name":"Golden Wing","floor":2,"gold_loss":0},{"damage_healed":0,"gold_gain":0,"player_choice":"Donut","damage_taken":0,"max_hp_gain":5,"max_hp_loss":0,"event_name":"Big Fish","floor":4,"gold_loss":0},{"damage_healed":0,"gold_gain":0,"player_choice":"Opened","damage_taken":0,"relics_obtained":["MawBank"],"max_hp_gain":0,"max_hp_loss":0,"event_name":"The Mausoleum","floor":19,"gold_loss":0,"cards_obtained":["Writhe"]}],"is_beta":false,"boss_relics":[{"not_picked":["Calling Bell","Velvet Choker"],"picked":"Black Star"}],"items_purged_floors":[],"is_endless":false,"potions_floor_spawned":[5,7,13,14,20],"killed_by":"Shelled Parasite and Fungi","ascension_level":13}}