{"host":"u5p72gjg7qm9i6r4","time":1612675267,"event":{"mods":["AchievementEnabler","BaseMod","Curses Come First","Highlight Path","Minty Spire (QoL Compilation)","Rare Cards Sparkle","StSLib"],"gold_per_floor":[118,133,133,143,155,186,197,232,232,3,3,3,36,55,55,159,159,176,176,188,188,204,204,214,244,244,271,284,284,315,315,315,411,411,431,442,442,442,460,494,494,512,512,512,184,201,232,117,117,117,117,117,13,42,42,42],"floor_reached":55,"language":"ENG","playtime":4732,"items_purged":["Clumsy"],"score":1266,"play_id":"399aac63-69d9-4308-98fc-7b84767ed6b9","local_time":"20210206232107","is_ascension_mode":true,"campfire_choices":[{"floor":11.0,"key":"REST"},{"data":"Venomology","floor":15.0,"key":"SMITH"},{"floor":23.0,"key":"REST"},{"data":"Wraith Form v2","floor":29.0,"key":"SMITH"},{"floor":32.0,"key":"REST"},{"floor":41,"key":"RECALL"},{"floor":49,"key":"REST"},{"data":"1","floor":52,"key":"LIFT"}],"circlet_count":0,"master_deck":["Survivor","Neutralize","Leg Sweep","Underhanded Strike","Tools of the Trade","Leg Sweep","Venomology+1","Malaise","Phantasmal Killer","Glass Knife+1","Skewer+1","PiercingWail","Dash","Backflip","Dagger Spray","Riddle With Holes+1","Corpse Explosion","Dash","Dash","Wraith Form v2+1","Dash+1","PiercingWail+1","After Image","Madness","Madness","Burst","Footwork","Apotheosis","Noxious Fumes"],"relics":["Pandora\u0027s Box","Orichalcum","Happy Flower","Whetstone","Membership Card","Omamori","Bag of Marbles","Cursed Key","White Beast Statue","FossilizedHelix","Boot","Nilry\u0027s Codex","Black Star","Girya","Singing Bowl","Oddly Smooth Stone","Pear","Calipers","Nunchaku","Art of War","Shuriken","ClockworkSouvenir","Bag of Preparation","Gremlin Horn"],"acts_visited":["Exordium","TheCity","TheBeyond","TheEnding"],"potions_floor_usage":[40,40,40,46,47,47,50,54,55,55,55,55,55,55],"damage_taken":[{"damage":0.0,"enemies":"Cultist","floor":1.0,"turns":2.0},{"damage":0.0,"enemies":"Small Slimes","floor":2.0,"turns":4.0},{"damage":0.0,"enemies":"2 Louse","floor":4.0,"turns":3.0},{"damage":0.0,"enemies":"Looter","floor":5.0,"turns":3.0},{"damage":15.0,"enemies":"Lagavulin","floor":6.0,"turns":3.0},{"damage":8.0,"enemies":"Large Slime","floor":7.0,"turns":3.0},{"damage":4.0,"enemies":"Gremlin Nob","floor":8.0,"turns":5.0},{"damage":2.0,"enemies":"Lagavulin","floor":13.0,"turns":5.0},{"damage":0.0,"enemies":"Exordium Wildlife","floor":14.0,"turns":3.0},{"damage":13.0,"enemies":"Hexaghost","floor":16.0,"turns":5.0},{"damage":6.0,"enemies":"3 Byrds","floor":18.0,"turns":4.0},{"damage":1.0,"enemies":"Spheric Guardian","floor":20.0,"turns":3.0},{"damage":0.0,"enemies":"Snake Plant","floor":22.0,"turns":4.0},{"damage":1.0,"enemies":"Centurion and Healer","floor":24.0,"turns":3.0},{"damage":0.0,"enemies":"Book of Stabbing","floor":25.0,"turns":3.0},{"damage":0.0,"enemies":"Slavers","floor":27.0,"turns":3.0},{"damage":0.0,"enemies":"Shelled Parasite and Fungi","floor":28.0,"turns":4.0},{"damage":0.0,"enemies":"Book of Stabbing","floor":30.0,"turns":2.0},{"damage":20.0,"enemies":"Champ","floor":33.0,"turns":14.0},{"damage":0.0,"enemies":"Orb Walker","floor":35.0,"turns":3.0},{"damage":8.0,"enemies":"3 Darklings","floor":36.0,"turns":5.0},{"damage":0.0,"enemies":"Spire Growth","floor":39.0,"turns":5.0},{"damage":39,"enemies":"Reptomancer","floor":40,"turns":10},{"damage":0,"enemies":"Maw","floor":42,"turns":8},{"damage":0,"enemies":"Sphere and 2 Shapes","floor":46,"turns":7},{"damage":3,"enemies":"Nemesis","floor":47,"turns":8},{"damage":0,"enemies":"Time Eater","floor":50,"turns":19},{"damage":34,"enemies":"Shield and Spear","floor":54,"turns":7},{"damage":105,"enemies":"The Heart","floor":55,"turns":14}],"seed_played":"8768655126932169967","potions_obtained":[{"floor":2.0,"key":"GamblersBrew"},{"floor":5.0,"key":"DistilledChaos"},{"floor":7.0,"key":"Swift Potion"},{"floor":16.0,"key":"GhostInAJar"},{"floor":20.0,"key":"Poison Potion"},{"floor":22.0,"key":"Block Potion"},{"floor":27.0,"key":"Fire Potion"},{"floor":28.0,"key":"FearPotion"},{"floor":30.0,"key":"Energy Potion"},{"floor":33.0,"key":"DistilledChaos"},{"floor":35.0,"key":"Regen Potion"},{"floor":36.0,"key":"SpeedPotion"},{"floor":39.0,"key":"AttackPotion"},{"floor":40,"key":"FairyPotion"},{"floor":46,"key":"CultistPotion"},{"floor":47,"key":"BlessingOfTheForge"},{"floor":54,"key":"Energy Potion"}],"is_trial":false,"path_per_floor":["M","M","?","M","M","E","M","E","T","$","R","?","E","M","R","B",null,"M","?","M","?","M","R","M","E","T","E","M","R","E","?","R","B",null,"M","M","?","?","M","E","R","M","T","T","$","M","E","$","R","B",null,"R","$","E","B"],"character_chosen":"THE_SILENT","items_purchased":["Membership Card","Omamori","Burst","Calipers","Nunchaku","Footwork","ClockworkSouvenir","Apotheosis","Noxious Fumes"],"campfire_rested":4,"item_purchase_floors":[10,10,45,45,45,48,48,53,53],"current_hp_per_floor":[63,63,63,63,63,48,40,36,36,36,57,62,60,60,60,47,68,62,62,61,47,47,71,70,70,70,70,70,70,70,54,78,58,75,75,79,69,69,69,47,47,49,49,59,59,61,60,60,89,89,96,96,96,64,0,0],"gold":42,"neow_bonus":"BOSS_RELIC","is_daily":false,"chose_seed":false,"campfire_upgraded":2,"win_rate":0.0,"timestamp":1612675267,"path_taken":["M","?","?","M","?","E","M","E","T","$","R","?","E","M","R","BOSS","M","?","M","?","M","R","M","E","T","E","M","R","E","?","R","BOSS","M","M","?","?","M","E","R","?","T","?","$","M","E","?","R","BOSS","R","$","E","BOSS"],"items_purchased_type":["Relic","Relic","Card","Relic","Relic","Card","Relic","Card","Card"],"build_version":"2020-12-22","purchased_purges":1,"victory":false,"max_hp_per_floor":[70,70,70,70,70,70,70,70,70,70,70,75,75,75,75,75,75,75,75,75,80,80,80,80,80,80,80,80,80,80,80,80,80,80,80,80,80,80,80,82,82,84,84,94,94,96,98,98,98,98,98,98,98,100,100,100],"card_choices":[{"not_picked":["Dagger Spray","Prepared"],"picked":"PiercingWail","floor":1.0},{"not_picked":["PiercingWail","Underhanded Strike"],"picked":"Dash","floor":2.0},{"not_picked":["Distraction","Slice","Masterful Stab"],"picked":"SKIP","floor":4.0},{"not_picked":["Expertise","Well Laid Plans","Tactician"],"picked":"SKIP","floor":5.0},{"not_picked":["Slice","Poisoned Stab"],"picked":"Dagger Spray","floor":6.0},{"not_picked":["Masterful Stab","Underhanded Strike"],"picked":"Riddle With Holes","floor":7.0},{"not_picked":["Flying Knee","Quick Slash"],"picked":"Corpse Explosion","floor":8.0},{"not_picked":["Reflex","Quick Slash"],"picked":"Dash","floor":13.0},{"not_picked":["PiercingWail","Prepared"],"picked":"Dash","floor":14.0},{"not_picked":["Unload","Storm of Steel"],"picked":"Wraith Form v2","floor":16.0},{"not_picked":["Deflect+1","Underhanded Strike"],"picked":"Dash+1","floor":18.0},{"not_picked":["Flying Knee","Deflect","Poisoned Stab"],"picked":"SKIP","floor":20.0},{"not_picked":["Distraction","Slice","Flechettes"],"picked":"SKIP","floor":22.0},{"not_picked":["Prepared","Backstab","Underhanded Strike"],"picked":"SKIP","floor":24.0},{"not_picked":["Choke","Eviscerate","Flechettes"],"picked":"SKIP","floor":25.0},{"not_picked":["Acrobatics","Heel Hook","Underhanded Strike+1"],"picked":"SKIP","floor":27.0},{"not_picked":["Leg Sweep","Noxious Fumes+1"],"picked":"PiercingWail+1","floor":28.0},{"not_picked":["Catalyst+1","Quick Slash","Reflex"],"picked":"SKIP","floor":30.0},{"not_picked":["Die Die Die","Phantasmal Killer"],"picked":"After Image","floor":33.0},{"not_picked":["Catalyst+1","Poisoned Stab+1","Backflip"],"picked":"SKIP","floor":35.0},{"not_picked":["Deflect+1","Infinite Blades","Bouncing Flask+1"],"picked":"SKIP","floor":36.0},{"not_picked":["Prepared+1","Escape Plan","Well Laid Plans+1"],"picked":"SKIP","floor":39.0},{"not_picked":["Cloak And Dagger+1","Sucker Punch","Backflip"],"picked":"Singing Bowl","floor":40},{"not_picked":["Distraction+1","Deadly Poison","All Out Attack"],"picked":"Singing Bowl","floor":42},{"not_picked":["PiercingWail","Die Die Die","Sucker Punch+1"],"picked":"Singing Bowl","floor":46},{"not_picked":["Cloak And Dagger","Slice+1","Flechettes"],"picked":"Singing Bowl","floor":47},{"not_picked":["Bane","Underhanded Strike+1","Storm of Steel"],"picked":"Singing Bowl","floor":54}],"player_experience":146362,"relics_obtained":[{"floor":6.0,"key":"Orichalcum"},{"floor":8.0,"key":"Happy Flower"},{"floor":9.0,"key":"Whetstone"},{"floor":13.0,"key":"Bag of Marbles"},{"floor":25.0,"key":"White Beast Statue"},{"floor":27.0,"key":"FossilizedHelix"},{"floor":30.0,"key":"Boot"},{"floor":31.0,"key":"Nilry\u0027s Codex"},{"floor":40,"key":"Girya"},{"floor":40,"key":"Singing Bowl"},{"floor":43,"key":"Oddly Smooth Stone"},{"floor":44,"key":"Pear"},{"floor":47,"key":"Art of War"},{"floor":47,"key":"Shuriken"},{"floor":54,"key":"Bag of Preparation"},{"floor":54,"key":"Gremlin Horn"}],"event_choices":[{"damage_healed":0.0,"max_hp_gain":0.0,"max_hp_loss":0.0,"gold_gain":0.0,"event_name":"Match and Keep!","player_choice":"1 cards matched","floor":3.0,"gold_loss":0.0,"damage_taken":0.0,"cards_obtained":["Backflip"]},{"damage_healed":0.0,"max_hp_gain":5.0,"max_hp_loss":0.0,"gold_gain":0.0,"event_name":"Big Fish","player_choice":"Donut","floor":12.0,"gold_loss":0.0,"damage_taken":0.0},{"cards_removed":["Bane"],"damage_healed":0.0,"max_hp_gain":0.0,"max_hp_loss":0.0,"gold_gain":0.0,"event_name":"Back to Basics","player_choice":"Elegance","floor":19.0,"gold_loss":0.0,"damage_taken":0.0},{"damage_healed":0.0,"max_hp_gain":5.0,"max_hp_loss":0.0,"gold_gain":0.0,"event_name":"Forgotten Altar","player_choice":"Shed Blood","floor":21.0,"gold_loss":0.0,"damage_taken":19.0},{"damage_healed":0.0,"max_hp_gain":0.0,"max_hp_loss":0.0,"gold_gain":0.0,"event_name":"Cursed Tome","player_choice":"Obtained Book","floor":31.0,"gold_loss":0.0,"damage_taken":16.0},{"damage_healed":0.0,"max_hp_gain":0.0,"max_hp_loss":0.0,"gold_gain":0.0,"event_name":"Winding Halls","player_choice":"Embrace Madness","floor":37.0,"gold_loss":0.0,"damage_taken":10.0,"cards_obtained":["Madness","Madness"]},{"damage_healed":0.0,"max_hp_gain":0.0,"max_hp_loss":0.0,"gold_gain":0.0,"event_name":"Accursed Blacksmith","player_choice":"Forge","floor":38.0,"gold_loss":0.0,"damage_taken":0.0,"cards_upgraded":["Skewer"]}],"is_beta":false,"boss_relics":[{"not_picked":["Runic Pyramid","Empty Cage"],"picked":"Cursed Key"},{"not_picked":["Runic Dome","Busted Crown"],"picked":"Black Star"}],"items_purged_floors":[45],"is_endless":false,"potions_floor_spawned":[2,5,7,16,20,22,27,28,30,33,35,36,39,40,42,46,47,54],"killed_by":"The Heart","ascension_level":7}}