{"host":"7oiwk103j2prpym5","time":1612720441,"event":{"mods":["BaseMod","BetterRewards","Colored Map","Colored Powertips","GifTheSpireLib","Infinite Spire","Minty Spire (QoL Compilation)","Permanent Neow","Relic Filter Mod","Reliquary","Remove Card Discount Mod","Replay The Spire","StSLib","Stuff the Spire","Weighted Paths"],"gold_per_floor":[111,111,188,200,218,244,244,244,244,271,295,470,482,42,42,144,144,158,187,187,207,122,141,141,141],"floor_reached":24,"language":"ENG","playtime":1384,"items_purged":["Strike_R","Defend_R","Defend_R","ReplayTheSpireMod:Splinters","Doubt"],"score":375,"play_id":"db0af138-d41a-4386-ab97-de8c229a4a07","local_time":"20210207115401","is_ascension_mode":true,"campfire_choices":[{"floor":7,"key":"REST"},{"floor":15,"key":"REST"}],"circlet_count":0,"master_deck":["Strike_R","Strike_R","Defend_R","Bash","Sword Boomerang","Metamorphosis","Run Through","Flex+1","Rampage","Perfected Strike","Cleave","Reaper","ReplayTheSpireMod:Limb From Limb","ReplayTheSpireMod:Muscle Training","Iron Wave","Heavy Blade","Panache","Wild Strike","Limit Break","StuffTheSpire:Incineration+1","Iron Wave+1","StuffTheSpire:Pyroclast+1","Armaments","Iron Wave+1","Inflame","Twin Strike+1","Iron Wave","Flame Barrier+1"],"relics":["Burning Blood","infinitespire:FocusingShard","Prayer Wheel","Enchiridion","StuffTheSpire:Tea","Eternal Feather","Dream Catcher","Bronze Scales","Odd Mushroom","Divine Protection","Astrolabe","Red Mask","Regal Pillow"],"acts_visited":["Exordium","TheCity"],"potions_floor_usage":[10,24,24],"damage_taken":[{"damage":0,"enemies":"Cultist","floor":1,"turns":3},{"damage":8,"enemies":"2 Louse","floor":4,"turns":3},{"damage":3,"enemies":"Small Slimes","floor":5,"turns":2},{"damage":35,"enemies":"3 Sentries","floor":6,"turns":5},{"damage":7,"enemies":"Gremlin Nob","floor":10,"turns":3},{"damage":36,"enemies":"The Mushroom Lair","floor":11,"turns":3},{"damage":6,"enemies":"Looter","floor":13,"turns":2},{"damage":46,"enemies":"The Guardian","floor":16,"turns":7},{"damage":21,"enemies":"Spheric Guardian","floor":18,"turns":4},{"damage":9,"enemies":"Masked Bandits","floor":19,"turns":3},{"damage":12,"enemies":"Shell Parasite","floor":21,"turns":3},{"damage":9,"enemies":"Shelled Parasite and Fungi","floor":23,"turns":3},{"damage":62,"enemies":"Nightmare","floor":24,"turns":4}],"seed_played":"-1801513684147009059","potions_obtained":[{"floor":1,"key":"FearPotion"},{"floor":3,"key":"CultistPotion"},{"floor":3,"key":"Ancient Potion"},{"floor":21,"key":"SteroidPotion"},{"floor":23,"key":"Venom Potion"}],"is_trial":false,"path_per_floor":["M","?","?","M","M","E","R","?","T","E","?","?","M","$","R","B",null,"M","?","?","M","?","M","NM"],"character_chosen":"IRONCLAD","items_purchased":["infinitespire:FocusingShard","Sword Boomerang","Metamorphosis","Panache","Divine Protection"],"campfire_rested":2,"item_purchase_floors":[0,0,0,14,14],"current_hp_per_floor":[56,53,53,51,54,28,61,61,61,64,49,49,49,49,80,40,80,65,62,62,56,56,53,0,0],"gold":141,"neow_bonus":"","is_daily":false,"chose_seed":false,"campfire_upgraded":0,"win_rate":0.0,"timestamp":1612720441,"path_taken":["M","?","?","M","?","E","R","?","T","E","?","?","M","$","R","BOSS","M","?","?","M","?","M","NM"],"items_purchased_type":["Relic","Card","Card","Card","Relic"],"build_version":"2020-12-22","purchased_purges":5,"victory":false,"max_hp_per_floor":[80,80,80,80,80,80,80,80,80,80,80,80,80,80,80,80,80,80,80,80,80,80,80,80,80],"card_choices":[{"not_picked":["Body Slam","Reckless Charge"],"picked":"Run Through","floor":1},{"not_picked":["Twin Strike","Blood for Blood"],"picked":"Flex","floor":1},{"not_picked":["StuffTheSpire:RockThrow","True Grit"],"picked":"Rampage","floor":3},{"not_picked":["StuffTheSpire:Slingshot","Brutality"],"picked":"Perfected Strike","floor":4},{"not_picked":["Run Through","Sentinel"],"picked":"Cleave","floor":4},{"not_picked":["Uppercut","Perfected Strike"],"picked":"Reaper","floor":5},{"not_picked":["Shrug It Off","StuffTheSpire:Slingshot"],"picked":"ReplayTheSpireMod:Limb From Limb","floor":5},{"not_picked":["Havoc","Metallicize","Run Through"],"picked":"SKIP","floor":6},{"not_picked":["True Grit","Perfected Strike","Havoc"],"picked":"SKIP","floor":10},{"not_picked":["Pommel Strike","Replay:Undeath\u0027s Touch"],"picked":"ReplayTheSpireMod:Muscle Training","floor":11},{"not_picked":["Sword Boomerang","Havoc"],"picked":"Iron Wave","floor":13},{"not_picked":["Run Through","ReplayReversal"],"picked":"Heavy Blade","floor":13},{"not_picked":["Defy Death","StuffTheSpire:BloodClot"],"picked":"Wild Strike","floor":15},{"not_picked":["Replay:Many Hands","Feed"],"picked":"Limit Break","floor":16},{"not_picked":["Replay:Undeath\u0027s Touch+1","Anger"],"picked":"Armaments","floor":18},{"not_picked":["Run Through","True Grit","ReplayTheSpireMod:Strike From Hell+1"],"picked":"SKIP","floor":18},{"not_picked":["ReplayTheSpireMod:Stacked+1","Twin Strike"],"picked":"Iron Wave+1","floor":19},{"not_picked":["Body Slam+1","Sword Boomerang"],"picked":"Twin Strike+1","floor":21},{"not_picked":["Run Through","Blood for Blood","Clash+1"],"picked":"SKIP","floor":21},{"not_picked":["Uppercut","Disarm"],"picked":"Iron Wave","floor":23},{"not_picked":["ReplayTheSpireMod:Strike From Hell+1","Headbutt"],"picked":"Flame Barrier+1","floor":23}],"player_experience":864033,"relics_obtained":[{"floor":6,"key":"Eternal Feather"},{"floor":9,"key":"Dream Catcher"},{"floor":10,"key":"Bronze Scales"},{"floor":11,"key":"Odd Mushroom"},{"floor":19,"key":"Red Mask"}],"event_choices":[{"damage_healed":0,"gold_gain":0,"player_choice":"Success","damage_taken":3,"relics_obtained":["StuffTheSpire:Tea"],"max_hp_gain":0,"max_hp_loss":0,"event_name":"Scrap Ooze","floor":2,"gold_loss":0},{"damage_healed":0,"gold_gain":0,"player_choice":"Grow","damage_taken":0,"max_hp_gain":0,"max_hp_loss":0,"event_name":"Living Wall","floor":8,"gold_loss":0,"cards_upgraded":["Flex"]},{"damage_healed":0,"gold_gain":0,"player_choice":"Fought Mushrooms","damage_taken":0,"max_hp_gain":0,"max_hp_loss":0,"event_name":"Mushrooms","floor":11,"gold_loss":0},{"damage_healed":0,"gold_gain":175,"player_choice":"AGREE","damage_taken":0,"max_hp_gain":0,"max_hp_loss":0,"event_name":"Liars Game","floor":12,"gold_loss":0,"cards_obtained":["Doubt"]},{"damage_healed":0,"gold_gain":0,"player_choice":"Fought Bandits","damage_taken":0,"max_hp_gain":0,"max_hp_loss":0,"event_name":"Masked Bandits","floor":19,"gold_loss":0},{"damage_healed":0,"gold_gain":0,"player_choice":"Read","damage_taken":0,"max_hp_gain":0,"max_hp_loss":0,"event_name":"The Library","floor":20,"gold_loss":0,"cards_obtained":["Inflame"]},{"damage_healed":0,"gold_gain":0,"player_choice":"Obtained Relic","damage_taken":0,"relics_obtained":["Regal Pillow"],"max_hp_gain":0,"max_hp_loss":0,"event_name":"Addict","floor":22,"gold_loss":85}],"is_beta":false,"boss_relics":[{"not_picked":["Abe\u0027s Treasure","Kintsugi"],"picked":"Astrolabe"}],"items_purged_floors":[0,0,0,14,14],"is_endless":false,"potions_floor_spawned":[1,5,21,23],"killed_by":"Nightmare","ascension_level":3}}