{"host":"i73ch23exsqar74a","time":1612718620,"event":{"mods":["AchievementEnabler","Aspiration","Astrologer","Bard","Bartender","BaseMod","Beaked The Cultist","Better Sensory Stone","CCEM2","CapriCore","Challenge The Spire","ChefMod","Chen","Colored Map","Colored Powertips","Conjunction","Conspire","Downfall","Fireblade Mod","FutureSeer","GifTheSpireLib","Glutton Mod","Gremlin Mod","Halation","Hermit","Highlight Path","HololiveMod","Hubris","Infinite Spire","Jedi Mod","Lobotomy","LobotomyExtend","Luminous","Marked Mod","Minty Spire (QoL Compilation)","Prisma Mod","Quarter Circle Forward PUNCH!","Quick Restart","Random Character Button","RatMod","Relic Sorter","Reliquary","Replay The Spire","SOS???????","Shade Mod","Spicy Shops","Spikes Relics","Spire Arcade","StSLib","Stuff the Spire","The Alterego","The Animator","The Bug Knight","The Construct","The Cursed","The Druid","The Exalted","The Immortal","The Judge","The Poker Player","The Sage","The Wild Card","TheHero","TheSwordswoman","TheVacant","TheVelvet","Thieving Mod","Yuri Mod","???Mod??????Boss","???mod?????"],"gold_per_floor":[110,110,120,135,135,155,189,189,215,215,243,243,261,186,186,289,289,305,319,330,4,4,4,21,21,21,21,36,69,69,83,83,185,185,202,216,216,216,251,251,251],"floor_reached":40,"language":"ENG","playtime":1668,"items_purged":["Pain"],"score":439,"play_id":"72f43dfb-fe7f-4539-8c96-83ac9c4a17a7","local_time":"20210207212340","is_ascension_mode":true,"campfire_choices":[{"data":"theextravagant:GlyphOfChoice","floor":8.0,"key":"SMITH"},{"floor":10.0,"key":"REST"},{"data":"theextravagant:Triumph","floor":12.0,"key":"SMITH"},{"data":"theextravagant:SharpTalons","floor":15.0,"key":"SMITH"},{"data":"theextravagant:GlyphOfTime","floor":23.0,"key":"SMITH"},{"data":"theextravagant:RustyBuckler","floor":25.0,"key":"SMITH"},{"data":"infinitespire:Punishment","floor":32.0,"key":"SMITH"}],"circlet_count":0,"master_deck":["theextravagant:Fence","theextravagant:Fence","theextravagant:Fence","theextravagant:QuickAttack","theextravagant:Triumph+1","theextravagant:Aggression","theextravagant:Firework","theextravagant:GlyphOfChoice+1","theextravagant:RustyBuckler+1","theextravagant:Drift","theextravagant:SharpTalons+1","theextravagant:SnakeEyes","AbeCurse","theextravagant:Impulse","theextravagant:GlyphOfSight","theextravagant:GlyphOfTime+1","theextravagant:SnakeEyes","theextravagant:Twostep","infinitespire:Punishment+1","theextravagant:Pushthrough+1","theextravagant:FocusStab","theextravagant:Firework","theextravagant:Shove+1","theextravagant:HeavyBlows+1","theextravagant:Shake+1","theextravagant:Pushthrough","theextravagant:Pushthrough+1","ReplayTheSpireMod:Echo Chamber","hubris:Fate","Parasite","theextravagant:RustyBuckler+1"],"relics":["theextravagant:TranslucentFeather","MiniBlackHole","LetterFromLob","WarpedTongs","StuffTheSpire:Nightcore","Protect_Vest","reliquary:TuningFork","Abe\u0027s Treasure","CCEMRelics:WrappedPresent","Calipers","hubris:TinFlute","Runic Dome","reliquary:PurpleTingedLeaf","CCEMRelics:HeliumBalloon","Astrolabe","Singing Bowl","CeramicFish"],"acts_visited":["Exordium","TheCity","TheBeyond"],"potions_floor_usage":[40],"damage_taken":[{"damage":7.0,"enemies":"2 Louse","floor":1.0,"turns":3.0},{"damage":15.0,"enemies":"infinitespire:Voidling","floor":3.0,"turns":4.0},{"damage":2.0,"enemies":"conspire:RoseBush","floor":4.0,"turns":3.0},{"damage":7.0,"enemies":"Red Slaver","floor":6.0,"turns":3.0},{"damage":20.0,"enemies":"HollowMod:MossKnight","floor":7.0,"turns":5.0},{"damage":11.0,"enemies":"Gremlin Nob","floor":11.0,"turns":3.0},{"damage":1.0,"enemies":"Exordium Thugs","floor":13.0,"turns":2.0},{"damage":25.0,"enemies":"Hexaghost","floor":16.0,"turns":7.0},{"damage":9.0,"enemies":"Shell Parasite","floor":18.0,"turns":5.0},{"damage":20.0,"enemies":"Snake Plant","floor":19.0,"turns":4.0},{"damage":0.0,"enemies":"Chosen and Byrds","floor":20.0,"turns":3.0},{"damage":10.0,"enemies":"Snecko","floor":24.0,"turns":4.0},{"damage":3.0,"enemies":"Shelled Parasite and Fungi","floor":28.0,"turns":4.0},{"damage":2.0,"enemies":"conspire:SneckoGhost","floor":29.0,"turns":6.0},{"damage":6.0,"enemies":"Centurion and Healer","floor":31.0,"turns":4.0},{"damage":31.0,"enemies":"conspire:MysteriousRune","floor":33.0,"turns":6.0},{"damage":4,"enemies":"3 Darklings","floor":35,"turns":4},{"damage":0,"enemies":"Orb Walker","floor":36,"turns":2},{"damage":0,"enemies":"Writhing Mass","floor":39,"turns":2},{"damage":86,"enemies":"Nightmare","floor":40,"turns":7}],"seed_played":"-99350732484515255","potions_obtained":[{"floor":4.0,"key":"Conjunction:LightningMarble"},{"floor":6.0,"key":"conspire:TimeTravelPotion"},{"floor":11.0,"key":"Weak Potion"},{"floor":20.0,"key":"Fruit Juice"},{"floor":28.0,"key":"jedi:tentaclejuice"},{"floor":35,"key":"LiquidMemories"}],"is_trial":false,"path_per_floor":["M","?","M","M","?","M","E","R","T","R","E","R","M","$","R","B",null,"M","M","M","$","?","R","M","R","T","AVR","M","E","?","M","R","B",null,"M","M","AVR","?","M","NM"],"character_chosen":"THE_EXTRAVAGANT","items_purchased":["theextravagant:GlyphOfTime","CCEMRelics:WrappedPresent"],"campfire_rested":1,"item_purchase_floors":[21,21],"current_hp_per_floor":[68,68,60,58,58,51,31,31,31,53,42,42,41,41,41,16,75,66,64,69,79,79,79,69,69,69,69,67,66,66,61,61,31,85,81,82,82,82,83,0,0],"gold":251,"neow_bonus":"RANDOM_COMMON_RELIC","is_daily":false,"chose_seed":false,"campfire_upgraded":6,"win_rate":0.0,"timestamp":1612718620,"path_taken":["M","?","M","?","?","?","E","R","T","R","E","R","M","$","R","BOSS","M","?","M","?","?","R","?","R","T","AVR","M","E","?","?","R","BOSS","M","M","AVR","?","M","NM"],"items_purchased_type":["Card","Relic"],"build_version":"2020-12-22","purchased_purges":1,"victory":false,"max_hp_per_floor":[75,75,75,75,75,75,75,75,75,75,75,75,75,75,75,75,75,75,75,80,85,85,85,85,85,85,85,85,85,85,85,85,85,85,85,85,85,85,85,85,85],"card_choices":[{"not_picked":["theextravagant:SpiritBolt","theextravagant:StepBack"],"picked":"theextravagant:Aggression","floor":1.0},{"not_picked":["theextravagant:StepBack","theextravagant:Flashback"],"picked":"theextravagant:PerfectTheBasics","floor":3.0},{"not_picked":["theextravagant:Dazzle","theextravagant:GlyphOfTime"],"picked":"theextravagant:Firework","floor":4.0},{"not_picked":["theextravagant:FocusStab","theextravagant:StepBack"],"picked":"theextravagant:GlyphOfChoice","floor":6.0},{"not_picked":["theextravagant:StepBack","theextravagant:Defy"],"picked":"theextravagant:RustyBuckler","floor":7.0},{"not_picked":["theextravagant:HeavyBlows","theextravagant:Aggression"],"picked":"theextravagant:Drift","floor":11.0},{"not_picked":["theextravagant:Drift","theextravagant:HeavyBlows"],"picked":"theextravagant:SharpTalons","floor":13.0},{"not_picked":["theextravagant:DAMNATION","theextravagant:RiskyStrike"],"picked":"theextravagant:SnakeEyes","floor":16.0},{"not_picked":["theextravagant:Thrill","theextravagant:SpontaneousStrike"],"picked":"theextravagant:Impulse","floor":18.0},{"not_picked":["theextravagant:Cutthroat","theextravagant:Riot","theextravagant:PerfectTheBasics"],"picked":"SKIP","floor":19.0},{"not_picked":["theextravagant:Clairvoyance","theextravagant:GarbageCannon"],"picked":"theextravagant:GlyphOfSight","floor":20.0},{"not_picked":["theextravagant:Shake","theextravagant:SpontaneousStrike+1"],"picked":"theextravagant:Twostep","floor":24.0},{"not_picked":["theextravagant:Vintage","theextravagant:SharpTalons"],"picked":"theextravagant:Pushthrough+1","floor":28.0},{"not_picked":["theextravagant:Supersonic+1","theextravagant:Overpower"],"picked":"theextravagant:FocusStab","floor":29.0},{"not_picked":["theextravagant:Defy","theextravagant:ShootingStar"],"picked":"theextravagant:Firework","floor":31.0},{"not_picked":["theextravagant:Swirl+1","theextravagant:GlyphOfChoice"],"picked":"theextravagant:Pushthrough","floor":35},{"not_picked":["theextravagant:StepBack","theextravagant:PerfectTheBasics"],"picked":"theextravagant:Pushthrough+1","floor":36},{"not_picked":["theextravagant:Flashback","theextravagant:Shove+1"],"picked":"theextravagant:RustyBuckler+1","floor":39}],"player_experience":1414117,"relics_obtained":[{"floor":1.0,"key":"LetterFromLob"},{"floor":7.0,"key":"StuffTheSpire:Nightcore"},{"floor":9.0,"key":"Protect_Vest"},{"floor":11.0,"key":"reliquary:TuningFork"},{"floor":21.0,"key":"Calipers"},{"floor":26.0,"key":"hubris:TinFlute"},{"floor":29.0,"key":"CCEMRelics:HeliumBalloon"},{"floor":38,"key":"CeramicFish"}],"event_choices":[{"cards_removed":["theextravagant:Fence"],"damage_healed":0.0,"max_hp_gain":0.0,"max_hp_loss":0.0,"gold_gain":0.0,"event_name":"Purifier","player_choice":"Purged","floor":2.0,"gold_loss":0.0,"damage_taken":0.0},{"damage_healed":0.0,"max_hp_gain":0.0,"max_hp_loss":0.0,"gold_gain":0.0,"event_name":"Accursed Blacksmith","player_choice":"Rummage","floor":5.0,"gold_loss":0.0,"damage_taken":0.0,"relics_obtained":["WarpedTongs"],"cards_obtained":["Pain"]},{"damage_healed":0.0,"max_hp_gain":0.0,"max_hp_loss":0.0,"gold_gain":0.0,"cards_transformed":["theextravagant:SlyStrike"],"event_name":"Transmorgrifier","player_choice":"Transformed","floor":22.0,"gold_loss":0.0,"damage_taken":0.0,"cards_obtained":["theextravagant:SnakeEyes"]},{"cards_removed":["theextravagant:SlyStrike"],"damage_healed":0.0,"max_hp_gain":0.0,"max_hp_loss":0.0,"gold_gain":0.0,"event_name":"Purifier","player_choice":"Purged","floor":30.0,"gold_loss":0.0,"damage_taken":0.0}],"is_beta":false,"boss_relics":[{"not_picked":["qcfpunch:Crimson_Sash","Runic Pyramid"],"picked":"Abe\u0027s Treasure"},{"not_picked":["Replay:Drink Me","Velvet Choker"],"picked":"Astrolabe"}],"items_purged_floors":[14],"is_endless":false,"potions_floor_spawned":[4,6,11,13,18,20,28,31,35],"killed_by":"Nightmare","ascension_level":1}}