{"host":"36nosutyzulbwemu","time":1612685912,"event":{"mods":["100% Spire Juice","ATMod(°¢èªMod)","BaseMod","Minty Spire (QoL Compilation)","Reliquary","Replay The Spire","Shop Mod","StSLib","The Servant 0.9.4"],"gold_per_floor":[129,129,146,146,146,174,189,189,189,199,94,127,140,33,33,128,128,145,162,261,261,261,288,60,71,71,90,101,114,134,152,152,249,249,261,261,261],"floor_reached":38,"language":"ZHS","playtime":3728,"items_purged":[],"score":587,"play_id":"78c28f61-bd26-43ab-9b20-f203bb388536","local_time":"20210207161832","is_ascension_mode":false,"campfire_choices":[{"floor":8.0,"key":"REST"},{"floor":15.0,"key":"REST"},{"floor":32,"key":"REST"}],"circlet_count":0,"master_deck":["Moonworks:Ambush","Moonworks:LongDistanceShot","Moonworks:DeployBits","Moonworks:EvilSpyWorkPreparation","Moonworks:LuckyCharm","Moonworks:AnotherUltimateWeapon","Moonworks:JonathanRush","Moonworks:LulusLuckyEgg","Moonworks:EvilSpyWorkPreparation","Moonworks:DeployBits","Moonworks:NicePresent","Moonworks:ImOnFire","Moonworks:Encore","Moonworks:SealedMemories","Moonworks:EvilMastermind","Moonworks:EvilMastermind","Moonworks:x16BigRocket","Moonworks:DevilHand","Moonworks:PlushieMaster","Moonworks:EvilSpyWorkPreparation","Moonworks:Heat300Percent+1","Moonworks:RagingMadness","Moonworks:MiracleRedBeanIceCream","Moonworks:Dash","Moonworks:CookingTime+1","Moonworks:LuckyCharm+1","Moonworks:BindingChains","Moonworks:NicePresent","Moonworks:SakisCookie","Moonworks:MeltingMemories","Clumsy","Writhe","Clumsy","Moonworks:EvilSpyWorkPreparation"],"relics":["Moonworks:BrokenBomb","Moonworks:Homemark","AT_ATBox","AT_DeathDance","AT_ImmortalShieldbow","reliquary:RosewoodLute","Pandora\u0027s Box","Chameleon Ring","AT_EbonyIvory","AT_TimeSand","Replay:Ancient Bell","ReplayTheSpireMod:Lightbulb","White Beast Statue","Dead Branch"],"acts_visited":["Exordium","TheCity","TheBeyond"],"potions_floor_usage":[27,27,37],"damage_taken":[{"damage":0.0,"enemies":"2 Louse","floor":1.0,"turns":2.0},{"damage":0.0,"enemies":"Jaw Worm","floor":3.0,"turns":4.0},{"damage":19.0,"enemies":"Lagavulin","floor":6.0,"turns":7.0},{"damage":0.0,"enemies":"Small Slimes","floor":7.0,"turns":3.0},{"damage":3.0,"enemies":"2 Fungi Beasts","floor":10.0,"turns":3.0},{"damage":8.0,"enemies":"Large Slime","floor":11.0,"turns":5.0},{"damage":10.0,"enemies":"Gremlin Nob","floor":12.0,"turns":4.0},{"damage":3.0,"enemies":"3 Louse","floor":13.0,"turns":2.0},{"damage":0.0,"enemies":"Lots of Slimes","floor":14.0,"turns":4.0},{"damage":2.0,"enemies":"Slime Boss","floor":16.0,"turns":4.0},{"damage":1.0,"enemies":"Chosen","floor":18.0,"turns":4.0},{"damage":8.0,"enemies":"Shell Parasite","floor":19.0,"turns":4.0},{"damage":64.0,"enemies":"Slavers","floor":23.0,"turns":6.0},{"damage":9,"enemies":"Snake Plant","floor":25,"turns":4},{"damage":6,"enemies":"3 Cultists","floor":27,"turns":4},{"damage":33,"enemies":"Snecko","floor":28,"turns":6},{"damage":17,"enemies":"Centurion and Healer","floor":29,"turns":5},{"damage":8,"enemies":"Sentry and Sphere","floor":30,"turns":4},{"damage":6,"enemies":"Snake Plant","floor":31,"turns":4},{"damage":22,"enemies":"Champ","floor":33,"turns":8},{"damage":15,"enemies":"3 Darklings","floor":35,"turns":4},{"damage":83,"enemies":"Awakened One","floor":37,"turns":8}],"seed_played":"322902868","potions_obtained":[{"floor":11.0,"key":"Weak Potion"},{"floor":12.0,"key":"CultistPotion"},{"floor":13.0,"key":"FearPotion"},{"floor":19.0,"key":"Death Potion"},{"floor":25,"key":"Strength Potion"},{"floor":28,"key":"FearPotion"},{"floor":29,"key":"Ancient Potion"},{"floor":31,"key":"Energy Potion"},{"floor":35,"key":"Milkshake"}],"is_trial":false,"path_per_floor":["M","?","M","?","?","E","M","R","T","M","M","E","M","M","R","B",null,"M","M","?","?","?","E","$","M","T","M","M","M","M","M","R","B",null,"M","?","B",null],"character_chosen":"THE_STARBREAKER","items_purchased":["AT_EbonyIvory","Moonworks:MiracleRedBeanIceCream"],"campfire_rested":3,"item_purchase_floors":[24,24],"current_hp_per_floor":[60,53,53,53,53,34,34,52,52,49,41,31,28,28,46,44,60,59,51,51,51,51,6,6,9,9,32,32,23,28,30,48,43,60,50,50,27],"gold":261,"neow_bonus":"TWO_FIFTY_GOLD","is_daily":false,"chose_seed":true,"campfire_upgraded":0,"win_rate":0.0,"timestamp":1612685912,"path_taken":["M","?","M","?","?","E","M","R","T","M","M","E","M","M","R","BOSS","M","M","?","?","?","E","$","M","T","M","?","M","M","M","R","BOSS","M","?","BOSS"],"items_purchased_type":["Relic","Card"],"build_version":"2020-12-22","purchased_purges":0,"victory":true,"max_hp_per_floor":[60,60,60,60,60,60,60,60,60,60,60,60,60,60,60,60,60,60,60,60,60,60,60,60,60,60,60,60,60,60,60,60,60,60,60,60,60],"card_choices":[{"not_picked":["Moonworks:Assault","Moonworks:BigMagnum"],"picked":"Moonworks:DeployBits","floor":1.0},{"not_picked":["Moonworks:AwakeningOfTalent","Moonworks:NicePresent"],"picked":"Moonworks:EvilSpyWorkPreparation","floor":3.0},{"not_picked":["Moonworks:CloudOfSeagulls","Moonworks:FinalSurgery"],"picked":"Moonworks:AnotherUltimateWeapon","floor":6.0},{"not_picked":["Moonworks:BigMagnum","Moonworks:IndiscriminateFireSupport"],"picked":"Moonworks:JonathanRush","floor":7.0},{"not_picked":["Moonworks:Assault","Moonworks:ReproductionOfRecords"],"picked":"Moonworks:LulusLuckyEgg","floor":10.0},{"not_picked":["Moonworks:UnluckyCharm","Moonworks:Dinner"],"picked":"Moonworks:EvilSpyWorkPreparation","floor":11.0},{"not_picked":["Moonworks:Poppoformation","Moonworks:Dinner"],"picked":"Moonworks:DeployBits","floor":12.0},{"not_picked":["Moonworks:ReflectiveShell","Moonworks:LulusLuckyEgg"],"picked":"Moonworks:NicePresent","floor":13.0},{"not_picked":["Moonworks:MixPhenomenon","Moonworks:BigMagnum"],"picked":"Moonworks:ImOnFire","floor":14.0},{"not_picked":["Moonworks:StarBlastingFuse","Moonworks:LeapThroughSpace"],"picked":"Moonworks:Encore","floor":16.0},{"not_picked":["Moonworks:ImOnFire+1","Moonworks:AwakeningOfTalent"],"picked":"Moonworks:EvilSpyWorkPreparation","floor":18.0},{"not_picked":["Moonworks:BackdoorTrade","Moonworks:NicePresent"],"picked":"Moonworks:Heat300Percent+1","floor":19.0},{"not_picked":["Moonworks:CloudOfSeagulls","Moonworks:MixPhenomenon+1"],"picked":"Moonworks:RagingMadness","floor":23.0},{"not_picked":["Moonworks:BigBangBell","Moonworks:Assault"],"picked":"Moonworks:Dash","floor":25},{"not_picked":["Moonworks:JonathanRush","Moonworks:ImmovableObject"],"picked":"Moonworks:CookingTime+1","floor":27},{"not_picked":["Moonworks:DeployBits","Moonworks:SelfDestruct"],"picked":"Moonworks:LuckyCharm+1","floor":28},{"not_picked":["Moonworks:Assault","Moonworks:IndiscriminateFireSupport"],"picked":"Moonworks:BindingChains","floor":29},{"not_picked":["Moonworks:BigMagnum","Moonworks:JonathanRush"],"picked":"Moonworks:NicePresent","floor":30},{"not_picked":["Moonworks:EvilSpyWorkPreparation+1","Moonworks:BigMagnum+1"],"picked":"Moonworks:SakisCookie","floor":31},{"not_picked":["Moonworks:AccelHyper","Moonworks:HolyNight"],"picked":"Moonworks:MeltingMemories","floor":33},{"not_picked":["Sickly","Pain"],"picked":"Clumsy","floor":34},{"not_picked":["Parasite","Hallucinations"],"picked":"Writhe","floor":34},{"not_picked":["AbeCurse","ReplayTheSpireMod:IOU"],"picked":"Clumsy","floor":34},{"not_picked":["Moonworks:DeployBits+1","Moonworks:ImOnFire+1"],"picked":"Moonworks:EvilSpyWorkPreparation","floor":35}],"player_experience":517976,"relics_obtained":[{"floor":6.0,"key":"AT_DeathDance"},{"floor":9.0,"key":"AT_ImmortalShieldbow"},{"floor":12.0,"key":"reliquary:RosewoodLute"},{"floor":23.0,"key":"Chameleon Ring"},{"floor":26,"key":"AT_TimeSand"}],"event_choices":[{"cards_removed":["Injury"],"damage_healed":0.0,"max_hp_gain":0.0,"max_hp_loss":0.0,"gold_gain":0.0,"event_name":"Golden Wing","player_choice":"Card Removal","floor":2.0,"gold_loss":0.0,"damage_taken":7.0},{"damage_healed":0.0,"max_hp_gain":0.0,"max_hp_loss":0.0,"gold_gain":0.0,"cards_transformed":["Moonworks:Strike"],"event_name":"Living Wall","player_choice":"Change","floor":5.0,"gold_loss":0.0,"damage_taken":0.0,"cards_obtained":["Moonworks:LuckyCharm"]},{"damage_healed":0.0,"max_hp_gain":0.0,"max_hp_loss":0.0,"gold_gain":99.0,"event_name":"Nest","player_choice":"Stole From Cult","floor":20.0,"gold_loss":0.0,"damage_taken":0.0},{"cards_removed":["Moonworks:AwakeningOfTalent"],"damage_healed":0.0,"max_hp_gain":0.0,"max_hp_loss":0.0,"gold_gain":0.0,"event_name":"Purifier","player_choice":"Purged","floor":22.0,"gold_loss":0.0,"damage_taken":0.0},{"damage_healed":0,"gold_gain":0,"player_choice":"Took Portal","damage_taken":0,"max_hp_gain":0,"max_hp_loss":0,"event_name":"SecretPortal","floor":36,"gold_loss":0}],"is_beta":false,"boss_relics":[{"not_picked":["Coffee Dripper","Ring of Chaos"],"picked":"Pandora\u0027s Box"},{"not_picked":["reliquary:Craggleroot","Snecko Eye"],"picked":"Replay:Ancient Bell"},{"not_picked":["Bag of Preparation","Vajra"],"picked":"ReplayTheSpireMod:Lightbulb"},{"not_picked":["reliquary:JackalopeAntler","reliquary:Sideboard"],"picked":"White Beast Statue"},{"not_picked":["Lizard Tail","Incense Burner"],"picked":"Dead Branch"}],"items_purged_floors":[],"is_endless":false,"potions_floor_spawned":[11,12,13,19,25,28,29,31,35],"ascension_level":0}}