{"host":"a3oe3gstxz77c7qu","time":1612710507,"event":{"mods":["2.2 Compatiblity","Act Like it!","Astrologer","BaseMod","Bestiary","Better Altar","Better Match","Better Note","Better Skull","Better Third Choice","Block Reminder","Curses Come First","Custom Start","Dark Map","Downfall","Friendly Minions","GifTheSpireLib","Hallownest","Hermit","Jorbs\u0027s Wanderer Trilogy","Lobotomy","LobotomyExtend","Marisa????????","Minty Spire (QoL Compilation)","Permanent Neow","Quick Restart","Relic Filter Mod","Relic Stats","Reliquary","Replay The Spire","Smile Girya","Spire Arcade","StSLib","The Bug Knight","The Cursed","The Disciple","The Jungle","Uncapped","Unknown Chances","Wandering Minibosses"],"gold_per_floor":[115,115,115,29,40,40,40,140,188,188,42,75,85,85,85,85,85],"floor_reached":16,"language":"ENG","playtime":601,"items_purged":[],"score":244,"play_id":"bf4ceda0-c56d-4860-8019-149e52332bed","local_time":"20210207150827","is_ascension_mode":true,"campfire_choices":[],"circlet_count":0,"master_deck":["AscendersBane","SpecialBullet","SpecialBullet","SpecialBullet","SpecialBullet","SpecialBullet","SpecialBullet","SpecialBullet","SpecialBullet","CentralCode","ExtractionCode","ControlCode","WristCuter","SomewhereSpear","Regret","ReplayTheSpireMod:Trickstab","Lamp+3","SecurityCode","CurseOfTheBell","CurseOfTheBell","ReplayTheSpireMod:Restless Dread","Writhe","ParadiseLost","Writhe"],"relics":["CogitoBucket","RabbitCall","LetterFromLob","Gremlin Food","downfall:ExtraCursedBell","Replay:Mystery Machine","reliquary:BoilingFlask","Ice Cream","reliquary:Stiletto","Sling","Replay:Multitool","ReplayTheSpireMod:Ring of Addiction","White Beast Statue","Potion Belt"],"acts_visited":["Exordium"],"potions_floor_usage":[],"damage_taken":[{"damage":14,"enemies":"Small Slimes","floor":1,"turns":3},{"damage":0,"enemies":"2 Louse","floor":5,"turns":3},{"damage":30,"enemies":"HollowMod:MossKnight","floor":12,"turns":6},{"damage":0,"enemies":"Jaw Worm","floor":13,"turns":2},{"damage":71,"enemies":"Fading Forest","floor":16,"turns":8}],"seed_played":"8166038657684842892","potions_obtained":[{"floor":13,"key":"Adrenaline Potion"},{"floor":14,"key":"LiquidMemories"},{"floor":14,"key":"FearPotion"},{"floor":14,"key":"SpeedPotion"}],"is_trial":false,"path_per_floor":["M","?","?","$","M","R","M","?","T","R","$","E","M","?","R","B"],"character_chosen":"Angela","items_purchased":["ReplayTheSpireMod:Trickstab","Sling"],"campfire_rested":0,"item_purchase_floors":[4,11],"current_hp_per_floor":[56,64,64,64,64,64,64,69,69,69,69,51,63,63,63,0,0],"gold":85,"neow_bonus":"TEN_PERCENT_HP_BONUS","is_daily":false,"chose_seed":false,"campfire_upgraded":0,"win_rate":0.0,"timestamp":1612710507,"path_taken":["M","?","?","$","M","R","M","?","T","R","?","E","?","?","R","BOSS"],"items_purchased_type":["Card","Relic"],"build_version":"2020-12-22","purchased_purges":0,"victory":false,"max_hp_per_floor":[77,77,77,77,77,77,77,82,82,82,82,82,82,82,82,82,82],"relic_stats":{"counters":[5,22],"obtain_stats":[{"Gremlin Food":3,"Ice Cream":8,"Potion Belt":14,"RabbitCall":0,"reliquary:BoilingFlask":8,"ReplayTheSpireMod:Ring of Addiction":14,"Replay:Multitool":12,"Replay:Mystery Machine":8,"Sling":11,"White Beast Statue":14,"CogitoBucket":0,"reliquary:Stiletto":9,"LetterFromLob":1,"downfall:ExtraCursedBell":8},{"Gremlin Food":1,"Ice Cream":2,"Potion Belt":4,"RabbitCall":0,"reliquary:BoilingFlask":2,"ReplayTheSpireMod:Ring of Addiction":4,"Replay:Multitool":3,"Replay:Mystery Machine":2,"Sling":2,"White Beast Statue":4,"CogitoBucket":0,"reliquary:Stiletto":2,"LetterFromLob":1,"downfall:ExtraCursedBell":2},{"Gremlin Food":3,"Ice Cream":6,"Potion Belt":14,"RabbitCall":0,"reliquary:BoilingFlask":6,"ReplayTheSpireMod:Ring of Addiction":14,"Replay:Multitool":12,"Replay:Mystery Machine":6,"Sling":6,"White Beast Statue":14,"CogitoBucket":0,"reliquary:Stiletto":6,"LetterFromLob":3,"downfall:ExtraCursedBell":6}]},"card_choices":[{"not_picked":["RedEyes"],"picked":"WristCuter","floor":1},{"not_picked":["CherryBlossom"],"picked":"SomewhereSpear","floor":1},{"not_picked":["Spore"],"picked":"Lamp","floor":5},{"not_picked":["Amita","TheSmile"],"picked":"SKIP","floor":5},{"not_picked":["SomewhereSpear","TodaysExpression"],"picked":"SKIP","floor":12},{"not_picked":["Laetitia_ego","BlackSwan_ego"],"picked":"SKIP","floor":12},{"not_picked":["Loneliness","Discord"],"picked":"SKIP","floor":13}],"player_experience":1146092,"relics_obtained":[{"floor":1,"key":"LetterFromLob"},{"floor":8,"key":"Replay:Mystery Machine"},{"floor":8,"key":"reliquary:BoilingFlask"},{"floor":8,"key":"Ice Cream"},{"floor":9,"key":"reliquary:Stiletto"},{"floor":12,"key":"Replay:Multitool"},{"floor":14,"key":"ReplayTheSpireMod:Ring of Addiction"},{"floor":14,"key":"White Beast Statue"},{"floor":14,"key":"Potion Belt"}],"event_choices":[{"damage_healed":0,"gold_gain":0,"player_choice":"Box","damage_taken":0,"relics_obtained":["Gremlin Food"],"max_hp_gain":0,"max_hp_loss":0,"event_name":"Big Fish","floor":3,"gold_loss":0,"cards_obtained":["Regret"]}],"is_beta":false,"boss_relics":[],"items_purged_floors":[],"is_endless":false,"potions_floor_spawned":[13],"killed_by":"Fading Forest","ascension_level":10}}