{"host":"88sw61cmk1203zgj","time":1612673707,"event":{"mods":["BaseMod","Minty Spire (QoL Compilation)"],"gold_per_floor":[109,109,120,120,120,120,46,46,46,59,73,85,98,115,115,189,189,206,305,230,303,316,347,364,364,390,133,8,23,23,23,23],"floor_reached":31,"language":"ENG","playtime":1718,"items_purged":["Strike_G","Strike_G","Strike_G"],"score":449,"play_id":"1ccbb834-ce94-4563-920d-2caed6b5427f","local_time":"20210206235507","is_ascension_mode":true,"campfire_choices":[{"data":"Catalyst","floor":6,"key":"SMITH"},{"data":"1","floor":15,"key":"LIFT"},{"floor":25,"key":"REST"}],"circlet_count":0,"master_deck":["AscendersBane","Defend_G","Defend_G","Defend_G","Survivor","Neutralize","Cloak And Dagger+1","Catalyst+1","Flying Knee","Dagger Throw","Deadly Poison","Bouncing Flask","Bane","Well Laid Plans","PiercingWail+1","Adrenaline+1","Flying Knee+1","Backflip+1","Deadly Poison","PiercingWail","Night Terror"],"relics":["Ring of the Snake","Tiny Chest","Ninja Scroll","Girya","Astrolabe","InkBottle","Incense Burner","Regal Pillow"],"acts_visited":["Exordium","TheCity"],"potions_floor_usage":[16,24],"damage_taken":[{"damage":7,"enemies":"Small Slimes","floor":1,"turns":6},{"damage":7,"enemies":"Jaw Worm","floor":3,"turns":8},{"damage":0,"enemies":"Cultist","floor":10,"turns":3},{"damage":1,"enemies":"Blue Slaver","floor":11,"turns":2},{"damage":0,"enemies":"2 Fungi Beasts","floor":12,"turns":3},{"damage":4,"enemies":"Exordium Thugs","floor":13,"turns":4},{"damage":0,"enemies":"Blue Slaver","floor":14,"turns":2},{"damage":26,"enemies":"Slime Boss","floor":16,"turns":8},{"damage":11,"enemies":"2 Thieves","floor":18,"turns":3},{"damage":8,"enemies":"Spheric Guardian","floor":22,"turns":3},{"damage":17,"enemies":"Gremlin Leader","floor":23,"turns":6},{"damage":10,"enemies":"Shelled Parasite and Fungi","floor":24,"turns":7},{"damage":24,"enemies":"Snake Plant","floor":29,"turns":2},{"damage":10,"enemies":"Snecko","floor":31,"turns":2}],"seed_played":"-6835672959696410290","potions_obtained":[{"floor":10,"key":"Energy Potion"},{"floor":11,"key":"AttackPotion"},{"floor":16,"key":"Dexterity Potion"}],"is_trial":false,"path_per_floor":["M","?","M","?","?","R","$","T","T","M","M","M","M","M","R","B",null,"M","?","$","T","M","E","M","R","T","$","$","M","?","M"],"character_chosen":"THE_SILENT","items_purchased":["Flying Knee","Dagger Throw","Night Terror"],"campfire_rested":1,"item_purchase_floors":[7,7,27],"current_hp_per_floor":[56,56,49,49,49,49,49,49,49,49,48,48,44,44,44,18,57,46,46,46,46,38,21,11,32,32,32,32,8,8,0,0],"gold":23,"neow_bonus":"RANDOM_COMMON_RELIC","is_daily":false,"chose_seed":false,"campfire_upgraded":1,"win_rate":0.0,"timestamp":1612673707,"path_taken":["M","?","M","?","?","R","$","?","T","M","M","M","M","?","R","BOSS","M","?","?","?","M","E","M","R","T","?","$","?","?","M"],"items_purchased_type":["Card","Card","Card"],"build_version":"2020-12-22","purchased_purges":3,"victory":false,"max_hp_per_floor":[70,70,70,70,70,70,70,70,70,70,70,70,70,70,70,70,70,70,70,70,70,70,70,70,70,70,70,70,70,70,70,70],"card_choices":[{"not_picked":["Outmaneuver","PiercingWail"],"picked":"Cloak And Dagger","floor":1},{"not_picked":["Outmaneuver","PiercingWail"],"picked":"Catalyst","floor":3},{"not_picked":["Sucker Punch","Adrenaline"],"picked":"Deadly Poison","floor":10},{"not_picked":["Outmaneuver","Prepared","Flying Knee"],"picked":"SKIP","floor":11},{"not_picked":["Skewer","PiercingWail"],"picked":"Bouncing Flask","floor":12},{"not_picked":["Terror","Distraction"],"picked":"Bane","floor":13},{"not_picked":["Deflect","Outmaneuver"],"picked":"Well Laid Plans","floor":14},{"not_picked":["Storm of Steel","Adrenaline"],"picked":"Envenom","floor":16},{"not_picked":["Outmaneuver","Blade Dance"],"picked":"Backflip+1","floor":18},{"not_picked":["All Out Attack","Dodge and Roll"],"picked":"Deadly Poison","floor":22},{"not_picked":["Underhanded Strike","Poisoned Stab","Caltrops"],"picked":"SKIP","floor":23},{"not_picked":["Caltrops","Deadly Poison"],"picked":"PiercingWail","floor":24},{"not_picked":["Envenom","Infinite Blades","Expertise"],"picked":"SKIP","floor":29}],"player_experience":1564915,"relics_obtained":[{"floor":8,"key":"Ninja Scroll"},{"floor":9,"key":"Girya"},{"floor":21,"key":"InkBottle"},{"floor":23,"key":"Incense Burner"},{"floor":26,"key":"Regal Pillow"}],"event_choices":[{"damage_healed":0,"gold_gain":0,"player_choice":"Ignored","damage_taken":0,"max_hp_gain":0,"max_hp_loss":0,"event_name":"Liars Game","floor":2,"gold_loss":0},{"damage_healed":0,"gold_gain":0,"player_choice":"Grow","damage_taken":0,"max_hp_gain":0,"max_hp_loss":0,"event_name":"Living Wall","floor":4,"gold_loss":0,"cards_upgraded":["Cloak And Dagger"]},{"cards_removed":["Defend_G"],"damage_healed":0,"gold_gain":0,"player_choice":"Card Removal","damage_taken":0,"max_hp_gain":0,"max_hp_loss":0,"event_name":"Wheel of Change","floor":5,"gold_loss":0},{"damage_healed":0,"gold_gain":99,"player_choice":"Stole From Cult","damage_taken":0,"max_hp_gain":0,"max_hp_loss":0,"event_name":"Nest","floor":19,"gold_loss":0},{"cards_removed":["Envenom"],"damage_healed":0,"gold_gain":0,"player_choice":"Elegance","damage_taken":0,"max_hp_gain":0,"max_hp_loss":0,"event_name":"Back to Basics","floor":30,"gold_loss":0}],"is_beta":false,"boss_relics":[{"not_picked":["Fusion Hammer","SlaversCollar"],"picked":"Astrolabe"}],"items_purged_floors":[20,27,28],"is_endless":false,"potions_floor_spawned":[10,11,16,18,22],"killed_by":"Snecko","ascension_level":13}}