{"host":"1bnrkmg0bmhwam8n","time":1612737056,"event":{"mods":["2.2 Compatiblity","AchievementEnabler","BaseMod","Best Route Mod","BetterRewards","Colored Map","Hermit","Infinite Spire","Minty Spire (QoL Compilation)","Permanent Neow","Quick Restart","Rare Cards Sparkle","Shop Mod","StSLib","SuperFastMode"],"gold_per_floor":[117,117,131,131,131,131,164,164,216,250,269,281,281,299,299,403,703,722,722,736,806,574,609,622,634,660,673,673,673,673],"floor_reached":29,"language":"ENG","playtime":557,"items_purged":["Strike_R"],"score":308,"play_id":"8b7b61f3-02ce-4bc8-9575-416a6485114b","local_time":"20210207163056","is_ascension_mode":true,"campfire_choices":[{"data":"Metallicize","floor":6,"key":"SMITH"},{"data":"Inflame","floor":8,"key":"SMITH"},{"data":"Bash","floor":13,"key":"SMITH"},{"floor":15,"key":"RECALL"}],"circlet_count":0,"master_deck":["Strike_R","Strike_R","Strike_R","Strike_R","Defend_R","Defend_R","Defend_R","Defend_R","Bash+1","Metallicize+1","Armaments+1","Inflame+1","Bludgeon","CurseOfTheBell","Body Slam","Body Slam","Juggernaut","Entrench"],"relics":["Burning Blood","NeowsBlessing","Tiny Chest","Orichalcum","Bronze Scales","Calling Bell","Anchor","InkBottle","Old Coin","infinitespire:CheckeredPen","Matryoshka","Blood Vial"],"acts_visited":["Exordium","TheCity"],"potions_floor_usage":[1,20,23,24,25,27],"damage_taken":[{"damage":0,"enemies":"2 Louse","floor":1,"turns":1},{"damage":0,"enemies":"Cultist","floor":3,"turns":1},{"damage":0,"enemies":"Gremlin Nob","floor":7,"turns":1},{"damage":18,"enemies":"Lagavulin","floor":10,"turns":7},{"damage":8,"enemies":"infinitespire:Voidling","floor":11,"turns":4},{"damage":8,"enemies":"Large Slime","floor":12,"turns":8},{"damage":9,"enemies":"Exordium Wildlife","floor":14,"turns":4},{"damage":27,"enemies":"Hexaghost","floor":16,"turns":9},{"damage":28,"enemies":"Spheric Guardian","floor":18,"turns":6},{"damage":0,"enemies":"3 Byrds","floor":20,"turns":2},{"damage":30,"enemies":"Book of Stabbing","floor":23,"turns":6},{"damage":27,"enemies":"Snecko","floor":24,"turns":4},{"damage":0,"enemies":"Sentry and Sphere","floor":25,"turns":3},{"damage":10,"enemies":"Chosen and Byrds","floor":27,"turns":4},{"damage":36,"enemies":"Shelled Parasite and Fungi","floor":29,"turns":6}],"seed_played":"876705971951830367","potions_obtained":[{"floor":1,"key":"Fruit Juice"},{"floor":7,"key":"Ancient Potion"},{"floor":10,"key":"FearPotion"},{"floor":11,"key":"Explosive Potion"},{"floor":14,"key":"DuplicationPotion"},{"floor":18,"key":"Block Potion"},{"floor":20,"key":"SkillPotion"},{"floor":23,"key":"SpeedPotion"}],"is_trial":false,"path_per_floor":["M","?","M","$","?","R","E","R","T","E","M","M","R","M","R","B",null,"M","?","M","T","$","E","M","M","T","M","?","M"],"character_chosen":"IRONCLAD","items_purchased":["Juggernaut"],"campfire_rested":0,"item_purchase_floors":[22],"current_hp_per_floor":[85,85,85,85,85,85,85,85,85,73,75,73,73,70,70,49,85,63,63,69,69,69,45,24,30,30,28,28,0,0],"gold":673,"neow_bonus":"THREE_ENEMY_KILL","is_daily":false,"chose_seed":false,"campfire_upgraded":3,"win_rate":0.0,"timestamp":1612737056,"path_taken":["M","?","M","$","?","R","E","R","T","E","M","?","R","M","R","BOSS","M","?","?","?","?","E","?","M","T","M","?","M"],"items_purchased_type":["Card"],"build_version":"2020-12-22","purchased_purges":1,"victory":false,"max_hp_per_floor":[85,85,85,85,85,85,85,85,85,85,85,85,85,85,85,85,85,85,85,85,85,85,85,85,85,85,85,85,85,85],"card_choices":[{"not_picked":["Body Slam","True Grit"],"picked":"Metallicize","floor":1},{"not_picked":["True Grit","infinitespire:OneForAll"],"picked":"Armaments","floor":3},{"not_picked":["Searing Blow","Perfected Strike"],"picked":"Inflame","floor":7},{"not_picked":["Bloodletting","Reckless Charge","Shockwave"],"picked":"SKIP","floor":10},{"not_picked":["Pummel","Anger","Rupture"],"picked":"SKIP","floor":11},{"not_picked":["Twin Strike","Headbutt","Seeing Red"],"picked":"SKIP","floor":12},{"not_picked":["Entrench","Pommel Strike","infinitespire:OneForAll"],"picked":"SKIP","floor":14},{"not_picked":["Corruption","Impervious"],"picked":"Bludgeon","floor":16},{"not_picked":["Heavy Blade","Rampage","Uppercut"],"picked":"SKIP","floor":18},{"not_picked":["Armaments","Hemokinesis"],"picked":"Body Slam","floor":20},{"not_picked":["Limit Break","Sword Boomerang","Body Slam+1"],"picked":"SKIP","floor":23},{"not_picked":["Perfected Strike","Reckless Charge","Sword Boomerang+1"],"picked":"SKIP","floor":24},{"not_picked":["Sword Boomerang","Clothesline"],"picked":"Entrench","floor":25},{"not_picked":["Sword Boomerang","Entrench","Sentinel"],"picked":"SKIP","floor":27}],"player_experience":408596,"relics_obtained":[{"floor":7,"key":"Tiny Chest"},{"floor":9,"key":"Orichalcum"},{"floor":10,"key":"Bronze Scales"},{"floor":17,"key":"Anchor"},{"floor":17,"key":"InkBottle"},{"floor":17,"key":"Old Coin"},{"floor":21,"key":"infinitespire:CheckeredPen"},{"floor":23,"key":"Matryoshka"},{"floor":26,"key":"Blood Vial"}],"event_choices":[{"damage_healed":0,"gold_gain":0,"player_choice":"Ignored","damage_taken":0,"max_hp_gain":0,"max_hp_loss":0,"event_name":"Golden Wing","floor":2,"gold_loss":0},{"damage_healed":0,"gold_gain":0,"player_choice":"Forge","damage_taken":0,"max_hp_gain":0,"max_hp_loss":0,"event_name":"Accursed Blacksmith","floor":5,"gold_loss":0,"cards_upgraded":["Armaments"]},{"damage_healed":0,"gold_gain":0,"player_choice":"1 cards matched","damage_taken":0,"max_hp_gain":0,"max_hp_loss":0,"event_name":"Match and Keep!","floor":19,"gold_loss":0,"cards_obtained":["Body Slam"]}],"is_beta":false,"boss_relics":[{"not_picked":["Empty Cage","Astrolabe"],"picked":"Calling Bell"}],"items_purged_floors":[22],"is_endless":false,"potions_floor_spawned":[1,7,10,11,14,18,20,23],"killed_by":"Shelled Parasite and Fungi","ascension_level":2}}