{"host":"szp1d6dso4pv7ddl","time":1612732659,"event":{"mods":["AchievementEnabler","Alarm Clock","BaseMod","Bestiary","Block Reminder","Colored Map","Colored Powertips","Curses Come First","Dark Map","Displayed Cursed Tome","Highlight Path","Minty Spire (QoL Compilation)","Permanent Neow","Quick Restart","Relic Sorter","Relic Stats","StSLib","Synergy Search"],"gold_per_floor":[115,115,31,31,46,76,96,121,121,196,196,43,43,57,57,128,128,148,148,148,48,47,47,62,62,62],"floor_reached":25,"language":"ENG","playtime":1038,"items_purged":["Strike_R","Pain"],"score":445,"play_id":"6bcabdf4-4e4a-4b30-bcff-51b74db68791","local_time":"20210207131739","is_ascension_mode":true,"campfire_choices":[{"floor":11,"key":"REST"},{"data":"True Grit","floor":13,"key":"SMITH"},{"data":"Disarm","floor":15,"key":"SMITH"},{"floor":23,"key":"REST"}],"circlet_count":0,"master_deck":["AscendersBane","Strike_R","Strike_R","Strike_R","Defend_R","Defend_R","Defend_R","Defend_R","Bash","Dual Wield","Feel No Pain","Carnage","Feed","Disarm+1","True Grit+1","Juggernaut","Iron Wave","Barricade","Rage","Evolve","Pummel","Havoc+1"],"relics":["Burning Blood","NeowsBlessing","CaptainsWheel","Gremlin Horn","Ornamental Fan","Philosopher\u0027s Stone"],"acts_visited":["Exordium","TheCity"],"potions_floor_usage":[8,14,16,18],"damage_taken":[{"damage":0.0,"enemies":"Cultist","floor":1.0,"turns":1.0},{"damage":0.0,"enemies":"2 Louse","floor":5.0,"turns":1.0},{"damage":0.0,"enemies":"Gremlin Nob","floor":6.0,"turns":1.0},{"damage":4.0,"enemies":"Jaw Worm","floor":7.0,"turns":5.0},{"damage":49,"enemies":"Lagavulin","floor":8,"turns":10},{"damage":13,"enemies":"2 Fungi Beasts","floor":14,"turns":4},{"damage":54,"enemies":"Hexaghost","floor":16,"turns":17},{"damage":41,"enemies":"3 Byrds","floor":18,"turns":7},{"damage":13,"enemies":"2 Thieves","floor":22,"turns":5},{"damage":50,"enemies":"Centurion and Healer","floor":24,"turns":8},{"damage":21,"enemies":"Book of Stabbing","floor":25,"turns":2}],"seed_played":"8433804194616442201","potions_obtained":[{"floor":1.0,"key":"GamblersBrew"},{"floor":6.0,"key":"EssenceOfSteel"},{"floor":8,"key":"Regen Potion"},{"floor":14,"key":"Explosive Potion"},{"floor":16,"key":"Dexterity Potion"},{"floor":24,"key":"FearPotion"}],"is_trial":false,"path_per_floor":["M","?","$","$","M","E","M","E","T","?","R","$","R","M","R","B",null,"M","?","?","$","M","R","M","E"],"character_chosen":"IRONCLAD","items_purchased":["Feel No Pain","Juggernaut"],"campfire_rested":2,"item_purchase_floors":[3,12],"current_hp_per_floor":[74,75,75,75,75,75,78,38,38,27,51,51,51,59,59,11,66,34,34,34,34,30,57,16,0,0],"gold":62,"neow_bonus":"THREE_ENEMY_KILL","is_daily":false,"chose_seed":false,"campfire_upgraded":2,"win_rate":0.0,"timestamp":1612732659,"path_taken":["M","?","?","$","M","E","?","E","T","?","R","$","R","M","R","BOSS","M","?","?","?","M","R","M","E"],"items_purchased_type":["Card","Card"],"build_version":"2020-12-22","purchased_purges":2,"victory":false,"max_hp_per_floor":[75,75,75,75,75,75,78,81,81,81,81,81,81,84,84,84,84,87,87,87,87,90,90,93,93,93],"relic_stats":{"Gremlin Horn":[5,5],"counters":[11,61],"Ornamental Fan":[4],"obtain_stats":[{"CaptainsWheel":6,"NeowsBlessing":0,"Gremlin Horn":8,"Ornamental Fan":9,"Philosopher\u0027s Stone":17,"Burning Blood":0},{"CaptainsWheel":3,"NeowsBlessing":0,"Gremlin Horn":5,"Ornamental Fan":5,"Philosopher\u0027s Stone":7,"Burning Blood":0},{"CaptainsWheel":3,"NeowsBlessing":0,"Gremlin Horn":18,"Ornamental Fan":18,"Philosopher\u0027s Stone":39,"Burning Blood":0}],"Burning Blood":46},"card_choices":[{"not_picked":["Burning Pact","Thunderclap"],"picked":"Dual Wield","floor":1.0},{"not_picked":["Clash","Clothesline"],"picked":"Carnage","floor":5.0},{"not_picked":["Armaments","Perfected Strike"],"picked":"Feed","floor":6.0},{"not_picked":["Perfected Strike","Warcry"],"picked":"Disarm","floor":7.0},{"not_picked":["Flex","Havoc"],"picked":"True Grit","floor":8},{"not_picked":["Anger","Evolve"],"picked":"Iron Wave","floor":14},{"not_picked":["Corruption","Offering"],"picked":"Barricade","floor":16},{"not_picked":["Armaments","Whirlwind+1"],"picked":"Rage","floor":18},{"not_picked":["Spot Weakness+1","Cleave"],"picked":"Pummel","floor":22},{"not_picked":["Dual Wield","Twin Strike"],"picked":"Havoc+1","floor":24}],"player_experience":1390141,"relics_obtained":[{"floor":6.0,"key":"CaptainsWheel"},{"floor":8,"key":"Gremlin Horn"},{"floor":9,"key":"Ornamental Fan"}],"event_choices":[{"damage_healed":1.0,"max_hp_gain":0.0,"max_hp_loss":0.0,"gold_gain":0.0,"event_name":"Wheel of Change","player_choice":"Full Heal","floor":2.0,"gold_loss":0.0,"damage_taken":0.0},{"damage_healed":0,"gold_gain":75,"player_choice":"Gather Gold","damage_taken":11,"max_hp_gain":0,"max_hp_loss":0,"event_name":"World of Goop","floor":10,"gold_loss":0},{"damage_healed":0,"gold_gain":0,"player_choice":"Smashed Altar","damage_taken":0,"max_hp_gain":0,"max_hp_loss":0,"event_name":"Forgotten Altar","floor":19,"gold_loss":0,"cards_obtained":["Decay"]},{"damage_healed":0,"gold_gain":0,"cards_transformed":["Decay","Strike_R"],"player_choice":"Became Test Subject","damage_taken":0,"max_hp_gain":0,"max_hp_loss":0,"event_name":"Drug Dealer","floor":20,"gold_loss":0,"cards_obtained":["Pain","Evolve"]}],"is_beta":false,"boss_relics":[{"not_picked":["Empty Cage","Sozu"],"picked":"Philosopher\u0027s Stone"}],"items_purged_floors":[12,21],"is_endless":false,"potions_floor_spawned":[1,6,8,14,16,24],"killed_by":"Book of Stabbing","ascension_level":18}}