{"host":"ul3z8ex5o8l5j7mh","time":1612728028,"event":{"mods":["AchievementEnabler","BaseMod","Bestiary","Colored Map","Colored Powertips","DeckTracker","Keyboard Shortcuts","Minty Spire (QoL Compilation)","SuperFastMode"],"gold_per_floor":[110,125,125,137,51,85,85,65,88,88,88,117,117,47,47,47,47],"floor_reached":16,"language":"ENG","playtime":656,"items_purged":[],"score":108,"play_id":"a6350f10-727c-44c1-ba06-8f1ee1aa8cdb","local_time":"20210207210028","is_ascension_mode":true,"campfire_choices":[{"data":"Flechettes","floor":7,"key":"SMITH"},{"data":"Poisoned Stab","floor":10,"key":"SMITH"},{"floor":15,"key":"REST"}],"circlet_count":0,"master_deck":["Strike_G","Strike_G","Strike_G","Strike_G","Strike_G+1","Defend_G","Defend_G","Defend_G","Defend_G","Defend_G+1","Survivor","Neutralize","Deflect","Flechettes+1","Poisoned Stab+1","Good Instincts","Poisoned Stab","Tactician","Backstab"],"relics":["Ring of the Snake","Bag of Preparation","CeramicFish"],"acts_visited":["Exordium"],"potions_floor_usage":[6,6],"damage_taken":[{"damage":4,"enemies":"Cultist","floor":1,"turns":3},{"damage":2,"enemies":"2 Louse","floor":2,"turns":4},{"damage":0,"enemies":"Small Slimes","floor":4,"turns":3},{"damage":10,"enemies":"Gremlin Nob","floor":6,"turns":3},{"damage":9,"enemies":"3 Louse","floor":12,"turns":3},{"damage":60,"enemies":"Hexaghost","floor":16,"turns":12}],"seed_played":"-1109898973656612269","potions_obtained":[{"floor":1,"key":"LiquidBronze"},{"floor":4,"key":"Fire Potion"}],"is_trial":false,"path_per_floor":["M","M","?","M","$","E","R","?","T","R","?","M","?","$","R","B"],"character_chosen":"THE_SILENT","items_purchased":["Good Instincts","Backstab"],"campfire_rested":1,"item_purchase_floors":[5,14],"current_hp_per_floor":[73,71,68,68,68,58,58,58,58,58,43,34,34,34,57,0,0],"gold":47,"neow_bonus":"TEN_PERCENT_HP_BONUS","is_daily":false,"chose_seed":false,"campfire_upgraded":2,"win_rate":0.0,"timestamp":1612728028,"path_taken":["M","M","?","M","$","E","R","?","T","R","?","M","?","$","R","BOSS"],"items_purchased_type":["Card","Card"],"build_version":"2020-12-22","purchased_purges":0,"victory":false,"max_hp_per_floor":[77,77,77,77,77,77,77,77,77,77,77,77,77,77,77,77,77],"card_choices":[{"not_picked":["Calculated Gamble","Prepared"],"picked":"Deflect","floor":1},{"not_picked":["Underhanded Strike","Calculated Gamble"],"picked":"Flechettes","floor":2},{"not_picked":["Deadly Poison","Crippling Poison"],"picked":"Poisoned Stab","floor":4},{"not_picked":["Cloak And Dagger","Acrobatics"],"picked":"Poisoned Stab","floor":6},{"not_picked":["Heel Hook","Sucker Punch"],"picked":"Tactician","floor":12}],"player_experience":329483,"relics_obtained":[{"floor":6,"key":"CeramicFish"}],"event_choices":[{"damage_healed":0,"gold_gain":0,"player_choice":"Success","damage_taken":3,"relics_obtained":["Bag of Preparation"],"max_hp_gain":0,"max_hp_loss":0,"event_name":"Scrap Ooze","floor":3,"gold_loss":0},{"damage_healed":0,"gold_gain":0,"player_choice":"Left Gold","damage_taken":0,"max_hp_gain":0,"max_hp_loss":0,"event_name":"World of Goop","floor":8,"gold_loss":20},{"damage_healed":0,"gold_gain":0,"player_choice":"Entered Light","damage_taken":15,"max_hp_gain":0,"max_hp_loss":0,"event_name":"Shining Light","floor":11,"gold_loss":0,"cards_upgraded":["Strike_G","Defend_G"]},{"damage_healed":0,"gold_gain":0,"player_choice":"Ignored","damage_taken":0,"max_hp_gain":0,"max_hp_loss":0,"event_name":"Golden Wing","floor":13,"gold_loss":0}],"is_beta":false,"boss_relics":[],"items_purged_floors":[],"is_endless":false,"potions_floor_spawned":[1,4],"killed_by":"Hexaghost","ascension_level":2}}