{"host":"k7udt7atmcuzf6l0","time":1612698121,"event":{"mods":["AchievementEnabler","BaseMod","BetterRewards","Colored Map","Colored Powertips","Highlight Path","Minty Spire (QoL Compilation)","Quick Restart","Rare Cards Sparkle","Relic Stats","StSLib","UnlockEverythingMod"],"gold_per_floor":[117,117,67,142,142,182,182,201,228,81,99,99,99,114,114,242,242,257,257,278,278,294,294,307,307,307,307,351,351,4,24,24,147,147,168,17,37,51,51,95,114,114,187,187,220,220,23,43,43,43,43],"floor_reached":50,"language":"ZHS","playtime":2378,"items_purged":[],"score":618,"play_id":"7d7f272c-5433-4ec2-b084-40e79f55c595","local_time":"20210207194201","is_ascension_mode":false,"campfire_choices":[{"data":"Neutralize","floor":7.0,"key":"SMITH"},{"data":"Noxious Fumes","floor":13.0,"key":"SMITH"},{"data":"Deadly Poison","floor":15.0,"key":"SMITH"},{"data":"Corpse Explosion","floor":23.0,"key":"SMITH"},{"data":"Accuracy","floor":25.0,"key":"SMITH"},{"floor":27.0,"key":"REST"},{"floor":29.0,"key":"REST"},{"floor":32.0,"key":"REST"},{"floor":42.0,"key":"REST"},{"data":"Accuracy","floor":44.0,"key":"SMITH"},{"data":"PiercingWail","floor":46.0,"key":"SMITH"},{"floor":49,"key":"REST"}],"circlet_count":0,"master_deck":["Strike_G+1","Strike_G+1","Strike_G+1","Strike_G+1","Strike_G+1","Defend_G+1","Defend_G+1","Defend_G+1","Defend_G+1","Defend_G+1","Survivor","Neutralize+1","Noxious Fumes+1","Quick Slash","Flying Knee","Deadly Poison+1","Poisoned Stab","Noxious Fumes+1","Prepared","PiercingWail+1","Accuracy+1","Corpse Explosion+1","CurseOfTheBell","Catalyst+1","Deadly Poison+1","Expertise+1","Cloak And Dagger+1","Crippling Poison+1","Footwork","Storm of Steel+1","Doppelganger+1","Outmaneuver+1","Accuracy+1","Deflect+1","Slice","Blade Dance+1","Secret Technique+1","Cloak And Dagger+1","Prepared+1","Outmaneuver+1","Blade Dance+1","Master of Strategy+1","Acrobatics+1","Blur+1"],"relics":["Ring of the Snake","NeowsBlessing","Golden Idol","Pen Nib","PreservedInsect","Ancient Tea Set","Calling Bell","Akabeko","Toxic Egg 2","Peace Pipe","Enchiridion","Omamori","Happy Flower","Strange Spoon","Regal Pillow","Runic Pyramid","Dream Catcher","Pear","Meat on the Bone"],"acts_visited":["Exordium","TheCity","TheBeyond"],"potions_floor_usage":[50],"damage_taken":[{"damage":0.0,"enemies":"Jaw Worm","floor":1.0,"turns":1.0},{"damage":0.0,"enemies":"Gremlin Nob","floor":6.0,"turns":1.0},{"damage":0.0,"enemies":"2 Louse","floor":8.0,"turns":1.0},{"damage":7.0,"enemies":"Small Slimes","floor":11.0,"turns":3.0},{"damage":1.0,"enemies":"Exordium Wildlife","floor":14.0,"turns":3.0},{"damage":15.0,"enemies":"Hexaghost","floor":16.0,"turns":7.0},{"damage":13.0,"enemies":"Spheric Guardian","floor":18.0,"turns":4.0},{"damage":0.0,"enemies":"3 Byrds","floor":20.0,"turns":2.0},{"damage":12.0,"enemies":"Centurion and Healer","floor":22.0,"turns":5.0},{"damage":10.0,"enemies":"Snake Plant","floor":24.0,"turns":3.0},{"damage":18.0,"enemies":"Gremlin Leader","floor":28.0,"turns":5.0},{"damage":0.0,"enemies":"Cultist and Chosen","floor":31.0,"turns":4.0},{"damage":38.0,"enemies":"Collector","floor":33.0,"turns":5.0},{"damage":0.0,"enemies":"3 Shapes","floor":35.0,"turns":3.0},{"damage":22.0,"enemies":"3 Darklings","floor":37.0,"turns":4.0},{"damage":21.0,"enemies":"Writhing Mass","floor":38.0,"turns":5.0},{"damage":12.0,"enemies":"Nemesis","floor":40.0,"turns":3.0},{"damage":0.0,"enemies":"Maw","floor":41.0,"turns":6.0},{"damage":4.0,"enemies":"Reptomancer","floor":45.0,"turns":5.0},{"damage":5,"enemies":"3 Darklings","floor":48,"turns":3},{"damage":89,"enemies":"Time Eater","floor":50,"turns":7}],"seed_played":"-3864601739327565601","potions_obtained":[{"floor":1.0,"key":"LiquidMemories"},{"floor":6.0,"key":"CunningPotion"},{"floor":18.0,"key":"Explosive Potion"},{"floor":31.0,"key":"Ancient Potion"},{"floor":33.0,"key":"Fruit Juice"},{"floor":37.0,"key":"ColorlessPotion"},{"floor":38.0,"key":"DistilledChaos"},{"floor":41.0,"key":"Poison Potion"}],"is_trial":false,"path_per_floor":["M","?","$","?","?","E","R","M","T","$","M","T","R","M","R","B",null,"M","?","M","?","M","R","M","R","T","R","E","R","$","M","R","B",null,"M","$","M","M","?","E","M","R","T","R","E","R","$","M","R","B"],"character_chosen":"THE_SILENT","items_purchased":["Quick Slash","Poisoned Stab","Noxious Fumes","Prepared","Strange Spoon","Regal Pillow","Footwork","Accuracy","Deflect+1","Slice","Master of Strategy+1"],"campfire_rested":5,"item_purchase_floors":[3,10,10,10,30,30,30,36,36,36,47],"current_hp_per_floor":[70,53,53,42,42,42,42,42,42,42,35,35,35,34,34,19,70,57,57,57,41,29,29,19,19,19,40,22,43,43,43,70,32,70,70,70,48,32,32,20,20,57,67,67,63,63,63,58,85,0,0],"gold":43,"neow_bonus":"THREE_ENEMY_KILL","is_daily":false,"chose_seed":false,"campfire_upgraded":7,"win_rate":0.0,"timestamp":1612698121,"path_taken":["M","?","$","?","?","E","R","?","T","$","M","?","R","M","R","BOSS","M","?","M","?","M","R","M","R","T","R","E","R","$","M","R","BOSS","M","$","M","M","?","E","M","R","T","R","E","R","$","M","R","BOSS"],"items_purchased_type":["Card","Card","Card","Card","Relic","Relic","Card","Card","Card","Card","Card"],"build_version":"2020-12-22","purchased_purges":0,"victory":false,"max_hp_per_floor":[70,70,70,70,70,70,70,70,70,70,70,70,70,70,70,70,70,70,70,70,70,70,70,70,70,70,70,70,70,70,70,70,70,70,70,70,70,75,75,75,75,75,85,85,85,85,85,85,85,85,85],"relic_stats":{"Peace Pipe":0,"Strange Spoon":[48],"Regal Pillow":23,"Dream Catcher":2,"Happy Flower":[15],"counters":[21,80],"Golden Idol":131,"Pen Nib":[15],"PreservedInsect":151,"obtain_stats":[{"Regal Pillow":30,"Pear":43,"NeowsBlessing":0,"Happy Flower":28,"Golden Idol":2,"Enchiridion":21,"Pen Nib":6,"PreservedInsect":9,"Omamori":26,"Ancient Tea Set":12,"Akabeko":17,"Calling Bell":17,"Peace Pipe":17,"Strange Spoon":30,"Dream Catcher":40,"Toxic Egg 2":17,"Ring of the Snake":0,"Runic Pyramid":34,"Meat on the Bone":45},{"Regal Pillow":11,"Pear":18,"NeowsBlessing":0,"Happy Flower":11,"Golden Idol":1,"Enchiridion":8,"Pen Nib":2,"PreservedInsect":3,"Omamori":10,"Ancient Tea Set":4,"Akabeko":6,"Calling Bell":6,"Peace Pipe":6,"Strange Spoon":11,"Dream Catcher":17,"Toxic Egg 2":6,"Ring of the Snake":0,"Runic Pyramid":13,"Meat on the Bone":19},{"Regal Pillow":35,"Pear":65,"NeowsBlessing":0,"Happy Flower":35,"Golden Idol":1,"Enchiridion":22,"Pen Nib":2,"PreservedInsect":3,"Omamori":30,"Ancient Tea Set":6,"Akabeko":16,"Calling Bell":16,"Peace Pipe":16,"Strange Spoon":35,"Dream Catcher":59,"Toxic Egg 2":16,"Ring of the Snake":0,"Runic Pyramid":44,"Meat on the Bone":70}],"Ring of the Snake":[42],"Meat on the Bone":0},"card_choices":[{"not_picked":["Cloak And Dagger","Predator"],"picked":"Noxious Fumes","floor":1.0},{"not_picked":["Dodge and Roll","Quick Slash"],"picked":"Flying Knee","floor":6.0},{"not_picked":["Blade Dance","Underhanded Strike"],"picked":"Deadly Poison","floor":8.0},{"not_picked":["Blade Dance","Poisoned Stab"],"picked":"PiercingWail","floor":11.0},{"not_picked":["Flying Knee","Dodge and Roll"],"picked":"Accuracy","floor":14.0},{"not_picked":["Die Die Die","Tools of the Trade"],"picked":"Corpse Explosion","floor":16.0},{"not_picked":["Outmaneuver+1","Calculated Gamble+1"],"picked":"Catalyst+1","floor":18.0},{"not_picked":["Dagger Throw","Sucker Punch"],"picked":"Deadly Poison+1","floor":20.0},{"not_picked":["Concentrate+1","Blur+1"],"picked":"Expertise+1","floor":22.0},{"not_picked":["Backflip+1","Calculated Gamble+1"],"picked":"Cloak And Dagger+1","floor":24.0},{"not_picked":["Deadly Poison+1","Bane"],"picked":"Crippling Poison+1","floor":28.0},{"not_picked":["Bouncing Flask+1","All Out Attack"],"picked":"Storm of Steel+1","floor":31.0},{"not_picked":["Grand Finale","Venomology+1"],"picked":"Doppelganger+1","floor":33.0},{"not_picked":["Underhanded Strike","Dagger Spray"],"picked":"Outmaneuver+1","floor":35.0},{"not_picked":["Escape Plan+1","Bouncing Flask+1"],"picked":"Blade Dance+1","floor":37.0},{"not_picked":["Dagger Throw+1","All Out Attack","Endless Agony+1"],"picked":"SKIP","floor":38.0},{"not_picked":["Forethought+1","Flash of Steel"],"picked":"Secret Technique+1","floor":39.0},{"not_picked":["Dodge and Roll+1","Outmaneuver+1"],"picked":"Cloak And Dagger+1","floor":40.0},{"not_picked":["Noxious Fumes","Flying Knee+1"],"picked":"Prepared+1","floor":41.0},{"not_picked":["Finisher+1","Underhanded Strike"],"picked":"Outmaneuver+1","floor":42.0},{"not_picked":["Endless Agony","Malaise+1"],"picked":"Blade Dance+1","floor":45.0},{"not_picked":["Poisoned Stab","Dagger Throw"],"picked":"Acrobatics+1","floor":48},{"not_picked":["Tactician+1","Backflip+1"],"picked":"Blur+1","floor":49}],"player_experience":64523,"relics_obtained":[{"floor":6.0,"key":"Pen Nib"},{"floor":9.0,"key":"PreservedInsect"},{"floor":12.0,"key":"Ancient Tea Set"},{"floor":17.0,"key":"Akabeko"},{"floor":17.0,"key":"Toxic Egg 2"},{"floor":17.0,"key":"Peace Pipe"},{"floor":21.0,"key":"Enchiridion"},{"floor":26.0,"key":"Omamori"},{"floor":28.0,"key":"Happy Flower"},{"floor":40.0,"key":"Dream Catcher"},{"floor":43.0,"key":"Pear"},{"floor":45.0,"key":"Meat on the Bone"}],"event_choices":[{"damage_healed":0.0,"max_hp_gain":0.0,"max_hp_loss":0.0,"gold_gain":0.0,"event_name":"Golden Idol","player_choice":"Take Damage","floor":2.0,"gold_loss":0.0,"damage_taken":17.0,"relics_obtained":["Golden Idol"]},{"damage_healed":0.0,"max_hp_gain":0.0,"max_hp_loss":0.0,"gold_gain":75.0,"event_name":"World of Goop","player_choice":"Gather Gold","floor":4.0,"gold_loss":0.0,"damage_taken":11.0},{"damage_healed":0.0,"max_hp_gain":0.0,"max_hp_loss":0.0,"gold_gain":0.0,"event_name":"Accursed Blacksmith","player_choice":"Forge","floor":5.0,"gold_loss":0.0,"damage_taken":0.0,"cards_upgraded":["Noxious Fumes"]},{"damage_healed":0.0,"max_hp_gain":0.0,"max_hp_loss":0.0,"gold_gain":0.0,"event_name":"Back to Basics","player_choice":"Simplicity","floor":19.0,"gold_loss":0.0,"damage_taken":0.0,"cards_upgraded":["Strike_G","Strike_G","Strike_G","Strike_G","Strike_G","Defend_G","Defend_G","Defend_G","Defend_G","Defend_G"]},{"damage_healed":0.0,"max_hp_gain":0.0,"max_hp_loss":0.0,"gold_gain":0.0,"event_name":"Cursed Tome","player_choice":"Obtained Book","floor":21.0,"gold_loss":0.0,"damage_taken":16.0},{"damage_healed":0.0,"max_hp_gain":0.0,"max_hp_loss":0.0,"gold_gain":0.0,"event_name":"SensoryStone","player_choice":"Memory 1","floor":39.0,"gold_loss":0.0,"damage_taken":0.0}],"is_beta":false,"boss_relics":[{"not_picked":["Cursed Key","Coffee Dripper"],"picked":"Calling Bell"},{"not_picked":["Ring of the Serpent","Fusion Hammer"],"picked":"Runic Pyramid"}],"items_purged_floors":[],"is_endless":false,"potions_floor_spawned":[1,6,18,31,33,37,38,41],"killed_by":"Time Eater","ascension_level":0}}