{"host":"fnndj664xgd3vavt","time":1612659861,"event":{"mods":["AchievementEnabler","BaseMod","Better Note","Colored Powertips","DeckTracker","Downfall","Highlight Path","Infinite Spire","Minty Spire (QoL Compilation)","Quick Restart","Random Character Button","Replay The Spire","StSLib"],"gold_per_floor":[99,115,290,152,152,152,152,164,161,273,296,337,349,361,385,494,506,518,540,562,574,586,612,672,267,267,278,295,295,315,315,315,315],"floor_reached":31,"language":"ENG","playtime":1940,"items_purged":[],"score":233,"play_id":"5fca2db2-ab2a-4b4e-b064-43a98d7ba9d7","local_time":"20210206200421","is_ascension_mode":false,"campfire_choices":[{"data":"Slimebound:Split","floor":1,"key":"SMITH"},{"floor":13,"key":"REST"},{"floor":18,"key":"DIG"},{"floor":26,"key":"REST"}],"circlet_count":0,"master_deck":["Slimebound:Strike_Slimebound","Slimebound:Strike_Slimebound","Slimebound:Tackle","Slimebound:Defend_Slimebound","Slimebound:Defend_Slimebound","Slimebound:Defend_Slimebound","Slimebound:Defend_Slimebound","Slimebound:Split+1","Slimebound:CorrosiveSpit","Slimebound:LeechEnergy","Doubt","Slimebound:Repurpose","ReplayTheSpireMod:Uncanny Aura","ReplayTheSpireMod:Uncanny Aura","Slimebound:SplitAcid","Slimebound:DisruptingSlam","Slimebound:PressTheAttack","Slimebound:SlimeSlap","Slimebound:GoopSpray","Slimebound:MinionMaster","Slimebound:SamplingLick+1","Slimebound:PressTheAttack+1","Slimebound:SplitMire","Slimebound:SplitLeeching+1","Slimebound:Equalize","Slimebound:SamplingLick","Slimebound:SlimeSpikes+1","infinitespire:FutureSight","Slimebound:LeechEnergy+1"],"relics":["Slimebound:AbsorbEndCombat","ReplayTheSpireMod:ShopPack","MawBank","infinitespire:BottledMercury","Black Star","infinitespire:Broken Mirror","Regal Pillow","PreservedInsect","Vajra"],"acts_visited":["Exordium","TheCity"],"potions_floor_usage":[30,30],"damage_taken":[{"damage":8,"enemies":"Small Slimes","floor":2,"turns":4},{"damage":3,"enemies":"downfall:FleeingMerchant","floor":4,"turns":4},{"damage":13,"enemies":"downfall:FleeingMerchant","floor":9,"turns":4},{"damage":5,"enemies":"2 Louse","floor":11,"turns":3},{"damage":28,"enemies":"Replay:BlueRogue","floor":12,"turns":5},{"damage":0,"enemies":"Cultist","floor":14,"turns":1},{"damage":16,"enemies":"2 Fungi Beasts","floor":15,"turns":3},{"damage":39,"enemies":"IC_STATUS_ARCHETYPE","floor":16,"turns":9},{"damage":29,"enemies":"Spheric Guardian","floor":19,"turns":6},{"damage":25,"enemies":"Chosen","floor":20,"turns":5},{"damage":11,"enemies":"Centurion and Healer","floor":23,"turns":7},{"damage":10,"enemies":"downfall:FleeingMerchant","floor":25,"turns":4},{"damage":31,"enemies":"Shelled Parasite and Fungi","floor":27,"turns":7},{"damage":5,"enemies":"Cultist and Chosen","floor":28,"turns":5},{"damage":31,"enemies":"Snecko","floor":30,"turns":5},{"damage":33,"enemies":"3 Cultists","floor":31,"turns":4}],"seed_played":"4830940243175311222","potions_obtained":[{"floor":11,"key":"SpeedPotion"},{"floor":12,"key":"Slimebound:SlimedPotion"},{"floor":15,"key":"DistilledChaos"},{"floor":27,"key":"Swift Potion"},{"floor":30,"key":"Dexterity Potion"}],"is_trial":false,"path_per_floor":["R","M","?","$","?","?","T","?","$","?","M","E","R","M","M","B",null,"R","M","M","?","?","M","T","$","R","M","M","?","M","M"],"character_chosen":"SLIMEBOUND","items_purchased":["ReplayTheSpireMod:ShopPack","Slimebound:SplitLeeching+1","PreservedInsect","Slimebound:Equalize","Vajra"],"campfire_rested":2,"item_purchase_floors":[4,25,25,25,25],"current_hp_per_floor":[71,65,65,68,68,68,68,73,64,64,59,39,61,61,47,14,76,76,53,34,34,34,31,31,25,62,43,50,31,16,0,0,0],"gold":315,"neow_bonus":"TEN_PERCENT_HP_BONUS","is_daily":false,"chose_seed":false,"campfire_upgraded":1,"win_rate":0.0,"timestamp":1612659861,"path_taken":["R","M","?","$","?","?","T","?","$","?","M","E","R","?","M","BOSS","R","M","M","?","?","M","T","?","R","M","M","?","M","M"],"items_purchased_type":["Relic","Card","Relic","Card","Relic"],"build_version":"2020-12-22","purchased_purges":0,"victory":false,"max_hp_per_floor":[71,71,71,71,71,71,71,76,76,76,76,76,76,76,76,76,76,76,76,76,76,76,76,76,76,76,76,76,76,76,76,76,76],"card_choices":[{"not_picked":["Slimebound:Chomp","Slimebound:RollThrough"],"picked":"Slimebound:LeechEnergy","floor":2},{"not_picked":["Slimebound:PressTheAttack","Slimebound:BestDefense"],"picked":"Slimebound:Repurpose","floor":4},{"not_picked":["Midas Touch","Secret Technique"],"picked":"Crow Ritual","floor":4},{"not_picked":["Mind Blast","Good Instincts"],"picked":"ReplayTheSpireMod:Uncanny Aura","floor":4},{"not_picked":["Finesse","Violence"],"picked":"ReplayTheSpireMod:Uncanny Aura","floor":4},{"not_picked":["Slimebound:PressTheAttack","Slimebound:Prepare"],"picked":"Slimebound:SplitAcid","floor":9},{"not_picked":["Slimebound:LivingWall","Slimebound:Repurpose"],"picked":"Slimebound:DisruptingSlam","floor":11},{"not_picked":["Slimebound:Dissolve","Slimebound:LivingWall"],"picked":"Slimebound:PressTheAttack","floor":12},{"not_picked":["Slimebound:HauntingLick","Slimebound:ItLooksTasty"],"picked":"Slimebound:SlimeSlap","floor":14},{"not_picked":["Slimebound:SlimeSpikes","Slimebound:LeechingTouch"],"picked":"Slimebound:GoopSpray","floor":15},{"not_picked":["Slimebound:FirmFortitude","Slimebound:SelfFormingGoo"],"picked":"Slimebound:MinionMaster","floor":16},{"not_picked":["Slimebound:FormOfPuddle","Slimebound:Nibble","Slimebound:LivingWall"],"picked":"SKIP","floor":19},{"not_picked":["Slimebound:ComboTackle","Slimebound:LeechEnergy"],"picked":"Slimebound:SamplingLick+1","floor":20},{"not_picked":["Slimebound:Schlurp+1","Slimebound:ProtectTheBoss"],"picked":"Slimebound:PressTheAttack+1","floor":23},{"not_picked":["Slimebound:Dissolve","Slimebound:FirmFortitude"],"picked":"Slimebound:SplitMire","floor":25},{"not_picked":["Slimebound:Prepare","Slimebound:ProtectTheBoss+1"],"picked":"Slimebound:SamplingLick","floor":27},{"not_picked":["Slimebound:Prepare","Slimebound:HauntingLick"],"picked":"Slimebound:SlimeSpikes+1","floor":28},{"not_picked":["ReplayTheSpireMod:Black Plague","infinitespire:FinalStrike"],"picked":"infinitespire:FutureSight","floor":29},{"not_picked":["Slimebound:GoopSpray","Slimebound:ItLooksTasty"],"picked":"Slimebound:LeechEnergy+1","floor":30}],"player_experience":250816,"relics_obtained":[{"floor":7,"key":"MawBank"},{"floor":12,"key":"infinitespire:BottledMercury"},{"floor":18,"key":"infinitespire:Broken Mirror"},{"floor":24,"key":"Regal Pillow"}],"event_choices":[{"damage_healed":0,"gold_gain":0,"player_choice":"Donut","damage_taken":0,"max_hp_gain":5,"max_hp_loss":0,"event_name":"Big Fish","floor":8,"gold_loss":0},{"damage_healed":0,"gold_gain":0,"player_choice":"Ignored","damage_taken":0,"max_hp_gain":0,"max_hp_loss":0,"event_name":"betterNote:BetterNote","floor":21,"gold_loss":0,"cards_obtained":["Neutralize"]}],"is_beta":false,"boss_relics":[{"not_picked":["Philosopher\u0027s Stone","Cursed Key"],"picked":"Black Star"}],"items_purged_floors":[],"is_endless":false,"potions_floor_spawned":[11,12,15,23,27,30],"killed_by":"3 Cultists","ascension_level":0}}