{"host":"kig4ty9d1aubg29s","time":1612708096,"event":{"mods":["BaseMod","Minty Spire (QoL Compilation)","READ ME - Guardian Mod","READ ME - Snecko Mod","StSLib","The Cursed","The Gatherer","The Hierophant","The Runesmith"],"gold_per_floor":[366,366,380,380,391,391,391,118,145,145,162,162,181,215,215,292,292,306,318,318,318,318,318],"floor_reached":22,"language":"KOR","playtime":636,"items_purged":["Pain"],"score":368,"play_id":"08ba7431-063b-4a2e-b26f-ec32a1ed42dc","local_time":"20210207232816","is_ascension_mode":true,"campfire_choices":[{"data":"Defragment","floor":6,"key":"SMITH"},{"data":"Zap","floor":10,"key":"SMITH"},{"data":"Loop","floor":12,"key":"SMITH"},{"data":"Self Repair","floor":15,"key":"SMITH"}],"circlet_count":0,"master_deck":["AscendersBane","Strike_B+1","Strike_B+1","Strike_B+1","Strike_B+1","Defend_B+1","Defend_B+1","Defend_B+1","Zap+1","Dualcast","Stack","Reinforced Body","Loop+1","Defragment+1","Self Repair+1","Ball Lightning","Chill","Double Energy","Echo Form","Loop+1","White Noise"],"relics":["Cracked Core","Omamori","Anchor","Akabeko","Juzu Bracelet","Philosopher\u0027s Stone"],"acts_visited":["Exordium","TheCity"],"potions_floor_usage":[11,16,18,19],"damage_taken":[{"damage":4,"enemies":"2 Louse","floor":1,"turns":2},{"damage":3,"enemies":"Cultist","floor":3,"turns":3},{"damage":2,"enemies":"Jaw Worm","floor":5,"turns":3},{"damage":0,"enemies":"Looter","floor":11,"turns":2},{"damage":0,"enemies":"Exordium Wildlife","floor":13,"turns":3},{"damage":15,"enemies":"3 Sentries","floor":14,"turns":7},{"damage":18,"enemies":"Slime Boss","floor":16,"turns":6},{"damage":21,"enemies":"2 Thieves","floor":18,"turns":5},{"damage":14,"enemies":"Shell Parasite","floor":19,"turns":4},{"damage":54,"enemies":"Cultist and Chosen","floor":22,"turns":4}],"seed_played":"-2366133999397309198","potions_obtained":[{"floor":5,"key":"Fire Potion"},{"floor":13,"key":"AttackPotion"},{"floor":14,"key":"AttackPotion"},{"floor":18,"key":"PowerPotion"}],"is_trial":false,"path_per_floor":["M","?","M","?","M","R","?","$","T","R","M","R","M","E","R","B",null,"M","M","?","?","M"],"character_chosen":"DEFECT","items_purchased":["Self Repair","Anchor"],"campfire_rested":0,"item_purchase_floors":[8,8],"current_hp_per_floor":[60,60,57,52,50,50,50,50,50,50,57,57,64,56,56,48,65,54,50,50,50,0,0],"gold":318,"neow_bonus":"TWO_FIFTY_GOLD","is_daily":false,"chose_seed":false,"campfire_upgraded":4,"win_rate":0.0,"timestamp":1612708096,"path_taken":["M","?","?","?","M","R","?","?","T","R","M","R","M","E","R","BOSS","M","M","?","?","M"],"items_purchased_type":["Card","Relic"],"build_version":"2020-12-22","purchased_purges":1,"victory":false,"max_hp_per_floor":[71,71,71,71,71,71,71,71,71,71,71,71,71,71,71,71,71,71,71,71,71,71,71],"card_choices":[{"not_picked":["Beam Cell","Genetic Algorithm"],"picked":"Stack","floor":1},{"not_picked":["Compile Driver","Rebound"],"picked":"Loop","floor":3},{"not_picked":["Cold Snap","Coolheaded"],"picked":"Defragment","floor":5},{"not_picked":["Reinforced Body","Coolheaded"],"picked":"Ball Lightning","floor":11},{"not_picked":["Barrage","Rip and Tear"],"picked":"Chill","floor":13},{"not_picked":["Hello World","Multi-Cast"],"picked":"Double Energy","floor":14},{"not_picked":["Rainbow","Amplify"],"picked":"Echo Form","floor":16},{"not_picked":["Redo+1","Compile Driver"],"picked":"Loop+1","floor":18},{"not_picked":["Streamline","Lockon"],"picked":"White Noise","floor":19}],"player_experience":1964616,"relics_obtained":[{"floor":9,"key":"Akabeko"},{"floor":14,"key":"Juzu Bracelet"}],"event_choices":[{"damage_healed":0,"gold_gain":0,"cards_transformed":["Defend_B"],"player_choice":"Transformed","damage_taken":0,"max_hp_gain":0,"max_hp_loss":0,"event_name":"Transmorgrifier","floor":2,"gold_loss":0,"cards_obtained":["Reinforced Body"]},{"damage_healed":0,"gold_gain":0,"player_choice":"Success","damage_taken":5,"relics_obtained":["Omamori"],"max_hp_gain":0,"max_hp_loss":0,"event_name":"Scrap Ooze","floor":4,"gold_loss":0},{"damage_healed":0,"gold_gain":0,"player_choice":"Ignored","damage_taken":0,"max_hp_gain":0,"max_hp_loss":0,"event_name":"Shining Light","floor":7,"gold_loss":0},{"damage_healed":0,"gold_gain":0,"player_choice":"0 cards matched","damage_taken":0,"max_hp_gain":0,"max_hp_loss":0,"event_name":"Match and Keep!","floor":20,"gold_loss":0,"cards_obtained":[]},{"damage_healed":0,"gold_gain":0,"player_choice":"Simplicity","damage_taken":0,"max_hp_gain":0,"max_hp_loss":0,"event_name":"Back to Basics","floor":21,"gold_loss":0,"cards_upgraded":["Strike_B","Strike_B","Strike_B","Strike_B","Defend_B","Defend_B","Defend_B"]}],"is_beta":false,"boss_relics":[{"not_picked":["Ectoplasm","Empty Cage"],"picked":"Philosopher\u0027s Stone"}],"items_purged_floors":[8],"is_endless":false,"potions_floor_spawned":[5,13,14,18],"killed_by":"Cultist and Chosen","ascension_level":20}}