{"host":"nnmmiiw4bez2c8ei","time":1612674188,"event":{"mods":["AchievementEnabler","BaseMod","Colored Map","Colored Powertips","Minty Spire (QoL Compilation)","Rare Cards Sparkle","StSLib"],"gold_per_floor":[115,35,35,110,110,141,152,184,210,210,220,245,245,135,135,238,238,252,269,368,385,385,385,402,422,422,422,439,439,34,62,62,160,160,174,201,250,270,299,340,21,21,21,39,73,101,101,133,133,133],"floor_reached":51,"language":"KOR","playtime":2439,"items_purged":["Strike_G","Strike_G","Strike_G"],"score":1081,"play_id":"6e5bbaeb-5a24-4b6d-ba2c-63cb979e59ff","local_time":"20210207140308","is_ascension_mode":true,"campfire_choices":[{"floor":10.0,"key":"REST"},{"floor":13.0,"key":"REST"},{"data":"Terror","floor":15.0,"key":"SMITH"},{"floor":23.0,"key":"REST"},{"floor":27.0,"key":"REST"},{"data":"Cloak And Dagger","floor":29.0,"key":"SMITH"},{"floor":32.0,"key":"REST"},{"floor":42.0,"key":"REST"},{"floor":47.0,"key":"REST"},{"data":"Footwork","floor":49.0,"key":"SMITH"}],"circlet_count":0,"master_deck":["Strike_G","Strike_G","Defend_G+1","Defend_G","Defend_G","Defend_G","Survivor","Neutralize","Dagger Spray","Adrenaline+1","Accuracy","Tactician","Cloak And Dagger+1","Terror+1","Backstab","Burst","PiercingWail","Acrobatics","Outmaneuver+1","Neutralize","Die Die Die","Trip","Escape Plan","Prepared","Predator+1","Reflex","After Image","CurseOfTheBell","Dark Shackles","Violence","Enlightenment","Finisher","Cloak And Dagger+1","Backflip","Footwork+1","Blur"],"relics":["Ring of the Snake","NeowsBlessing","Snake Skull","Lantern","Bag of Marbles","Anchor","WristBlade","Ninja Scroll","Turnip","Pantograph","Calling Bell","CeramicFish","Darkstone Periapt","Dead Branch","Incense Burner","Orichalcum","Membership Card","Happy Flower","Bird Faced Urn","Oddly Smooth Stone","Torii"],"acts_visited":["Exordium","TheCity","TheBeyond"],"potions_floor_usage":[50],"damage_taken":[{"damage":0.0,"enemies":"2 Louse","floor":1.0,"turns":1.0},{"damage":0.0,"enemies":"Lagavulin","floor":6.0,"turns":1.0},{"damage":0.0,"enemies":"Small Slimes","floor":7.0,"turns":1.0},{"damage":32.0,"enemies":"3 Sentries","floor":8.0,"turns":9.0},{"damage":0.0,"enemies":"Cultist","floor":11.0,"turns":3.0},{"damage":28.0,"enemies":"The Guardian","floor":16.0,"turns":14.0},{"damage":13.0,"enemies":"3 Byrds","floor":18.0,"turns":5.0},{"damage":7.0,"enemies":"Shell Parasite","floor":19.0,"turns":4.0},{"damage":32.0,"enemies":"Cultist and Chosen","floor":21.0,"turns":5.0},{"damage":13.0,"enemies":"Snecko","floor":24.0,"turns":3.0},{"damage":37.0,"enemies":"Sentry and Sphere","floor":25.0,"turns":6.0},{"damage":0.0,"enemies":"Shelled Parasite and Fungi","floor":28.0,"turns":2.0},{"damage":0.0,"enemies":"Gremlin Leader","floor":31.0,"turns":2.0},{"damage":43.0,"enemies":"Champ","floor":33.0,"turns":8.0},{"damage":0.0,"enemies":"3 Shapes","floor":35.0,"turns":1.0},{"damage":0.0,"enemies":"2 Orb Walkers","floor":37.0,"turns":2.0},{"damage":0.0,"enemies":"Orb Walker","floor":38.0,"turns":1.0},{"damage":19.0,"enemies":"Jaw Worm Horde","floor":39.0,"turns":4.0},{"damage":28.0,"enemies":"Nemesis","floor":40.0,"turns":5.0},{"damage":22.0,"enemies":"Transient","floor":44.0,"turns":5.0},{"damage":0.0,"enemies":"Giant Head","floor":45.0,"turns":1.0},{"damage":8.0,"enemies":"Writhing Mass","floor":46.0,"turns":3.0},{"damage":0.0,"enemies":"Reptomancer","floor":48.0,"turns":4.0},{"damage":29,"enemies":"Awakened One","floor":50,"turns":10}],"seed_played":"5707652656096844778","potions_obtained":[{"floor":1.0,"key":"AttackPotion"},{"floor":8.0,"key":"FairyPotion"},{"floor":11.0,"key":"Ancient Potion"},{"floor":21.0,"key":"Fire Potion"},{"floor":25.0,"key":"Fire Potion"},{"floor":28.0,"key":"SteroidPotion"},{"floor":31.0,"key":"CultistPotion"},{"floor":35.0,"key":"Explosive Potion"},{"floor":44.0,"key":"LiquidMemories"},{"floor":48.0,"key":"BlessingOfTheForge"}],"is_trial":false,"path_per_floor":["M","$","?","?","?","E","M","E","T","R","M","T","R","$","R","B",null,"M","M","?","M","?","R","M","M","T","R","M","R","$","E","R","B",null,"M","?","?","M","M","E","$","R","T","M","E","M","R","E","R","B",null],"character_chosen":"THE_SILENT","items_purchased":["Adrenaline","Backstab","Turnip","Membership Card","Footwork","Happy Flower"],"campfire_rested":7,"item_purchase_floors":[2,14,30,41,41,41],"current_hp_per_floor":[70,70,63,52,38,38,38,6,6,27,27,27,48,48,48,20,70,57,50,50,18,18,39,26,13,13,34,34,34,34,34,55,27,70,70,60,60,60,41,13,13,34,34,18,22,16,37,41,41,47],"gold":133,"neow_bonus":"THREE_ENEMY_KILL","is_daily":false,"chose_seed":false,"campfire_upgraded":3,"win_rate":0.0,"timestamp":1612674188,"path_taken":["M","$","?","?","?","E","M","E","T","R","M","?","R","?","R","BOSS","M","M","?","M","?","R","?","?","T","R","M","R","$","E","R","BOSS","M","?","?","?","M","E","$","R","T","M","E","M","R","E","R","BOSS"],"items_purchased_type":["Card","Card","Relic","Relic","Card","Relic"],"build_version":"2020-12-22","purchased_purges":3,"victory":true,"max_hp_per_floor":[70,70,70,70,70,70,70,70,70,70,70,70,70,70,70,70,70,70,70,70,70,70,70,70,70,70,70,70,70,70,70,70,70,70,70,70,70,70,70,70,70,70,70,70,70,70,70,70,70,70],"card_choices":[{"not_picked":["Heel Hook","Quick Slash"],"picked":"Dagger Spray","floor":1.0},{"not_picked":["Eviscerate","Deflect"],"picked":"Accuracy","floor":6.0},{"not_picked":["Flechettes","Riddle With Holes"],"picked":"Tactician","floor":7.0},{"not_picked":["Flying Knee","Blur"],"picked":"Cloak And Dagger","floor":8.0},{"not_picked":["Dash","Accuracy"],"picked":"Terror","floor":11.0},{"not_picked":["Doppelganger","Die Die Die"],"picked":"Burst","floor":16.0},{"not_picked":["Dodge and Roll","Eviscerate"],"picked":"PiercingWail","floor":18.0},{"not_picked":["Dodge and Roll","Prepared"],"picked":"Acrobatics","floor":19.0},{"not_picked":["Backflip","Dagger Throw"],"picked":"Outmaneuver+1","floor":21.0},{"not_picked":["Underhanded Strike","Leg Sweep+1"],"picked":"Prepared","floor":24.0},{"not_picked":["Sucker Punch+1","Dodge and Roll","Acrobatics"],"picked":"SKIP","floor":25.0},{"not_picked":["Slice","Underhanded Strike"],"picked":"Predator+1","floor":28.0},{"not_picked":["Burst","Flechettes"],"picked":"Reflex","floor":31.0},{"not_picked":["Tools of the Trade","Adrenaline"],"picked":"After Image","floor":33.0},{"not_picked":["Underhanded Strike","Deflect+1","Dodge and Roll"],"picked":"SKIP","floor":35.0},{"not_picked":["Dramatic Entrance","Swift Strike"],"picked":"Dark Shackles","floor":36.0},{"not_picked":["Blind","PanicButton"],"picked":"Violence","floor":36.0},{"not_picked":["The Bomb","Jack Of All Trades"],"picked":"Enlightenment","floor":36.0},{"not_picked":["Underhanded Strike+1","Heel Hook"],"picked":"Finisher","floor":38.0},{"not_picked":["Bane+1","Riddle With Holes"],"picked":"Cloak And Dagger+1","floor":39.0},{"not_picked":["Sucker Punch","Quick Slash+1"],"picked":"Backflip","floor":40.0},{"not_picked":["Prepared","Backstab","Deflect"],"picked":"SKIP","floor":44.0},{"not_picked":["Quick Slash","Unload","Distraction"],"picked":"SKIP","floor":45.0},{"not_picked":["Bouncing Flask","Sucker Punch+1"],"picked":"Blur","floor":46.0},{"not_picked":["Poisoned Stab+1","Terror","Deadly Poison"],"picked":"SKIP","floor":48.0}],"player_experience":516677,"relics_obtained":[{"floor":6.0,"key":"Snake Skull"},{"floor":8.0,"key":"Lantern"},{"floor":9.0,"key":"Bag of Marbles"},{"floor":12.0,"key":"Anchor"},{"floor":26.0,"key":"Ninja Scroll"},{"floor":31.0,"key":"Pantograph"},{"floor":34.0,"key":"CeramicFish"},{"floor":34.0,"key":"Darkstone Periapt"},{"floor":34.0,"key":"Dead Branch"},{"floor":37.0,"key":"Incense Burner"},{"floor":40.0,"key":"Orichalcum"},{"floor":43.0,"key":"Bird Faced Urn"},{"floor":45.0,"key":"Oddly Smooth Stone"},{"floor":48.0,"key":"Torii"}],"event_choices":[{"cards_removed":["Defend_G"],"damage_healed":0.0,"max_hp_gain":0.0,"max_hp_loss":0.0,"gold_gain":0.0,"event_name":"Golden Wing","player_choice":"Card Removal","floor":3.0,"gold_loss":0.0,"damage_taken":7.0},{"damage_healed":0.0,"max_hp_gain":0.0,"max_hp_loss":0.0,"gold_gain":75.0,"event_name":"World of Goop","player_choice":"Gather Gold","floor":4.0,"gold_loss":0.0,"damage_taken":11.0},{"damage_healed":0.0,"max_hp_gain":0.0,"max_hp_loss":0.0,"gold_gain":0.0,"event_name":"Shining Light","player_choice":"Entered Light","floor":5.0,"gold_loss":0.0,"damage_taken":14.0,"cards_upgraded":["Defend_G","Adrenaline"]},{"damage_healed":0.0,"max_hp_gain":0.0,"max_hp_loss":0.0,"gold_gain":99.0,"event_name":"Nest","player_choice":"Stole From Cult","floor":20.0,"gold_loss":0.0,"damage_taken":0.0},{"damage_healed":0.0,"max_hp_gain":0.0,"max_hp_loss":0.0,"gold_gain":0.0,"event_name":"Match and Keep!","player_choice":"4 cards matched","floor":22.0,"gold_loss":0.0,"damage_taken":0.0,"cards_obtained":["Neutralize","Die Die Die","Trip","Escape Plan"]},{"damage_healed":0.0,"max_hp_gain":0.0,"max_hp_loss":0.0,"gold_gain":0.0,"event_name":"SensoryStone","player_choice":"Memory 3","floor":36.0,"gold_loss":0.0,"damage_taken":10.0},{"damage_healed":0.0,"max_hp_gain":0.0,"max_hp_loss":0.0,"gold_gain":0.0,"event_name":"Mysterious Sphere","player_choice":"Fight","floor":37.0,"gold_loss":0.0,"damage_taken":0.0}],"is_beta":false,"boss_relics":[{"not_picked":["Sozu","Astrolabe"],"picked":"WristBlade"},{"not_picked":["Fusion Hammer","Cursed Key"],"picked":"Calling Bell"}],"items_purged_floors":[14,30,41],"is_endless":false,"potions_floor_spawned":[1,8,11,21,25,28,31,35,37,44,48],"ascension_level":4}}