{"host":"2j5d0uw0vihq8b8w","time":1612672763,"event":{"mods":["2.2 Compatiblity","AchievementEnabler","BaseMod","BetterRewards","Colored Map","Colored Powertips","Custom Start","DeckTracker","Minty Spire (QoL Compilation)","Permanent Neow","Quick Restart","Rare Cards Sparkle","StSLib","SuperFastMode"],"gold_per_floor":[112,128,128,203,219,219,219,219,219,219,274,286,314,314,314,418,418,429,429,429,152,165,165,193,206,206,206,222,256,267,292,292,388,438,455,455,455,505,581,609,627,627,650,650,650,650,665,2,2,2],"floor_reached":51,"language":"KOR","playtime":2770,"items_purged":["Strike_R","Strike_R","Strike_R"],"score":1425,"play_id":"33c852f2-7aa3-46cb-900c-20d65ce0bc79","local_time":"20210207133923","is_ascension_mode":true,"campfire_choices":[{"data":"Double Tap","floor":6.0,"key":"SMITH"},{"data":"Evolve","floor":15.0,"key":"SMITH"},{"data":"Apotheosis","floor":23.0,"key":"SMITH"},{"data":"Body Slam","floor":32.0,"key":"SMITH"},{"data":"Shrug It Off","floor":42.0,"key":"SMITH"},{"data":"Enlightenment","floor":49.0,"key":"SMITH"}],"circlet_count":0,"master_deck":["Strike_R","Defend_R","Defend_R","Defend_R","Defend_R","Bash","Double Tap+1","Evolve+1","Reckless Charge","Shrug It Off+1","Wild Strike","Pommel Strike+1","Barricade+1","Apotheosis+1","Second Wind","Flame Barrier+1","Seeing Red","Body Slam+1","Disarm+1","Impervious+1","Sword Boomerang+1","Master of Strategy","Enlightenment+1","Madness","Madness","Power Through","Demon Form"],"relics":["Black Blood","Mango","Juzu Bracelet","ClockworkSouvenir","Turnip","Bag of Preparation","Blood Vial","Happy Flower","Pear","Nunchaku","Lantern","MealTicket","FaceOfCleric","MutagenicStrength","Boot","White Beast Statue","Eternal Feather","Bottled Flame","Tiny House","Prayer Wheel","Gremlin Horn","Kunai","Art of War","Ornamental Fan","Sling"],"acts_visited":["Exordium","TheCity","TheBeyond"],"potions_floor_usage":[50,50],"damage_taken":[{"damage":0.0,"enemies":"Jaw Worm","floor":1.0,"turns":3.0},{"damage":0.0,"enemies":"2 Louse","floor":2.0,"turns":2.0},{"damage":0.0,"enemies":"Small Slimes","floor":5.0,"turns":4.0},{"damage":30.0,"enemies":"Lagavulin Event","floor":11.0,"turns":4.0},{"damage":6.0,"enemies":"Exordium Thugs","floor":12.0,"turns":4.0},{"damage":9.0,"enemies":"3 Sentries","floor":13.0,"turns":7.0},{"damage":41.0,"enemies":"Hexaghost","floor":16.0,"turns":9.0},{"damage":21.0,"enemies":"Spheric Guardian","floor":18.0,"turns":5.0},{"damage":25.0,"enemies":"2 Thieves","floor":22.0,"turns":3.0},{"damage":22.0,"enemies":"Gremlin Leader","floor":24.0,"turns":5.0},{"damage":0.0,"enemies":"Centurion and Healer","floor":25.0,"turns":7.0},{"damage":0.0,"enemies":"Snake Plant","floor":28.0,"turns":2.0},{"damage":25.0,"enemies":"Slavers","floor":29.0,"turns":5.0},{"damage":8.0,"enemies":"Chosen and Byrds","floor":30.0,"turns":4.0},{"damage":2.0,"enemies":"Book of Stabbing","floor":31.0,"turns":4.0},{"damage":12.0,"enemies":"Champ","floor":33.0,"turns":8.0},{"damage":0.0,"enemies":"Orb Walker","floor":35.0,"turns":1.0},{"damage":24.0,"enemies":"Mind Bloom Boss Battle","floor":38.0,"turns":6.0},{"damage":42.0,"enemies":"Nemesis","floor":40.0,"turns":7.0},{"damage":23.0,"enemies":"3 Darklings","floor":41.0,"turns":5.0},{"damage":0.0,"enemies":"Sphere and 2 Shapes","floor":47.0,"turns":4.0},{"damage":62,"enemies":"Time Eater","floor":50,"turns":9}],"seed_played":"-4345239531606891859","potions_obtained":[{"floor":5.0,"key":"Block Potion"},{"floor":11.0,"key":"PowerPotion"},{"floor":12.0,"key":"Strength Potion"},{"floor":24.0,"key":"LiquidBronze"},{"floor":28.0,"key":"Weak Potion"},{"floor":30.0,"key":"DuplicationPotion"},{"floor":31.0,"key":"Fruit Juice"},{"floor":33.0,"key":"FearPotion"},{"floor":34.0,"key":"SteroidPotion"},{"floor":35.0,"key":"Ancient Potion"},{"floor":38.0,"key":"PowerPotion"}],"is_trial":false,"path_per_floor":["M","M","?","?","M","R","?","?","T","?","?","M","E","?","R","B",null,"M","?","?","$","M","R","E","M","T","?","M","E","M","E","R","B",null,"M","?","?","?","T","E","M","R","T","?","?","?","M","$","R","B",null],"character_chosen":"IRONCLAD","items_purchased":["Juzu Bracelet","Double Tap","Evolve","Reckless Charge","ClockworkSouvenir","Shrug It Off","Bag of Preparation","Blood Vial","Apotheosis","Demon Form","Ornamental Fan","Sling"],"campfire_rested":0,"item_purchase_floors":[0,0,0,0,0,0,0,0,21,48,48,48],"current_hp_per_floor":[46,54,54,43,51,51,33,64,74,74,52,54,53,53,53,20,83,76,76,76,91,81,81,74,89,89,89,104,94,101,116,116,117,122,123,123,123,112,112,85,77,89,89,79,79,63,78,93,108,61],"gold":2,"neow_bonus":"","is_daily":false,"chose_seed":false,"campfire_upgraded":6,"win_rate":0.0,"timestamp":1612672763,"path_taken":["M","M","?","?","M","R","?","?","T","?","?","M","E","?","R","BOSS","M","?","?","$","M","R","E","M","T","?","M","E","M","E","R","BOSS","M","?","?","?","?","E","M","R","T","?","?","?","M","$","R","BOSS"],"items_purchased_type":["Relic","Card","Card","Card","Relic","Card","Relic","Relic","Card","Card","Relic","Relic"],"build_version":"2020-12-22","purchased_purges":3,"victory":true,"max_hp_per_floor":[94,94,94,94,94,94,94,94,104,104,104,104,104,104,104,104,104,104,104,104,104,105,105,106,107,107,107,108,109,110,116,116,117,122,123,123,123,124,124,125,126,126,126,126,126,126,127,127,127,128],"card_choices":[{"not_picked":["Pummel","Bloodletting"],"picked":"Wild Strike","floor":1.0},{"not_picked":["Hemokinesis","True Grit","Dual Wield"],"picked":"SKIP","floor":2.0},{"not_picked":["Flex","Body Slam","Headbutt"],"picked":"SKIP","floor":5.0},{"not_picked":["Ghostly Armor","Evolve","Wild Strike"],"picked":"SKIP","floor":12.0},{"not_picked":["Fiend Fire","Impervious"],"picked":"Pommel Strike","floor":13.0},{"not_picked":["Exhume","Impervious"],"picked":"Barricade","floor":16.0},{"not_picked":["Flex","Sentinel"],"picked":"Armaments","floor":18.0},{"not_picked":["Clothesline","Clash"],"picked":"Second Wind","floor":22.0},{"not_picked":["Flex","Infernal Blade+1"],"picked":"Flame Barrier+1","floor":24.0},{"not_picked":["Rupture","Shrug It Off"],"picked":"Seeing Red","floor":25.0},{"not_picked":["Bloodletting","Whirlwind"],"picked":"Body Slam","floor":28.0},{"not_picked":["Wild Strike+1","Battle Trance","Searing Blow"],"picked":"SKIP","floor":29.0},{"not_picked":["Wild Strike+1","Battle Trance","Searing Blow"],"picked":"SKIP","floor":29.0},{"not_picked":["Clothesline","Armaments"],"picked":"Disarm+1","floor":30.0},{"not_picked":["Headbutt","Anger"],"picked":"Impervious","floor":31.0},{"not_picked":["Infernal Blade+1","Rampage+1","Warcry+1"],"picked":"SKIP","floor":35.0},{"not_picked":["Infernal Blade+1","Rampage+1","Warcry+1"],"picked":"SKIP","floor":35.0},{"not_picked":["Clothesline","Exhume"],"picked":"Sword Boomerang+1","floor":38.0},{"not_picked":["Carnage","Rampage+1","Anger+1"],"picked":"SKIP","floor":40.0},{"not_picked":["Thunderclap","Perfected Strike+1","Flex"],"picked":"SKIP","floor":41.0},{"not_picked":["Perfected Strike","Second Wind+1","Clash"],"picked":"SKIP","floor":41.0},{"not_picked":["Discovery","Jack Of All Trades"],"picked":"Master of Strategy","floor":44.0},{"not_picked":["Bandage Up","Forethought"],"picked":"Enlightenment","floor":44.0},{"not_picked":["Heavy Blade","Searing Blow"],"picked":"Power Through","floor":47.0},{"not_picked":["Clash","Rage","Carnage+1"],"picked":"SKIP","floor":47.0}],"player_experience":657201,"relics_obtained":[{"floor":9.0,"key":"Pear"},{"floor":11.0,"key":"Lantern"},{"floor":13.0,"key":"MealTicket"},{"floor":24.0,"key":"Boot"},{"floor":26.0,"key":"White Beast Statue"},{"floor":29.0,"key":"Eternal Feather"},{"floor":31.0,"key":"Bottled Flame"},{"floor":38.0,"key":"Prayer Wheel"},{"floor":39.0,"key":"Gremlin Horn"},{"floor":40.0,"key":"Kunai"},{"floor":43.0,"key":"Art of War"}],"event_choices":[{"damage_healed":0.0,"max_hp_gain":0.0,"max_hp_loss":0.0,"gold_gain":0.0,"event_name":"Liars Game","player_choice":"Ignored","floor":3.0,"gold_loss":0.0,"damage_taken":0.0},{"damage_healed":0.0,"max_hp_gain":0.0,"max_hp_loss":0.0,"gold_gain":75.0,"event_name":"World of Goop","player_choice":"Gather Gold","floor":4.0,"gold_loss":0.0,"damage_taken":11.0},{"damage_healed":0.0,"max_hp_gain":0.0,"max_hp_loss":0.0,"gold_gain":0.0,"event_name":"Scrap Ooze","player_choice":"Success","floor":7.0,"gold_loss":0.0,"damage_taken":18.0,"relics_obtained":["Happy Flower"]},{"damage_healed":31.0,"max_hp_gain":0.0,"max_hp_loss":0.0,"gold_gain":0.0,"event_name":"Big Fish","player_choice":"Banana","floor":8.0,"gold_loss":0.0,"damage_taken":0.0},{"damage_healed":0.0,"max_hp_gain":0.0,"max_hp_loss":0.0,"gold_gain":0.0,"event_name":"WeMeetAgain","player_choice":"Gave Potion","floor":10.0,"gold_loss":0.0,"damage_taken":0.0,"relics_obtained":["Nunchaku"]},{"damage_healed":0.0,"max_hp_gain":0.0,"max_hp_loss":0.0,"gold_gain":0.0,"event_name":"Dead Adventurer","player_choice":"Searched \u00272\u0027 times","floor":11.0,"gold_loss":0.0,"damage_taken":0.0},{"damage_healed":0.0,"max_hp_gain":0.0,"max_hp_loss":0.0,"gold_gain":0.0,"event_name":"Living Wall","player_choice":"Grow","floor":14.0,"gold_loss":0.0,"damage_taken":0.0,"cards_upgraded":["Pommel Strike"]},{"damage_healed":0.0,"max_hp_gain":0.0,"max_hp_loss":0.0,"gold_gain":0.0,"event_name":"FaceTrader","player_choice":"Trade","floor":19.0,"gold_loss":0.0,"damage_taken":0.0,"relics_obtained":["FaceOfCleric"]},{"damage_healed":0.0,"max_hp_gain":0.0,"max_hp_loss":0.0,"gold_gain":0.0,"event_name":"Drug Dealer","player_choice":"Inject Mutagens","floor":20.0,"gold_loss":0.0,"damage_taken":0.0,"relics_obtained":["MutagenicStrength"]},{"cards_removed":["Armaments"],"damage_healed":0.0,"max_hp_gain":0.0,"max_hp_loss":0.0,"gold_gain":0.0,"event_name":"Back to Basics","player_choice":"Elegance","floor":27.0,"gold_loss":0.0,"damage_taken":0.0},{"damage_healed":0.0,"max_hp_gain":0.0,"max_hp_loss":0.0,"gold_gain":0.0,"event_name":"Upgrade Shrine","player_choice":"Upgraded","floor":36.0,"gold_loss":0.0,"damage_taken":0.0,"cards_upgraded":["Barricade"]},{"damage_healed":0.0,"max_hp_gain":0.0,"max_hp_loss":0.0,"gold_gain":0.0,"event_name":"Tomb of Lord Red Mask","player_choice":"Ignored","floor":37.0,"gold_loss":0.0,"damage_taken":0.0},{"damage_healed":0.0,"max_hp_gain":0.0,"max_hp_loss":0.0,"gold_gain":0.0,"event_name":"MindBloom","player_choice":"Fight","floor":38.0,"gold_loss":0.0,"damage_taken":0.0},{"damage_healed":0.0,"max_hp_gain":0.0,"max_hp_loss":0.0,"gold_gain":0.0,"event_name":"SensoryStone","player_choice":"Memory 3","floor":44.0,"gold_loss":0.0,"damage_taken":10.0},{"cards_removed":["Strike_R"],"damage_healed":0.0,"max_hp_gain":0.0,"max_hp_loss":0.0,"gold_gain":0.0,"event_name":"Falling","player_choice":"Removed Attack","floor":45.0,"gold_loss":0.0,"damage_taken":0.0},{"damage_healed":0.0,"max_hp_gain":0.0,"max_hp_loss":0.0,"gold_gain":0.0,"event_name":"Winding Halls","player_choice":"Embrace Madness","floor":46.0,"gold_loss":0.0,"damage_taken":16.0,"cards_obtained":["Madness","Madness"]}],"is_beta":false,"boss_relics":[{"not_picked":["Black Star","Ectoplasm"],"picked":"Black Blood"},{"not_picked":["Snecko Eye","Runic Pyramid"],"picked":"Tiny House"}],"items_purged_floors":[0,21,48],"is_endless":false,"potions_floor_spawned":[5,11,12,24,28,29,30,31,33,35,38,40,41,47],"ascension_level":9}}