{"host":"prxrhpgaxnj4om9r","time":1612707393,"event":{"mods":["AchievementEnabler","BaseMod","DeckTracker","Keyboard Shortcuts","Minty Spire (QoL Compilation)"],"gold_per_floor":[114,114,133,152,2,2,21,59,134,134,172,172,191,210,210,335,335,354,373,373,73,92,111,130,130,130,30,49,68,68,87,87,87,87],"floor_reached":33,"language":"KOR","playtime":1898,"items_purged":[],"score":263,"play_id":"6119b821-e035-4671-8876-793b620d92b4","local_time":"20210207231633","daily_mods":["Heirloom","ControlledChaos","Lethality"],"is_ascension_mode":false,"campfire_choices":[{"data":"Eviscerate","floor":6,"key":"SMITH"},{"data":"Neutralize","floor":10,"key":"SMITH"},{"data":"A Thousand Cuts","floor":15,"key":"SMITH"},{"floor":32,"key":"REST"}],"circlet_count":0,"master_deck":["Strike_G","Strike_G","Strike_G","Strike_G","Strike_G","Defend_G","Defend_G","Defend_G","Defend_G","Defend_G","Survivor","Neutralize+1","Deflect","Injury","Eviscerate+1","PiercingWail","Acrobatics","Deflect","A Thousand Cuts+1","Backstab","Acrobatics","Corpse Explosion","Backflip","Cloak And Dagger+1","Bane+1","Dagger Spray","Blade Dance+1","Noxious Fumes","Poisoned Stab","Terror+1"],"relics":["Ring of the Snake","Frozen Eye","Thread and Needle","Golden Idol","Pen Nib","Bird Faced Urn","Matryoshka","Boot","Black Star","Vajra","Potion Belt","Cauldron","Toxic Egg 2","Dream Catcher","InkBottle"],"acts_visited":["Exordium","TheCity"],"potions_floor_usage":[8,11,16,22,22,23,24,24,28,29,33,33],"damage_taken":[{"damage":0,"enemies":"2 Louse","floor":1,"turns":3},{"damage":0,"enemies":"Jaw Worm","floor":3,"turns":3},{"damage":0,"enemies":"Cultist","floor":4,"turns":2},{"damage":1,"enemies":"Looter","floor":7,"turns":3},{"damage":10,"enemies":"Lagavulin","floor":8,"turns":4},{"damage":6,"enemies":"Gremlin Nob","floor":11,"turns":3},{"damage":15,"enemies":"Gremlin Gang","floor":13,"turns":5},{"damage":0,"enemies":"Red Slaver","floor":14,"turns":1},{"damage":26,"enemies":"The Guardian","floor":16,"turns":7},{"damage":36,"enemies":"Spheric Guardian","floor":18,"turns":5},{"damage":0,"enemies":"Chosen","floor":19,"turns":4},{"damage":18,"enemies":"Snake Plant","floor":22,"turns":5},{"damage":1,"enemies":"Cultist and Chosen","floor":23,"turns":2},{"damage":33,"enemies":"Snecko","floor":24,"turns":7},{"damage":0,"enemies":"Sentry and Sphere","floor":28,"turns":3},{"damage":0,"enemies":"Chosen and Byrds","floor":29,"turns":3},{"damage":0,"enemies":"Snecko","floor":31,"turns":3},{"damage":58,"enemies":"Champ","floor":33,"turns":7}],"seed_played":"8884597751285247366","potions_obtained":[{"floor":3,"key":"SneckoOil"},{"floor":7,"key":"DuplicationPotion"},{"floor":14,"key":"CultistPotion"},{"floor":16,"key":"SpeedPotion"},{"floor":21,"key":"DuplicationPotion"},{"floor":21,"key":"Fire Potion"},{"floor":21,"key":"Regen Potion"},{"floor":21,"key":"GamblersBrew"},{"floor":22,"key":"DuplicationPotion"},{"floor":28,"key":"Ancient Potion"},{"floor":31,"key":"Energy Potion"}],"is_trial":false,"path_per_floor":["M","?","M","M","$","R","M","E","T","R","E","?","M","M","R","B",null,"M","M","?","$","M","M","M","?","T","$","M","M","?","M","R","B"],"character_chosen":"THE_SILENT","items_purchased":["Pen Nib","Potion Belt","Cauldron","Energy Potion","Fire Potion"],"campfire_rested":1,"item_purchase_floors":[5,21,21,27,27],"current_hp_per_floor":[70,70,70,70,70,70,69,59,59,59,53,53,44,44,44,28,70,38,42,42,42,44,43,16,16,16,16,18,20,20,22,43,0,0],"gold":87,"neow_bonus":"","is_daily":true,"chose_seed":false,"campfire_upgraded":3,"win_rate":0.0,"timestamp":1612707393,"path_taken":["M","?","M","M","$","R","M","E","T","R","E","?","M","?","R","BOSS","M","M","?","$","M","M","M","?","T","$","?","M","?","M","R","BOSS"],"items_purchased_type":["Relic","Relic","Relic","Potion","Potion"],"build_version":"2020-12-22","purchased_purges":0,"victory":false,"max_hp_per_floor":[70,70,70,70,70,70,70,70,70,70,70,70,70,70,70,70,70,70,70,70,70,70,70,70,70,70,70,70,70,70,70,70,70,70],"card_choices":[{"not_picked":["Prepared","Dodge and Roll"],"picked":"Deflect","floor":1},{"not_picked":["Prepared","Deflect"],"picked":"Eviscerate","floor":3},{"not_picked":["Dodge and Roll","Outmaneuver"],"picked":"PiercingWail","floor":4},{"not_picked":["Dagger Throw","Sucker Punch"],"picked":"Acrobatics","floor":7},{"not_picked":["Flying Knee","Quick Slash"],"picked":"Deflect","floor":8},{"not_picked":["Reflex","Underhanded Strike"],"picked":"A Thousand Cuts","floor":11},{"not_picked":["Choke","Flying Knee"],"picked":"Backstab","floor":13},{"not_picked":["Flying Knee","Quick Slash"],"picked":"Acrobatics","floor":14},{"not_picked":["Wraith Form v2","Die Die Die"],"picked":"Corpse Explosion","floor":16},{"not_picked":["All Out Attack","Outmaneuver"],"picked":"Backflip","floor":18},{"not_picked":["PiercingWail","Acrobatics"],"picked":"Cloak And Dagger+1","floor":19},{"not_picked":["PiercingWail","Well Laid Plans"],"picked":"Bane+1","floor":22},{"not_picked":["Choke","Outmaneuver","Quick Slash"],"picked":"SKIP","floor":23},{"not_picked":["Expertise","Prepared"],"picked":"Dagger Spray","floor":24},{"not_picked":["Heel Hook","Prepared+1"],"picked":"Blade Dance+1","floor":28},{"not_picked":["PiercingWail+1","Grand Finale"],"picked":"Noxious Fumes","floor":29},{"not_picked":["Flying Knee","Finisher"],"picked":"Poisoned Stab","floor":31},{"not_picked":["Outmaneuver+1","Quick Slash"],"picked":"Terror+1","floor":32}],"player_experience":308655,"relics_obtained":[{"floor":8,"key":"Bird Faced Urn"},{"floor":9,"key":"Matryoshka"},{"floor":11,"key":"Boot"},{"floor":26,"key":"Dream Catcher"},{"floor":26,"key":"InkBottle"}],"event_choices":[{"damage_healed":0,"gold_gain":0,"player_choice":"Take Wound","damage_taken":0,"relics_obtained":["Golden Idol"],"max_hp_gain":0,"max_hp_loss":0,"event_name":"Golden Idol","floor":2,"gold_loss":0,"cards_obtained":["Injury"]},{"damage_healed":0,"gold_gain":0,"player_choice":"Ignored","damage_taken":0,"max_hp_gain":0,"max_hp_loss":0,"event_name":"Liars Game","floor":12,"gold_loss":0},{"damage_healed":0,"gold_gain":0,"player_choice":"Opened","damage_taken":0,"relics_obtained":["Vajra"],"max_hp_gain":0,"max_hp_loss":0,"event_name":"The Mausoleum","floor":20,"gold_loss":0,"cards_obtained":["Writhe"]},{"damage_healed":0,"gold_gain":0,"player_choice":"Gave Potion","damage_taken":0,"relics_obtained":["Toxic Egg 2"],"max_hp_gain":0,"max_hp_loss":0,"event_name":"WeMeetAgain","floor":25,"gold_loss":0},{"cards_removed":["Writhe"],"damage_healed":0,"gold_gain":0,"player_choice":"Purged","damage_taken":0,"max_hp_gain":0,"max_hp_loss":0,"event_name":"Purifier","floor":30,"gold_loss":0}],"is_beta":false,"boss_relics":[{"not_picked":["Ring of the Serpent","Philosopher\u0027s Stone"],"picked":"Black Star"}],"items_purged_floors":[],"is_endless":false,"potions_floor_spawned":[3,7,14,16,22,28,31],"killed_by":"Champ","ascension_level":0}}