{"host":"8o45mh5p3pp1o2mi","time":1612660126,"event":{"mods":["BaseMod","Bestiary","Better Match","Better Third Choice","BetterRewards","Dark Map","Downfall","Fox Events","Minty Spire (QoL Compilation)","Rare Cards Sparkle","Relic Stats","Replay The Spire","Shop Mod","Spire Exporter","StSLib","everything is the same but u backflip on backflip"],"gold_per_floor":[99,114,114,130,130,157,157,157,186,221,254,273,283,208,222,222,222,222],"floor_reached":16,"language":"ENG","playtime":681,"items_purged":[],"score":122,"play_id":"1470e688-3f03-4c3f-aacc-337657664942","local_time":"20210207010846","is_ascension_mode":false,"campfire_choices":[{"floor":8,"key":"REST"}],"circlet_count":0,"master_deck":["sneckomod:Strike","sneckomod:Strike","sneckomod:Strike","sneckomod:Defend","sneckomod:Defend+1","sneckomod:Defend","sneckomod:TailWhip","sneckomod:SnekBite","sneckomod:Unknown","Sadistic Nature","Doom and Gloom","sneckomod:QuickBite","sneckomod:UnknownDraw","Regret","sneckomod:UnendingSupply","sneckomod:SerpentMind","sneckomod:ImprovisedAttack","sneckomod:UnknownExhaust","sneckomod:UnknownRareAttack+1","sneckomod:UnknownUncommonPower"],"relics":["sneckomod:SneckoSoul","MealTicket","PreservedInsect","Art of War","Lizard Tail","ReplayFunnel"],"acts_visited":["Exordium"],"potions_floor_usage":[13],"damage_taken":[{"damage":7,"enemies":"2 Louse","floor":2,"turns":2},{"damage":0,"enemies":"Small Slimes","floor":4,"turns":2},{"damage":33,"enemies":"3 Sentries","floor":6,"turns":7},{"damage":24,"enemies":"Lagavulin","floor":9,"turns":4},{"damage":2,"enemies":"Cultist","floor":10,"turns":3},{"damage":33,"enemies":"Replay:BlueRogue","floor":11,"turns":5},{"damage":2,"enemies":"3 Louse","floor":12,"turns":3},{"damage":22,"enemies":"Exordium Thugs","floor":13,"turns":3},{"damage":0,"enemies":"2 Fungi Beasts","floor":15,"turns":2},{"damage":24,"enemies":"DF_ARCHETYPE_STREAMLINE","floor":16,"turns":3}],"seed_played":"-1956416983905424438","potions_obtained":[{"floor":9,"key":"Fire Potion"},{"floor":11,"key":"EntropicBrew"},{"floor":12,"key":"Venom Potion"},{"floor":13,"key":"SkillPotion"},{"floor":15,"key":"Energy Potion"}],"is_trial":false,"path_per_floor":["R","M","?","M","?","E","T","R","E","M","E","M","M","?","M","B"],"character_chosen":"THE_SNECKO","items_purchased":[],"campfire_rested":1,"item_purchase_floors":[],"current_hp_per_floor":[63,56,56,56,56,23,23,50,26,24,38,36,14,14,14,0,0,0],"gold":222,"neow_bonus":"RANDOM_COLORLESS_2","is_daily":false,"chose_seed":false,"campfire_upgraded":0,"win_rate":0.0,"timestamp":1612660126,"path_taken":["R","M","?","M","?","E","T","R","E","M","E","M","M","?","M","BOSS"],"items_purchased_type":[],"build_version":"2020-12-22","purchased_purges":0,"victory":false,"max_hp_per_floor":[90,90,90,90,90,90,90,90,90,90,90,90,90,90,90,90,90,90],"relic_stats":{"Lizard Tail":45,"counters":[10,34],"MealTicket":0,"PreservedInsect":50,"Art of War":[1],"obtain_stats":[{"ReplayFunnel":11,"Lizard Tail":9,"MealTicket":5,"PreservedInsect":6,"Art of War":7,"sneckomod:SneckoSoul":0},{"ReplayFunnel":6,"Lizard Tail":4,"MealTicket":2,"PreservedInsect":3,"Art of War":3,"sneckomod:SneckoSoul":0},{"ReplayFunnel":23,"Lizard Tail":15,"MealTicket":4,"PreservedInsect":11,"Art of War":11,"sneckomod:SneckoSoul":0}]},"card_choices":[{"not_picked":["Secret Weapon","Thinking Ahead"],"picked":"Sadistic Nature","floor":0},{"not_picked":["sneckomod:IronFang","sneckomod:DiceBlock"],"picked":"sneckomod:QuickBite","floor":2},{"not_picked":["sneckomod:QuickMove","sneckomod:UnknownVulnerable"],"picked":"sneckomod:UnknownDraw","floor":4},{"not_picked":["sneckomod:UnknownCommonSkill","sneckomod:SoulRoll"],"picked":"sneckomod:UnendingSupply","floor":6},{"not_picked":["sneckomod:RainOfDice","sneckomod:MasterEye"],"picked":"sneckomod:SerpentMind","floor":9},{"not_picked":["sneckomod:RainOfDice","sneckomod:UnknownVulnerable"],"picked":"sneckomod:ImprovisedAttack","floor":10},{"not_picked":["sneckomod:WideSting","sneckomod:Unknown1Cost"],"picked":"sneckomod:UnknownExhaust","floor":11},{"not_picked":["sneckomod:RainOfDice","sneckomod:UnknownDraw","sneckomod:UnknownCommonAttack"],"picked":"SKIP","floor":12},{"not_picked":["sneckomod:IronFang","sneckomod:ImprovisedGuard","sneckomod:RainOfDice"],"picked":"SKIP","floor":13},{"not_picked":["sneckomod:Mudshield+1","sneckomod:Restock+1"],"picked":"sneckomod:UnknownRareAttack+1","floor":14},{"not_picked":["sneckomod:UnknownDraw","sneckomod:UnknownExhaust"],"picked":"sneckomod:UnknownUncommonPower","floor":15}],"player_experience":174040,"relics_obtained":[{"floor":6,"key":"PreservedInsect"},{"floor":7,"key":"Art of War"},{"floor":9,"key":"Lizard Tail"},{"floor":11,"key":"ReplayFunnel"}],"event_choices":[{"damage_healed":0,"gold_gain":0,"player_choice":"Box","damage_taken":0,"relics_obtained":["MealTicket"],"max_hp_gain":0,"max_hp_loss":0,"event_name":"Big Fish","floor":5,"gold_loss":0,"cards_obtained":["Regret"]},{"damage_healed":0,"gold_gain":0,"player_choice":"2","damage_taken":0,"max_hp_gain":0,"max_hp_loss":0,"event_name":"betterMatch:BetterMatch","floor":14,"gold_loss":0,"cards_obtained":["betterMatch:RareCard"]}],"is_beta":false,"boss_relics":[],"items_purged_floors":[],"is_endless":false,"potions_floor_spawned":[9,11,12,13,15],"killed_by":"DF_ARCHETYPE_STREAMLINE","ascension_level":0}}