{"host":"vzygucmp2u9s1xuv","time":1612712984,"event":{"mods":["BaseMod","Colored Map","DeckTracker","Keyboard Shortcuts","Minty Spire (QoL Compilation)","Quick Restart","StSLib","SuperFastMode"],"gold_per_floor":[361,361,374,323,337,337,351,361,361,371,371,371,381,395,395,474,474,453,473,473,473],"floor_reached":20,"language":"KOR","playtime":622,"items_purged":[],"score":315,"play_id":"bfdbf77b-4aa6-425e-ae1a-c99ae14891ec","local_time":"20210208004944","is_ascension_mode":true,"campfire_choices":[{"data":"Predator","floor":6,"key":"SMITH"},{"floor":11,"key":"REST"},{"floor":15,"key":"REST"}],"circlet_count":0,"master_deck":["AscendersBane","Strike_G","Strike_G","Strike_G","Strike_G","Strike_G","Defend_G","Defend_G","Defend_G","Defend_G","Defend_G","Survivor","Neutralize","Crippling Poison","Predator+1","Poisoned Stab","PiercingWail","Flechettes","Prepared","Bouncing Flask","Slice","Poisoned Stab","Bullet Time"],"relics":["Ring of the Snake","Meat on the Bone","WristBlade"],"acts_visited":["Exordium","TheCity"],"potions_floor_usage":[16,19],"damage_taken":[{"damage":0,"enemies":"2 Louse","floor":1,"turns":4},{"damage":0,"enemies":"Cultist","floor":3,"turns":3},{"damage":4,"enemies":"Small Slimes","floor":5,"turns":4},{"damage":3,"enemies":"Exordium Wildlife","floor":7,"turns":3},{"damage":2,"enemies":"3 Louse","floor":8,"turns":3},{"damage":11,"enemies":"Looter","floor":10,"turns":3},{"damage":10,"enemies":"Red Slaver","floor":13,"turns":2},{"damage":23,"enemies":"Large Slime","floor":14,"turns":5},{"damage":28,"enemies":"Hexaghost","floor":16,"turns":8},{"damage":11,"enemies":"2 Thieves","floor":18,"turns":4},{"damage":35,"enemies":"3 Byrds","floor":19,"turns":6},{"damage":30,"enemies":"Sentry and Sphere","floor":20,"turns":3}],"seed_played":"4119994181484261154","potions_obtained":[{"floor":1,"key":"ColorlessPotion"},{"floor":3,"key":"Poison Potion"},{"floor":19,"key":"Energy Potion"}],"is_trial":false,"path_per_floor":["M","?","M","$","M","R","M","M","T","M","R","?","M","M","R","B",null,"M","M","M"],"character_chosen":"THE_SILENT","items_purchased":["Poisoned Stab"],"campfire_rested":2,"item_purchase_floors":[4],"current_hp_per_floor":[59,59,59,59,55,55,52,50,50,39,58,49,39,28,47,31,57,46,23,0,0],"gold":473,"neow_bonus":"TWO_FIFTY_GOLD","is_daily":false,"chose_seed":false,"campfire_upgraded":1,"win_rate":0.0,"timestamp":1612712984,"path_taken":["M","?","M","$","?","R","M","?","T","?","R","?","M","?","R","BOSS","M","M","M"],"items_purchased_type":["Card"],"build_version":"2020-12-22","purchased_purges":0,"victory":false,"max_hp_per_floor":[66,66,66,66,66,66,66,66,66,66,66,66,66,66,66,66,66,66,66,66,66],"card_choices":[{"not_picked":["Well Laid Plans","Acrobatics"],"picked":"Crippling Poison","floor":1},{"not_picked":["Infinite Blades","Caltrops"],"picked":"Predator","floor":3},{"not_picked":["Escape Plan","Dagger Spray"],"picked":"PiercingWail","floor":5},{"not_picked":["Dodge and Roll","Eviscerate"],"picked":"Flechettes","floor":7},{"not_picked":["Masterful Stab","Sucker Punch"],"picked":"Prepared","floor":8},{"not_picked":["Masterful Stab","All Out Attack"],"picked":"Bouncing Flask","floor":10},{"not_picked":["Escape Plan","Quick Slash"],"picked":"Slice","floor":13},{"not_picked":["Caltrops","Dodge and Roll"],"picked":"Poisoned Stab","floor":14},{"not_picked":["Envenom","After Image"],"picked":"Bullet Time","floor":16},{"not_picked":["Prepared+1","Quick Slash","Underhanded Strike"],"picked":"SKIP","floor":18},{"not_picked":["Doppelganger","Sucker Punch","Distraction"],"picked":"SKIP","floor":19}],"player_experience":666456,"relics_obtained":[{"floor":9,"key":"Meat on the Bone"}],"event_choices":[{"cards_removed":["Injury"],"damage_healed":0,"gold_gain":0,"player_choice":"Removed Curses","damage_taken":0,"max_hp_gain":0,"max_hp_loss":0,"event_name":"Fountain of Cleansing","floor":2,"gold_loss":0},{"damage_healed":0,"gold_gain":0,"player_choice":"Damaged","damage_taken":9,"max_hp_gain":0,"max_hp_loss":0,"event_name":"Wheel of Change","floor":12,"gold_loss":0}],"is_beta":false,"boss_relics":[{"not_picked":["Ectoplasm","HoveringKite"],"picked":"WristBlade"}],"items_purged_floors":[],"is_endless":false,"potions_floor_spawned":[1,3,8,14,19],"killed_by":"Sentry and Sphere","ascension_level":17}}