{"host":"2ty4h143nj8vwezc","time":1612677851,"event":{"mods":["BaseMod","Colored Map","Googly Eyes","Highlight Path","Minty Spire (QoL Compilation)","Quick Restart","StSLib"],"gold_per_floor":[112,70,70,220,10,10,41,52,52,80,99,99,24,58,58,132,132,150,150,63,63,63,63,63,63],"floor_reached":24,"language":"ENG","playtime":910,"items_purged":["Doubt"],"score":466,"play_id":"e135097b-1d9f-4c03-a505-8008aa75745b","local_time":"20210207010411","is_ascension_mode":true,"campfire_choices":[{"data":"Caltrops","floor":6,"key":"SMITH"},{"data":"Footwork","floor":12,"key":"SMITH"},{"floor":15,"key":"REST"},{"floor":23,"key":"REST"}],"circlet_count":0,"master_deck":["AscendersBane","Strike_G","Strike_G","Strike_G","Strike_G","Strike_G","Defend_G","Defend_G","Defend_G","Defend_G","Defend_G","Survivor","Neutralize","PiercingWail","Caltrops+1","Footwork+1","Dash","Crippling Poison","Wraith Form v2","Backstab","Footwork","Doppelganger","Terror","Writhe","Noxious Fumes","Decay"],"relics":["Ring of the Snake","NeowsBlessing","Vajra","InkBottle","Letter Opener","Art of War","Black Star","Potion Belt"],"acts_visited":["Exordium","TheCity"],"potions_floor_usage":[10,10,11,16,24],"damage_taken":[{"damage":0,"enemies":"Jaw Worm","floor":1,"turns":1},{"damage":0,"enemies":"Lagavulin","floor":7,"turns":3},{"damage":0,"enemies":"Small Slimes","floor":8,"turns":1},{"damage":38,"enemies":"Gremlin Nob","floor":10,"turns":5},{"damage":0,"enemies":"Cultist","floor":11,"turns":5},{"damage":21,"enemies":"3 Sentries","floor":14,"turns":8},{"damage":26,"enemies":"Hexaghost","floor":16,"turns":13},{"damage":24,"enemies":"3 Byrds","floor":18,"turns":4},{"damage":37,"enemies":"Book of Stabbing","floor":24,"turns":5}],"seed_played":"5932291502205188805","potions_obtained":[{"floor":7,"key":"AttackPotion"},{"floor":8,"key":"Fire Potion"},{"floor":10,"key":"Regen Potion"},{"floor":14,"key":"Block Potion"},{"floor":16,"key":"Poison Potion"},{"floor":18,"key":"ColorlessPotion"}],"is_trial":false,"path_per_floor":["M","$","?","?","$","R","E","M","T","E","M","R","$","E","R","B",null,"M","?","$","?","$","R","E"],"character_chosen":"THE_SILENT","items_purchased":["Caltrops","Footwork","Vajra","Noxious Fumes"],"campfire_rested":2,"item_purchase_floors":[2,5,5,20],"current_hp_per_floor":[59,59,59,59,59,59,59,59,59,21,35,35,35,14,33,7,51,27,27,27,27,27,46,9,9],"gold":63,"neow_bonus":"THREE_ENEMY_KILL","is_daily":false,"chose_seed":false,"campfire_upgraded":2,"win_rate":0.0,"timestamp":1612677851,"path_taken":["M","$","?","?","?","R","E","M","T","E","?","R","$","E","R","BOSS","M","?","$","?","$","R","E"],"items_purchased_type":["Card","Card","Relic","Card"],"build_version":"2020-12-22","purchased_purges":1,"victory":false,"max_hp_per_floor":[66,66,66,66,66,66,66,66,66,66,66,66,66,66,66,66,66,66,66,66,66,66,66,66,66],"card_choices":[{"not_picked":["Concentrate","Poisoned Stab"],"picked":"PiercingWail","floor":1},{"not_picked":["Prepared","Endless Agony"],"picked":"Dash","floor":7},{"not_picked":["Deadly Poison","Predator"],"picked":"Crippling Poison","floor":8},{"not_picked":["Caltrops","Flechettes"],"picked":"Wraith Form v2","floor":10},{"not_picked":["Cloak And Dagger","Choke"],"picked":"Backstab","floor":11},{"not_picked":["Flechettes","Prepared"],"picked":"Footwork","floor":14},{"not_picked":["Envenom","Phantasmal Killer"],"picked":"Doppelganger","floor":16},{"not_picked":["Underhanded Strike","Dodge and Roll"],"picked":"Terror","floor":18}],"player_experience":363270,"relics_obtained":[{"floor":7,"key":"InkBottle"},{"floor":10,"key":"Letter Opener"},{"floor":14,"key":"Art of War"}],"event_choices":[{"damage_healed":0,"gold_gain":0,"player_choice":"Ignored","damage_taken":0,"max_hp_gain":0,"max_hp_loss":0,"event_name":"Shining Light","floor":3,"gold_loss":0},{"damage_healed":0,"gold_gain":150,"player_choice":"AGREE","damage_taken":0,"max_hp_gain":0,"max_hp_loss":0,"event_name":"Liars Game","floor":4,"gold_loss":0,"cards_obtained":["Doubt"]},{"damage_healed":0,"gold_gain":0,"player_choice":"Opened","damage_taken":0,"relics_obtained":["Potion Belt"],"max_hp_gain":0,"max_hp_loss":0,"event_name":"The Mausoleum","floor":19,"gold_loss":0,"cards_obtained":["Writhe"]},{"damage_healed":0,"gold_gain":0,"player_choice":"Smashed Altar","damage_taken":0,"max_hp_gain":0,"max_hp_loss":0,"event_name":"Forgotten Altar","floor":21,"gold_loss":0,"cards_obtained":["Decay"]}],"is_beta":false,"boss_relics":[{"not_picked":["WristBlade","Coffee Dripper"],"picked":"Black Star"}],"items_purged_floors":[13],"is_endless":false,"potions_floor_spawned":[7,8,10,14,16,18],"killed_by":"Book of Stabbing","ascension_level":20}}