{"host":"b9id4afcchnn1rfb","time":1612739224,"event":{"mods":["Act Like it!","BaseMod","Better Note","Colored Map","Colored Powertips","Hallownest","Hermit","Infinite Spire","Minty Spire (QoL Compilation)","StSLib","SuperFastMode","The Death Knight","The Necromancer"],"gold_per_floor":[118,118,118,118,131,175,175,228,228,266,284,284,310,42,42,163,163,181,206,206,226,226,226,259,259,259,259,259,259],"floor_reached":28,"language":"ENG","playtime":558,"items_purged":["Strike_B"],"score":426,"play_id":"d095f0ab-a41c-4ed7-9c15-a043e82c6113","local_time":"20210208000704","is_ascension_mode":true,"campfire_choices":[{"floor":7,"key":"REST"},{"data":"White Noise","floor":12,"key":"SMITH"},{"data":"Rainbow","floor":15,"key":"SMITH"},{"floor":23,"key":"REST"},{"floor":25,"key":"REST"}],"circlet_count":0,"master_deck":["AscendersBane","Strike_B","Strike_B","Strike_B","Defend_B","Defend_B","Defend_B","Defend_B","Zap","Dualcast","White Noise","White Noise+1","BootSequence","Cold Snap","Beam Cell","Force Field","White Noise+1","Rainbow+1","Meteor Strike","Ball Lightning+1","Conserve Battery","Reinforced Body","Self Repair","White Noise+1"],"relics":["Cracked Core","NeowsBlessing","Golden Idol","Emotion Chip","Smiling Mask","Meat on the Bone","Lantern","DataDisk","Odd Mushroom","DollysMirror","Philosopher\u0027s Stone","Pantograph","Calipers"],"acts_visited":["Exordium","TheCity"],"potions_floor_usage":[10,13,16,24,24,28],"damage_taken":[{"damage":0,"enemies":"Cultist","floor":1,"turns":1},{"damage":0,"enemies":"Small Slimes","floor":5,"turns":1},{"damage":0,"enemies":"Lagavulin","floor":6,"turns":1},{"damage":28,"enemies":"3 Sentries","floor":10,"turns":7},{"damage":0,"enemies":"2 Louse","floor":11,"turns":2},{"damage":21,"enemies":"The Mushroom Lair","floor":13,"turns":5},{"damage":6,"enemies":"Hexaghost","floor":16,"turns":12},{"damage":0,"enemies":"Chosen","floor":18,"turns":4},{"damage":48,"enemies":"3 Byrds","floor":19,"turns":5},{"damage":10,"enemies":"Shelled Parasite and Fungi","floor":21,"turns":5},{"damage":45,"enemies":"Slavers","floor":24,"turns":6},{"damage":40,"enemies":"3 Cultists","floor":28,"turns":4}],"seed_played":"5923524851717550702","potions_obtained":[{"floor":5,"key":"SteroidPotion"},{"floor":6,"key":"Ancient Potion"},{"floor":11,"key":"DeathKnight:BottledBloodEchoes"},{"floor":16,"key":"SteroidPotion"},{"floor":19,"key":"Swift Potion"},{"floor":24,"key":"Fire Potion"}],"is_trial":false,"path_per_floor":["M","?","?","?","M","E","R","T","T","E","M","R","?","$","R","B",null,"M","M","?","M","?","R","E","R","T","?","M"],"character_chosen":"DEFECT","items_purchased":["DollysMirror","Rainbow"],"campfire_rested":3,"item_purchase_floors":[14,14],"current_hp_per_floor":[68,50,50,25,25,25,47,47,47,31,43,43,34,34,34,40,66,66,30,27,29,29,51,18,40,40,40,0,0],"gold":259,"neow_bonus":"THREE_ENEMY_KILL","is_daily":false,"chose_seed":false,"campfire_upgraded":2,"win_rate":0.0,"timestamp":1612739224,"path_taken":["M","?","?","?","M","E","R","?","T","E","M","R","?","?","R","BOSS","M","M","?","?","?","R","E","R","T","?","?"],"items_purchased_type":["Relic","Card"],"build_version":"2020-12-22","purchased_purges":1,"victory":false,"max_hp_per_floor":[75,75,75,75,75,75,75,75,75,75,75,75,75,75,75,75,75,75,75,75,75,75,75,75,75,75,75,75,75],"card_choices":[{"not_picked":["Beam Cell","Sunder"],"picked":"White Noise","floor":1},{"not_picked":["Tempest","Reinforced Body"],"picked":"White Noise","floor":5},{"not_picked":["Go for the Eyes","Beam Cell"],"picked":"BootSequence","floor":6},{"not_picked":["Hyperbeam","Steam"],"picked":"Cold Snap","floor":10},{"not_picked":["Double Energy","Sweeping Beam"],"picked":"Beam Cell","floor":11},{"not_picked":["Undo","Hologram"],"picked":"Force Field","floor":13},{"not_picked":["All For One","Reboot"],"picked":"Meteor Strike","floor":16},{"not_picked":["Streamline","Beam Cell"],"picked":"Ball Lightning+1","floor":18},{"not_picked":["Hologram","Beam Cell"],"picked":"Conserve Battery","floor":19},{"not_picked":["Hello World","Gash+1"],"picked":"Reinforced Body","floor":21},{"not_picked":["Storm","Undo"],"picked":"Self Repair","floor":24}],"player_experience":487048,"relics_obtained":[{"floor":3,"key":"Emotion Chip"},{"floor":6,"key":"Meat on the Bone"},{"floor":9,"key":"Lantern"},{"floor":10,"key":"DataDisk"},{"floor":13,"key":"Odd Mushroom"},{"floor":24,"key":"Pantograph"},{"floor":26,"key":"Calipers"}],"event_choices":[{"damage_healed":0,"gold_gain":0,"player_choice":"Take Damage","damage_taken":18,"relics_obtained":["Golden Idol"],"max_hp_gain":0,"max_hp_loss":0,"event_name":"Golden Idol","floor":2,"gold_loss":0},{"damage_healed":0,"gold_gain":0,"player_choice":"Success","damage_taken":25,"relics_obtained":["Smiling Mask"],"max_hp_gain":0,"max_hp_loss":0,"event_name":"Scrap Ooze","floor":4,"gold_loss":0},{"damage_healed":0,"gold_gain":0,"player_choice":"Fought Mushrooms","damage_taken":0,"max_hp_gain":0,"max_hp_loss":0,"event_name":"Mushrooms","floor":13,"gold_loss":0},{"damage_healed":0,"gold_gain":0,"player_choice":"Punched","damage_taken":3,"max_hp_gain":0,"max_hp_loss":0,"event_name":"Designer","floor":20,"gold_loss":0},{"damage_healed":0,"gold_gain":0,"player_choice":"Ignored","damage_taken":0,"max_hp_gain":0,"max_hp_loss":0,"event_name":"Ghosts","floor":22,"gold_loss":0},{"damage_healed":0,"gold_gain":0,"player_choice":"Copied","damage_taken":0,"max_hp_gain":0,"max_hp_loss":0,"event_name":"Duplicator","floor":27,"gold_loss":0,"cards_obtained":["White Noise"]}],"is_beta":false,"boss_relics":[{"not_picked":["Ectoplasm","Velvet Choker"],"picked":"Philosopher\u0027s Stone"}],"items_purged_floors":[14],"is_endless":false,"potions_floor_spawned":[5,6,11,16,19,24],"killed_by":"3 Cultists","ascension_level":10}}