{"host":"xp27heuvanyklt0b","time":1612709804,"event":{"mods":["BaseMod","CapriCore","Koishi","Minty Spire (QoL Compilation)","StSLib"],"gold_per_floor":[119,144,106,121,121,162,177,196,220,220,239,239,239,272,272,392,392,412,425,425,42,55,55,55],"floor_reached":23,"language":"KOR","playtime":1089,"items_purged":[],"score":211,"play_id":"c6f6aab7-e2a3-4155-b9cd-2009695ee9d0","local_time":"20210207235644","is_ascension_mode":true,"campfire_choices":[{"floor":10,"key":"REST"},{"floor":13,"key":"REST"},{"floor":15,"key":"REST"}],"circlet_count":0,"master_deck":["Koishi:BasicStrike","Koishi:BasicStrike","Koishi:BasicStrike","Koishi:BasicStrike","Koishi:BasicDefend","Koishi:BasicDefend","Koishi:BasicDefend","Koishi:BasicDefend","Koishi:Provoke","Koishi:HauntingSlash","Koishi:CatchAndRose","Koishi:BloodcurdlingScream","Injury","Koishi:RorschachInDanmaku","Koishi:GeneticsOfTheUnconscious","Koishi:RacingHeart","Koishi:SprinkleStarAndHeart","Koishi:MentalBreakdown","Koishi:PerfectMindControl","Koishi:FidgetySnatcher","Koishi:SubconsciousSweep","Koishi:DanmakuParanoia","Koishi:PhantomStrike"],"relics":["Koishi:ImaginaryFriend","Ginger","Akabeko","Bloody Idol","Incense Burner","Pen Nib","Pantograph","Shuriken","Black Star","Du-Vu Doll"],"acts_visited":["Exordium","TheCity"],"potions_floor_usage":[],"damage_taken":[{"damage":1,"enemies":"Cultist","floor":1,"turns":7},{"damage":1,"enemies":"2 Louse","floor":4,"turns":3},{"damage":30,"enemies":"3 Sentries","floor":6,"turns":10},{"damage":6,"enemies":"Jaw Worm","floor":7,"turns":3},{"damage":0,"enemies":"Blue Slaver","floor":8,"turns":5},{"damage":0,"enemies":"Exordium Wildlife","floor":11,"turns":5},{"damage":19,"enemies":"Gremlin Nob","floor":14,"turns":6},{"damage":12,"enemies":"Slime Boss","floor":16,"turns":12},{"damage":15,"enemies":"2 Thieves","floor":18,"turns":4},{"damage":31,"enemies":"Spheric Guardian","floor":19,"turns":9},{"damage":14,"enemies":"Shelled Parasite and Fungi","floor":22,"turns":8},{"damage":14,"enemies":"Slavers","floor":23,"turns":1}],"seed_played":"-7072813606728544689","potions_obtained":[{"floor":4,"key":"Energy Potion"},{"floor":8,"key":"Fire Potion"},{"floor":11,"key":"Ancient Potion"},{"floor":19,"key":"CultistPotion"}],"is_trial":false,"path_per_floor":["M","T","?","M","?","E","M","M","T","R","M","T","R","E","R","B",null,"M","M","?","$","M","E"],"character_chosen":"KOISHI","items_purchased":["Du-Vu Doll","Koishi:DanmakuParanoia"],"campfire_rested":3,"item_purchase_floors":[21,21],"current_hp_per_floor":[44,44,44,43,43,13,8,10,10,28,28,28,46,29,47,49,60,45,17,17,17,12,0,0],"gold":55,"neow_bonus":"ONE_RARE_RELIC","is_daily":false,"chose_seed":false,"campfire_upgraded":0,"win_rate":0.0,"timestamp":1612709804,"path_taken":["M","?","?","M","?","E","M","M","T","R","M","?","R","E","R","BOSS","M","M","?","$","M","E"],"items_purchased_type":["Relic","Card"],"build_version":"2020-12-22","purchased_purges":0,"victory":false,"max_hp_per_floor":[60,60,60,60,60,60,60,60,60,60,60,60,60,60,60,60,60,60,60,60,60,60,60,60],"card_choices":[{"not_picked":["Koishi:Whimsy","Koishi:FourthEye"],"picked":"Koishi:CatchAndRose","floor":1},{"not_picked":["Koishi:FleetingPhantom","Koishi:SubconsciousSweep"],"picked":"Koishi:BloodcurdlingScream","floor":4},{"not_picked":["Koishi:ParalyzingFear","Koishi:RoseHell"],"picked":"Koishi:RorschachInDanmaku","floor":6},{"not_picked":["Koishi:Vanish","Koishi:UnconsciousUprising"],"picked":"Koishi:GeneticsOfTheUnconscious","floor":7},{"not_picked":["Koishi:Prune","Koishi:HeartfeltFancy"],"picked":"Koishi:RacingHeart","floor":8},{"not_picked":["Koishi:ReflexRadar","Koishi:Bloodlust"],"picked":"Koishi:SprinkleStarAndHeart","floor":11},{"not_picked":["Koishi:SuperEgo","Koishi:TraumaticStroke"],"picked":"Koishi:MentalBreakdown","floor":14},{"not_picked":["Koishi:FadingMemory","Koishi:TerrifyingSpectre"],"picked":"Koishi:PerfectMindControl","floor":16},{"not_picked":["Koishi:PhantomBarrier+1","Koishi:BramblyRoseGarden+1"],"picked":"Koishi:FidgetySnatcher","floor":18},{"not_picked":["Koishi:RacingHeart","Koishi:UnconsciousUprising"],"picked":"Koishi:SubconsciousSweep","floor":19},{"not_picked":["Koishi:RorschachInDanmaku","Koishi:JumpScare"],"picked":"Koishi:PhantomStrike","floor":22}],"player_experience":160862,"relics_obtained":[{"floor":2,"key":"Akabeko"},{"floor":6,"key":"Incense Burner"},{"floor":9,"key":"Pen Nib"},{"floor":12,"key":"Pantograph"},{"floor":14,"key":"Shuriken"}],"event_choices":[{"damage_healed":0,"gold_gain":0,"player_choice":"Left Gold","damage_taken":0,"max_hp_gain":0,"max_hp_loss":0,"event_name":"World of Goop","floor":3,"gold_loss":38},{"damage_healed":0,"gold_gain":0,"player_choice":"Take Wound","damage_taken":0,"relics_obtained":["Golden Idol"],"max_hp_gain":0,"max_hp_loss":0,"event_name":"Golden Idol","floor":5,"gold_loss":0,"cards_obtained":["Injury"]},{"damage_healed":0,"gold_gain":0,"player_choice":"Gave Idol","damage_taken":0,"relics_obtained":["Bloody Idol"],"max_hp_gain":0,"max_hp_loss":0,"event_name":"Forgotten Altar","floor":20,"relics_lost":["Golden Idol"],"gold_loss":0}],"is_beta":false,"boss_relics":[{"not_picked":["Pandora\u0027s Box","Fusion Hammer"],"picked":"Black Star"}],"items_purged_floors":[],"is_endless":false,"potions_floor_spawned":[4,8,11,19,22],"killed_by":"Slavers","ascension_level":1}}