{"host":"yhhyog5h1q67ienp","time":1612735219,"event":{"mods":["AchievementEnabler","BaseMod","Block Reminder","Colored Map","Colored Powertips","Minty Spire (QoL Compilation)","Quick Restart","Relic Stats","StSLib","ojb\u0027s Better Paths Mod","ojb\u0027s Info Mod"],"gold_per_floor":[118,118,31,31,50,84,84,120,143,156,199,199,239,239,239,330,330,346,346,359,3,22,22,37,81,104,172,172,20,20,49,49,49,49],"floor_reached":33,"language":"ENG","playtime":2186,"items_purged":["Beam Cell"],"score":582,"play_id":"6c5fa4d3-8a56-4929-a699-140d6a0a94e8","local_time":"20210207190019","is_ascension_mode":true,"campfire_choices":[{"data":"Sunder","floor":7,"key":"SMITH"},{"floor":12,"key":"REST"},{"data":"Biased Cognition","floor":15,"key":"SMITH"},{"data":"Defragment","floor":23,"key":"SMITH"},{"data":"Biased Cognition","floor":28,"key":"SMITH"},{"data":"Static Discharge","floor":30,"key":"SMITH"},{"data":"Capacitor","floor":32,"key":"SMITH"}],"circlet_count":0,"master_deck":["AscendersBane","Defend_B","Defend_B","Defend_B","Defend_B","Zap","Dualcast","Sunder+1","FTL","Undo","Compile Driver","Biased Cognition+1","Biased Cognition+1","Steam+1","Buffer+1","Seek+1","Coolheaded","Sweeping Beam+1","Defragment+1","Cold Snap","Dark Shackles","Steam","FTL","Static Discharge+1","Capacitor+1","Chill"],"relics":["Cracked Core","Ginger","Golden Idol","Lantern","Cables","Tiny Chest","MealTicket","Pen Nib","Astrolabe","Toy Ornithopter","Runic Capacitor","CeramicFish"],"acts_visited":["Exordium","TheCity"],"potions_floor_usage":[6,8,8,16],"damage_taken":[{"damage":5,"enemies":"Small Slimes","floor":1,"turns":3},{"damage":7,"enemies":"Jaw Worm","floor":5,"turns":3},{"damage":8,"enemies":"Gremlin Nob","floor":6,"turns":3},{"damage":5,"enemies":"Lagavulin","floor":8,"turns":7},{"damage":1,"enemies":"2 Louse","floor":10,"turns":2},{"damage":11,"enemies":"Gremlin Nob","floor":11,"turns":3},{"damage":10,"enemies":"3 Sentries","floor":13,"turns":5},{"damage":10,"enemies":"The Guardian","floor":16,"turns":12},{"damage":0,"enemies":"Chosen","floor":18,"turns":3},{"damage":0,"enemies":"3 Byrds","floor":20,"turns":4},{"damage":0,"enemies":"Cultist and Chosen","floor":22,"turns":4},{"damage":4,"enemies":"Snake Plant","floor":24,"turns":4},{"damage":24,"enemies":"Slavers","floor":25,"turns":4},{"damage":0,"enemies":"Centurion and Healer","floor":31,"turns":7},{"damage":77,"enemies":"Automaton","floor":33,"turns":12}],"seed_played":"958007225141821094","potions_obtained":[{"floor":1,"key":"LiquidMemories"},{"floor":5,"key":"Block Potion"},{"floor":6,"key":"AttackPotion"},{"floor":13,"key":"FocusPotion"},{"floor":18,"key":"Block Potion"},{"floor":31,"key":"SkillPotion"}],"is_trial":false,"path_per_floor":["M","?","$","?","M","E","R","E","T","M","E","R","E","?","R","B",null,"M","?","M","$","M","R","M","E","T","T","R","$","R","M","R","B"],"character_chosen":"DEFECT","items_purchased":["Sunder","Defragment","Runic Capacitor","Cold Snap","Dark Shackles","Capacitor"],"campfire_rested":1,"item_purchase_floors":[3,21,21,21,21,29],"current_hp_per_floor":[59,58,58,58,51,43,43,38,38,37,26,43,33,26,26,16,48,48,48,48,58,58,58,54,30,30,30,30,45,45,45,45,0,0],"gold":49,"neow_bonus":"ONE_RARE_RELIC","is_daily":false,"chose_seed":false,"campfire_upgraded":6,"win_rate":0.0,"timestamp":1612735219,"path_taken":["M","?","$","?","M","E","R","E","T","M","E","R","E","?","R","BOSS","M","?","M","$","?","R","M","E","T","?","R","$","R","M","R","BOSS"],"items_purchased_type":["Card","Card","Relic","Card","Card","Card"],"build_version":"2020-12-22","purchased_purges":1,"victory":false,"max_hp_per_floor":[64,58,58,58,58,58,58,58,58,58,58,58,58,58,58,58,58,58,58,58,58,58,58,58,58,58,58,58,58,58,58,58,58,58],"relic_stats":{"counters":[15,76],"Golden Idol":80,"Astrolabe":["Steam","Buffer","Seek"],"CeramicFish":27,"Tiny Chest":1,"MealTicket":25,"Pen Nib":[7],"Ginger":[5],"obtain_stats":[{"Lantern":6,"Golden Idol":2,"Astrolabe":17,"CeramicFish":25,"Tiny Chest":9,"MealTicket":11,"Pen Nib":13,"Runic Capacitor":21,"Ginger":0,"Cracked Core":0,"Toy Ornithopter":19,"Cables":8},{"Lantern":3,"Golden Idol":1,"Astrolabe":8,"CeramicFish":13,"Tiny Chest":4,"MealTicket":6,"Pen Nib":7,"Runic Capacitor":10,"Ginger":0,"Cracked Core":0,"Toy Ornithopter":9,"Cables":4},{"Lantern":9,"Golden Idol":3,"Astrolabe":38,"CeramicFish":57,"Tiny Chest":16,"MealTicket":21,"Pen Nib":26,"Runic Capacitor":45,"Ginger":0,"Cracked Core":0,"Toy Ornithopter":41,"Cables":16}],"Toy Ornithopter":0,"Cables":[52,48,4,0,0]},"card_choices":[{"not_picked":["Hologram","Aggregate","Force Field"],"picked":"SKIP","floor":1},{"not_picked":["Conserve Battery","Scrape"],"picked":"FTL","floor":5},{"not_picked":["Conserve Battery","Hello World"],"picked":"Undo","floor":6},{"not_picked":["Stack","Redo"],"picked":"Beam Cell","floor":8},{"not_picked":["Chaos","White Noise"],"picked":"Compile Driver","floor":10},{"not_picked":["Gash","Rebound","Multi-Cast"],"picked":"SKIP","floor":11},{"not_picked":["Leap","Coolheaded"],"picked":"Biased Cognition","floor":13},{"not_picked":["Thunder Strike","Creative AI"],"picked":"Biased Cognition","floor":16},{"not_picked":["Stack","Sunder"],"picked":"Coolheaded","floor":18},{"not_picked":["Rip and Tear","Fusion"],"picked":"Sweeping Beam+1","floor":20},{"not_picked":["Redo","Streamline"],"picked":"Steam","floor":22},{"not_picked":["Redo","Thunder Strike"],"picked":"FTL","floor":24},{"not_picked":["Reprogram","Beam Cell"],"picked":"Static Discharge","floor":25},{"not_picked":["Streamline","Darkness"],"picked":"Chill","floor":31}],"player_experience":1426977,"relics_obtained":[{"floor":6,"key":"Lantern"},{"floor":8,"key":"Cables"},{"floor":9,"key":"Tiny Chest"},{"floor":11,"key":"MealTicket"},{"floor":13,"key":"Pen Nib"},{"floor":25,"key":"CeramicFish"}],"event_choices":[{"damage_healed":0,"gold_gain":0,"player_choice":"Lose Max HP","damage_taken":0,"relics_obtained":["Golden Idol"],"max_hp_gain":0,"max_hp_loss":6,"event_name":"Golden Idol","floor":2,"gold_loss":0},{"damage_healed":0,"gold_gain":0,"player_choice":"Ignored","damage_taken":0,"max_hp_gain":0,"max_hp_loss":0,"event_name":"Liars Game","floor":4,"gold_loss":0},{"cards_removed":["Strike_B"],"damage_healed":0,"gold_gain":0,"player_choice":"Card Removal","damage_taken":7,"max_hp_gain":0,"max_hp_loss":0,"event_name":"Golden Wing","floor":14,"gold_loss":0},{"damage_healed":0,"gold_gain":0,"player_choice":"Gave Potion","damage_taken":0,"relics_obtained":["Toy Ornithopter"],"max_hp_gain":0,"max_hp_loss":0,"event_name":"WeMeetAgain","floor":19,"gold_loss":0}],"is_beta":false,"boss_relics":[{"not_picked":["Inserter","Black Star"],"picked":"Astrolabe"}],"items_purged_floors":[29],"is_endless":false,"potions_floor_spawned":[1,5,6,13,18,31],"killed_by":"Automaton","ascension_level":20}}