{"host":"yrtk68ixj64vhhh3","time":1612672373,"event":{"mods":["AchievementEnabler","Aspiration","BaseMod","Better Altar","Better Match","Better Silent Start","Colored Map","Colored Powertips","Conspire","Dio Mod","Downfall","Energized Spire","Hubris","Infinite Spire","Minty Spire (QoL Compilation)","Prisma Mod","RNG Fix","StSLib","Steal the Spire","Td1madao Mod","The Animator","The Poker Player","The Wild Card","TheBandit","TheHero"],"gold_per_floor":[124,136,136,165,165,165,209,244,244,244,46,72,72,113,113,113,113],"floor_reached":16,"language":"ENG","playtime":1332,"items_purged":[],"score":132,"play_id":"a7e34c9a-91f3-4036-9ec7-396e7038dd15","local_time":"20210207173253","is_ascension_mode":true,"campfire_choices":[{"floor":6,"key":"RECALL"},{"floor":13,"key":"REST"},{"floor":15,"key":"REST"}],"circlet_count":0,"master_deck":["animator:Strike_Bleach","animator:Defend_Bleach","animator:Strike","animator:Strike","animator:Strike","animator:Defend","animator:Defend","animator:Defend","animator:RenjiArakai","animator:UryuuIshida","animator:Benimaru","animator:MarisaKirisame","animator:IsshinKurosaki","Injury","animator:OrihimeInoue","animator:DolaStephanie","animator:IkkakuMadarame","animator:YasutoraSado"],"relics":["animator:LivingPicture","animator:ColorlessFragment","animator:PurgingStone","Golden Idol","Ginger","animator:OldCoffin"],"acts_visited":["Exordium"],"potions_floor_usage":[7,16,16,16],"damage_taken":[{"damage":0,"enemies":"conspire:RoseBush","floor":1,"turns":4},{"damage":7,"enemies":"Jaw Worm","floor":2,"turns":3},{"damage":6,"enemies":"Cultist","floor":4,"turns":3},{"damage":29,"enemies":"Lagavulin","floor":7,"turns":5},{"damage":0,"enemies":"Looter","floor":8,"turns":3},{"damage":6,"enemies":"2 Fungi Beasts","floor":12,"turns":3},{"damage":33,"enemies":"Gremlin Nob","floor":14,"turns":5},{"damage":37,"enemies":"Slime Boss","floor":16,"turns":5}],"seed_played":"7843501226461955766","potions_obtained":[{"floor":4,"key":"EntropicBrew"},{"floor":12,"key":"Swift Potion"},{"floor":14,"key":"Dexterity Potion"}],"is_trial":false,"path_per_floor":["M","M","?","M","?","R","E","M","T","?","$","M","R","E","R","B"],"character_chosen":"THE_ANIMATOR","items_purchased":["animator:ColorlessFragment","animator:IkkakuMadarame"],"campfire_rested":2,"item_purchase_floors":[11,11],"current_hp_per_floor":[72,65,65,59,59,59,31,31,31,31,31,25,46,13,34,0,0],"gold":113,"neow_bonus":"TEN_PERCENT_HP_BONUS","is_daily":false,"chose_seed":true,"campfire_upgraded":0,"win_rate":0.0,"timestamp":1612672373,"path_taken":["M","M","?","M","?","R","E","?","T","?","?","M","R","E","R","BOSS"],"items_purchased_type":["Relic","Card"],"build_version":"2020-12-22","purchased_purges":0,"victory":false,"max_hp_per_floor":[72,72,72,72,72,72,73,73,73,73,73,73,73,73,73,73,73],"card_choices":[{"not_picked":["animator:YoshinoHimekawa","animator:Jibril"],"picked":"animator:Benimaru","floor":1},{"not_picked":["animator:Jibril","animator:Mikaela"],"picked":"animator:YamaiSisters","floor":2},{"not_picked":["animator:Konayuki","animator:NiaHonjou"],"picked":"animator:IsshinKurosaki","floor":4},{"not_picked":["animator:IkkakuMadarame","animator:RenjiArakai"],"picked":"animator:OrihimeInoue","floor":7},{"not_picked":["animator:DolaRiku","animator:Togame"],"picked":"animator:DolaStephanie","floor":8},{"not_picked":["animator:YuukaKazami","animator:UneriGinkaku"],"picked":"animator:YasutoraSado","floor":12},{"not_picked":["animator:NoriSakurada","animator:Natsumi","animator:HiedaNoAkyuu"],"picked":"SKIP","floor":14}],"player_experience":728613,"relics_obtained":[{"floor":7,"key":"Ginger"},{"floor":14,"key":"animator:OldCoffin"}],"event_choices":[{"damage_healed":0,"gold_gain":0,"cards_transformed":["animator:YamaiSisters"],"player_choice":"Transformed","damage_taken":0,"max_hp_gain":0,"max_hp_loss":0,"event_name":"Transmorgrifier","floor":3,"gold_loss":0,"cards_obtained":["animator:MarisaKirisame"]},{"damage_healed":0,"gold_gain":0,"player_choice":"Take Wound","damage_taken":0,"relics_obtained":["Golden Idol"],"max_hp_gain":0,"max_hp_loss":0,"event_name":"Golden Idol","floor":5,"gold_loss":0,"cards_obtained":["Injury"]},{"damage_healed":0,"gold_gain":0,"player_choice":"Disagree","damage_taken":0,"max_hp_gain":0,"max_hp_loss":0,"event_name":"conspire:LoneGhost","floor":10,"gold_loss":0}],"is_beta":false,"boss_relics":[],"items_purged_floors":[],"is_endless":false,"potions_floor_spawned":[4,12,14],"killed_by":"Slime Boss","ascension_level":4}}