{"host":"jwbw4f4imxd0v0b0","time":1612724924,"event":{"mods":["BaseMod","Colored Map","Highlight Path","Minty Spire (QoL Compilation)","Relic Stats","StSLib"],"gold_per_floor":[109,109,109,34,52,52,72,72,144,158,193,193,213,241,241,339,339,359,359,371,390,402,433,433,460,460,460,3,37,51,51,51],"floor_reached":31,"language":"ENG","playtime":1413,"items_purged":["Injury"],"score":397,"play_id":"891ebc1b-2d5d-44ce-8cd9-ede01f2d5d76","local_time":"20210207130844","is_ascension_mode":true,"campfire_choices":[{"data":"Alpha","floor":6.0,"key":"SMITH"},{"data":"Eruption","floor":8.0,"key":"SMITH"},{"data":"WaveOfTheHand","floor":12.0,"key":"SMITH"},{"data":"SpiritShield","floor":15.0,"key":"SMITH"},{"data":"ThirdEye","floor":24,"key":"SMITH"},{"data":"Scrawl","floor":27,"key":"SMITH"}],"circlet_count":0,"master_deck":["Strike_P","Strike_P","Defend_P","Defend_P","Defend_P","Defend_P","Eruption+1","Vigilance","Alpha+1","FlurryOfBlows","SpiritShield+1","Collect","Halt","WaveOfTheHand+1","DevaForm","FlurryOfBlows+1","Scrawl+1","CutThroughFate+1","ThirdEye+1","Wireheading","EmptyMind"],"relics":["HolyWater","Molten Egg 2","Gremlin Horn","Torii","Regal Pillow","MealTicket","Bottled Tornado","Mango","Yang"],"acts_visited":["Exordium","TheCity"],"potions_floor_usage":[23,23,23,29],"damage_taken":[{"damage":0.0,"enemies":"2 Louse","floor":1.0,"turns":3.0},{"damage":4.0,"enemies":"Small Slimes","floor":5.0,"turns":5.0},{"damage":0.0,"enemies":"Cultist","floor":7.0,"turns":4.0},{"damage":0.0,"enemies":"2 Fungi Beasts","floor":10.0,"turns":4.0},{"damage":18.0,"enemies":"Gremlin Nob","floor":11.0,"turns":3.0},{"damage":6.0,"enemies":"Red Slaver","floor":13.0,"turns":3.0},{"damage":14.0,"enemies":"3 Sentries","floor":14.0,"turns":4.0},{"damage":12.0,"enemies":"Hexaghost","floor":16.0,"turns":10.0},{"damage":0.0,"enemies":"Chosen","floor":18.0,"turns":4.0},{"damage":0.0,"enemies":"Spheric Guardian","floor":20.0,"turns":3.0},{"damage":0.0,"enemies":"3 Cultists","floor":21.0,"turns":3.0},{"damage":11.0,"enemies":"Snecko","floor":22.0,"turns":4.0},{"damage":2,"enemies":"Gremlin Leader","floor":23,"turns":4},{"damage":23,"enemies":"Slavers","floor":25,"turns":3},{"damage":9,"enemies":"Book of Stabbing","floor":29,"turns":5},{"damage":20,"enemies":"Centurion and Healer","floor":30,"turns":5},{"damage":28,"enemies":"Slavers","floor":31,"turns":2}],"seed_played":"-6199429963090660186","potions_obtained":[{"floor":1.0,"key":"LiquidMemories"},{"floor":11.0,"key":"AttackPotion"},{"floor":14.0,"key":"Explosive Potion"},{"floor":16.0,"key":"SkillPotion"},{"floor":20.0,"key":"LiquidMemories"},{"floor":25,"key":"DistilledChaos"}],"is_trial":false,"path_per_floor":["M","?","?","$","M","R","M","R","T","M","E","R","M","E","R","B",null,"M","?","M","M","M","E","R","E","T","R","$","E","M","E"],"character_chosen":"WATCHER","items_purchased":["Mango","Wireheading","EmptyMind"],"campfire_rested":0,"item_purchase_floors":[28,28,28],"current_hp_per_floor":[65,65,65,65,61,61,61,61,61,61,43,43,37,23,23,11,57,57,57,57,57,46,44,44,21,21,21,50,41,21,0,0],"gold":51,"neow_bonus":"THREE_RARE_CARDS","is_daily":false,"chose_seed":false,"campfire_upgraded":6,"win_rate":0.0,"timestamp":1612724924,"path_taken":["M","?","?","$","?","R","M","R","T","M","E","R","M","E","R","BOSS","M","?","?","M","M","E","R","E","T","R","$","E","M","E"],"items_purchased_type":["Relic","Card","Card"],"build_version":"2020-12-22","purchased_purges":1,"victory":false,"max_hp_per_floor":[72,72,72,72,72,72,72,72,72,72,72,72,72,72,72,72,72,72,72,72,72,72,72,72,72,72,72,86,86,86,86,86],"relic_stats":{"Regal Pillow":0,"Gremlin Horn":[4,4],"Torii":27,"counters":[17,69],"MealTicket":15,"Yang":[8],"obtain_stats":[{"Regal Pillow":23,"Gremlin Horn":11,"Torii":14,"HolyWater":17,"Molten Egg 2":9,"MealTicket":25,"Mango":28,"Yang":29,"PureWater":0,"Bottled Tornado":26},{"Regal Pillow":13,"Gremlin Horn":5,"Torii":7,"HolyWater":8,"Molten Egg 2":3,"MealTicket":14,"Mango":14,"Yang":15,"PureWater":0,"Bottled Tornado":14},{"Regal Pillow":54,"Gremlin Horn":19,"Torii":26,"HolyWater":36,"Molten Egg 2":12,"MealTicket":57,"Mango":57,"Yang":62,"PureWater":0,"Bottled Tornado":57}]},"card_choices":[{"not_picked":["LessonLearned","Vault"],"picked":"Alpha","floor":0.0},{"not_picked":["PathToVictory","Halt"],"picked":"FlurryOfBlows","floor":1.0},{"not_picked":["Evaluate","Prostrate"],"picked":"Collect","floor":5.0},{"not_picked":["Crescendo","PathToVictory"],"picked":"Halt","floor":7.0},{"not_picked":["FollowUp+1","DeceiveReality","SashWhip+1"],"picked":"SKIP","floor":10.0},{"not_picked":["EmptyBody","ClearTheMind"],"picked":"WaveOfTheHand","floor":11.0},{"not_picked":["CutThroughFate+1","Consecrate+1"],"picked":"DevaForm","floor":13.0},{"not_picked":["FlyingSleeves+1","WreathOfFlame"],"picked":"FlurryOfBlows+1","floor":14.0},{"not_picked":["Establishment","Judgement"],"picked":"Scrawl","floor":16.0},{"not_picked":["SignatureMove+1","Adaptation"],"picked":"CutThroughFate+1","floor":18.0},{"not_picked":["Prostrate+1","Fasting2","FlurryOfBlows+1"],"picked":"SKIP","floor":20.0},{"not_picked":["DeceiveReality","Crescendo+1","PathToVictory+1"],"picked":"SKIP","floor":21.0},{"not_picked":["FlyingSleeves+1","ReachHeaven+1"],"picked":"ThirdEye","floor":22.0},{"not_picked":["Devotion","Weave+1","EmptyFist+1"],"picked":"SKIP","floor":23},{"not_picked":["WheelKick+1","Weave+1","FlyingSleeves+1"],"picked":"SKIP","floor":25},{"not_picked":["ClearTheMind","FollowUp+1","Protect"],"picked":"SKIP","floor":29},{"not_picked":["FlyingSleeves+1","InnerPeace","BowlingBash+1"],"picked":"SKIP","floor":30}],"player_experience":1241271,"relics_obtained":[{"floor":9.0,"key":"Molten Egg 2"},{"floor":11.0,"key":"Gremlin Horn"},{"floor":14.0,"key":"Torii"},{"floor":23,"key":"Regal Pillow"},{"floor":25,"key":"MealTicket"},{"floor":26,"key":"Bottled Tornado"},{"floor":29,"key":"Yang"}],"event_choices":[{"damage_healed":0.0,"max_hp_gain":0.0,"max_hp_loss":0.0,"gold_gain":0.0,"event_name":"Liars Game","player_choice":"Ignored","floor":2.0,"gold_loss":0.0,"damage_taken":0.0},{"damage_healed":0.0,"max_hp_gain":0.0,"max_hp_loss":0.0,"gold_gain":0.0,"cards_transformed":["Strike_P"],"event_name":"Transmorgrifier","player_choice":"Transformed","floor":3.0,"gold_loss":0.0,"damage_taken":0.0,"cards_obtained":["SpiritShield"]},{"cards_removed":["Strike_P"],"damage_healed":0.0,"max_hp_gain":0.0,"max_hp_loss":0.0,"gold_gain":0.0,"event_name":"Purifier","player_choice":"Purged","floor":19.0,"gold_loss":0.0,"damage_taken":0.0}],"is_beta":false,"boss_relics":[{"not_picked":["Calling Bell","Velvet Choker"],"picked":"HolyWater"}],"items_purged_floors":[4],"is_endless":false,"potions_floor_spawned":[1,11,14,16,20,21,25],"killed_by":"Slavers","ascension_level":6}}