{"host":"2n2g1vowfllvjtvi","time":1612724137,"event":{"mods":["AchievementEnabler","BaseMod","Custom Start","GifTheSpireLib","Keyboard Shortcuts","Minty Spire (QoL Compilation)","Quick Restart","Rare Cards Sparkle","StSLib","SuperFastMode"],"gold_per_floor":[118,118,118,6,6,6,35,50,118,151,0,0,0,16,16,120,120,138,138,151,171,183,183,218,93,93,107,132,147,174,192,192,290,290,310,310,1309,1325,596,606,616,645,645,645,658,676,78,96,96,96],"floor_reached":51,"language":"KOR","playtime":1508,"items_purged":["Strike_P","Strike_P","Strike_P+1","Strike_P+1"],"score":1089,"play_id":"565c17ba-ff7c-4931-8ea9-c60f17aaf372","local_time":"20210208035537","is_ascension_mode":true,"campfire_choices":[{"data":"Eruption","floor":6.0,"key":"SMITH"},{"data":"LessonLearned","floor":13.0,"key":"SMITH"},{"floor":15.0,"key":"REST"},{"data":"TalkToTheHand","floor":23.0,"key":"SMITH"},{"floor":32.0,"key":"REST"},{"data":"Worship","floor":44,"key":"SMITH"},{"data":"Establishment","floor":49,"key":"SMITH"}],"circlet_count":0,"master_deck":["Defend_P+1","Defend_P+1","Defend_P+1","Eruption+1","Vigilance+1","Worship+1","Brilliance+1","LessonLearned+1","CutThroughFate+1","Meditate+1","TalkToTheHand+1","SandsOfTime+1","Prostrate+1","DeusExMachina+1","SandsOfTime+1","Prostrate+1","Worship+1","Establishment+1"],"relics":["PureWater","NeowsBlessing","Bag of Marbles","Omamori","Snecko Eye","Strawberry","Sundial","Akabeko","Anchor","Cursed Key","Centennial Puzzle","HandDrill","Blood Vial","White Beast Statue","TungstenRod","Happy Flower"],"acts_visited":["Exordium","TheCity","TheBeyond"],"potions_floor_usage":[48],"damage_taken":[{"damage":0.0,"enemies":"2 Louse","floor":1.0,"turns":1.0},{"damage":0.0,"enemies":"3 Sentries","floor":7.0,"turns":2.0},{"damage":0.0,"enemies":"Jaw Worm","floor":8.0,"turns":1.0},{"damage":18.0,"enemies":"Lagavulin","floor":10.0,"turns":6.0},{"damage":7.0,"enemies":"Small Slimes","floor":14.0,"turns":3.0},{"damage":36.0,"enemies":"Slime Boss","floor":16.0,"turns":5.0},{"damage":0.0,"enemies":"2 Thieves","floor":18.0,"turns":2.0},{"damage":12.0,"enemies":"Chosen","floor":20.0,"turns":2.0},{"damage":0.0,"enemies":"Shelled Parasite and Fungi","floor":21.0,"turns":2.0},{"damage":0.0,"enemies":"Snecko","floor":22.0,"turns":3.0},{"damage":29.0,"enemies":"Slavers","floor":24.0,"turns":5.0},{"damage":12.0,"enemies":"Snake Plant","floor":27.0,"turns":4.0},{"damage":0.0,"enemies":"Gremlin Leader","floor":28.0,"turns":3.0},{"damage":0.0,"enemies":"Sentry and Sphere","floor":29.0,"turns":1.0},{"damage":17.0,"enemies":"Book of Stabbing","floor":30.0,"turns":5.0},{"damage":0.0,"enemies":"Cultist and Chosen","floor":31.0,"turns":3.0},{"damage":0.0,"enemies":"Champ","floor":33.0,"turns":4.0},{"damage":0.0,"enemies":"Orb Walker","floor":35.0,"turns":1.0},{"damage":7.0,"enemies":"3 Shapes","floor":38.0,"turns":3.0},{"damage":0.0,"enemies":"Sphere and 2 Shapes","floor":40.0,"turns":2.0},{"damage":0.0,"enemies":"Spire Growth","floor":41.0,"turns":2.0},{"damage":0.0,"enemies":"Reptomancer","floor":42.0,"turns":2.0},{"damage":9,"enemies":"Maw","floor":45,"turns":4},{"damage":0,"enemies":"Sphere and 2 Shapes","floor":46,"turns":3},{"damage":7,"enemies":"Transient","floor":48,"turns":5},{"damage":0,"enemies":"Awakened One","floor":50,"turns":6}],"seed_played":"8777489049973560400","potions_obtained":[{"floor":8.0,"key":"Fruit Juice"},{"floor":16.0,"key":"DistilledChaos"},{"floor":18.0,"key":"BlessingOfTheForge"},{"floor":19.0,"key":"CultistPotion"},{"floor":19.0,"key":"SneckoOil"},{"floor":21.0,"key":"Weak Potion"},{"floor":30.0,"key":"DistilledChaos"},{"floor":31.0,"key":"FairyPotion"},{"floor":42.0,"key":"ColorlessPotion"},{"floor":45,"key":"SpeedPotion"},{"floor":46,"key":"Regen Potion"},{"floor":48,"key":"AttackPotion"}],"is_trial":false,"path_per_floor":["M","?","?","$","?","R","E","M","T","E","$","?","R","M","R","B",null,"M","?","M","M","M","R","E","$","T","M","E","M","E","M","R","B",null,"M","?","?","M","$","M","M","E","T","R","M","M","$","M","R","B",null],"character_chosen":"WATCHER","items_purchased":["Worship","CutThroughFate","Prostrate","Worship","Centennial Puzzle","HandDrill","Blood Vial","Establishment","TungstenRod","Happy Flower"],"campfire_rested":2,"item_purchase_floors":[4,11,39,39,39,39,39,47,47,47],"current_hp_per_floor":[72,77,77,77,77,77,77,77,77,59,59,44,44,37,60,24,77,77,82,70,70,70,70,48,48,48,36,36,36,19,19,45,45,89,89,89,89,82,82,84,86,88,88,88,80,82,82,89,89,89],"gold":96,"neow_bonus":"THREE_ENEMY_KILL","is_daily":false,"chose_seed":false,"campfire_upgraded":5,"win_rate":0.0,"timestamp":1612724137,"path_taken":["M","?","?","$","?","R","E","M","T","E","$","?","R","M","R","BOSS","M","?","?","M","M","R","E","$","T","?","E","M","E","M","R","BOSS","M","?","?","M","$","M","M","E","T","R","M","M","$","M","R","BOSS"],"items_purchased_type":["Card","Card","Card","Card","Relic","Relic","Relic","Card","Relic","Relic"],"build_version":"2020-12-22","purchased_purges":4,"victory":true,"max_hp_per_floor":[72,77,77,77,77,77,77,77,77,77,77,77,77,77,77,77,77,77,82,82,82,82,82,89,89,89,89,89,89,89,89,89,89,89,89,89,89,89,89,89,89,89,89,89,89,89,89,89,89,89],"card_choices":[{"not_picked":["EmptyBody","Evaluate","SashWhip"],"picked":"SKIP","floor":1.0},{"not_picked":["PathToVictory","FlyingSleeves"],"picked":"Brilliance","floor":7.0},{"not_picked":["Protect","BattleHymn","Halt"],"picked":"SKIP","floor":8.0},{"not_picked":["SignatureMove","Halt"],"picked":"LessonLearned","floor":10.0},{"not_picked":["Vengeance","InnerPeace","JustLucky"],"picked":"SKIP","floor":14.0},{"not_picked":["ThirdEye","Wireheading"],"picked":"Meditate","floor":18.0},{"not_picked":["FlyingSleeves+1","Crescendo+1","SashWhip"],"picked":"SKIP","floor":20.0},{"not_picked":["Crescendo","Consecrate","WindmillStrike"],"picked":"SKIP","floor":21.0},{"not_picked":["Wireheading","Study+1"],"picked":"TalkToTheHand","floor":22.0},{"not_picked":["CarveReality","Tantrum","Brilliance"],"picked":"SKIP","floor":24.0},{"not_picked":["JustLucky","Consecrate"],"picked":"SandsOfTime+1","floor":27.0},{"not_picked":["Adaptation","Perseverance+1"],"picked":"Prostrate","floor":28.0},{"not_picked":["Crescendo+1","Evaluate+1","ClearTheMind"],"picked":"SKIP","floor":29.0},{"not_picked":["Crescendo","Protect"],"picked":"DeusExMachina","floor":30.0},{"not_picked":["SashWhip","Wireheading"],"picked":"SandsOfTime","floor":31.0},{"not_picked":["Scrawl","Judgement"],"picked":"MasterReality","floor":33.0},{"not_picked":["ThirdEye","PathToVictory","Swivel"],"picked":"SKIP","floor":35.0},{"not_picked":["CutThroughFate+1","Swivel","CrushJoints"],"picked":"SKIP","floor":38.0},{"not_picked":["Swivel","CrushJoints+1","CutThroughFate+1"],"picked":"SKIP","floor":40.0},{"not_picked":["CrushJoints+1","Consecrate+1","ThirdEye"],"picked":"SKIP","floor":41.0},{"not_picked":["Nirvana","WreathOfFlame+1","Crescendo+1"],"picked":"SKIP","floor":42.0},{"not_picked":["CutThroughFate+1","Prostrate+1","Collect"],"picked":"SKIP","floor":45},{"not_picked":["Sanctity","FlurryOfBlows","JustLucky+1"],"picked":"SKIP","floor":46},{"not_picked":["EmptyMind","Fasting2+1","MentalFortress"],"picked":"SKIP","floor":48}],"player_experience":217213,"relics_obtained":[{"floor":7.0,"key":"Bag of Marbles"},{"floor":10.0,"key":"Omamori"},{"floor":24.0,"key":"Strawberry"},{"floor":26.0,"key":"Sundial"},{"floor":28.0,"key":"Akabeko"},{"floor":30.0,"key":"Anchor"},{"floor":42.0,"key":"White Beast Statue"}],"event_choices":[{"damage_healed":0.0,"max_hp_gain":5.0,"max_hp_loss":0.0,"gold_gain":0.0,"event_name":"Big Fish","player_choice":"Donut","floor":2.0,"gold_loss":0.0,"damage_taken":0.0},{"cards_removed":["Defend_P"],"damage_healed":0.0,"max_hp_gain":0.0,"max_hp_loss":0.0,"gold_gain":0.0,"event_name":"Living Wall","player_choice":"Forget","floor":3.0,"gold_loss":0.0,"damage_taken":0.0},{"damage_healed":0.0,"max_hp_gain":0.0,"max_hp_loss":0.0,"gold_gain":0.0,"event_name":"Liars Game","player_choice":"Ignored","floor":5.0,"gold_loss":0.0,"damage_taken":0.0},{"damage_healed":0.0,"max_hp_gain":0.0,"max_hp_loss":0.0,"gold_gain":0.0,"event_name":"Shining Light","player_choice":"Entered Light","floor":12.0,"gold_loss":0.0,"damage_taken":15.0,"cards_upgraded":["Worship","Vigilance"]},{"damage_healed":0.0,"max_hp_gain":0.0,"max_hp_loss":0.0,"gold_gain":0.0,"event_name":"Lab","player_choice":"Got Potions","floor":19.0,"gold_loss":0.0,"damage_taken":0.0},{"cards_removed":["MasterReality"],"damage_healed":0.0,"max_hp_gain":0.0,"max_hp_loss":0.0,"gold_gain":0.0,"event_name":"Falling","player_choice":"Removed Power","floor":36.0,"gold_loss":0.0,"damage_taken":0.0},{"damage_healed":0.0,"max_hp_gain":0.0,"max_hp_loss":0.0,"gold_gain":999.0,"event_name":"MindBloom","player_choice":"Gold","floor":37.0,"gold_loss":0.0,"damage_taken":0.0,"cards_obtained":["Normality","Normality"]}],"is_beta":false,"boss_relics":[{"not_picked":["Philosopher\u0027s Stone","Empty Cage"],"picked":"Snecko Eye"},{"not_picked":["Pandora\u0027s Box","Busted Crown"],"picked":"Cursed Key"}],"items_purged_floors":[4,11,25,39],"is_endless":false,"potions_floor_spawned":[8,16,18,21,27,30,31,35,40,42,45,46,48],"ascension_level":2}}