{"host":"l6vifo5ajdb3p20b","time":1612693357,"event":{"mods":["2.2 Compatiblity","BaseMod","Better Altar","Better Sensory Stone","Better Skull","Better Third Choice","BetterRewards","Block Reminder","Booster Modes","Card Forge","Clockwork Mod","Colored Map","Defuse TimeMaze Blight","Energized Spire","Evolution","Hubris","Minty Spire (QoL Compilation)","Relic Stats","Reliquary","StSLib","The Blackbeard","The Necromancer"],"gold_per_floor":[113,129,139,139,149,149,177,177,177,209,209,182,214,389,389,485,485,496,496,496,512,529,529,529,544,544,576,576,576],"floor_reached":28,"language":"ENG","playtime":1621,"items_purged":[],"score":294,"play_id":"b6f61e7b-c72e-4541-856f-3153f01e2f07","local_time":"20210207172237","is_ascension_mode":true,"campfire_choices":[{"data":"Blood_Is_Power","floor":6,"key":"SMITH"},{"data":"Epidemic","floor":8,"key":"SMITH"},{"floor":11,"key":"REST"},{"data":"Summon_Vampire_Lady","floor":15,"key":"SMITH"},{"data":"Cloudkill","floor":23,"key":"SMITH"}],"circlet_count":0,"master_deck":["Strike_W","Strike_W","Strike_W","Strike_W","Defend_W","Defend_W","Defend_W","Defend_W","Negative_Energy_Arrows","Bone_Wall","Blood_Shield","Uncharnel","Negative_Energy_Burst","Consume_Illness","Pandemic+1","Chill_Blood","Negative_Energy_Shield","Spectral_Walk","Bone_Spikes","Blood_Is_Power+1","Spectral_Armor","Deaths_Shadow","Death_Knell","Negative_Energy_Burst","Epidemic+1","Summon_Undead_Army","Epidemic","Death_March_Dance","Summon_Vampire_Lady+1","Bones_to_Steel","Negative_Energy_Shield","Reap_The_Weak","Cloudkill+1","Detonate_Bones","Exploit","Blood_Whip","Bone_Armor","Toxic_Smoke_Screen","Corrupt","Epidemic+1","Pandemic","Bones_to_Steel+1","Uncharnel+1","Blood_Shield","Life_Tap","Violent_Necrosis+1","Grasp_Heart","Consume_Illness","Toxic_Smoke_Screen"],"relics":["Hammer of Thor","Seething Fire","Anvil of the Gods","EVO:Axolotl","energizedSpire:StickyHand","hubris:Metronome","Potion Belt","Unceasing Top","betterThird:SlimedRelic","Anchor","reliquary:Ember","hubris:Icosahedron","Bloody Idol","Matryoshka","reliquary:PartyBalloon"],"acts_visited":["Exordium","TheCity"],"potions_floor_usage":[10,22,27,27],"damage_taken":[{"damage":5,"enemies":"Cultist","floor":1,"turns":5},{"damage":2,"enemies":"Small Slimes","floor":2,"turns":3},{"damage":0,"enemies":"2 Louse","floor":3,"turns":2},{"damage":3,"enemies":"Red Slaver","floor":5,"turns":4},{"damage":9,"enemies":"Lagavulin","floor":7,"turns":5},{"damage":9,"enemies":"3 Sentries","floor":10,"turns":4},{"damage":18,"enemies":"Lagavulin","floor":13,"turns":4},{"damage":20,"enemies":"Hexaghost","floor":16,"turns":9},{"damage":12,"enemies":"Shell Parasite","floor":18,"turns":5},{"damage":6,"enemies":"3 Byrds","floor":21,"turns":5},{"damage":38,"enemies":"Sentry and Sphere","floor":22,"turns":6},{"damage":20,"enemies":"Snake Plant","floor":25,"turns":4},{"damage":10,"enemies":"Slavers","floor":27,"turns":4},{"damage":2,"enemies":"Snecko","floor":28,"turns":3}],"seed_played":"1885444153335655188","potions_obtained":[{"floor":1,"key":"SteroidPotion"},{"floor":2,"key":"Swift Potion"},{"floor":7,"key":"FearPotion"},{"floor":16,"key":"Regen Potion"},{"floor":21,"key":"Weak Potion"}],"is_trial":false,"path_per_floor":["M","M","M","?","M","R","E","R","T","E","R","?","E","?","R","B",null,"M","?","?","M","M","R","?","M","T","E","M"],"character_chosen":"NECROMANCER","items_purchased":[],"campfire_rested":1,"item_purchase_floors":[],"current_hp_per_floor":[70,68,68,68,65,65,56,56,56,47,69,58,40,40,40,44,75,72,72,72,75,67,67,29,14,14,9,7,7],"gold":576,"neow_bonus":"BOSS_RELIC","is_daily":false,"chose_seed":false,"campfire_upgraded":4,"win_rate":0.0,"timestamp":1612693357,"path_taken":["M","M","M","?","M","R","E","R","T","E","R","?","E","?","R","BOSS","M","?","?","M","?","R","?","M","T","E","M"],"items_purchased_type":[],"build_version":"2020-12-22","purchased_purges":0,"victory":false,"max_hp_per_floor":[75,75,75,75,75,75,75,75,75,75,75,75,75,75,75,75,75,75,75,75,75,75,75,75,75,75,75,75,75],"relic_stats":{"counters":[14,63],"Bloody Idol":10,"obtain_stats":[{"Potion Belt":9,"hubris:Metronome":7,"reliquary:PartyBalloon":27,"Hammer of Thor":0,"EVO:Axolotl":0,"Seething Fire":0,"energizedSpire:StickyHand":0,"Anchor":13,"hubris:Icosahedron":19,"Matryoshka":26,"Anvil of the Gods":0,"betterThird:SlimedRelic":12,"Bloody Idol":24,"Vampire_Amulet":0,"reliquary:Ember":17,"Unceasing Top":10},{"Potion Belt":5,"hubris:Metronome":5,"reliquary:PartyBalloon":13,"Hammer of Thor":0,"EVO:Axolotl":0,"Seething Fire":0,"energizedSpire:StickyHand":0,"Anchor":7,"hubris:Icosahedron":9,"Matryoshka":12,"Anvil of the Gods":0,"betterThird:SlimedRelic":6,"Bloody Idol":11,"Vampire_Amulet":0,"reliquary:Ember":8,"Unceasing Top":6},{"Potion Belt":19,"hubris:Metronome":19,"reliquary:PartyBalloon":60,"Hammer of Thor":0,"EVO:Axolotl":0,"Seething Fire":0,"energizedSpire:StickyHand":0,"Anchor":27,"hubris:Icosahedron":41,"Matryoshka":56,"Anvil of the Gods":0,"betterThird:SlimedRelic":23,"Bloody Idol":52,"Vampire_Amulet":0,"reliquary:Ember":36,"Unceasing Top":23}],"Unceasing Top":[5]},"card_choices":[{"not_picked":["Blood_Shield","Uncharnel"],"picked":"Negative_Energy_Burst","floor":1},{"not_picked":["Consume_Illness","Pandemic"],"picked":"Chill_Blood","floor":2},{"not_picked":["Negative_Energy_Shield","Bone_Spikes"],"picked":"Spectral_Walk","floor":3},{"not_picked":["Spectral_Armor","Deaths_Shadow"],"picked":"Blood_Is_Power","floor":5},{"not_picked":["Death_Knell","Epidemic"],"picked":"Negative_Energy_Burst","floor":7},{"not_picked":["Summon_Undead_Army","Death_March_Dance"],"picked":"Epidemic","floor":10},{"not_picked":["Bones_to_Steel","Negative_Energy_Shield"],"picked":"Summon_Vampire_Lady","floor":13},{"not_picked":["Reap_The_Weak","Detonate_Bones"],"picked":"Cloudkill","floor":16},{"not_picked":["Blood_Whip","Bone_Armor"],"picked":"Exploit","floor":18},{"not_picked":["Toxic_Smoke_Screen","Epidemic+1"],"picked":"Corrupt","floor":21},{"not_picked":["Bones_to_Steel+1","Uncharnel+1"],"picked":"Pandemic","floor":22},{"not_picked":["Blood_Shield","Violent_Necrosis+1"],"picked":"Life_Tap","floor":25},{"not_picked":["Consume_Illness","Toxic_Smoke_Screen"],"picked":"Grasp_Heart","floor":27}],"player_experience":1177394,"relics_obtained":[{"floor":7,"key":"hubris:Metronome"},{"floor":9,"key":"Potion Belt"},{"floor":10,"key":"Unceasing Top"},{"floor":13,"key":"Anchor"},{"floor":26,"key":"Matryoshka"},{"floor":27,"key":"reliquary:PartyBalloon"}],"event_choices":[{"damage_healed":0,"gold_gain":0,"player_choice":"Slimed","damage_taken":11,"max_hp_gain":0,"max_hp_loss":0,"event_name":"betterThird:BetterGoop","floor":12,"gold_loss":27},{"damage_healed":0,"gold_gain":175,"player_choice":"AGREE","damage_taken":214,"max_hp_gain":0,"max_hp_loss":0,"event_name":"betterThird:BetterSerpent","floor":14,"gold_loss":0},{"cards_removed":["Doubt"],"damage_healed":0,"gold_gain":0,"player_choice":"Purged","damage_taken":0,"max_hp_gain":0,"max_hp_loss":0,"event_name":"Purifier","floor":20,"gold_loss":0},{"damage_healed":0,"gold_gain":0,"player_choice":" Idol ","damage_taken":38,"relics_obtained":["Bloody Idol"],"max_hp_gain":67,"max_hp_loss":29,"event_name":"betterAltar:BetterAltar","floor":24,"potions_obtained":[],"relics_lost":[],"gold_loss":0}],"is_beta":false,"boss_relics":[{"not_picked":["Tiny House","energizedSpire:NeverEndingSparkler"],"picked":"reliquary:Ember"}],"items_purged_floors":[],"is_endless":false,"potions_floor_spawned":[1,2,7,16,21],"killed_by":"Snecko","ascension_level":1}}