{"host":"s41rn2jhghpwfrvz","time":1612678356,"event":{"mods":["BaseMod","Minty Spire (QoL Compilation)","Quick Restart","Relic Stats","SuperFastMode"],"gold_per_floor":[118,118,130,142,217,249,259,289,316,330,349,349,368,385,385,458,458,477,477,402,402,415,443,443,456,534,568,596,629,629,641,641,716,716,731,731,756,461,314,314,344,344,368,398,432,447,462,387,387,387,387,387,387,73,105,105],"floor_reached":57,"language":"ENG","playtime":1832,"items_purged":["Storm","FollowUp","Beam Cell","Shrug It Off","TalkToTheHand+1"],"score":3710,"play_id":"7b7ff33b-a0b6-4014-8750-30dc26dbd4d7","local_time":"20210207081236","daily_mods":["SealedDeck","Diverse","DeadlyEvents"],"is_ascension_mode":true,"campfire_choices":[{"data":"Body Slam","floor":12.0,"key":"SMITH"},{"data":"TalkToTheHand","floor":15.0,"key":"SMITH"},{"data":"Entrench","floor":24.0,"key":"SMITH"},{"data":"Recycle","floor":30,"key":"SMITH"},{"data":"TalkToTheHand","floor":32,"key":"SMITH"},{"floor":40,"key":"RECALL"},{"data":"Pommel Strike","floor":42,"key":"SMITH"},{"floor":49,"key":"DIG"},{"floor":53,"key":"DIG"}],"circlet_count":0,"master_deck":["AscendersBane","Entrench+1","Pommel Strike+1","Recycle+1","TalkToTheHand+1","Body Slam+1","Undo","Backflip+1","Blur+1"],"relics":["Burning Blood","Eternal Feather","PreservedInsect","Omamori","Busted Crown","Blood Vial","Regal Pillow","Red Skull","War Paint","Bag of Preparation","Runic Dome","Shovel","Membership Card","Oddly Smooth Stone","TheAbacus","CeramicFish","Anchor","Bronze Scales","Champion Belt","Nunchaku","Pantograph","Gremlin Horn","Sling","Turnip"],"acts_visited":["Exordium","TheCity","TheBeyond","TheEnding"],"potions_floor_usage":[27,56,56,56],"damage_taken":[{"damage":7.0,"enemies":"Jaw Worm","floor":1.0,"turns":3.0},{"damage":0.0,"enemies":"Cultist","floor":3.0,"turns":3.0},{"damage":8.0,"enemies":"Small Slimes","floor":4.0,"turns":4.0},{"damage":10.0,"enemies":"Lagavulin","floor":6.0,"turns":5.0},{"damage":14.0,"enemies":"3 Louse","floor":7.0,"turns":5.0},{"damage":0.0,"enemies":"Gremlin Nob","floor":8.0,"turns":3.0},{"damage":15.0,"enemies":"Large Slime","floor":10.0,"turns":5.0},{"damage":0.0,"enemies":"2 Fungi Beasts","floor":11.0,"turns":3.0},{"damage":12.0,"enemies":"Exordium Wildlife","floor":13.0,"turns":5.0},{"damage":0.0,"enemies":"Blue Slaver","floor":14.0,"turns":3.0},{"damage":0.0,"enemies":"The Guardian","floor":16.0,"turns":8.0},{"damage":0.0,"enemies":"Chosen","floor":18.0,"turns":4.0},{"damage":3.0,"enemies":"3 Byrds","floor":22.0,"turns":5.0},{"damage":9.0,"enemies":"Gremlin Leader","floor":23.0,"turns":7.0},{"damage":6.0,"enemies":"Snake Plant","floor":25.0,"turns":3.0},{"damage":0,"enemies":"Slavers","floor":27,"turns":4},{"damage":14,"enemies":"Gremlin Leader","floor":28,"turns":5},{"damage":12,"enemies":"Slavers","floor":29,"turns":5},{"damage":0,"enemies":"Snecko","floor":31,"turns":5},{"damage":0,"enemies":"Champ","floor":33,"turns":5},{"damage":0,"enemies":"3 Shapes","floor":35,"turns":6},{"damage":0,"enemies":"Mind Bloom Boss Battle","floor":37,"turns":4},{"damage":0,"enemies":"Reptomancer","floor":41,"turns":3},{"damage":0,"enemies":"Giant Head","floor":44,"turns":3},{"damage":0,"enemies":"Nemesis","floor":45,"turns":3},{"damage":0,"enemies":"3 Darklings","floor":46,"turns":3},{"damage":0,"enemies":"Jaw Worm Horde","floor":47,"turns":3},{"damage":0,"enemies":"Donu and Deca","floor":50,"turns":3},{"damage":0,"enemies":"Time Eater","floor":51,"turns":3},{"damage":0,"enemies":"Shield and Spear","floor":55,"turns":1},{"damage":0,"enemies":"The Heart","floor":56,"turns":5}],"seed_played":"-8194964364785296212","potions_obtained":[{"floor":1.0,"key":"SmokeBomb"},{"floor":2.0,"key":"SmokeBomb"},{"floor":11.0,"key":"Energy Potion"},{"floor":18.0,"key":"ElixirPotion"},{"floor":27,"key":"GamblersBrew"},{"floor":33,"key":"DuplicationPotion"},{"floor":41,"key":"EntropicBrew"}],"is_trial":true,"path_per_floor":["M","?","M","M","?","E","M","E","T","M","M","R","M","M","R","B",null,"M","?","$","?","M","E","R","M","T","E","E","E","R","M","R","B",null,"M","?","?","$","$","R","E","R","T","E","E","M","M","$","R","B","B",null,"R","$","E","B",null],"character_chosen":"IRONCLAD","items_purchased":["Membership Card","Oddly Smooth Stone","TheAbacus","Gremlin Horn","Sling"],"campfire_rested":0,"item_purchase_floors":[38,38,39,54,54],"current_hp_per_floor":[67,67,73,71,60,56,48,54,54,45,51,57,51,57,63,69,74,75,75,75,75,75,72,75,75,75,75,67,63,69,75,75,75,75,75,75,75,75,75,75,75,75,75,75,75,75,75,75,75,75,75,75,75,75,75,75],"gold":105,"neow_bonus":"","is_daily":false,"chose_seed":false,"campfire_upgraded":6,"win_rate":0.0,"timestamp":1612678356,"path_taken":["M","?","?","M","?","E","?","E","T","M","M","R","M","M","R","BOSS","M","?","$","?","M","E","R","M","T","E","?","E","R","?","R","BOSS","M","?","?","?","$","R","E","R","T","?","E","M","M","$","R","BOSS","BOSS","R","$","E","BOSS"],"items_purchased_type":["Relic","Relic","Relic","Relic","Relic"],"build_version":"2020-12-22","purchased_purges":5,"victory":true,"max_hp_per_floor":[75,75,75,75,75,75,75,75,75,75,75,75,75,75,75,75,75,75,75,75,75,75,75,75,75,75,75,75,75,75,75,75,75,75,75,75,75,75,75,75,75,75,75,75,75,75,75,75,75,75,75,75,75,75,75,75],"relic_stats":{"Regal Pillow":0,"Gremlin Horn":[1,1],"counters":[31,127],"CeramicFish":0,"Eternal Feather":21,"PreservedInsect":494,"Bag of Preparation":[26],"War Paint":["Backflip","Blur"],"Burning Blood":98,"Blood Vial":4,"Nunchaku":[2],"Busted Crown":34,"Shovel":2,"TheAbacus":[198],"Bronze Scales":[82],"Pantograph":0,"Turnip":[2],"Champion Belt":[0],"obtain_stats":[{"Regal Pillow":23,"Gremlin Horn":54,"CeramicFish":41,"Oddly Smooth Stone":38,"Eternal Feather":6,"PreservedInsect":8,"Omamori":9,"Bag of Preparation":29,"War Paint":28,"Sling":54,"Burning Blood":0,"Blood Vial":21,"Runic Dome":34,"Anchor":43,"Nunchaku":49,"Busted Crown":17,"Shovel":37,"TheAbacus":39,"Bronze Scales":44,"Pantograph":53,"Turnip":55,"Membership Card":38,"Champion Belt":45,"Red Skull":27},{"Regal Pillow":14,"Gremlin Horn":29,"CeramicFish":23,"Oddly Smooth Stone":22,"Eternal Feather":4,"PreservedInsect":6,"Omamori":6,"Bag of Preparation":18,"War Paint":17,"Sling":29,"Burning Blood":0,"Blood Vial":12,"Runic Dome":20,"Anchor":23,"Nunchaku":27,"Busted Crown":11,"Shovel":22,"TheAbacus":22,"Bronze Scales":24,"Pantograph":29,"Turnip":30,"Membership Card":22,"Champion Belt":25,"Red Skull":16},{"Regal Pillow":63,"Gremlin Horn":121,"CeramicFish":103,"Oddly Smooth Stone":100,"Eternal Feather":15,"PreservedInsect":23,"Omamori":23,"Bag of Preparation":80,"War Paint":75,"Sling":121,"Burning Blood":0,"Blood Vial":51,"Runic Dome":90,"Anchor":103,"Nunchaku":115,"Busted Crown":47,"Shovel":100,"TheAbacus":100,"Bronze Scales":106,"Pantograph":121,"Turnip":122,"Membership Card":100,"Champion Belt":109,"Red Skull":70}]},"card_choices":[{"not_picked":["SashWhip","Streamline","Barrage"],"picked":"SKIP","floor":1.0},{"not_picked":["Poisoned Stab","Turbo","Ghostly Armor"],"picked":"SKIP","floor":3.0},{"not_picked":["Caltrops","Slice","True Grit"],"picked":"SKIP","floor":4.0},{"not_picked":["Barrage","Havoc","Dash"],"picked":"SKIP","floor":6.0},{"not_picked":["Eviscerate","Streamline","Evaluate"],"picked":"SKIP","floor":7.0},{"not_picked":["Thunderclap","Sweeping Beam","Vengeance"],"picked":"SKIP","floor":8.0},{"not_picked":["Burst","Sweeping Beam","Sword Boomerang"],"picked":"SKIP","floor":10.0},{"not_picked":["Cloak And Dagger","Quick Slash"],"picked":"Shrug It Off","floor":11.0},{"not_picked":["Flechettes","Dual Wield"],"picked":"TalkToTheHand","floor":13.0},{"not_picked":["FlurryOfBlows","Cleave","Predator"],"picked":"SKIP","floor":14.0},{"not_picked":[],"picked":"Blur","floor":18.0},{"not_picked":["Slice"],"picked":"SKIP","floor":22.0},{"not_picked":["Dash"],"picked":"SKIP","floor":23.0},{"not_picked":["FlurryOfBlows"],"picked":"SKIP","floor":25.0},{"not_picked":["Cold Snap"],"picked":"SKIP","floor":27},{"not_picked":["Loop"],"picked":"SKIP","floor":28},{"not_picked":["Tactician"],"picked":"SKIP","floor":29},{"not_picked":["EmptyBody"],"picked":"SKIP","floor":31},{"not_picked":["Adaptation"],"picked":"SKIP","floor":35},{"not_picked":["Cleave"],"picked":"SKIP","floor":41},{"not_picked":["Buffer"],"picked":"SKIP","floor":44},{"not_picked":["Anger"],"picked":"SKIP","floor":45},{"not_picked":["Consecrate"],"picked":"SKIP","floor":46},{"not_picked":["DeceiveReality"],"picked":"SKIP","floor":47},{"not_picked":["Inflame+1"],"picked":"SKIP","floor":55}],"player_experience":1884448,"relics_obtained":[{"floor":6.0,"key":"Eternal Feather"},{"floor":8.0,"key":"PreservedInsect"},{"floor":9.0,"key":"Omamori"},{"floor":23.0,"key":"Regal Pillow"},{"floor":27,"key":"Red Skull"},{"floor":28,"key":"War Paint"},{"floor":29,"key":"Bag of Preparation"},{"floor":37,"key":"Shovel"},{"floor":41,"key":"CeramicFish"},{"floor":43,"key":"Anchor"},{"floor":44,"key":"Bronze Scales"},{"floor":45,"key":"Champion Belt"},{"floor":49,"key":"Nunchaku"},{"floor":53,"key":"Pantograph"},{"floor":55,"key":"Turnip"}],"event_choices":[{"damage_healed":0.0,"max_hp_gain":0.0,"max_hp_loss":0.0,"gold_gain":0.0,"event_name":"Lab","player_choice":"Got Potions","floor":2.0,"gold_loss":0.0,"damage_taken":0.0},{"damage_healed":0.0,"max_hp_gain":0.0,"max_hp_loss":0.0,"gold_gain":75.0,"event_name":"World of Goop","player_choice":"Gather Gold","floor":5.0,"gold_loss":0.0,"damage_taken":11.0},{"damage_healed":0.0,"max_hp_gain":0.0,"max_hp_loss":0.0,"gold_gain":0.0,"event_name":"Cursed Tome","player_choice":"Ignored","floor":19.0,"gold_loss":0.0,"damage_taken":0.0},{"damage_healed":0.0,"max_hp_gain":0.0,"max_hp_loss":0.0,"gold_gain":0.0,"event_name":"The Mausoleum","player_choice":"Opened","floor":21.0,"gold_loss":0.0,"damage_taken":0.0,"relics_obtained":["Blood Vial"],"cards_obtained":["Writhe"]},{"damage_healed":0,"gold_gain":0,"player_choice":"Ignored","damage_taken":0,"max_hp_gain":0,"max_hp_loss":0,"event_name":"Tomb of Lord Red Mask","floor":36,"gold_loss":0},{"damage_healed":0,"gold_gain":0,"player_choice":"Fight","damage_taken":0,"max_hp_gain":0,"max_hp_loss":0,"event_name":"MindBloom","floor":37,"gold_loss":0}],"is_beta":false,"boss_relics":[{"not_picked":["Runic Cube","Fusion Hammer"],"picked":"Busted Crown"},{"not_picked":["Black Blood","Philosopher\u0027s Stone"],"picked":"Runic Dome"}],"items_purged_floors":[20,38,39,48,54],"is_endless":false,"potions_floor_spawned":[1,3,4,11,13,18,23,27,33,35,41,47,55],"ascension_level":20}}