{"host":"i4vlfbz13gs2xtdj","time":1612658203,"event":{"mods":["2.2 Compatiblity","AchievementEnabler","Act Like it!","Arknights","Aspiration","BaseMod","Bestiary","Better Altar","Better Match","Better Note","Better Sensory Stone","Better Skull","Better Third Choice","BetterRewards","CatGirl Mod","Challenge The Spire","Colored Map","Colored Powertips","Curses Come First","Defuse TimeMaze Blight","Elementarium","Energized Spire","Fox Events","Friendly Minions","GifTheSpireLib","Halation","Hubris","Infinite Spire","Jedi Mod","Marked Mod","Minty Spire (QoL Compilation)","Pale of the Ancients","Potionbrewer","Rare Cards Sparkle","Relic Sorter","Relic Stats","Reliquary","Replay The Spire","Shop Mod","Somnambulant","Spicy Shops","Spikes Relics","StSLib","Stuff the Spire","The Marked","The Sage","Trackpad","Wandering Minibosses"],"gold_per_floor":[119,119,119,139,139,174,6,21,73,135,135,147,147,78,78,178,178,196,196,19,19,19,54,54,64,64,83,83,95,95,95,95,190,190,207,252,352,367,367,367,386,398,398,410,425,49,59,73,73,73,88,101,117,194,194,204,204,46,46,46,46],"floor_reached":60,"language":"ENG","playtime":4984,"items_purged":["Pride","Shame"],"score":940,"play_id":"f309eeae-d98c-4fd6-8e97-8b7fb8842f18","local_time":"20210206193643","is_ascension_mode":false,"campfire_choices":[{"floor":11,"key":"REST"},{"floor":15,"key":"REST"},{"data":"1","floor":24,"key":"LIFT"},{"floor":40,"key":"REST"},{"data":"2","floor":40,"key":"LIFT"},{"floor":49,"key":"REST"},{"data":"3","floor":49,"key":"LIFT"},{"floor":55,"key":"REST"},{"data":"jedi:hate","floor":55,"key":"SMITH"},{"data":"Anger","floor":57,"key":"SMITH"}],"circlet_count":0,"master_deck":["Strike_R","Strike_R","Strike_R+1","Defend_R","Defend_R","Defend_R","Defend_R","Bash+1","Run Through","Pommel Strike+1","Entrench","Shrug It Off","Flash of Steel","Anger","Demon Form+1","Twin Strike","Impervious","Pommel Strike+1","jedi:bloodyhammer","Ghostly Armor+1","Armaments","Reaper","Metallicize","jedi:hate+1","Sword Boomerang+1","Second Wind","Parasite","Thunderclap+1","Replay:Undeath\u0027s Touch+1","Clothesline+1","Anger+1"],"relics":["StuffTheSpire:OccultApparatus","halation:PinkSoulGem","paleoftheancients:BlurryLens","trackpad:WindUpAutoDealer","paleoftheancients:Timepiece","trackpad:Compendium","infinitespire:Cubic Diamond","jedi:archwizardhat","GiantMaggot","halation:LostSnail","Pet Ghost","Girya","Runic Cube","wanderingMiniBosses:OtherGremlinHorn","hubris:MysteriousPyramids","hubris:Towel","Vajra","aspiration:StickyExplosives_weak","infinitespire:Magic Flask","Elementarium:ElementariumTrophy","StoneCalendar","wanderingMiniBosses:OtherGremlinHorn","Snack Pack","MerchantsRug","hubris:SphereOfDissonance","jedi:windupbox","Sozu","CultistMask","paleoftheancients:SoulOfTheSilent","aspiration:HatOfInfinitePower","ClockworkSouvenir"],"acts_visited":["Exordium","Elementarium:Elementarium","TheBeyond","paleoftheancients:PaleOfTheAncients"],"potions_floor_usage":[6,6,10,13,16,16,18,18,33,37,37,41,47],"damage_taken":[{"damage":7,"enemies":"Small Slimes","floor":1,"turns":4},{"damage":8,"enemies":"Jaw Worm","floor":4,"turns":3},{"damage":0,"enemies":"Gremlin Nob","floor":6,"turns":3},{"damage":0,"enemies":"2 Louse","floor":8,"turns":2},{"damage":31,"enemies":"Gremlin Nob","floor":10,"turns":6},{"damage":21,"enemies":"Gremlin Gang","floor":12,"turns":4},{"damage":34,"enemies":"Hexaghost","floor":16,"turns":6},{"damage":3,"enemies":"Elementarium:2_ELEMENTALS","floor":18,"turns":2},{"damage":10,"enemies":"Elementarium:WarGolem","floor":23,"turns":3},{"damage":12,"enemies":"Elementarium:Cyclone","floor":25,"turns":3},{"damage":11,"enemies":"Elementarium:Hydrostalker","floor":27,"turns":3},{"damage":3,"enemies":"Elementarium:VOID_CORRUPTION_AND_TAR_GOLEM","floor":29,"turns":3},{"damage":40,"enemies":"Elementarium:PHOENIXES","floor":33,"turns":6},{"damage":29,"enemies":"3 Shapes","floor":35,"turns":3},{"damage":3,"enemies":"2 Orb Walkers","floor":36,"turns":1},{"damage":14,"enemies":"infinitespire:Three Voidlings","floor":37,"turns":2},{"damage":138,"enemies":"Nightmare_Alpha","floor":37,"turns":9},{"damage":21,"enemies":"Orb Walker","floor":38,"turns":2},{"damage":20,"enemies":"Writhing Mass","floor":41,"turns":4},{"damage":6,"enemies":"3 Darklings","floor":42,"turns":2},{"damage":17,"enemies":"4 Shapes","floor":44,"turns":3},{"damage":17,"enemies":"Sphere and 2 Shapes","floor":45,"turns":3},{"damage":23,"enemies":"3 Darklings","floor":47,"turns":6},{"damage":24,"enemies":"Jaw Worm Horde","floor":48,"turns":2},{"damage":123,"enemies":"Donu and Deca","floor":50,"turns":5},{"damage":31,"enemies":"Donu and Deca","floor":51,"turns":4},{"damage":86,"enemies":"Donu and Deca","floor":52,"turns":8},{"damage":0,"enemies":"paleoftheancients:BASlime2","floor":53,"turns":1},{"damage":0,"enemies":"paleoftheancients:BASlime2","floor":56,"turns":1},{"damage":305,"enemies":"paleoftheancients:N","floor":60,"turns":5}],"seed_played":"-7814982877651455309","potions_obtained":[{"floor":1,"key":"LifebloodPotion"},{"floor":4,"key":"DistilledChaos"},{"floor":13,"key":"Fruit Juice"},{"floor":13,"key":"SpeedPotion"},{"floor":13,"key":"potionbrewer:InfectionPotion"},{"floor":16,"key":"infinitespire:BlackPotion"},{"floor":23,"key":"jedi:hoardpotion"},{"floor":29,"key":"ColorlessPotion"},{"floor":33,"key":"Energy Potion"},{"floor":35,"key":"Block Potion"},{"floor":38,"key":"ColorlessPotion"},{"floor":42,"key":"Milkshake"},{"floor":45,"key":"potionbrewer:InfectionPotion"}],"is_trial":false,"path_per_floor":["M","?","$","M","?","E","$","M","T","?","R","M","?","$","R","B",null,"M","?","$","?","?","E","R","M","T","M","?","M","$","T","R_BF","B",null,"M","?","?","M","?","R","M","M","T","M","M","$","M","M","R","B","M","M","M","$","R","M","R","$","?","B"],"character_chosen":"IRONCLAD","items_purchased":["jedi:archwizardhat","GiantMaggot","halation:LostSnail","Flash of Steel","Girya","halation:SelfBoilingWater","MerchantsRug","hubris:SphereOfDissonance","jedi:windupbox","Bird Faced Urn","aspiration:HatOfInfinitePower","ClockworkSouvenir"],"campfire_rested":5,"item_purchase_floors":[0,0,7,7,14,20,46,46,46,54,58,58],"current_hp_per_floor":[43,43,43,35,35,35,35,35,35,4,28,7,14,14,40,6,87,84,84,84,84,84,74,74,62,62,51,51,48,48,48,48,8,87,62,76,54,35,35,61,62,77,77,79,76,76,75,55,81,87,74,48,68,68,87,87,87,87,87,0,0],"gold":46,"neow_bonus":"","is_daily":false,"chose_seed":false,"campfire_upgraded":2,"win_rate":0.0,"timestamp":1612658203,"path_taken":["M","?","?","?","?","E","$","?","T","?","R","M","?","$","R","BOSS","M","?","$","?","?","E","R","M","T","M","?","?","?","?","R_BF","BOSS","M","?","?","M","?","R","M","M","T","?","M","$","M","M","R","BOSS","M","M","?","$","R","M","R","$","?","BOSS"],"items_purchased_type":["Relic","Relic","Relic","Card","Relic","Relic","Relic","Relic","Relic","Relic","Relic","Relic"],"build_version":"2020-12-22","purchased_purges":2,"victory":false,"max_hp_per_floor":[80,80,80,80,80,80,80,80,80,80,80,80,87,87,87,87,87,87,87,87,87,87,87,87,87,87,87,87,87,87,87,87,87,87,87,87,87,87,87,87,87,87,87,87,87,87,87,87,87,87,87,87,87,87,87,87,87,87,87,87,87],"relic_stats":{"Sozu":2,"counters":[57,193],"StoneCalendar":[52],"obtain_stats":[{"reliquary:Solitaire":43,"ShockBauble":50,"CeramicFish":25,"Vajra":23,"infinitespire:Cubic Diamond":2,"wanderingMiniBosses:OtherGremlinHorn":18,"hubris:MysteriousPyramids":21,"Ring of Searing":39,"jedi:shrinkray":45,"potionbrewer:PotionKit":2,"Replay:Wanted Poster":36,"Sozu":50,"Lizard Tail":37,"aspiration:BabyByrd":3,"HandDrill":20,"trackpad:CultistFigurine":26,"Runic Cube":17,"MerchantsRug":20,"Girya":14,"Happy Flower":31,"GiantMaggot":0,"hubris:SphereOfDissonance":46,"infinitespire:Magic Flask":31,"Akabeko":28,"potionbrewer:Torch":9,"infinitespire:EvilPickle":35,"paleoftheancients:Timepiece":50,"Replay:Baseball":27,"Elementarium:ElementariumTrophy":33,"Bird Faced Urn":54,"CultistMask":50,"CosmicIsotope":17,"paleoftheancients:SoulOfTheSilent":52,"reliquary:MudwinsCradle":49,"trackpad:WindUpAutoDealer":0,"aspiration:HatOfInfinitePower":58,"Pocketwatch":24,"halation:BlackBeret":31,"BrokenLever":31,"StoneCalendar":36,"jedi:Pinwheel":11,"jedi:archwizardhat":0,"Pet Ghost":9,"aspiration:StickyExplosives_weak":26,"ClockworkSouvenir":58,"StuffTheSpire:OccultApparatus":19,"Chameleon Ring":10,"StuffTheSpire:HeavyRock":20,"hubris:FunFungus":34,"trackpad:Compendium":6,"Ring of Panic":39,"paleoftheancients:BlurryLens":53,"hubris:Towel":22,"halation:SelfBoilingWater":20,"Sandwich":24,"jedi:windupbox":46,"ats:Originium":11,"jedi:ominousloannote":31,"Snack Pack":43,"aspiration:RitualDagger":34,"PureWater":0,"halation:LostSnail":7,"halation:PinkSoulGem":32,"wanderingMiniBosses:Inkheart":29},{"reliquary:Solitaire":20,"ShockBauble":26,"CeramicFish":13,"Vajra":36,"infinitespire:Cubic Diamond":28,"wanderingMiniBosses:OtherGremlinHorn":35,"hubris:MysteriousPyramids":35,"Ring of Searing":19,"jedi:shrinkray":21,"potionbrewer:PotionKit":28,"Replay:Wanted Poster":17,"Sozu":52,"Lizard Tail":44,"aspiration:BabyByrd":1,"HandDrill":10,"trackpad:CultistFigurine":13,"Runic Cube":34,"MerchantsRug":10,"Girya":33,"Happy Flower":16,"GiantMaggot":27,"hubris:SphereOfDissonance":49,"infinitespire:Magic Flask":39,"Akabeko":14,"potionbrewer:Torch":4,"infinitespire:EvilPickle":17,"paleoftheancients:Timepiece":52,"Replay:Baseball":14,"Elementarium:ElementariumTrophy":40,"Bird Faced Urn":55,"CultistMask":52,"CosmicIsotope":9,"paleoftheancients:SoulOfTheSilent":54,"reliquary:MudwinsCradle":25,"trackpad:WindUpAutoDealer":27,"aspiration:HatOfInfinitePower":56,"Pocketwatch":12,"halation:BlackBeret":16,"BrokenLever":16,"StoneCalendar":42,"jedi:Pinwheel":6,"jedi:archwizardhat":27,"Pet Ghost":31,"aspiration:StickyExplosives_weak":37,"ClockworkSouvenir":56,"StuffTheSpire:OccultApparatus":35,"Chameleon Ring":31,"StuffTheSpire:HeavyRock":10,"hubris:FunFungus":16,"trackpad:Compendium":30,"Ring of Panic":19,"paleoftheancients:BlurryLens":55,"hubris:Towel":35,"halation:SelfBoilingWater":35,"Sandwich":12,"jedi:windupbox":49,"ats:Originium":6,"jedi:ominousloannote":16,"Snack Pack":47,"aspiration:RitualDagger":40,"PureWater":0,"halation:LostSnail":30,"halation:PinkSoulGem":39,"wanderingMiniBosses:Inkheart":15},{"reliquary:Solitaire":63,"ShockBauble":79,"CeramicFish":42,"Vajra":118,"infinitespire:Cubic Diamond":89,"wanderingMiniBosses:OtherGremlinHorn":115,"hubris:MysteriousPyramids":115,"Ring of Searing":59,"jedi:shrinkray":67,"potionbrewer:PotionKit":89,"Replay:Wanted Poster":54,"Sozu":174,"Lizard Tail":148,"aspiration:BabyByrd":2,"HandDrill":32,"trackpad:CultistFigurine":42,"Runic Cube":113,"MerchantsRug":32,"Girya":107,"Happy Flower":50,"GiantMaggot":85,"hubris:SphereOfDissonance":161,"infinitespire:Magic Flask":127,"Akabeko":43,"potionbrewer:Torch":11,"infinitespire:EvilPickle":54,"paleoftheancients:Timepiece":174,"Replay:Baseball":43,"Elementarium:ElementariumTrophy":133,"Bird Faced Urn":187,"CultistMask":174,"CosmicIsotope":28,"paleoftheancients:SoulOfTheSilent":186,"reliquary:MudwinsCradle":77,"trackpad:WindUpAutoDealer":85,"aspiration:HatOfInfinitePower":188,"Pocketwatch":39,"halation:BlackBeret":50,"BrokenLever":50,"StoneCalendar":137,"jedi:Pinwheel":16,"jedi:archwizardhat":85,"Pet Ghost":97,"aspiration:StickyExplosives_weak":121,"ClockworkSouvenir":188,"StuffTheSpire:OccultApparatus":115,"Chameleon Ring":97,"StuffTheSpire:HeavyRock":32,"hubris:FunFungus":50,"trackpad:Compendium":95,"Ring of Panic":59,"paleoftheancients:BlurryLens":187,"hubris:Towel":115,"halation:SelfBoilingWater":115,"Sandwich":39,"jedi:windupbox":161,"ats:Originium":16,"jedi:ominousloannote":50,"Snack Pack":155,"aspiration:RitualDagger":133,"PureWater":0,"halation:LostSnail":95,"halation:PinkSoulGem":127,"wanderingMiniBosses:Inkheart":48}],"Runic Cube":[116]},"card_choices":[{"not_picked":["StuffTheSpire:RockThrow","Sever Soul"],"picked":"Run Through","floor":1},{"not_picked":["Rupture","hubris:SharpeningStone"],"picked":"Pommel Strike","floor":4},{"not_picked":["Wild Strike","ReplayTheSpireMod:Strike From Hell"],"picked":"Shrug It Off","floor":6},{"not_picked":["Pommel Strike","Shockwave"],"picked":"Anger","floor":8},{"not_picked":["Feel No Pain","Replay:Undeath\u0027s Touch"],"picked":"Demon Form","floor":10},{"not_picked":["Clothesline","Wild Strike"],"picked":"Twin Strike","floor":12},{"not_picked":["Offering","Fiend Fire"],"picked":"Impervious","floor":16},{"not_picked":["Burning Pact","Flex"],"picked":"Pommel Strike+1","floor":18},{"not_picked":["Dual Wield","Body Slam"],"picked":"jedi:bloodyhammer","floor":23},{"not_picked":["Shockwave","StuffTheSpire:RockThrow"],"picked":"Ghostly Armor","floor":25},{"not_picked":["Whirlwind","Havoc","Shrug It Off"],"picked":"SKIP","floor":27},{"not_picked":["StuffTheSpire:Slingshot+1","Defy Death"],"picked":"Armaments","floor":29},{"not_picked":["Demon Form","Eclipse"],"picked":"Reaper","floor":33},{"not_picked":["Body Slam","Wild Strike+1"],"picked":"Metallicize","floor":35},{"not_picked":["Reckless Charge","infinitespire:OneForAll"],"picked":"jedi:hate","floor":36},{"not_picked":["infinitespire:SevenWalls","infinitespire:Execution"],"picked":"infinitespire:SealOfDarkness+","floor":37},{"not_picked":["Cleave+1","Clothesline"],"picked":"Sword Boomerang+1","floor":37},{"not_picked":["Pommel Strike","Ghostly Armor+1"],"picked":"Second Wind","floor":38},{"not_picked":["Clothesline+1","Absolvement+1"],"picked":"Thunderclap+1","floor":41},{"not_picked":["jedi:suffering+1","Dual Wield","Rupture+1"],"picked":"SKIP","floor":42},{"not_picked":["Warcry+1","Clothesline","StuffTheSpire:Slingshot"],"picked":"SKIP","floor":44},{"not_picked":["Spot Weakness","Shrug It Off","Wild Strike"],"picked":"SKIP","floor":45},{"not_picked":["StuffTheSpire:Slingshot+1","ReplayTheSpireMod:Corrosion Curse","Flex+1"],"picked":"SKIP","floor":47},{"not_picked":["Wild Strike+1","Offering","ReplayTheSpireMod:Strike From Hell"],"picked":"SKIP","floor":48},{"not_picked":["StuffTheSpire:Incineration","Clothesline+1","ReplayTheSpireMod:Strike From Hell+1"],"picked":"SKIP","floor":51},{"not_picked":["Thunderclap+1","Clothesline+1"],"picked":"Replay:Undeath\u0027s Touch+1","floor":52},{"not_picked":["Ghostly Armor","Shrug It Off"],"picked":"Clothesline+1","floor":53},{"not_picked":["ReplayTheSpireMod:Muscle Training+1","StuffTheSpire:Incineration"],"picked":"Anger","floor":56}],"player_experience":349635,"relics_obtained":[{"floor":6,"key":"trackpad:Compendium"},{"floor":9,"key":"Pet Ghost"},{"floor":18,"key":"wanderingMiniBosses:OtherGremlinHorn"},{"floor":23,"key":"Vajra"},{"floor":26,"key":"aspiration:StickyExplosives_weak"},{"floor":31,"key":"infinitespire:Magic Flask"},{"floor":36,"key":"StoneCalendar"},{"floor":37,"key":"Lizard Tail"},{"floor":38,"key":"wanderingMiniBosses:OtherGremlinHorn"},{"floor":43,"key":"Snack Pack"},{"floor":52,"key":"paleoftheancients:SoulOfTheSilent"},{"floor":53,"key":"paleoftheancients:BlurryLens"}],"event_choices":[{"damage_healed":0,"gold_gain":0,"cards_transformed":["Strike_R"],"player_choice":"Transformed","damage_taken":0,"max_hp_gain":0,"max_hp_loss":0,"event_name":"Transmorgrifier","floor":5,"gold_loss":0,"cards_obtained":["Entrench"]},{"damage_healed":0,"gold_gain":0,"player_choice":"Searched \u00273\u0027 times","damage_taken":0,"relics_obtained":["Chameleon Ring"],"max_hp_gain":0,"max_hp_loss":0,"event_name":"Dead Adventurer","floor":10,"gold_loss":0},{"damage_healed":0,"gold_gain":0,"player_choice":"Got Potions","damage_taken":0,"max_hp_gain":0,"max_hp_loss":0,"event_name":"Lab","floor":13,"gold_loss":0},{"damage_healed":0,"gold_gain":0,"player_choice":"Open","damage_taken":0,"relics_obtained":["hubris:MysteriousPyramids"],"max_hp_gain":0,"max_hp_loss":0,"event_name":"Elementarium:TarCoveredCasket","floor":21,"gold_loss":0,"cards_obtained":["Elementarium:StickyTar"]},{"damage_healed":0,"gold_gain":0,"player_choice":"Pray","damage_taken":0,"max_hp_gain":0,"max_hp_loss":0,"event_name":"Elementarium:VoidShrine","floor":28,"gold_loss":0,"cards_upgraded":["Demon Form"]},{"damage_healed":0,"gold_gain":0,"player_choice":"Fight","damage_taken":0,"max_hp_gain":0,"max_hp_loss":0,"event_name":"Mysterious Sphere","floor":36,"gold_loss":0},{"cards_removed":["Strike_R"],"damage_healed":0,"gold_gain":0,"player_choice":"Purged","damage_taken":0,"max_hp_gain":0,"max_hp_loss":0,"event_name":"Purifier","floor":39,"gold_loss":0}],"is_beta":false,"boss_relics":[{"not_picked":["reliquary:Ember","Calling Bell"],"picked":"Runic Cube"},{"not_picked":["Philosopher\u0027s Stone","Ring of Chaos"],"picked":"aspiration:RitualDagger"}],"items_purged_floors":[20,46],"is_endless":false,"potions_floor_spawned":[1,4,16,23,29,33,35,38,42,45,51,53],"killed_by":"paleoftheancients:N","ascension_level":0}}