{"host":"pesfwaef25r60kxm","time":1612680671,"event":{"mods":["100% Spire Juice","ATMod(阿瑾Mod)","Act Like it!","Arknights","BaseMod","Colored Powertips","Downfall","Gensokyo","Hunter 猎人","Luminous","Minty Spire (QoL Compilation)","Pale of the Ancients","Reimu（博丽灵梦）","Reliquary","Replay The Spire","RumiaBox-露米娅的神秘盒子","Shop Mod","Spicy Shops","StSLib","The Cursed","The Poker Player","The Servant 0.9.4","WarShipGirlsR/战舰少女R mod","[IsaacMod]以撒尖塔","noobMod","【功能Mod】聪明的最终Boss","【遗物卡牌】REMEMod"],"gold_per_floor":[109,125,28,46,46,377,377,592,592,610,622,652,664,706,718,832,944,973,1004,1066,1078,1107,1153,1165,1187,1199,1221,774,804,828,865,877,985,997,1027,1358,1475,1505,1517,1559,1571,1597,1632,1670,1682,1704,1044,1058,1058,1065,1085,1105,1380,807,807,848,848,478,478,478,478],"floor_reached":60,"language":"ZHS","playtime":2582,"items_purged":["Regret","Normality"],"score":1244,"play_id":"2db7bf6a-6df1-465f-a86e-f9d7c837f111","local_time":"20210207145111","is_ascension_mode":false,"campfire_choices":[{"floor":7.0,"key":"RECALL"},{"floor":15.0,"key":"DIG"},{"data":"EpicFetus","floor":24.0,"key":"SMITH"},{"data":"CleanRite:ReiMu","floor":32.0,"key":"SMITH"},{"data":"Pot Of Greed","floor":41.0,"key":"SMITH"},{"data":"Pot Of Greed","floor":45.0,"key":"SMITH"},{"floor":49.0,"key":"DIG"},{"data":"Pot Of Greed","floor":55.0,"key":"SMITH"},{"data":"Mayhem","floor":55.0,"key":"SMITH"},{"data":"Pot Of Greed","floor":57.0,"key":"SMITH"},{"data":"ShadowOfCrow2:ReiMu","floor":57.0,"key":"SMITH"}],"circlet_count":0,"master_deck":["EpicFetus+1","AT_EssenceShift","KamiSacrifice:ReiMu","TightArray:ReiMu","SpreadBorder2:ReiMu","ShadowOfCrow2:ReiMu","BlastKick2:ReiMu","NineCharacters:ReiMu","CleanRite:ReiMu+1","CareerPray:ReiMu","ShadowOfCrow2:ReiMu+1","Pot Of Greed+1","Pot Of Greed","Conquer:ReiMu","CeremonyResonance:ReiMu","MountainWay:ReiMu","Pot Of Greed+1","Revelation:ReiMu+1","AirManeuver:ReiMu+1","CleanRite:ReiMu","InherentArray:ReiMu","FineLineFantasy:ReiMu+1","YinYang:ReiMu","UniversalSpiritual:ReiMu+1","MikOfLucky:ReiMu","Pot Of Greed+1","UniversalSpiritual:ReiMu","BlastKick2:ReiMu","Determination:ReiMu","Authority:ReiMu","KyokaiOfKami:ReiMu","Authority:ReiMu","RunawayExorcism:ReiMu","Shading:ReiMu","HakureiPhantom:ReiMu","RunawayExorcism:ReiMu","KyokaiOfKami:ReiMu","Mayhem+1","Pot Of Greed+1","LearningPray:ReiMu"],"relics":["FlyPower:ReiMu","HushsDoor","ice","REME_ComplimentaryCards","AT_ATBox","SteamSale","NeowsBlessing","Gensokyo:CelestialsFlawlessClothing","ZombieArmy","reliquary:RoseTintedGlasses","MawBank","Boot","Mastiff:ReiMu","Replay:Wanted Poster","Mummified Hand","Grinning Jar","UnicornStump","PillsDrop","Toolbox","CheatingSign:ReiMu","Happy Flower","Iron Hammer","MagicDraw1","Black Star","Orichalcum","Torii","REME_PuzzleBoxRelic","SalivaCoin","GodSword7","PokeGo","AT_ArchangelStaff","Oddly Smooth Stone","Bird Faced Urn","SumBook","Strange Spoon","OrangePellets","GodSword5","paleoftheancients:Timepiece","paleoftheancients:KeyRelic","Letter Opener","FadedRune:ReiMu","Medical Kit","Replay:Arrowhead","BlankCard","Habit","GuppysTail","paleoftheancients:SoulOfTheHexaghost","AT_SunfireAegis","GodSword6","reliquary:Bookmark","MoneyPower"],"acts_visited":["Exordium","Gensokyo:Gensokyo","TheBeyond","TheBeyond"],"potions_floor_usage":[],"damage_taken":[{"damage":0.0,"enemies":"Gensokyo:Python","floor":1.0,"turns":1.0},{"damage":0.0,"enemies":"Gensokyo:2_Kodama","floor":2.0,"turns":1.0},{"damage":9.0,"enemies":"Gensokyo:3_Fairies","floor":4.0,"turns":4.0},{"damage":38.0,"enemies":"Gensokyo:Cirno","floor":6.0,"turns":6.0},{"damage":4.0,"enemies":"Gensokyo:VengefulSpirit","floor":8.0,"turns":5.0},{"damage":15.0,"enemies":"Gensokyo:3_Kodama","floor":10.0,"turns":3.0},{"damage":3.0,"enemies":"Gensokyo:Python_and_Kodama","floor":11.0,"turns":3.0},{"damage":0.0,"enemies":"Gensokyo:Aya","floor":12.0,"turns":4.0},{"damage":12.0,"enemies":"Gensokyo:Cirno","floor":14.0,"turns":5.0},{"damage":21.0,"enemies":"Gensokyo:Reimu","floor":16.0,"turns":8.0},{"damage":19.0,"enemies":"Gensokyo:AngelMirror","floor":18.0,"turns":5.0},{"damage":5.0,"enemies":"Gensokyo:CosmicMonolith","floor":19.0,"turns":4.0},{"damage":50.0,"enemies":"Hiden Room Battle","floor":20.0,"turns":5.0},{"damage":16.0,"enemies":"Gensokyo:Swordslinger","floor":22.0,"turns":4.0},{"damage":0.0,"enemies":"Gensokyo:Reisen","floor":23.0,"turns":3.0},{"damage":0.0,"enemies":"Gensokyo:Wraith","floor":25.0,"turns":4.0},{"damage":0.0,"enemies":"Gensokyo:Slime_Group","floor":27.0,"turns":2.0},{"damage":0.0,"enemies":"Gensokyo:Chomper_and_Gloop","floor":29.0,"turns":3.0},{"damage":0.0,"enemies":"Gensokyo:3_Gloops","floor":30.0,"turns":3.0},{"damage":3.0,"enemies":"Gensokyo:Koishi","floor":31.0,"turns":4.0},{"damage":19.0,"enemies":"Gensokyo:Eternal_Rivals","floor":33.0,"turns":6.0},{"damage":0.0,"enemies":"Orb Walker","floor":35.0,"turns":1.0},{"damage":0.0,"enemies":"3 Darklings","floor":36.0,"turns":3.0},{"damage":0.0,"enemies":"4 Shapes","floor":38.0,"turns":1.0},{"damage":6.0,"enemies":"R_Hoarder","floor":40.0,"turns":6.0},{"damage":20.0,"enemies":"Writhing Mass","floor":42.0,"turns":5.0},{"damage":10.0,"enemies":"Giant Head","floor":44.0,"turns":2.0},{"damage":0.0,"enemies":"Sphere and 2 Shapes","floor":46.0,"turns":3.0},{"damage":0.0,"enemies":"4 Shapes","floor":48.0,"turns":1.0},{"damage":1.0,"enemies":"Time Eater","floor":50.0,"turns":4.0},{"damage":0.0,"enemies":"Time Eater","floor":51.0,"turns":5.0},{"damage":0.0,"enemies":"Time Eater","floor":52.0,"turns":6.0},{"damage":21.0,"enemies":"Time Eater","floor":56.0,"turns":5.0},{"damage":0,"enemies":"Delirium","floor":60,"turns":1}],"seed_played":"-3300407297939616324","potions_obtained":[{"floor":2.0,"key":"Elixir"},{"floor":4.0,"key":"Fire Potion"},{"floor":8.0,"key":"Adrenaline Potion"},{"floor":11.0,"key":"Fruit Juice"},{"floor":12.0,"key":"LiquidMemories"},{"floor":20.0,"key":"HakureiPotion:ReiMu"},{"floor":23.0,"key":"Milkshake"}],"is_trial":false,"path_per_floor":["M","M","COS","M","?","E","R","M","T","M","M","E","?","E","R","B",null,"M","M","?","?","M","E","R","M","T","M","COS","M","M","E","R","B",null,"M","M","?","M","?","E","R","M","T","E","R","M","$","M","R","B","M","M","?","$","R","M","R","$","?","B"],"character_chosen":"REIMU","items_purchased":["AT_ArchangelStaff","Oddly Smooth Stone","Bird Faced Urn","SumBook","Strange Spoon","OrangePellets","Mayhem","FadedRune:ReiMu","Medical Kit","Replay:Arrowhead","BlankCard","Habit","GuppysTail","AT_SunfireAegis","GodSword6","reliquary:Bookmark","MoneyPower"],"campfire_rested":0,"item_purchase_floors":[47,47,47,47,47,47,47,54,54,54,54,54,54,58,58,58,58],"current_hp_per_floor":[65,65,65,56,40,65,65,61,61,46,48,48,48,36,36,15,93,74,69,19,19,111,111,111,111,111,111,111,111,111,108,108,89,138,138,138,82,82,82,76,76,56,56,46,46,46,46,52,52,166,167,174,174,174,174,176,176,176,176,176,176],"gold":478,"neow_bonus":"THREE_ENEMY_KILL","is_daily":false,"chose_seed":false,"campfire_upgraded":8,"win_rate":0.0,"timestamp":1612680671,"path_taken":["M","M","COS","M","?","E","R","?","T","M","M","E","?","E","R","BOSS","M","M","?","?","M","E","R","M","T","?","COS","M","M","E","R","BOSS","M","M","?","M","?","E","R","M","T","E","R","M","$","?","R","BOSS","M","M","?","$","R","M","R","$","?","BOSS"],"items_purchased_type":["Relic","Relic","Relic","Relic","Relic","Relic","Card","Relic","Relic","Relic","Relic","Relic","Relic","Relic","Relic","Relic","Relic"],"build_version":"2020-12-22","purchased_purges":2,"victory":false,"max_hp_per_floor":[65,65,65,65,65,65,65,67,67,71,79,82,82,88,88,93,93,99,102,109,109,111,116,116,124,124,125,125,129,129,132,132,138,138,138,142,142,142,142,145,145,151,151,151,151,153,153,155,155,166,167,175,175,175,175,188,188,188,188,188,188],"card_choices":[{"not_picked":[],"picked":"EpicFetus","floor":0.0},{"not_picked":["Meditation:ReiMu","Amulet:ReiMu","OrbThrow:ReiMu"],"picked":"SKIP","floor":1.0},{"not_picked":["SubAcupoint:ReiMu","WonderfulDomain:ReiMu"],"picked":"KamiSacrifice:ReiMu","floor":2.0},{"not_picked":["SpreadBorder2:ReiMu","SpringWay:ReiMu"],"picked":"TightArray:ReiMu","floor":4.0},{"not_picked":["Intuition:ReiMu","WonderfulDomain:ReiMu"],"picked":"SpreadBorder2:ReiMu","floor":6.0},{"not_picked":["KamiSacrifice:ReiMu","SubcavityInstant:ReiMu"],"picked":"ShadowOfCrow2:ReiMu","floor":8.0},{"not_picked":["PayForSelf:ReiMu","AlertArray:ReiMu"],"picked":"BlastKick2:ReiMu","floor":10.0},{"not_picked":["TightArray:ReiMu","AirStrike:ReiMu","FantasyBorder:ReiMu"],"picked":"SKIP","floor":11.0},{"not_picked":["SubcavityInstant:ReiMu","SpringWay:ReiMu","Intuition:ReiMu"],"picked":"SKIP","floor":12.0},{"not_picked":["KamiSacrifice:ReiMu","OctopathBindingBorder2:ReiMu"],"picked":"NineCharacters:ReiMu","floor":14.0},{"not_picked":["BlastKick2:ReiMu","Determination:ReiMu"],"picked":"CleanRite:ReiMu","floor":16.0},{"not_picked":["PayForSelf:ReiMu+1","Enchanting:ReiMu"],"picked":"CareerPray:ReiMu","floor":18.0},{"not_picked":["PassingAway:ReiMu","Enchanting:ReiMu","AirStrike:ReiMu"],"picked":"SKIP","floor":19.0},{"not_picked":["Intuition:ReiMu","SafetyPray:ReiMu"],"picked":"Conquer:ReiMu","floor":20.0},{"not_picked":["Conquer:ReiMu","PayForSelf:ReiMu","Intuition:ReiMu"],"picked":"SKIP","floor":22.0},{"not_picked":["Conquer:ReiMu+1","MountainWay:ReiMu"],"picked":"CeremonyResonance:ReiMu","floor":23.0},{"not_picked":["FantasyMoon:ReiMu","CareerPray:ReiMu","Amulet:ReiMu"],"picked":"SKIP","floor":25.0},{"not_picked":["WonderfulDomain:ReiMu","PassingAway:ReiMu"],"picked":"MountainWay:ReiMu","floor":27.0},{"not_picked":["EmergencyTakeOff:ReiMu+1","PassingAway:ReiMu","WonderfulDomain:ReiMu"],"picked":"SKIP","floor":29.0},{"not_picked":["KamiSacrifice:ReiMu","SubAcupoint:ReiMu"],"picked":"Revelation:ReiMu+1","floor":30.0},{"not_picked":["Enchanting:ReiMu","AlertArray:ReiMu"],"picked":"AirManeuver:ReiMu+1","floor":31.0},{"not_picked":["RunawayExorcism:ReiMu","OctopathSalyBorderN:ReiMu"],"picked":"CleanRite:ReiMu","floor":33.0},{"not_picked":["Conquer:ReiMu","SpringWay:ReiMu+1"],"picked":"InherentArray:ReiMu","floor":35.0},{"not_picked":["SpiritualOutbreak2:ReiMu","OrbThrow:ReiMu","SpringWay:ReiMu"],"picked":"SKIP","floor":36.0},{"not_picked":["BarrageOfMoneybags:ReiMu+1","Amulet:ReiMu+1"],"picked":"FineLineFantasy:ReiMu+1","floor":37.0},{"not_picked":["SubcavityInstant:ReiMu+1","DoubleButterfly:ReiMu+1"],"picked":"YinYang:ReiMu","floor":37.0},{"not_picked":["Gathering:ReiMu+1","FantasyBorder:ReiMu"],"picked":"UniversalSpiritual:ReiMu+1","floor":38.0},{"not_picked":["SubcavityInstant:ReiMu+1","BarrageOfMoneybags:ReiMu","Shading:ReiMu"],"picked":"SKIP","floor":40.0},{"not_picked":["EmergencyTakeOff:ReiMu+1","AlertArray:ReiMu","TakeOff:ReiMu"],"picked":"SKIP","floor":42.0},{"not_picked":["Meditation:ReiMu","SubcavityInstant:ReiMu+1"],"picked":"MikOfLucky:ReiMu","floor":44.0},{"not_picked":["SubAcupoint:ReiMu","Enchanting:ReiMu"],"picked":"UniversalSpiritual:ReiMu","floor":46.0},{"not_picked":["Meditation:ReiMu","MikOfLucky:ReiMu+1","CardOfSanctity:ReiMu"],"picked":"SKIP","floor":48.0},{"not_picked":["SubcavityInstant:ReiMu+1","SpringWay:ReiMu","Amulet:ReiMu+1"],"picked":"SKIP","floor":51.0},{"not_picked":["Revelation:ReiMu+1","CardOfSanctity:ReiMu"],"picked":"LearningPray:ReiMu","floor":52.0},{"not_picked":["CareerPray:ReiMu","Amulet:ReiMu+1","OrbThrow:ReiMu+1"],"picked":"SKIP","floor":56.0}],"player_experience":220032,"relics_obtained":[{"floor":6.0,"key":"ZombieArmy"},{"floor":12.0,"key":"MawBank"},{"floor":14.0,"key":"Boot"},{"floor":15.0,"key":"Mastiff:ReiMu"},{"floor":20.0,"key":"Mummified Hand"},{"floor":20.0,"key":"Grinning Jar"},{"floor":23.0,"key":"UnicornStump"},{"floor":26.0,"key":"PillsDrop"},{"floor":31.0,"key":"Iron Hammer"},{"floor":40.0,"key":"Orichalcum"},{"floor":40.0,"key":"Torii"},{"floor":43.0,"key":"REME_PuzzleBoxRelic"},{"floor":44.0,"key":"SalivaCoin"},{"floor":44.0,"key":"GodSword7"},{"floor":49.0,"key":"GodSword5"},{"floor":56.0,"key":"paleoftheancients:SoulOfTheHexaghost"}],"event_choices":[{"damage_healed":0.0,"max_hp_gain":0.0,"max_hp_loss":0.0,"gold_gain":0.0,"event_name":"HidenRoomEvent","player_choice":"Fight","floor":20.0,"gold_loss":0.0,"damage_taken":0.0},{"damage_healed":0.0,"max_hp_gain":0.0,"max_hp_loss":0.0,"gold_gain":0.0,"event_name":"Tomb of Lord Red Mask","player_choice":"Ignored","floor":39.0,"gold_loss":0.0,"damage_taken":0.0},{"damage_healed":0.0,"max_hp_gain":0.0,"max_hp_loss":0.0,"gold_gain":275.0,"event_name":"Golden Shrine","player_choice":"Desecrate","floor":53.0,"gold_loss":0.0,"damage_taken":0.0,"cards_obtained":["Regret"]}],"is_beta":false,"boss_relics":[{"not_picked":["Sozu","reliquary:WritOfMandamus"],"picked":"Replay:Wanted Poster"},{"not_picked":[]},{"not_picked":["Painkiller Herb","Runic Dome"],"picked":"Black Star"},{"not_picked":[]}],"items_purged_floors":[54,58],"is_endless":false,"potions_floor_spawned":[2,4,8,11,12,19,20,23,25,33,35,36,38,40,46,48,56],"killed_by":"Delirium","ascension_level":0}}