{"host":"x9frttga5yiwhf39","time":1612673902,"event":{"mods":["Astrologer","BaseMod","Better Third Choice","Block Reminder","Colored Map","DeckTracker","Downfall","Highlight Path","Minty Spire (QoL Compilation)","Permanent Neow","StSLib","The Administrix","The Construct","The Cursed","The Disciple","The Gatherer","The Marked","The Runesmith","The Servant 0.9.4"],"gold_per_floor":[99,117,136,136,136,154,154,164,180,207,222,253,53,68,84,188,188,188,199,217,132,148,148,175,185,185,185,185,185,199,218,229,229,229],"floor_reached":33,"language":"ENG","playtime":1730,"items_purged":[],"score":330,"play_id":"36deb041-be67-46b3-8697-4cf02e503d3f","local_time":"20210206235822","is_ascension_mode":false,"campfire_choices":[{"floor":1,"key":"RECALL"},{"floor":13,"key":"REST"},{"data":"Runesmith:DoubleUp","floor":18,"key":"SMITH"},{"data":"Runesmith:LithiumIon","floor":23,"key":"SMITH"},{"data":"Runesmith:Grindstone","floor":26,"key":"SMITH"},{"floor":28,"key":"REST"}],"circlet_count":0,"master_deck":["Runesmith:Strike_RS","Runesmith:Strike_RS","Runesmith:Strike_RS","Runesmith:Strike_RS","Runesmith:Defend_RS","Runesmith:Defend_RS","Runesmith:Defend_RS","Runesmith:Defend_RS","Runesmith:CraftFirestone","Runesmith:Fortify","Runesmith:CraftMedicinae","Runesmith:CraftMagma","Runesmith:BackupBattery","Runesmith:CraftIncendium","Runesmith:CraftVitae","Runesmith:LightningRod","Runesmith:DoubleUp+1","Runesmith:CraftProtectio","Runesmith:FissionHammer+1","Runesmith:ChiselStab","Runesmith:Grindstone+1","Runesmith:LithiumIon+1","Runesmith:EarthShield+1","downfall:Bewildered","Runesmith:EnergizedChisel+1","Runesmith:HeatedChisel+1"],"relics":["Runesmith:BrokenRuby","Centennial Puzzle","Pen Nib","downfall:HeartBlessingRed","downfall:HeartBlessingBlue","construct:WeddingRing","Toy Ornithopter","sneckomod:BabySnecko"],"acts_visited":["Exordium","TheCity"],"potions_floor_usage":[33,33],"damage_taken":[{"damage":2,"enemies":"Small Slimes","floor":2,"turns":4},{"damage":6,"enemies":"Jaw Worm","floor":3,"turns":5},{"damage":1,"enemies":"Cultist","floor":6,"turns":4},{"damage":16,"enemies":"Gremlin Gang","floor":8,"turns":5},{"damage":11,"enemies":"Exordium Wildlife","floor":9,"turns":5},{"damage":5,"enemies":"2 Fungi Beasts","floor":11,"turns":4},{"damage":19,"enemies":"3 Sentries","floor":12,"turns":8},{"damage":17,"enemies":"Exordium Thugs","floor":14,"turns":4},{"damage":1,"enemies":"3 Louse","floor":15,"turns":4},{"damage":0,"enemies":"SI_SHIV_ARCHETYPE","floor":16,"turns":16},{"damage":6,"enemies":"Chosen","floor":19,"turns":5},{"damage":4,"enemies":"Shell Parasite","floor":20,"turns":6},{"damage":7,"enemies":"downfall:FleeingMerchant","floor":21,"turns":4},{"damage":3,"enemies":"Centurion and Healer","floor":22,"turns":8},{"damage":23,"enemies":"Snake Plant","floor":25,"turns":4},{"damage":10,"enemies":"Cultist and Chosen","floor":30,"turns":7},{"damage":0,"enemies":"Centurion and Healer","floor":31,"turns":9},{"damage":12,"enemies":"Snake Plant","floor":32,"turns":5},{"damage":84,"enemies":"DF_ARCHETYPE_CLAW","floor":33,"turns":9}],"seed_played":"1536277114459779248","potions_obtained":[{"floor":5,"key":"CultistPotion"},{"floor":5,"key":"GamblersBrew"},{"floor":5,"key":"bronze:BurnAndBuffPotion"},{"floor":6,"key":"FairyPotion"},{"floor":9,"key":"Fruit Juice"},{"floor":14,"key":"Energy Potion"}],"is_trial":false,"path_per_floor":["R","M","M","?","?","M","T","M","M","T","M","E","R","M","M","B",null,"R","M","M","$","M","R","T","M","R","?","R","?","M","M","M","B"],"character_chosen":"RUNESMITH_CLASS","items_purchased":["Runesmith:LithiumIon"],"campfire_rested":2,"item_purchase_floors":[21],"current_hp_per_floor":[70,68,62,62,62,61,61,45,34,34,29,10,44,27,26,26,80,80,74,70,63,60,60,60,40,40,40,64,64,54,54,42,0,0],"gold":229,"neow_bonus":"ONE_RANDOM_RARE_CARD","is_daily":false,"chose_seed":false,"campfire_upgraded":3,"win_rate":0.0,"timestamp":1612673902,"path_taken":["R","M","M","?","?","M","T","?","?","?","M","E","R","M","M","BOSS","R","M","M","$","M","R","T","M","R","?","R","?","M","M","M","BOSS"],"items_purchased_type":["Card"],"build_version":"2020-12-22","purchased_purges":0,"victory":false,"max_hp_per_floor":[70,70,70,70,70,70,70,70,70,70,70,70,80,80,80,80,80,80,80,80,80,80,80,80,80,80,80,80,80,80,80,80,85,85],"card_choices":[{"not_picked":["Runesmith:RuneHurl","Runesmith:Grindstone"],"picked":"Runesmith:CraftMagma","floor":2},{"not_picked":["Runesmith:UnstableHammer","Runesmith:CraftSpiculum"],"picked":"Runesmith:BackupBattery","floor":3},{"not_picked":["Runesmith:HeatedChisel","Runesmith:Supernova"],"picked":"Runesmith:CraftIncendium","floor":6},{"not_picked":["Runesmith:ElementalConversion","Runesmith:StaticCage"],"picked":"Runesmith:CraftVitae","floor":8},{"not_picked":["Runesmith:HeatExchange","Runesmith:BackupBattery","Runesmith:ShiftingStrike"],"picked":"SKIP","floor":9},{"not_picked":["Runesmith:HammerTime","Runesmith:Electrocute","Runesmith:Malloc"],"picked":"SKIP","floor":11},{"not_picked":["Runesmith:HammerTime","Runesmith:Discharge"],"picked":"Runesmith:LightningRod","floor":12},{"not_picked":["Runesmith:Permafrost","Runesmith:CraftReservo"],"picked":"Runesmith:DoubleUp","floor":14},{"not_picked":["Runesmith:CraftObretio","Runesmith:CraftMagma"],"picked":"Runesmith:CraftProtectio","floor":15},{"not_picked":["Runesmith:GrandSlam","Runesmith:LastStand"],"picked":"Runesmith:FissionHammer","floor":16},{"not_picked":["Runesmith:Malloc","Runesmith:StaticCage"],"picked":"Runesmith:ChiselStab","floor":19},{"not_picked":["Runesmith:FrozenChisel","Runesmith:HeatExchange"],"picked":"Runesmith:Grindstone","floor":20},{"not_picked":["Runesmith:FissionHammer","Runesmith:StaticCage+1","Runesmith:MakeshiftArmor"],"picked":"SKIP","floor":21},{"not_picked":["Runesmith:Overpower","Runesmith:DuctTape","Runesmith:CraftProtectio"],"picked":"SKIP","floor":22},{"not_picked":["Runesmith:ShiftingStrike","Runesmith:HeatExchange+1"],"picked":"Runesmith:EarthShield+1","floor":25},{"not_picked":["Runesmith:CraftMagma","Runesmith:UnstableHammer","Runesmith:ShiftingStrike"],"picked":"SKIP","floor":30},{"not_picked":["Runesmith:OneForEveryone","Runesmith:Repurpose"],"picked":"Runesmith:EnergizedChisel+1","floor":31},{"not_picked":["Runesmith:ChiselStab+1","Runesmith:HammerThrow"],"picked":"Runesmith:HeatedChisel+1","floor":32}],"player_experience":139424,"relics_obtained":[{"floor":10,"key":"Centennial Puzzle"},{"floor":12,"key":"Pen Nib"},{"floor":24,"key":"Toy Ornithopter"}],"event_choices":[{"damage_healed":0,"gold_gain":0,"player_choice":"Got Potions","damage_taken":0,"max_hp_gain":0,"max_hp_loss":0,"event_name":"Lab","floor":5,"gold_loss":0},{"damage_healed":0,"gold_gain":0,"player_choice":"Forge","damage_taken":0,"max_hp_gain":0,"max_hp_loss":0,"event_name":"Accursed Blacksmith","floor":29,"gold_loss":0,"cards_upgraded":["Runesmith:FissionHammer"]}],"is_beta":false,"boss_relics":[{"not_picked":["Fusion Hammer","construct:ClawGrip"],"picked":"construct:WeddingRing"}],"items_purged_floors":[],"is_endless":false,"potions_floor_spawned":[6,9,14,16,20,22,30,32],"killed_by":"DF_ARCHETYPE_CLAW","ascension_level":0}}