{"host":"Qube","time":1612741965,"event":{"mods":["AchievementEnabler","BaseMod","Colored Map","Colored Powertips","Highlight Path","Minty Spire (QoL Compilation)","Permanent Neow","Quick Restart","Random Character Button","StSLib"],"gold_per_floor":[115,127,147,147,167,167,183,209,286,66,76,76,76,76],"floor_reached":13,"language":"ENG","playtime":5044,"items_purged":[],"score":174,"play_id":"5ac97052-0b9e-4e27-ac69-ea48d5015383","local_time":"20210207155245","is_ascension_mode":true,"campfire_choices":[{"data":"Zap","floor":6.0,"key":"SMITH"}],"circlet_count":0,"master_deck":["AscendersBane","Strike_B","Strike_B","Strike_B","Strike_B","Defend_B","Defend_B","Defend_B","Defend_B","Zap+1","Dualcast","Streamline","Recycle","FTL","Gash","Go for the Eyes","Loop","Leap","Self Repair"],"relics":["Cracked Core","Unceasing Top","Sundial","Singing Bowl","Strawberry"],"acts_visited":["Exordium"],"potions_floor_usage":[7,7,8,13],"damage_taken":[{"damage":5.0,"enemies":"Small Slimes","floor":1.0,"turns":3.0},{"damage":1.0,"enemies":"Cultist","floor":2.0,"turns":3.0},{"damage":0.0,"enemies":"Jaw Worm","floor":3.0,"turns":3.0},{"damage":5.0,"enemies":"2 Fungi Beasts","floor":5.0,"turns":3.0},{"damage":3,"enemies":"Blue Slaver","floor":7,"turns":4},{"damage":38,"enemies":"Gremlin Nob","floor":8,"turns":4},{"damage":6,"enemies":"Looter","floor":11,"turns":3},{"damage":15,"enemies":"3 Sentries","floor":13,"turns":2}],"seed_played":"-4665133563383055464","potions_obtained":[{"floor":1.0,"key":"Block Potion"},{"floor":2.0,"key":"ColorlessPotion"},{"floor":7,"key":"Swift Potion"},{"floor":8,"key":"Block Potion"}],"is_trial":false,"path_per_floor":["M","M","M","?","M","R","M","E","T","$","M","?","E"],"character_chosen":"DEFECT","items_purchased":["Strawberry","Leap"],"campfire_rested":0,"item_purchase_floors":[10,10],"current_hp_per_floor":[59,58,58,58,53,53,50,12,12,19,13,13,0,0],"gold":76,"neow_bonus":"ONE_RARE_RELIC","is_daily":false,"chose_seed":false,"campfire_upgraded":1,"win_rate":0.0,"timestamp":1612741965,"path_taken":["M","M","M","?","M","R","M","E","T","?","M","?","E"],"items_purchased_type":["Relic","Card"],"build_version":"2020-12-18","purchased_purges":0,"victory":false,"max_hp_per_floor":[64,64,64,64,64,64,64,64,64,71,71,71,71,71],"card_choices":[{"not_picked":["Defragment","Hologram"],"picked":"Streamline","floor":1.0},{"not_picked":["Compile Driver","Consume"],"picked":"Recycle","floor":2.0},{"not_picked":["Sweeping Beam","Stack"],"picked":"FTL","floor":3.0},{"not_picked":["Turbo","Cold Snap"],"picked":"Gash","floor":5.0},{"not_picked":["Capacitor","Compile Driver"],"picked":"Go for the Eyes","floor":7},{"not_picked":["Skim","Reprogram"],"picked":"Loop","floor":8},{"not_picked":["Ball Lightning","Melter"],"picked":"Self Repair","floor":11}],"player_experience":1105932,"relics_obtained":[{"floor":8,"key":"Sundial"},{"floor":9,"key":"Singing Bowl"}],"event_choices":[{"damage_healed":0.0,"max_hp_gain":0.0,"max_hp_loss":0.0,"gold_gain":0.0,"event_name":"Match and Keep!","player_choice":"0 cards matched","floor":4.0,"gold_loss":0.0,"damage_taken":0.0,"cards_obtained":[]},{"damage_healed":0,"gold_gain":0,"player_choice":"Ignored","damage_taken":0,"max_hp_gain":0,"max_hp_loss":0,"event_name":"Liars Game","floor":12,"gold_loss":0}],"is_beta":true,"boss_relics":[],"items_purged_floors":[],"is_endless":false,"potions_floor_spawned":[1,2,7,8],"killed_by":"3 Sentries","ascension_level":20}}