{"host":"t75twhtg6c476ygg","time":1612709377,"event":{"mods":["AchievementEnabler","BaseMod","Colored Powertips","Minty Spire (QoL Compilation)","Quick Restart","Relic Stats","StSLib","SuperFastMode"],"gold_per_floor":[114,114,133,152,152,171,190,228,303,303,341,360,379,454,454,454,454],"floor_reached":16,"language":"ENG","playtime":633,"items_purged":[],"score":139,"play_id":"229fa551-651d-42be-b25f-7b4f31fbd6cc","local_time":"20210207144937","daily_mods":["Heirloom","ControlledChaos","Lethality"],"is_ascension_mode":false,"campfire_choices":[{"data":"Eviscerate","floor":10,"key":"SMITH"},{"floor":15,"key":"REST"}],"circlet_count":0,"master_deck":["Survivor+1","Neutralize+1","Eviscerate+1","Backflip","Underhanded Strike"],"relics":["Ring of the Snake","Frozen Eye","Thread and Needle","Golden Idol","Pandora\u0027s Box","Bird Faced Urn","Matryoshka","Boot"],"acts_visited":["Exordium"],"potions_floor_usage":[7,8,16,16,16],"damage_taken":[{"damage":0.0,"enemies":"2 Louse","floor":1.0,"turns":3.0},{"damage":0.0,"enemies":"Jaw Worm","floor":3.0,"turns":3.0},{"damage":0.0,"enemies":"Cultist","floor":4.0,"turns":2.0},{"damage":0,"enemies":"Looter","floor":6,"turns":2},{"damage":12,"enemies":"Gremlin Gang","floor":7,"turns":4},{"damage":7,"enemies":"Lagavulin","floor":8,"turns":6},{"damage":0,"enemies":"Gremlin Nob","floor":11,"turns":3},{"damage":0,"enemies":"Red Slaver","floor":12,"turns":2},{"damage":0,"enemies":"Blue Slaver","floor":13,"turns":1},{"damage":36,"enemies":"The Guardian","floor":16,"turns":6}],"seed_played":"8884597751285247366","potions_obtained":[{"floor":3.0,"key":"SneckoOil"},{"floor":6,"key":"AttackPotion"},{"floor":8,"key":"Strength Potion"},{"floor":13,"key":"EntropicBrew"}],"is_trial":false,"path_per_floor":["M","?","M","M","?","M","M","E","T","R","E","M","M","?","R","B"],"character_chosen":"THE_SILENT","items_purchased":[],"campfire_rested":1,"item_purchase_floors":[],"current_hp_per_floor":[70,53,53,53,39,39,27,20,20,20,20,20,20,9,30,0,0],"gold":454,"neow_bonus":"","is_daily":true,"chose_seed":false,"campfire_upgraded":1,"win_rate":0.0,"timestamp":1612709377,"path_taken":["M","?","M","M","?","M","M","E","T","R","E","?","M","?","R","BOSS"],"items_purchased_type":[],"build_version":"2020-12-22","purchased_purges":0,"victory":false,"max_hp_per_floor":[70,70,70,70,70,70,70,70,70,70,70,70,70,70,70,70,70],"relic_stats":{"counters":[10,32],"Golden Idol":40,"Bird Faced Urn":[6],"Pandora\u0027s Box":["Die Die Die","Die Die Die","Dash","Cloak And Dagger","Escape Plan","Bouncing Flask","Endless Agony","Endless Agony","Concentrate","Sucker Punch"],"Boot":[0],"obtain_stats":[{"Frozen Eye":0,"Matryoshka":9,"Golden Idol":2,"Bird Faced Urn":8,"Thread and Needle":0,"Pandora\u0027s Box":2,"Boot":11,"Ring of the Snake":0},{"Frozen Eye":0,"Matryoshka":6,"Golden Idol":1,"Bird Faced Urn":6,"Thread and Needle":0,"Pandora\u0027s Box":1,"Boot":7,"Ring of the Snake":0},{"Frozen Eye":0,"Matryoshka":20,"Golden Idol":3,"Bird Faced Urn":20,"Thread and Needle":0,"Pandora\u0027s Box":3,"Boot":23,"Ring of the Snake":0}],"Ring of the Snake":[2]},"card_choices":[{"not_picked":["Prepared","Dodge and Roll","Deflect"],"picked":"SKIP","floor":1.0},{"not_picked":["Eviscerate","Prepared","Deflect"],"picked":"SKIP","floor":3.0},{"not_picked":["Prepared","Deflect"],"picked":"Eviscerate","floor":3.0},{"not_picked":["PiercingWail","Dodge and Roll","Outmaneuver"],"picked":"SKIP","floor":4.0},{"not_picked":["Bane","Outmaneuver"],"picked":"Backflip","floor":6},{"not_picked":["Malaise","Tactician","Quick Slash"],"picked":"SKIP","floor":7},{"not_picked":["Bane","Prepared","Flying Knee"],"picked":"SKIP","floor":8},{"not_picked":["Storm of Steel","Flying Knee","Footwork"],"picked":"SKIP","floor":11},{"not_picked":["Storm of Steel","Flying Knee","Footwork"],"picked":"SKIP","floor":11},{"not_picked":["Deadly Poison","Backstab"],"picked":"Underhanded Strike","floor":12},{"not_picked":["Cloak And Dagger","Sucker Punch","Flying Knee"],"picked":"SKIP","floor":13}],"player_experience":359930,"relics_obtained":[{"floor":8,"key":"Bird Faced Urn"},{"floor":9,"key":"Matryoshka"},{"floor":11,"key":"Boot"}],"event_choices":[{"damage_healed":0.0,"max_hp_gain":0.0,"max_hp_loss":0.0,"gold_gain":0.0,"event_name":"Golden Idol","player_choice":"Take Damage","floor":2.0,"gold_loss":0.0,"damage_taken":17.0,"relics_obtained":["Golden Idol"]},{"damage_healed":0.0,"max_hp_gain":0.0,"max_hp_loss":0.0,"gold_gain":0.0,"event_name":"Shining Light","player_choice":"Entered Light","floor":5.0,"gold_loss":0.0,"damage_taken":14.0,"cards_upgraded":["Neutralize","Survivor"]},{"damage_healed":0,"gold_gain":75,"player_choice":"Gather Gold","damage_taken":11,"max_hp_gain":0,"max_hp_loss":0,"event_name":"World of Goop","floor":14,"gold_loss":0}],"is_beta":false,"boss_relics":[],"items_purged_floors":[],"is_endless":false,"potions_floor_spawned":[3,6,8,13],"killed_by":"The Guardian","ascension_level":0}}