{"host":"xsuxkwaivmtd234a","time":1612727694,"event":{"mods":["BaseMod","Colored Map","Filter the Spire","Minty Spire (QoL Compilation)","Relic Stats","StSLib"],"gold_per_floor":[113,125,141,37,54,54,71,96,96,96,96,121,121,150,150,247,247,257,268,268,282,192,192,207,207,207,240,240,251,251,279,279,374,374,388,402,402,402,402],"floor_reached":38,"language":"ENG","playtime":1725,"items_purged":[],"score":574,"play_id":"183a61b9-3dd6-475b-b4a5-0d326f40e344","local_time":"20210207145454","is_ascension_mode":true,"campfire_choices":[{"data":"Uppercut","floor":6,"key":"SMITH"},{"data":"Fiend Fire","floor":10,"key":"SMITH"},{"data":"Inflame","floor":15,"key":"SMITH"},{"floor":23,"key":"REST"},{"floor":25,"key":"DIG"},{"floor":28,"key":"DIG"},{"floor":32,"key":"DIG"}],"circlet_count":0,"master_deck":["Bash","Inflame+1","Whirlwind","Uppercut+1","Feel No Pain","Armaments","True Grit","Reaper","Fiend Fire+1","Feel No Pain","Feed","CurseOfTheBell","Shrug It Off","Necronomicurse","Shrug It Off+1","Corruption","Shame","Reaper","Uppercut","Limit Break","Blood for Blood","Twin Strike","Second Wind","Infernal Blade","Evolve","Warcry","Havoc+1","Enlightenment","Metamorphosis","PanicButton"],"relics":["Mark of Pain","Happy Flower","Matryoshka","Turnip","The Courier","Calling Bell","Art of War","StrikeDummy","Shovel","Necronomicon","PreservedInsect","Nunchaku","Toy Ornithopter","War Paint","Kunai","Regal Pillow","Bronze Scales","Pandora\u0027s Box"],"acts_visited":["Exordium","TheCity","TheBeyond"],"potions_floor_usage":[5,8,12,16,21,33,33,33],"damage_taken":[{"damage":2,"enemies":"Jaw Worm","floor":1,"turns":3},{"damage":1,"enemies":"Cultist","floor":2,"turns":3},{"damage":0,"enemies":"Small Slimes","floor":3,"turns":3},{"damage":10,"enemies":"Gremlin Gang","floor":5,"turns":4},{"damage":1,"enemies":"2 Fungi Beasts","floor":7,"turns":2},{"damage":8,"enemies":"3 Sentries","floor":8,"turns":10},{"damage":10,"enemies":"Lagavulin","floor":12,"turns":6},{"damage":20,"enemies":"3 Sentries","floor":14,"turns":3},{"damage":63,"enemies":"The Guardian","floor":16,"turns":13},{"damage":15,"enemies":"Shell Parasite","floor":18,"turns":7},{"damage":12,"enemies":"Spheric Guardian","floor":19,"turns":4},{"damage":12,"enemies":"Centurion and Healer","floor":21,"turns":6},{"damage":7,"enemies":"Sentry and Sphere","floor":24,"turns":5},{"damage":0,"enemies":"Slavers","floor":27,"turns":1},{"damage":28,"enemies":"Cultist and Chosen","floor":29,"turns":11},{"damage":20,"enemies":"Book of Stabbing","floor":31,"turns":6},{"damage":30,"enemies":"Champ","floor":33,"turns":9},{"damage":0,"enemies":"Orb Walker","floor":35,"turns":3},{"damage":27,"enemies":"3 Darklings","floor":36,"turns":5},{"damage":65,"enemies":"2 Orb Walkers","floor":38,"turns":2}],"seed_played":"-1125811608451902106","potions_obtained":[{"floor":2,"key":"Fire Potion"},{"floor":3,"key":"BloodPotion"},{"floor":7,"key":"Dexterity Potion"},{"floor":8,"key":"CultistPotion"},{"floor":19,"key":"Block Potion"},{"floor":21,"key":"Energy Potion"},{"floor":27,"key":"AttackPotion"},{"floor":31,"key":"Dexterity Potion"}],"is_trial":false,"path_per_floor":["M","M","M","$","M","R","M","E","T","R","?","E","?","E","R","B",null,"M","M","?","M","?","R","M","R","T","E","R","M","?","E","R","B",null,"M","M","?","?"],"character_chosen":"IRONCLAD","items_purchased":["Feel No Pain","Armaments"],"campfire_rested":1,"item_purchase_floors":[4,4],"current_hp_per_floor":[78,77,77,77,67,67,66,76,76,76,76,77,77,57,57,20,65,50,45,29,33,33,57,69,69,69,69,69,54,54,58,58,63,83,89,71,61,0,0],"gold":402,"neow_bonus":"BOSS_RELIC","is_daily":false,"chose_seed":false,"campfire_upgraded":3,"win_rate":0.0,"timestamp":1612727694,"path_taken":["M","M","M","$","M","R","M","E","T","R","?","E","?","E","R","BOSS","M","?","?","M","?","R","?","R","T","E","R","M","?","E","R","BOSS","M","M","?","?"],"items_purchased_type":["Card","Card"],"build_version":"2020-12-22","purchased_purges":0,"victory":false,"max_hp_per_floor":[80,80,80,80,80,80,80,80,80,80,80,80,80,80,80,80,80,80,80,80,83,83,83,83,83,83,83,83,86,86,90,90,90,90,90,90,90,90,90],"relic_stats":{"Regal Pillow":0,"Happy Flower":[27],"counters":[20,106],"PreservedInsect":81,"War Paint":["Shrug It Off","Defend_R"],"Nunchaku":[6],"Shovel":3,"Bronze Scales":[46],"Pandora\u0027s Box":["Uppercut","Limit Break","Blood for Blood","Twin Strike","Second Wind","Infernal Blade","Evolve","Warcry"],"Turnip":[20],"Art of War":[7],"Necronomicon":[30],"Kunai":[10],"obtain_stats":[{"Regal Pillow":31,"Happy Flower":8,"The Courier":14,"PreservedInsect":25,"War Paint":28,"Burning Blood":0,"Calling Bell":17,"Nunchaku":26,"Matryoshka":9,"Shovel":17,"Bronze Scales":32,"Pandora\u0027s Box":34,"Mark of Pain":0,"Turnip":12,"Art of War":17,"Necronomicon":20,"Kunai":30,"StrikeDummy":17,"Toy Ornithopter":27},{"Regal Pillow":16,"Happy Flower":6,"The Courier":8,"PreservedInsect":13,"War Paint":14,"Burning Blood":0,"Calling Bell":9,"Nunchaku":13,"Matryoshka":6,"Shovel":9,"Bronze Scales":16,"Pandora\u0027s Box":17,"Mark of Pain":0,"Turnip":7,"Art of War":9,"Necronomicon":11,"Kunai":15,"StrikeDummy":9,"Toy Ornithopter":14},{"Regal Pillow":87,"Happy Flower":25,"The Courier":34,"PreservedInsect":69,"War Paint":70,"Burning Blood":0,"Calling Bell":47,"Nunchaku":69,"Matryoshka":25,"Shovel":47,"Bronze Scales":87,"Pandora\u0027s Box":96,"Mark of Pain":0,"Turnip":31,"Art of War":47,"Necronomicon":58,"Kunai":81,"StrikeDummy":47,"Toy Ornithopter":70}],"Toy Ornithopter":15},"card_choices":[{"not_picked":["Havoc","Sever Soul"],"picked":"Inflame","floor":1},{"not_picked":["Reckless Charge","Heavy Blade"],"picked":"Whirlwind","floor":2},{"not_picked":["Rupture","Combust"],"picked":"Uppercut","floor":3},{"not_picked":["Body Slam","Twin Strike"],"picked":"True Grit","floor":5},{"not_picked":["Sentinel","Armaments"],"picked":"Reaper","floor":7},{"not_picked":["Perfected Strike","Twin Strike"],"picked":"Fiend Fire","floor":8},{"not_picked":["Warcry","Iron Wave","True Grit"],"picked":"SKIP","floor":12},{"not_picked":["Carnage","True Grit"],"picked":"Feel No Pain","floor":14},{"not_picked":["Corruption","Immolate"],"picked":"Feed","floor":16},{"not_picked":["Searing Blow+1","Metallicize"],"picked":"Shrug It Off","floor":18},{"not_picked":["Clothesline","Armaments","Sever Soul"],"picked":"SKIP","floor":19},{"not_picked":["Combust","Carnage"],"picked":"Shrug It Off","floor":21},{"not_picked":["Armaments","Cleave","Heavy Blade+1"],"picked":"SKIP","floor":24},{"not_picked":["Twin Strike","Inflame","Shrug It Off"],"picked":"SKIP","floor":27},{"not_picked":["Infernal Blade","Body Slam+1"],"picked":"Corruption","floor":29},{"not_picked":["Combust","Rupture","Intimidate"],"picked":"SKIP","floor":31},{"not_picked":["Corruption","Exhume"],"picked":"Reaper","floor":33},{"not_picked":["Armaments+1","Iron Wave"],"picked":"Havoc+1","floor":35},{"not_picked":["Iron Wave+1","Pommel Strike","True Grit"],"picked":"SKIP","floor":36},{"not_picked":["Good Instincts","Secret Technique"],"picked":"Enlightenment","floor":37},{"not_picked":["Swift Strike","Secret Technique"],"picked":"Metamorphosis","floor":37},{"not_picked":["Mind Blast","Blind"],"picked":"PanicButton","floor":37}],"player_experience":1220133,"relics_obtained":[{"floor":8,"key":"Happy Flower"},{"floor":9,"key":"Matryoshka"},{"floor":12,"key":"Turnip"},{"floor":14,"key":"The Courier"},{"floor":17,"key":"Art of War"},{"floor":17,"key":"StrikeDummy"},{"floor":17,"key":"Shovel"},{"floor":20,"key":"Necronomicon"},{"floor":25,"key":"PreservedInsect"},{"floor":26,"key":"Nunchaku"},{"floor":27,"key":"Toy Ornithopter"},{"floor":28,"key":"War Paint"},{"floor":31,"key":"Regal Pillow"},{"floor":32,"key":"Bronze Scales"}],"event_choices":[{"damage_healed":0,"gold_gain":0,"player_choice":"Ignored","damage_taken":0,"max_hp_gain":0,"max_hp_loss":0,"event_name":"Liars Game","floor":11,"gold_loss":0},{"damage_healed":0,"gold_gain":0,"player_choice":"Ignored","damage_taken":0,"max_hp_gain":0,"max_hp_loss":0,"event_name":"NoteForYourself","floor":13,"gold_loss":0},{"damage_healed":0,"gold_gain":0,"player_choice":"Obtained Book","damage_taken":16,"max_hp_gain":0,"max_hp_loss":0,"event_name":"Cursed Tome","floor":20,"gold_loss":0},{"cards_removed":["Strike_R"],"damage_healed":0,"gold_gain":0,"player_choice":"Upgrade and Remove","damage_taken":0,"max_hp_gain":0,"max_hp_loss":0,"event_name":"Designer","floor":22,"gold_loss":90,"cards_upgraded":["Strike_R"]},{"damage_healed":0,"gold_gain":0,"player_choice":"Stole Relic","damage_taken":0,"relics_obtained":["Kunai"],"max_hp_gain":0,"max_hp_loss":0,"event_name":"Addict","floor":30,"gold_loss":0,"cards_obtained":["Shame"]},{"damage_healed":0,"gold_gain":0,"player_choice":"Memory 3","damage_taken":10,"max_hp_gain":0,"max_hp_loss":0,"event_name":"SensoryStone","floor":37,"gold_loss":0},{"damage_healed":0,"gold_gain":0,"player_choice":"Fight","damage_taken":0,"max_hp_gain":0,"max_hp_loss":0,"event_name":"Mysterious Sphere","floor":38,"gold_loss":0}],"is_beta":false,"boss_relics":[{"not_picked":["Coffee Dripper","SlaversCollar"],"picked":"Calling Bell"},{"not_picked":["Runic Cube","Philosopher\u0027s Stone"],"picked":"Pandora\u0027s Box"}],"items_purged_floors":[],"is_endless":false,"potions_floor_spawned":[2,3,7,8,19,21,27,31],"killed_by":"2 Orb Walkers","ascension_level":5}}