{"host":"bplbr8uekuotory4","time":1612681600,"event":{"mods":["Act Like it!","BaseMod","GungeonMod","Hermit","KinomotoSakuraMod(ƒæ÷Æ±æ”£)","Marisa£®ÏF”Í°°ƒß¿Ì…≥£©","Minty Spire (QoL Compilation)","Prisma Mod","Quick Restart","Reimu£®≤©¿ˆ¡È√Œ£©","SOS£®Àπ∞Õ¥Ô÷Æ◊”£©","Spicy Shops","StSLib","TestMod","The Blackbeard","The Cursed","The Mystic","The Poker Player","The Saiyan","The Senshi","The Servant 0.9.4","Yuri Mod","[IsaacMod]“‘»ˆº‚À˛"],"gold_per_floor":[112,62,77,302,17,45,116,132,184,224,224,55,55,73,73,188,188,211,13,13,13,33,33,88,88,161,191,191,216,216,262,262,380,380,405,469,503,565,627,627,652,652,721,755,832,832,832,605,605,625,625,625,437,486,532],"floor_reached":56,"language":"ZHS","playtime":1597,"items_purged":["blackbeard:BlackbeardDefend","blackbeard:BlackbeardDefend","blackbeard:BlackbeardStrike","blackbeard:BlackbeardDefend","blackbeard:BlackbeardStrike","Decay","blackbeard:BlackbeardDefend","blackbeard:Anchor"],"score":2384,"play_id":"a8069ec2-a441-4e9f-aa4e-030e815b67df","local_time":"20210207150640","is_ascension_mode":true,"campfire_choices":[{"data":"blackbeard:Cutlass","floor":11,"key":"SMITH"},{"data":"blackbeard:PiratesWill","floor":15,"key":"SMITH"},{"data":"blackbeard:Intoxication","floor":23,"key":"SMITH"},{"data":"blackbeard:MegaUpgrade","floor":25,"key":"SMITH"},{"data":"blackbeard:ReapersScythe","floor":32,"key":"SMITH"},{"data":"blackbeard:BoostMorale","floor":40,"key":"SMITH"},{"data":"blackbeard:Toast","floor":42,"key":"SMITH"},{"floor":49,"key":"RECALL"},{"data":"blackbeard:PowerHungry","floor":52,"key":"SMITH"}],"circlet_count":0,"master_deck":["AscendersBane","blackbeard:IntimidatingStrike","blackbeard:MegaUpgrade+1","blackbeard:InfiniteBarrage","blackbeard:Toast+1","blackbeard:HumongousCannonball","blackbeard:CannonBarrage","blackbeard:PiratesWill+1","blackbeard:Intoxication+1","blackbeard:PowerHungry+1","blackbeard:BoostMorale+1","blackbeard:Anchor+1","blackbeard:Lifeboat","blackbeard:BeatUp+1","Necronomicurse","blackbeard:ReapersScythe+1","blackbeard:Parrot","blackbeard:BrownPants+1"],"relics":["blackbeard:LoadTheCannons","testmod-TestBox","HushsDoor","GuppysHead","testmod-DeterminationOfClimber","NeowsBlessing","DemoMod:GlassGuonStoneRelic","Pen Nib","Bag of Preparation","DeadEye","testmod-LifeArmor","testmod-HarvestTotem","GuppysTail","GuppysPaw","blackbeard:CannonballsOfSteel","Blue Candle","Necronomicon","PokeGo","testmod-TimeTraveler","GuppysHairball","BelialBook","CatCart","WingedGreaves","DemoMod:PinkGuonStone","theSenshi:SailorFukuRelic","testmod-BalancedPeriapt","Membership Card","DemoMod:PoisonVial"],"acts_visited":["Exordium","TheCity","TheBeyond","TheEnding"],"potions_floor_usage":[13,55,55,55,55],"damage_taken":[{"damage":0,"enemies":"2 Louse","floor":1,"turns":1},{"damage":0,"enemies":"Cultist","floor":3,"turns":1},{"damage":0,"enemies":"3 Sentries","floor":6,"turns":1},{"damage":0,"enemies":"Small Slimes","floor":8,"turns":2},{"damage":0,"enemies":"Lagavulin","floor":10,"turns":2},{"damage":0,"enemies":"Exordium Thugs","floor":14,"turns":1},{"damage":0,"enemies":"Slime Boss","floor":16,"turns":1},{"damage":0,"enemies":"2 Thieves","floor":18,"turns":1},{"damage":0,"enemies":"Spheric Guardian","floor":22,"turns":1},{"damage":0,"enemies":"Slavers","floor":24,"turns":1},{"damage":0,"enemies":"Snake Plant","floor":27,"turns":1},{"damage":0,"enemies":"Sentry and Sphere","floor":29,"turns":1},{"damage":0,"enemies":"Gremlin Leader","floor":31,"turns":1},{"damage":0,"enemies":"Automaton","floor":33,"turns":1},{"damage":0,"enemies":"3 Shapes","floor":35,"turns":1},{"damage":0,"enemies":"Orin","floor":36,"turns":3},{"damage":0,"enemies":"3 Darklings","floor":37,"turns":1},{"damage":0,"enemies":"2 Orb Walkers","floor":38,"turns":1},{"damage":0,"enemies":"Hiden Room Battle","floor":39,"turns":1},{"damage":0,"enemies":"Jaw Worm Horde","floor":41,"turns":1},{"damage":0,"enemies":"Transient","floor":44,"turns":2},{"damage":0,"enemies":"Time Eater","floor":50,"turns":2},{"damage":0,"enemies":"Shield and Spear","floor":54,"turns":1},{"damage":6,"enemies":"The Heart","floor":55,"turns":4}],"seed_played":"6707348070842785738","potions_obtained":[{"floor":1,"key":"ZuzhouPotion:ReiMu"},{"floor":6,"key":"Block Potion"},{"floor":10,"key":"Swift Potion"},{"floor":13,"key":"testmod-SpacePotion"},{"floor":13,"key":"GamblersBrew"},{"floor":13,"key":"blackbeard:RumPotion"},{"floor":14,"key":"DemoMod:LeadSkinPotion"},{"floor":18,"key":"ColorlessPotion"}],"is_trial":false,"path_per_floor":["M","?","M","?","$","E","?","M","T","E","R","$","?","M","R","B",null,"M","$","?","?","M","R","E","R","T","M","?","M","?","E","R","B",null,"M","?","M","?","?","R","M","R","T","M","T","?","?","$","R","B",null,"R","$","E","B",null],"character_chosen":"BLACKBEARD_CLASS","items_purchased":["blackbeard:InfiniteBarrage","Bag of Preparation","blackbeard:CannonBarrage","GuppysTail","GuppysPaw","blackbeard:PowerHungry","blackbeard:BoostMorale","blackbeard:Lifeboat","GuppysHairball","BelialBook","Membership Card"],"campfire_rested":0,"item_purchase_floors":[5,5,12,17,17,17,17,19,34,34,48],"current_hp_per_floor":[69,69,69,69,69,70,55,59,59,66,66,66,66,73,73,75,117,117,117,117,117,117,117,117,117,117,117,101,117,117,117,117,117,90,90,90,90,90,104,104,104,104,104,104,104,104,104,104,104,104,104,104,104,104,104],"gold":532,"neow_bonus":"THREE_ENEMY_KILL","is_daily":false,"chose_seed":false,"campfire_upgraded":8,"win_rate":0.0,"timestamp":1612681600,"path_taken":["M","?","?","?","?","E","?","?","T","E","R","$","?","M","R","BOSS","M","$","?","?","M","R","E","R","T","M","?","?","?","E","R","BOSS","M","?","M","?","?","R","M","R","T","?","?","?","?","$","R","BOSS","R","$","E","BOSS"],"items_purchased_type":["Card","Relic","Card","Relic","Relic","Card","Card","Card","Relic","Relic","Relic"],"build_version":"2020-12-22","purchased_purges":8,"victory":true,"max_hp_per_floor":[75,75,75,75,75,75,75,75,75,75,75,75,75,75,75,75,117,117,117,117,117,117,117,117,117,117,117,117,117,117,117,117,117,90,90,90,90,90,104,104,104,104,104,104,104,104,104,104,104,104,104,104,104,104,104],"card_choices":[{"not_picked":["blackbeard:SmithingHammer","blackbeard:GoldenDefense"],"picked":"blackbeard:Anchor","floor":1},{"not_picked":["blackbeard:DeadlyArsenal","blackbeard:FieryDefense"],"picked":"blackbeard:MegaUpgrade","floor":3},{"not_picked":["blackbeard:BlindAttacks","blackbeard:DelayedPain"],"picked":"blackbeard:Toast","floor":6},{"not_picked":["blackbeard:DangerousBlow","blackbeard:JollyRoger","blackbeard:WiseDefense"],"picked":"SKIP","floor":8},{"not_picked":["blackbeard:BlindAttacks","blackbeard:DeadlyArsenal"],"picked":"blackbeard:HumongousCannonball","floor":10},{"not_picked":["blackbeard:Scrap","blackbeard:Dagger","blackbeard:PiratesWill"],"picked":"SKIP","floor":14},{"not_picked":["blackbeard:Scrap","blackbeard:Dagger"],"picked":"blackbeard:PiratesWill","floor":14},{"not_picked":["blackbeard:WeaponMastery","blackbeard:ReapersScythe"],"picked":"blackbeard:Intoxication","floor":16},{"not_picked":["blackbeard:BeatUp","blackbeard:DeadlyArsenal"],"picked":"blackbeard:Anchor+1","floor":18},{"not_picked":["blackbeard:DeadlyArsenal","blackbeard:Fencing+1","blackbeard:CannonballSupply"],"picked":"SKIP","floor":22},{"not_picked":["blackbeard:Recklessness","blackbeard:Eyepatch","blackbeard:FieryDefense"],"picked":"SKIP","floor":24},{"not_picked":["blackbeard:DeadlyArsenal","blackbeard:FieryDefense"],"picked":"blackbeard:BeatUp+1","floor":27},{"not_picked":["blackbeard:BlindAttacks","blackbeard:ArmorUp"],"picked":"blackbeard:ReapersScythe","floor":29},{"not_picked":["blackbeard:Upgrade","blackbeard:SmithingHammer","blackbeard:Sword"],"picked":"SKIP","floor":31},{"not_picked":["blackbeard:HumongousCannonball","blackbeard:MegaUpgrade"],"picked":"blackbeard:Parrot","floor":33},{"not_picked":["blackbeard:Boarding+1","blackbeard:RearmingStrike+1","blackbeard:DoubleCannonball"],"picked":"SKIP","floor":35},{"not_picked":["blackbeard:PowderKeg","blackbeard:FieryDefense+1"],"picked":"blackbeard:BrownPants+1","floor":36},{"not_picked":["blackbeard:InfiniteBarrage+1","blackbeard:Dagger","blackbeard:RearmingStrike+1"],"picked":"SKIP","floor":37},{"not_picked":["blackbeard:Spear+1","blackbeard:VengefulSpirit+1","blackbeard:PowerHungry"],"picked":"SKIP","floor":41},{"not_picked":["blackbeard:Dagger+1","blackbeard:CloakAndCannonball+1","blackbeard:PirateHook"],"picked":"SKIP","floor":44},{"not_picked":["blackbeard:JollyRoger","blackbeard:Sharpening","blackbeard:Shrapnel+1"],"picked":"SKIP","floor":54}],"player_experience":1119309,"relics_obtained":[{"floor":6,"key":"DeadEye"},{"floor":10,"key":"testmod-LifeArmor"},{"floor":24,"key":"blackbeard:CannonballsOfSteel"},{"floor":26,"key":"Blue Candle"},{"floor":28,"key":"Necronomicon"},{"floor":31,"key":"PokeGo"},{"floor":36,"key":"CatCart"},{"floor":38,"key":"WingedGreaves"},{"floor":39,"key":"DemoMod:PinkGuonStone"},{"floor":39,"key":"theSenshi:SailorFukuRelic"},{"floor":45,"key":"testmod-BalancedPeriapt"},{"floor":54,"key":"DemoMod:PoisonVial"}],"event_choices":[{"cards_removed":["blackbeard:BlackbeardStrike"],"damage_healed":0,"gold_gain":0,"player_choice":"Card Removal","damage_taken":0,"max_hp_gain":0,"max_hp_loss":0,"event_name":"The Cleric","floor":2,"gold_loss":50},{"damage_healed":0,"gold_gain":225,"player_choice":"YARR","damage_taken":0,"relics_obtained":["Pen Nib"],"max_hp_gain":0,"max_hp_loss":0,"event_name":"blackbeard:Ssssserpent","floor":4,"gold_loss":0},{"damage_healed":0,"gold_gain":0,"player_choice":"Got Potions","damage_taken":0,"max_hp_gain":0,"max_hp_loss":0,"event_name":"Lab","floor":13,"gold_loss":0},{"damage_healed":0,"gold_gain":0,"player_choice":"Ignored","damage_taken":0,"max_hp_gain":0,"max_hp_loss":0,"event_name":"Ghosts","floor":20,"gold_loss":0},{"damage_healed":0,"gold_gain":0,"player_choice":"Obtained Book","damage_taken":16,"max_hp_gain":0,"max_hp_loss":0,"event_name":"Cursed Tome","floor":28,"gold_loss":0},{"cards_removed":["blackbeard:Cutlass"],"damage_healed":0,"gold_gain":0,"player_choice":"Elegance","damage_taken":0,"max_hp_gain":0,"max_hp_loss":0,"event_name":"Back to Basics","floor":30,"gold_loss":0},{"damage_healed":0,"gold_gain":0,"player_choice":"Fight","damage_taken":0,"max_hp_gain":0,"max_hp_loss":0,"event_name":"OrinTheCat","floor":36,"gold_loss":0},{"damage_healed":0,"gold_gain":0,"player_choice":"Fight","damage_taken":0,"max_hp_gain":0,"max_hp_loss":0,"event_name":"Mysterious Sphere","floor":38,"gold_loss":0},{"damage_healed":0,"gold_gain":0,"player_choice":"Fight","damage_taken":0,"max_hp_gain":0,"max_hp_loss":0,"event_name":"HidenRoomEvent","floor":39,"gold_loss":0},{"cards_removed":["blackbeard:BlackbeardStrike"],"damage_healed":0,"gold_gain":0,"player_choice":"Removed Attack","damage_taken":0,"max_hp_gain":0,"max_hp_loss":0,"event_name":"Falling","floor":46,"gold_loss":0},{"damage_healed":0,"gold_gain":0,"player_choice":"Cursed","damage_taken":0,"max_hp_gain":0,"max_hp_loss":0,"event_name":"Wheel of Change","floor":47,"gold_loss":0,"cards_obtained":["Decay"]}],"is_beta":false,"boss_relics":[{"not_picked":["Tiny House","ChampionBelt"],"picked":"testmod-HarvestTotem"},{"not_picked":[]},{"not_picked":["Fusion Hammer","testmod-GoldenSoul"],"picked":"testmod-TimeTraveler"},{"not_picked":[]}],"items_purged_floors":[5,12,17,19,34,48,53,53],"is_endless":false,"potions_floor_spawned":[1,6,10,14,18,27,29,31,33,38,39],"ascension_level":10}}