{"host":"c7dr7q4h26dxt6y4","time":1612698352,"event":{"mods":["BaseMod","BetterRewards","Colored Map","Conspire","Glutton Mod","Hubris","Mimic Mod","Minty Spire (QoL Compilation)","Reliquary","Shop Mod","StSLib","SuperFastMode","The Jungle","The Saiyan"],"gold_per_floor":[89,89,107,127,57,57,90,107,107,107,118,193,204,216,216,314,314,331,4,103,103,134,134,150,150,199,1,1,1,18,18,18,18,18],"floor_reached":33,"language":"ENG","playtime":1339,"items_purged":["Saiyan:AugmentedBlast"],"score":270,"play_id":"eb797387-bf7f-4f33-806b-a3ad83a30dff","local_time":"20210207034552","is_ascension_mode":true,"campfire_choices":[{"data":"Saiyan:TurtleShell","floor":6,"key":"SMITH"},{"floor":10,"key":"REST"},{"floor":15,"key":"REST"},{"floor":23,"key":"REST"},{"floor":25,"key":"REST"},{"floor":32,"key":"REST"}],"circlet_count":0,"master_deck":["Saiyan:SAIYA_Strike","Saiyan:SAIYA_Strike","Saiyan:SAIYA_Strike","Saiyan:SAIYA_Strike","Saiyan:SAIYA_Defend","Saiyan:SAIYA_Defend","Saiyan:SAIYA_Defend","Saiyan:SAIYA_Defend","Saiyan:EnergyBlast","Saiyan:KaioKen","Saiyan:RuthlessBlow","Saiyan:Quickening","Saiyan:TurtleShell+1","Saiyan:KiStrike","Saiyan:ExpandingShockwave","Saiyan:SaiyanHubris","Saiyan:Rekindle","Saiyan:DoubleMasenko","Saiyan:KameHameHa","Saiyan:CCCapsule","Saiyan:MeteorDash","Saiyan:PlotArmor","Saiyan:PlotArmor","Saiyan:RemoveWeights","Writhe","Saiyan:SuperSaiyanForm"],"relics":["SaiyanSoul","SaiyanHeart","Smiling Mask","hubris:SphereOfDissonance","conspire:RoyalGoblet","MerchantsRug","reliquary:Aerogel","Bag of Marbles","MutagenicStrength","hubris:SlimyHat"],"acts_visited":["Exordium","TheCity"],"potions_floor_usage":[16,30,33,33,33],"damage_taken":[{"damage":0,"enemies":"Cultist","floor":1,"turns":3},{"damage":6,"enemies":"Jaw Worm","floor":3,"turns":3},{"damage":0,"enemies":"2 Louse","floor":4,"turns":2},{"damage":34,"enemies":"Lagavulin","floor":7,"turns":10},{"damage":1,"enemies":"Blue Slaver","floor":8,"turns":4},{"damage":0,"enemies":"Exordium Thugs","floor":11,"turns":4},{"damage":14,"enemies":"3 Louse","floor":13,"turns":2},{"damage":4,"enemies":"Large Slime","floor":14,"turns":5},{"damage":10,"enemies":"Hexaghost","floor":16,"turns":8},{"damage":9,"enemies":"conspire:FuzzyDice","floor":18,"turns":7},{"damage":27,"enemies":"3 Byrds","floor":22,"turns":10},{"damage":31,"enemies":"3 Byrds","floor":24,"turns":6},{"damage":41,"enemies":"Snecko","floor":30,"turns":7},{"damage":36,"enemies":"conspire:MysteriousRune","floor":33,"turns":10}],"seed_played":"-9131219541587641492","potions_obtained":[{"floor":3,"key":"Block Potion"},{"floor":8,"key":"CultistPotion"},{"floor":13,"key":"SteroidPotion"},{"floor":16,"key":"LiquidMemories"},{"floor":30,"key":"Dexterity Potion"}],"is_trial":false,"path_per_floor":["M","?","M","M","$","R","E","M","T","R","M","?","M","M","R","B",null,"M","$","?","?","MIM","R","M","R","T","$","?","?","M","$","R","B"],"character_chosen":"SAIYAJIN","items_purchased":["Saiyan:KiStrike","Saiyan:KameHameHa","Saiyan:CCCapsule","MerchantsRug","Bag of Marbles","Saiyan:RemoveWeights"],"campfire_rested":5,"item_purchase_floors":[5,19,19,19,27,27],"current_hp_per_floor":[66,60,54,54,54,54,20,20,20,40,41,35,21,19,40,31,71,62,62,62,62,36,57,27,48,48,48,48,48,7,7,28,0,0],"gold":18,"neow_bonus":"TEN_PERCENT_HP_BONUS","is_daily":false,"chose_seed":false,"campfire_upgraded":1,"win_rate":0.0,"timestamp":1612698352,"path_taken":["M","?","?","M","$","R","E","M","T","R","M","?","?","M","R","BOSS","M","$","?","?","?","R","?","R","T","$","?","?","M","?","R","BOSS"],"items_purchased_type":["Card","Card","Card","Relic","Relic","Card"],"build_version":"2020-12-22","purchased_purges":1,"victory":false,"max_hp_per_floor":[66,66,66,66,66,66,66,67,67,67,68,68,68,70,70,71,71,71,71,71,71,72,72,73,73,73,73,73,73,73,73,73,73,73],"card_choices":[{"not_picked":["Saiyan:KiExplosion","Saiyan:PressOn"],"picked":"Saiyan:Quickening","floor":1},{"not_picked":["Saiyan:TurtleShell","Saiyan:ConcussiveBlow"],"picked":"Saiyan:AugmentedBlast","floor":3},{"not_picked":["Saiyan:KameHameHa","Saiyan:FinalFlash"],"picked":"Saiyan:TurtleShell","floor":4},{"not_picked":["Saiyan:PowerPole","Saiyan:ConcussiveBlow"],"picked":"Saiyan:ExpandingShockwave","floor":7},{"not_picked":["Saiyan:Planning","Saiyan:SoulSpice"],"picked":"Saiyan:SaiyanHubris","floor":8},{"not_picked":["Saiyan:Scouter","Saiyan:Endure","Saiyan:Planning"],"picked":"SKIP","floor":11},{"not_picked":["Saiyan:BigBangAttack","Saiyan:ReverberatingForce","Saiyan:BackAttack"],"picked":"SKIP","floor":13},{"not_picked":["Saiyan:Quickening","Saiyan:Planning"],"picked":"Saiyan:Rekindle","floor":14},{"not_picked":["Saiyan:Endure","Saiyan:BurningSoul"],"picked":"Saiyan:DoubleMasenko","floor":18},{"not_picked":["Saiyan:BurningSoul","Saiyan:KameHameHa"],"picked":"Saiyan:PlotArmor","floor":22},{"not_picked":["Saiyan:Teleport","Saiyan:Honing"],"picked":"Saiyan:PlotArmor","floor":24},{"not_picked":["Saiyan:RemoveWeights","Saiyan:DragonRadar"],"picked":"Saiyan:SuperSaiyanForm","floor":30}],"player_experience":99522,"relics_obtained":[{"floor":7,"key":"Smiling Mask"},{"floor":9,"key":"hubris:SphereOfDissonance"},{"floor":26,"key":"reliquary:Aerogel"}],"event_choices":[{"damage_healed":0,"gold_gain":0,"player_choice":"Damaged","damage_taken":6,"max_hp_gain":0,"max_hp_loss":0,"event_name":"Wheel of Change","floor":2,"gold_loss":0},{"damage_healed":0,"gold_gain":75,"player_choice":"Touch","damage_taken":6,"max_hp_gain":0,"max_hp_loss":0,"event_name":"FaceTrader","floor":12,"gold_loss":0},{"damage_healed":0,"gold_gain":99,"player_choice":"Stole From Cult","damage_taken":0,"max_hp_gain":0,"max_hp_loss":0,"event_name":"Nest","floor":20,"gold_loss":0},{"damage_healed":0,"gold_gain":0,"player_choice":"Read","damage_taken":0,"max_hp_gain":0,"max_hp_loss":0,"event_name":"The Library","floor":21,"gold_loss":0,"cards_obtained":["Saiyan:MeteorDash"]},{"damage_healed":0,"gold_gain":0,"player_choice":"Inject Mutagens","damage_taken":0,"relics_obtained":["MutagenicStrength"],"max_hp_gain":0,"max_hp_loss":0,"event_name":"Drug Dealer","floor":28,"gold_loss":0},{"damage_healed":0,"gold_gain":0,"player_choice":"Opened","damage_taken":0,"relics_obtained":["hubris:SlimyHat"],"max_hp_gain":0,"max_hp_loss":0,"event_name":"The Mausoleum","floor":29,"gold_loss":0,"cards_obtained":["Writhe"]}],"is_beta":false,"boss_relics":[{"not_picked":["Pandora\u0027s Box","SlaversCollar"],"picked":"conspire:RoyalGoblet"}],"items_purged_floors":[19],"is_endless":false,"potions_floor_spawned":[3,8,13,16,24,30],"killed_by":"conspire:MysteriousRune","ascension_level":2}}