{"host":"ttx8tv95o5vka1nm","time":1612666529,"event":{"mods":["AchievementEnabler","BaseMod","Colored Map","Evolution","Infinite Spire","Minty Spire (QoL Compilation)","Relic Filter Mod","Reliquary","Robot Space Explorer","Shop Mod","Spicy Shops","StSLib","The Bug Knight","The Cursed","The Forsaken","The Hierophant","The Runesmith","TheBandit"],"gold_per_floor":[116,129,149,159,177,205,205,218,241,251,276,276,276,26,26,26,26,26],"floor_reached":16,"language":"ENG","playtime":1793,"items_purged":[],"score":114,"play_id":"4f4f29d5-52f6-4fcf-a282-46319c7433cb","local_time":"20210207125529","is_ascension_mode":false,"campfire_choices":[{"floor":15,"key":"REST"}],"circlet_count":0,"master_deck":["wariomod:Goblast","wariomod:Goblast","wariomod:Strike","wariomod:Strike","wariomod:Defend","wariomod:Defend","wariomod:Defend","wariomod:Step","wariomod:Leap","Dark Shackles","wariomod:BlastDash","wariomod:TreasureDig","wariomod:NullJump","wariomod:DeepDig","wariomod:EndlessBlast","wariomod:DeadlyDash","wariomod:Sidestep","wariomod:BigUpgrade","wariomod:BoomAndDoom","wariomod:ChargeForth","wariomod:RacingSpeed","Panacea"],"relics":["wariomod:TheHat","EVO:Axolotl","Akabeko","theForsaken:Lifeblossom","infinitespire:Beetle Shell","MerchantsRug"],"acts_visited":["Exordium"],"potions_floor_usage":[6,11],"damage_taken":[{"damage":2,"enemies":"Jaw Worm","floor":1,"turns":3},{"damage":0,"enemies":"Cultist","floor":2,"turns":3},{"damage":0,"enemies":"2 Louse","floor":3,"turns":2},{"damage":7,"enemies":"Looter","floor":4,"turns":3},{"damage":10,"enemies":"Exordium Thugs","floor":5,"turns":7},{"damage":21,"enemies":"Lagavulin","floor":6,"turns":9},{"damage":0,"enemies":"Large Slime","floor":8,"turns":5},{"damage":6,"enemies":"Exordium Wildlife","floor":10,"turns":2},{"damage":19,"enemies":"3 Sentries","floor":11,"turns":5},{"damage":57,"enemies":"Hexaghost","floor":16,"turns":12}],"seed_played":"3918216377677251219","potions_obtained":[{"floor":2,"key":"PowerPotion"},{"floor":4,"key":"SteroidPotion"},{"floor":5,"key":"PowerPotion"},{"floor":11,"key":"SneckoOil"}],"is_trial":false,"path_per_floor":["M","M","M","M","M","E","?","M","T","M","E","?","?","$","R","B"],"character_chosen":"THE_BANDIT","items_purchased":["MerchantsRug","wariomod:RacingSpeed","Panacea"],"campfire_rested":1,"item_purchase_floors":[14,14,14],"current_hp_per_floor":[78,78,78,71,61,40,40,40,40,37,24,24,24,24,48,0,0,0],"gold":26,"neow_bonus":"RANDOM_COLORLESS","is_daily":false,"chose_seed":false,"campfire_upgraded":0,"win_rate":0.0,"timestamp":1612666529,"path_taken":["M","M","M","M","M","E","?","?","T","M","E","?","?","$","R","BOSS"],"items_purchased_type":["Relic","Card","Card"],"build_version":"2020-12-22","purchased_purges":0,"victory":false,"max_hp_per_floor":[80,80,80,80,80,80,80,80,80,80,80,80,80,80,80,80,80,80],"card_choices":[{"not_picked":["Deep Breath","Forethought"],"picked":"Dark Shackles","floor":0},{"not_picked":["wariomod:Hopshield","wariomod:DoubleDash"],"picked":"wariomod:BlastDash","floor":1},{"not_picked":["wariomod:PayItForwards","wariomod:HastyRush"],"picked":"wariomod:TreasureDig","floor":2},{"not_picked":["wariomod:TreasureDig","wariomod:Boomsmack"],"picked":"wariomod:NullJump","floor":3},{"not_picked":["wariomod:HastyRush","wariomod:TempestBlasts"],"picked":"wariomod:DeepDig","floor":4},{"not_picked":["wariomod:DanceDash","wariomod:ChargeForth"],"picked":"wariomod:EndlessBlast","floor":5},{"not_picked":["wariomod:Leapslam","wariomod:Hopshield"],"picked":"wariomod:DeadlyDash","floor":6},{"not_picked":["wariomod:DanceDash","wariomod:HappyHop"],"picked":"wariomod:BigUpgrade","floor":8},{"not_picked":["wariomod:Game","wariomod:DoubleDash"],"picked":"wariomod:BoomAndDoom","floor":10},{"not_picked":["wariomod:DanceDash","wariomod:TreasureDig"],"picked":"wariomod:ChargeForth","floor":11}],"player_experience":792596,"relics_obtained":[{"floor":6,"key":"Akabeko"},{"floor":9,"key":"theForsaken:Lifeblossom"},{"floor":11,"key":"infinitespire:Beetle Shell"}],"event_choices":[{"damage_healed":0,"gold_gain":0,"cards_transformed":["wariomod:Defend"],"player_choice":"Transformed","damage_taken":0,"max_hp_gain":0,"max_hp_loss":0,"event_name":"Transmorgrifier","floor":7,"gold_loss":0,"cards_obtained":["wariomod:Sidestep"]}],"is_beta":false,"boss_relics":[],"items_purged_floors":[],"is_endless":false,"potions_floor_spawned":[2,4,5,11],"killed_by":"Hexaghost","ascension_level":0}}