{"host":"Qube","time":1612731688,"event":{"mods":["AchievementEnabler","BaseMod","Colored Map","Colored Powertips","Highlight Path","Minty Spire (QoL Compilation)","Permanent Neow","Quick Restart","Random Character Button","StSLib"],"gold_per_floor":[112,112,112,127,127,127,137,166,166,166,177,177,209,226,226,303,303,320,320,334,366,37,65,65,80,106,106,119,148,148,178,178,178,178],"floor_reached":33,"language":"ENG","playtime":1826,"items_purged":[],"score":626,"play_id":"544455e4-6ad3-4733-a1d0-e8b41745029c","local_time":"20210207130128","is_ascension_mode":true,"campfire_choices":[{"floor":6.0,"key":"REST"},{"data":"Coolheaded","floor":10.0,"key":"SMITH"},{"data":"Doom and Gloom","floor":12.0,"key":"SMITH"},{"data":"Darkness","floor":15.0,"key":"SMITH"},{"data":"Redo","floor":24.0,"key":"SMITH"},{"floor":30,"key":"REST"},{"data":"Dualcast","floor":32,"key":"SMITH"}],"circlet_count":0,"master_deck":["AscendersBane","Strike_B","Strike_B","Defend_B","Defend_B","Defend_B","Zap+1","Dualcast+1","Doom and Gloom+1","Conserve Battery","Coolheaded+1","Glacier","Steam","Glacier","Darkness+1","Biased Cognition+1","Rebound+1","Sunder+1","Redo+1","Decay"],"relics":["Cracked Core","Torii","Gremlin Horn","Darkstone Periapt","Cursed Key","Red Mask","Pocketwatch","Orichalcum","Bag of Preparation","Boot","Lantern"],"acts_visited":["Exordium","TheCity"],"potions_floor_usage":[29,33],"damage_taken":[{"damage":4.0,"enemies":"Jaw Worm","floor":1.0,"turns":3.0},{"damage":10.0,"enemies":"2 Louse","floor":4.0,"turns":2.0},{"damage":0.0,"enemies":"Cultist","floor":7.0,"turns":3.0},{"damage":9.0,"enemies":"Lagavulin","floor":8.0,"turns":7.0},{"damage":0.0,"enemies":"Blue Slaver","floor":11.0,"turns":4.0},{"damage":1.0,"enemies":"Gremlin Nob","floor":13.0,"turns":3.0},{"damage":0.0,"enemies":"Gremlin Gang","floor":14.0,"turns":3.0},{"damage":15.0,"enemies":"Hexaghost","floor":16.0,"turns":12.0},{"damage":9.0,"enemies":"3 Byrds","floor":18.0,"turns":4.0},{"damage":2.0,"enemies":"Shell Parasite","floor":20.0,"turns":5.0},{"damage":0.0,"enemies":"Masked Bandits","floor":21.0,"turns":5.0},{"damage":9.0,"enemies":"Book of Stabbing","floor":23.0,"turns":6.0},{"damage":0.0,"enemies":"Snecko","floor":25.0,"turns":4.0},{"damage":12,"enemies":"Centurion and Healer","floor":28,"turns":6},{"damage":17,"enemies":"Slavers","floor":29,"turns":5},{"damage":1,"enemies":"Book of Stabbing","floor":31,"turns":5},{"damage":46,"enemies":"Collector","floor":33,"turns":12}],"seed_played":"6911637000246224176","potions_obtained":[{"floor":1.0,"key":"PotionOfCapacity"},{"floor":5.0,"key":"Fire Potion"},{"floor":5.0,"key":"Fire Potion"},{"floor":8.0,"key":"SpeedPotion"},{"floor":11.0,"key":"LiquidMemories"},{"floor":14.0,"key":"LiquidMemories"},{"floor":18.0,"key":"PowerPotion"},{"floor":21.0,"key":"Strength Potion"},{"floor":28,"key":"Dexterity Potion"},{"floor":31,"key":"DuplicationPotion"}],"is_trial":false,"path_per_floor":["M","?","?","M","?","R","M","E","T","R","M","R","E","M","R","B",null,"M","?","M","?","$","E","R","M","T","?","M","E","R","E","R","B"],"character_chosen":"DEFECT","items_purchased":["Pocketwatch"],"campfire_rested":2,"item_purchase_floors":[22],"current_hp_per_floor":[42,42,35,25,25,46,46,37,37,37,37,37,36,36,36,21,59,50,50,48,48,48,39,39,39,45,45,33,16,39,38,38,0,0],"gold":178,"neow_bonus":"REMOVE_TWO","is_daily":false,"chose_seed":false,"campfire_upgraded":5,"win_rate":0.0,"timestamp":1612731688,"path_taken":["M","?","?","M","?","R","M","E","T","R","M","R","E","?","R","BOSS","M","?","?","?","$","E","R","M","T","?","M","E","R","E","R","BOSS"],"items_purchased_type":["Relic"],"build_version":"2020-12-18","purchased_purges":0,"victory":false,"max_hp_per_floor":[71,71,71,71,71,71,71,71,71,71,71,71,71,71,71,71,71,71,71,71,71,71,71,71,71,77,77,77,77,77,77,77,77,77],"card_choices":[{"not_picked":["Undo","Hello World"],"picked":"Doom and Gloom","floor":1.0},{"not_picked":["Compile Driver","Capacitor"],"picked":"Conserve Battery","floor":4.0},{"not_picked":["Reprogram","Sweeping Beam"],"picked":"Coolheaded","floor":7.0},{"not_picked":["Aggregate","Static Discharge"],"picked":"Glacier","floor":8.0},{"not_picked":["Sweeping Beam","Storm"],"picked":"Steam","floor":11.0},{"not_picked":["Stack","Leap"],"picked":"Glacier","floor":13.0},{"not_picked":["Hologram","Gash"],"picked":"Darkness","floor":14.0},{"not_picked":["Electrodynamics","Seek"],"picked":"Biased Cognition","floor":16.0},{"not_picked":["Sunder","Rebound+1","Fusion"],"picked":"SKIP","floor":18.0},{"not_picked":["Turbo","Storm"],"picked":"Rebound+1","floor":20.0},{"not_picked":["Rebound","Compile Driver"],"picked":"Sunder+1","floor":21.0},{"not_picked":["Darkness","Genetic Algorithm"],"picked":"Redo","floor":23.0},{"not_picked":["Gash","Conserve Battery","Stack+1"],"picked":"SKIP","floor":25.0},{"not_picked":["Reinforced Body","Hologram","Beam Cell"],"picked":"SKIP","floor":28},{"not_picked":["Stack","Steam","Streamline"],"picked":"SKIP","floor":29},{"not_picked":["Cold Snap","Barrage","Leap"],"picked":"SKIP","floor":31}],"player_experience":1099417,"relics_obtained":[{"floor":8.0,"key":"Torii"},{"floor":9.0,"key":"Gremlin Horn"},{"floor":13.0,"key":"Darkstone Periapt"},{"floor":21.0,"key":"Red Mask"},{"floor":23.0,"key":"Orichalcum"},{"floor":26.0,"key":"Bag of Preparation"},{"floor":29,"key":"Boot"},{"floor":31,"key":"Lantern"}],"event_choices":[{"damage_healed":0.0,"max_hp_gain":0.0,"max_hp_loss":0.0,"gold_gain":0.0,"event_name":"Living Wall","player_choice":"Grow","floor":2.0,"gold_loss":0.0,"damage_taken":0.0,"cards_upgraded":["Zap"]},{"cards_removed":["Strike_B"],"damage_healed":0.0,"max_hp_gain":0.0,"max_hp_loss":0.0,"gold_gain":0.0,"event_name":"Golden Wing","player_choice":"Card Removal","floor":3.0,"gold_loss":0.0,"damage_taken":7.0},{"damage_healed":0.0,"max_hp_gain":0.0,"max_hp_loss":0.0,"gold_gain":0.0,"event_name":"Lab","player_choice":"Got Potions","floor":5.0,"gold_loss":0.0,"damage_taken":0.0},{"damage_healed":0.0,"max_hp_gain":0.0,"max_hp_loss":0.0,"gold_gain":0.0,"event_name":"Upgrade Shrine","player_choice":"Upgraded","floor":19.0,"gold_loss":0.0,"damage_taken":0.0,"cards_upgraded":["Biased Cognition"]},{"damage_healed":0.0,"max_hp_gain":0.0,"max_hp_loss":0.0,"gold_gain":0.0,"event_name":"Masked Bandits","player_choice":"Fought Bandits","floor":21.0,"gold_loss":0.0,"damage_taken":0.0},{"damage_healed":0,"gold_gain":0,"player_choice":"Ignored","damage_taken":0,"max_hp_gain":0,"max_hp_loss":0,"event_name":"The Mausoleum","floor":27,"gold_loss":0}],"is_beta":true,"boss_relics":[{"not_picked":["Coffee Dripper","SacredBark"],"picked":"Cursed Key"}],"items_purged_floors":[],"is_endless":false,"potions_floor_spawned":[1,8,11,14,18,21,28,31],"killed_by":"Collector","ascension_level":20}}