{"host":"szp1d6dso4pv7ddl","time":1612671388,"event":{"mods":["AchievementEnabler","Alarm Clock","BaseMod","Bestiary","Block Reminder","Colored Map","Colored Powertips","Curses Come First","Dark Map","Displayed Cursed Tome","Highlight Path","Minty Spire (QoL Compilation)","Permanent Neow","Quick Restart","Relic Sorter","Relic Stats","StSLib","Synergy Search"],"gold_per_floor":[117,117,42,42,53,53,64,64,64,76,108,108,119,134,134,208,208,224,237,237,256,267,267,298,298,321,321,321,337,337,356,356,433,433,443,443,459,459,477,477,496,496,496],"floor_reached":42,"language":"ENG","playtime":1964,"items_purged":[],"score":840,"play_id":"29f1655c-c8b8-4039-a24a-9dda6753b04f","local_time":"20210206201628","is_ascension_mode":true,"campfire_choices":[{"data":"Pommel Strike","floor":6.0,"key":"SMITH"},{"data":"Shockwave","floor":12.0,"key":"SMITH"},{"data":"Searing Blow+1","floor":15.0,"key":"SMITH"},{"floor":23.0,"key":"REST"},{"floor":30,"key":"REST"},{"floor":32,"key":"REST"},{"floor":40,"key":"REST"}],"circlet_count":0,"master_deck":["AscendersBane","Bash","Pommel Strike+1","Pain","Shockwave+1","Flame Barrier+1","Shrug It Off","Carnage+1","Pommel Strike+1","Searing Blow+2","Immolate+1","Brutality","Intimidate","Heavy Blade+1","Offering","Armaments","Shockwave","Feed+1","Fire Breathing","Pommel Strike+1","True Grit+1","Sentinel+1","Second Wind+1","Rupture","Sword Boomerang+1","Immolate+1","CurseOfTheBell","Double Tap","Shrug It Off","Shrug It Off"],"relics":["Burning Blood","Happy Flower","NeowsBlessing","WarpedTongs","War Paint","Molten Egg 2","Pandora\u0027s Box","Red Skull","PreservedInsect","Calling Bell","Centennial Puzzle","Shuriken","Pocketwatch"],"acts_visited":["Exordium","TheCity","TheBeyond"],"potions_floor_usage":[33,39,42],"damage_taken":[{"damage":0.0,"enemies":"Small Slimes","floor":1.0,"turns":1.0},{"damage":0.0,"enemies":"Jaw Worm","floor":5.0,"turns":1.0},{"damage":0.0,"enemies":"Cultist","floor":7.0,"turns":1.0},{"damage":16.0,"enemies":"2 Fungi Beasts","floor":10.0,"turns":4.0},{"damage":26.0,"enemies":"Gremlin Nob","floor":11.0,"turns":4.0},{"damage":14.0,"enemies":"Exordium Thugs","floor":13.0,"turns":5.0},{"damage":2.0,"enemies":"Large Slime","floor":14.0,"turns":3.0},{"damage":37.0,"enemies":"Slime Boss","floor":16.0,"turns":11.0},{"damage":22.0,"enemies":"2 Thieves","floor":18.0,"turns":4.0},{"damage":8.0,"enemies":"3 Byrds","floor":19.0,"turns":2.0},{"damage":19.0,"enemies":"3 Cultists","floor":21.0,"turns":4.0},{"damage":26.0,"enemies":"Shelled Parasite and Fungi","floor":22.0,"turns":4.0},{"damage":52.0,"enemies":"Book of Stabbing","floor":24.0,"turns":4.0},{"damage":0.0,"enemies":"Slavers","floor":27.0,"turns":1.0},{"damage":2,"enemies":"Sentry and Sphere","floor":29,"turns":4},{"damage":40,"enemies":"Snake Plant","floor":31,"turns":4},{"damage":91,"enemies":"Automaton","floor":33,"turns":8},{"damage":40,"enemies":"3 Darklings","floor":35,"turns":3},{"damage":6,"enemies":"3 Shapes","floor":37,"turns":4},{"damage":10,"enemies":"Spire Growth","floor":39,"turns":3},{"damage":24,"enemies":"Sphere and 2 Shapes","floor":41,"turns":5},{"damage":47,"enemies":"Writhing Mass","floor":42,"turns":2}],"seed_played":"-1225131457757101575","potions_obtained":[{"floor":7.0,"key":"Explosive Potion"},{"floor":10.0,"key":"AttackPotion"},{"floor":11.0,"key":"PowerPotion"},{"floor":14.0,"key":"SkillPotion"},{"floor":19.0,"key":"GamblersBrew"},{"floor":21.0,"key":"SmokeBomb"},{"floor":22.0,"key":"FairyPotion"},{"floor":31,"key":"BlessingOfTheForge"},{"floor":35,"key":"DistilledChaos"},{"floor":41,"key":"EssenceOfSteel"}],"is_trial":false,"path_per_floor":["M","?","?","?","M","R","M","?","T","M","E","R","M","M","R","B",null,"M","M","?","M","M","R","E","?","T","E","?","M","R","M","R","B",null,"M","?","M","?","M","R","M","M"],"character_chosen":"IRONCLAD","items_purchased":[],"campfire_rested":4,"item_purchase_floors":[],"current_hp_per_floor":[74,79,79,79,80,80,80,80,80,70,50,50,42,46,46,15,64,52,50,67,54,34,59,13,13,13,19,19,27,53,19,45,26,73,39,39,39,39,35,61,43,0,0],"gold":496,"neow_bonus":"THREE_ENEMY_KILL","is_daily":false,"chose_seed":false,"campfire_upgraded":3,"win_rate":0.0,"timestamp":1612671388,"path_taken":["M","?","?","?","?","R","M","?","T","M","E","R","M","M","R","BOSS","M","M","?","M","M","R","E","?","T","E","?","M","R","M","R","BOSS","M","?","M","?","?","R","M","M"],"items_purchased_type":[],"build_version":"2020-12-22","purchased_purges":0,"victory":false,"max_hp_per_floor":[75,80,80,80,80,80,80,80,80,80,80,80,80,80,80,80,80,84,84,84,84,84,84,84,84,84,84,84,88,88,88,88,88,88,88,88,88,88,88,88,88,88,88],"relic_stats":{"Centennial Puzzle":[15],"Happy Flower":[23],"counters":[22,82],"Shuriken":[1],"Pandora\u0027s Box":["Brutality","Intimidate","Heavy Blade","Offering","Armaments","Shockwave","Feed","Fire Breathing"],"PreservedInsect":42,"War Paint":["Defend_R","Flame Barrier"],"obtain_stats":[{"NeowsBlessing":0,"Happy Flower":11,"PreservedInsect":26,"War Paint":8,"Burning Blood":0,"WarpedTongs":4,"Calling Bell":34,"Centennial Puzzle":34,"Shuriken":34,"Molten Egg 2":9,"Pandora\u0027s Box":17,"Red Skull":24,"Pocketwatch":34},{"NeowsBlessing":0,"Happy Flower":5,"PreservedInsect":13,"War Paint":3,"Burning Blood":0,"WarpedTongs":1,"Calling Bell":17,"Centennial Puzzle":17,"Shuriken":17,"Molten Egg 2":3,"Pandora\u0027s Box":8,"Red Skull":13,"Pocketwatch":17},{"NeowsBlessing":0,"Happy Flower":11,"PreservedInsect":48,"War Paint":3,"Burning Blood":0,"WarpedTongs":1,"Calling Bell":65,"Centennial Puzzle":65,"Shuriken":65,"Molten Egg 2":3,"Pandora\u0027s Box":30,"Red Skull":48,"Pocketwatch":65}],"Burning Blood":115,"WarpedTongs":[72],"Pocketwatch":[17]},"card_choices":[{"not_picked":["Armaments","Spot Weakness"],"picked":"Pommel Strike","floor":1.0},{"not_picked":["Reckless Charge","Wild Strike"],"picked":"Shockwave","floor":5.0},{"not_picked":["Twin Strike","Perfected Strike"],"picked":"Flame Barrier","floor":7.0},{"not_picked":["Hemokinesis+1","Armaments"],"picked":"Shrug It Off","floor":10.0},{"not_picked":["Armaments","Anger+1"],"picked":"Carnage+1","floor":11.0},{"not_picked":["Anger+1","Thunderclap+1"],"picked":"Pommel Strike+1","floor":13.0},{"not_picked":["Shrug It Off","Twin Strike+1"],"picked":"Searing Blow+1","floor":14.0},{"not_picked":["Corruption","Berserk"],"picked":"Immolate+1","floor":16.0},{"not_picked":["Clash+1","Flex","Sword Boomerang+1"],"picked":"SKIP","floor":18.0},{"not_picked":["Sever Soul+1","Armaments"],"picked":"Pommel Strike+1","floor":19.0},{"not_picked":["Berserk","Clothesline+1"],"picked":"True Grit+1","floor":21.0},{"not_picked":["Armaments","Body Slam+1"],"picked":"Sentinel+1","floor":22.0},{"not_picked":["Burning Pact","Body Slam+1"],"picked":"Second Wind+1","floor":24.0},{"not_picked":["Armaments","Body Slam+1"],"picked":"Rupture","floor":29},{"not_picked":["Pummel+1","Heavy Blade+1"],"picked":"Sword Boomerang+1","floor":31},{"not_picked":["Exhume","Juggernaut"],"picked":"Immolate+1","floor":33},{"not_picked":["Heavy Blade+1","Flex+1","Havoc"],"picked":"SKIP","floor":35},{"not_picked":["Headbutt+1","Perfected Strike+1"],"picked":"Double Tap","floor":37},{"not_picked":["Anger+1","Perfected Strike+1"],"picked":"Shrug It Off","floor":39},{"not_picked":["Pommel Strike+1","Thunderclap+1"],"picked":"Shrug It Off","floor":41}],"player_experience":1383136,"relics_obtained":[{"floor":9.0,"key":"Molten Egg 2"},{"floor":11.0,"key":"Happy Flower"},{"floor":24.0,"key":"Red Skull"},{"floor":26.0,"key":"PreservedInsect"},{"floor":34,"key":"Centennial Puzzle"},{"floor":34,"key":"Shuriken"},{"floor":34,"key":"Pocketwatch"}],"event_choices":[{"damage_healed":0.0,"max_hp_gain":5.0,"max_hp_loss":0.0,"gold_gain":0.0,"event_name":"Big Fish","player_choice":"Donut","floor":2.0,"gold_loss":0.0,"damage_taken":0.0},{"cards_removed":["Strike_R"],"damage_healed":0.0,"max_hp_gain":0.0,"max_hp_loss":0.0,"gold_gain":0.0,"event_name":"The Cleric","player_choice":"Card Removal","floor":3.0,"gold_loss":75.0,"damage_taken":0.0},{"damage_healed":0.0,"max_hp_gain":0.0,"max_hp_loss":0.0,"gold_gain":0.0,"event_name":"Accursed Blacksmith","player_choice":"Rummage","floor":4.0,"gold_loss":0.0,"damage_taken":0.0,"relics_obtained":["WarpedTongs"],"cards_obtained":["Pain"]},{"damage_healed":0.0,"max_hp_gain":0.0,"max_hp_loss":0.0,"gold_gain":0.0,"event_name":"WeMeetAgain","player_choice":"Gave Potion","floor":8.0,"gold_loss":0.0,"damage_taken":0.0,"relics_obtained":["War Paint"]},{"damage_healed":17.0,"max_hp_gain":0.0,"max_hp_loss":0.0,"gold_gain":0.0,"event_name":"The Library","player_choice":"Heal","floor":20.0,"gold_loss":0.0,"damage_taken":0.0},{"damage_healed":0.0,"max_hp_gain":0.0,"max_hp_loss":0.0,"gold_gain":0.0,"event_name":"Forgotten Altar","player_choice":"Smashed Altar","floor":25.0,"gold_loss":0.0,"damage_taken":0.0,"cards_obtained":["Decay"]},{"damage_healed":0.0,"max_hp_gain":0.0,"max_hp_loss":0.0,"gold_gain":0.0,"event_name":"Ghosts","player_choice":"Ignored","floor":28.0,"gold_loss":0.0,"damage_taken":0.0},{"damage_healed":0,"gold_gain":0,"player_choice":"Ignored","damage_taken":0,"max_hp_gain":0,"max_hp_loss":0,"event_name":"Tomb of Lord Red Mask","floor":36,"gold_loss":0},{"cards_removed":["Decay"],"damage_healed":0,"gold_gain":0,"player_choice":"Purged","damage_taken":0,"max_hp_gain":0,"max_hp_loss":0,"event_name":"Purifier","floor":38,"gold_loss":0}],"is_beta":false,"boss_relics":[{"not_picked":["Runic Pyramid","Mark of Pain"],"picked":"Pandora\u0027s Box"},{"not_picked":["Cursed Key","SlaversCollar"],"picked":"Calling Bell"}],"items_purged_floors":[],"is_endless":false,"potions_floor_spawned":[7,10,11,14,19,21,22,27,31,35,41],"killed_by":"Writhing Mass","ascension_level":18}}