{"host":"usru02jcpe2a942d","time":1612667847,"event":{"mods":["ATMod(°¢èªMod)","Act Like it!","BaseMod","Better Altar","Better Match","Better Note","Better Sensory Stone","Better Skull","Better Third Choice","Better Vampires","Challenge The Spire","Colored Powertips","Friendly Minions","GifTheSpireLib","Highlight Path","HololiveMod","Hubris","Infinite Spire","Lobotomy","LobotomyExtend","Minty Spire (QoL Compilation)","MostiFishMod","Quick Restart","Relic Stats","RumiaBox-Â¶Ã×æ«µÄÉñÃØºÐ×Ó","StSLib","noobMod","¡¾ÒÅÎï¿¨ÅÆ¡¿REMEMod","óô»ðÖ¸ÄÏ"],"gold_per_floor":[86,86,86,102,32,64,64,84,84,84,103,118,138,138,138,237,237,253,269,269,269],"floor_reached":20,"language":"ZHS","playtime":2621,"items_purged":[],"score":301,"play_id":"80944a18-672b-4686-8f35-0b411bc064e4","local_time":"20210207111727","is_ascension_mode":false,"campfire_choices":[{"data":"Hololive_CallAkiRosenthal","floor":7.0,"key":"SMITH"},{"data":"Hololive_CallYozoraMel","floor":10.0,"key":"SMITH"},{"data":"Hololive_CallAZKi","floor":15.0,"key":"SMITH"}],"circlet_count":0,"master_deck":["Hololive_Strike","Hololive_Strike","Hololive_Defend","Hololive_Defend","Hololive_Psychosis","Hololive_CallYozoraMel","Hololive_CallYozoraMel+1","Hololive_CallTokinoSora","Hololive_CallTokinoSora","Hololive_CallTsunomakiWatame","AT_FamilyPortrait","ShyLook","Hololive_CocoNews","PunishingBird","Hololive_Thief","Hololive_CallAkiRosenthal+1","Hololive_CallRosalyn","BigBird","Hololive_CocoNews","Hololive_FlyingPonyTail","Hololive_CallAZKi+1","Hololive_OvertimeWork","Wellcheers","Hololive_StarCraft","BodiesMountain","Hololive_CallYozoraMel+1","Hololive_CallHoushouMarine"],"relics":["Burning Blood","DaveBox","ice","REME_ComplimentaryCards","AT_ATBox","Civilization","CogitoBucket","RabbitCall","SynthV:TestCard","LetterFromLob","hubris:Towel","infinitespire:Cubic Diamond","infinitespire:Beetle Shell","hubris:Metronome","BehaviorAdjustment","RhineCircuit"],"acts_visited":["Exordium","TheCity"],"potions_floor_usage":[],"damage_taken":[{"damage":0.0,"enemies":"Small Slimes","floor":1.0,"turns":2.0},{"damage":0.0,"enemies":"Cultist","floor":4.0,"turns":3.0},{"damage":0.0,"enemies":"Lagavulin","floor":6.0,"turns":3.0},{"damage":0.0,"enemies":"Jaw Worm","floor":8.0,"turns":3.0},{"damage":0.0,"enemies":"Large Slime","floor":11.0,"turns":3.0},{"damage":0.0,"enemies":"Exordium Wildlife","floor":12.0,"turns":3.0},{"damage":6.0,"enemies":"Gremlin Gang","floor":13.0,"turns":4.0},{"damage":0.0,"enemies":"Slime Boss","floor":16.0,"turns":4.0},{"damage":11,"enemies":"2 Thieves","floor":18,"turns":4},{"damage":0,"enemies":"Chosen","floor":19,"turns":2},{"damage":448,"enemies":"Snake Plant","floor":20,"turns":2}],"seed_played":"2548145367510907302","potions_obtained":[{"floor":4.0,"key":"SkillPotion"},{"floor":11.0,"key":"SneckoOil"},{"floor":12.0,"key":"GamblersBrew"},{"floor":16.0,"key":"SkillPotion"}],"is_trial":false,"path_per_floor":["M","?","?","M","$","E","R","M","T","R","M","M","M","?","R","B",null,"M","M","M"],"character_chosen":"Hololive_HololiveCharacter","items_purchased":["Hololive_CallAkiRosenthal"],"campfire_rested":0,"item_purchase_floors":[5],"current_hp_per_floor":[37,37,37,40,40,44,44,49,49,49,54,59,64,64,64,69,69,74,79,0,0],"gold":269,"neow_bonus":"","is_daily":false,"chose_seed":false,"campfire_upgraded":3,"win_rate":0.0,"timestamp":1612667847,"path_taken":["M","?","?","M","?","E","R","?","T","R","?","?","M","?","R","BOSS","M","M","M"],"items_purchased_type":["Card"],"build_version":"2020-12-22","purchased_purges":0,"victory":false,"max_hp_per_floor":[37,37,37,40,40,44,44,49,49,49,54,59,64,64,64,69,69,74,79,176,176],"relic_stats":{"counters":[13,34],"obtain_stats":[{"RabbitCall":0,"hubris:Metronome":9,"AT_ATBox":0,"DaveBox":0,"infinitespire:Cubic Diamond":3,"infinitespire:Beetle Shell":6,"ice":0,"hubris:Towel":2,"Burning Blood":3,"RhineCircuit":17,"Civilization":0,"CogitoBucket":0,"SynthV:TestCard":1,"Hololive_TheStar":0,"BehaviorAdjustment":12,"LetterFromLob":1,"REME_ComplimentaryCards":0},{"RabbitCall":0,"hubris:Metronome":4,"AT_ATBox":0,"DaveBox":0,"infinitespire:Cubic Diamond":1,"infinitespire:Beetle Shell":3,"ice":0,"hubris:Towel":1,"Burning Blood":1,"RhineCircuit":9,"Civilization":0,"CogitoBucket":0,"SynthV:TestCard":1,"Hololive_TheStar":0,"BehaviorAdjustment":7,"LetterFromLob":1,"REME_ComplimentaryCards":0},{"RabbitCall":0,"hubris:Metronome":10,"AT_ATBox":0,"DaveBox":0,"infinitespire:Cubic Diamond":2,"infinitespire:Beetle Shell":8,"ice":0,"hubris:Towel":2,"Burning Blood":2,"RhineCircuit":25,"Civilization":0,"CogitoBucket":0,"SynthV:TestCard":2,"Hololive_TheStar":0,"BehaviorAdjustment":17,"LetterFromLob":2,"REME_ComplimentaryCards":0}],"Burning Blood":3},"card_choices":[{"not_picked":["Scorched","MHz"],"picked":"ShyLook","floor":1.0},{"not_picked":["Hololive_Breathe","Hololive_CallMomosuzuNene","Hololive_StrengthChampion"],"picked":"Hololive_CocoNews","floor":1.0},{"not_picked":["WallGazer","LittleHelper"],"picked":"PunishingBird","floor":4.0},{"not_picked":["Hololive_CallUsadaPekora","Hololive_RevenueBasedLive","Hololive_Sequa","Hololive_LuckPotion"],"picked":"Hololive_Thief","floor":4.0},{"not_picked":["Hololive_CallArtia","Hololive_Breathe","Hololive_CallOmaruPolka","Hololive_Sequa"],"picked":"Hololive_CallRosalyn","floor":6.0},{"not_picked":["QueenOfHatred","WhitesApple"],"picked":"BigBird","floor":8.0},{"not_picked":["Hololive_Breathe","Hololive_Psychosis","Hololive_CallShishiroBotan","Hololive_RevenueBasedLive"],"picked":"Hololive_CocoNews","floor":8.0},{"not_picked":["MeatLantern","HappyTeddy","SingingMachine"],"picked":"Singing Bowl","floor":11.0},{"not_picked":["Hololive_Psychosis","Hololive_HuntDinosaur","Hololive_StrengthChampion","Hololive_CallYuzukiChoco"],"picked":"Hololive_FlyingPonyTail","floor":11.0},{"not_picked":["Yin","MHz","CrumblingArmor"],"picked":"Singing Bowl","floor":12.0},{"not_picked":["Hololive_RevenueBasedLive","Hololive_Breathe","Hololive_CallShiranuiFlare","Hololive_CallInugamiKorone","Hololive_Rebound"],"picked":"SKIP","floor":12.0},{"not_picked":["Bloodbath","SingingMachine","OldLady"],"picked":"Singing Bowl","floor":13.0},{"not_picked":["Hololive_Sequa","Hololive_CallShiroganeNoel","Hololive_Rebound","Hololive_Drill"],"picked":"Hololive_CallAZKi","floor":13.0},{"not_picked":["FairyFestival","Scorched"],"picked":"Wellcheers","floor":16.0},{"not_picked":["Hololive_BeCareful","Hololive_OpenUp","Hololive_MaximGun","Hololive_FlareMind"],"picked":"Hololive_StarCraft","floor":16.0},{"not_picked":["Mercenary","MeatLantern"],"picked":"BodiesMountain","floor":18},{"not_picked":["Hololive_CallAZKi","Hololive_Trident","Hololive_Psychosis","Hololive_CallTsunomakiWatame"],"picked":"Hololive_CallYozoraMel+1","floor":18},{"not_picked":["BlackSwan","Bloodbath","Scarecrow"],"picked":"Singing Bowl","floor":19},{"not_picked":["Hololive_CocoNews+1","Hololive_Psychosis","Hololive_Breathe","Hololive_CallAyundaRisu"],"picked":"Hololive_CallHoushouMarine","floor":19}],"player_experience":332274,"relics_obtained":[{"floor":1.0,"key":"SynthV:TestCard"},{"floor":1.0,"key":"LetterFromLob"},{"floor":6.0,"key":"infinitespire:Beetle Shell"},{"floor":9.0,"key":"hubris:Metronome"}],"event_choices":[],"is_beta":false,"boss_relics":[{"not_picked":["ExusiaiGun","Transparent"],"picked":"RhineCircuit"}],"items_purged_floors":[],"is_endless":false,"potions_floor_spawned":[4,11,12,16,18],"killed_by":"Snake Plant","ascension_level":0}}