{"host":"80c6n8e3swdb4824","time":1612700025,"event":{"mods":["Act Like it!","BaseMod","BetterRewards","Highlight Path","Minty Spire (QoL Compilation)","Quick Restart","Rare Cards Sparkle","StSLib","SuperFastMode","The Cursed"],"gold_per_floor":[112,112,124,124,135,164,164,164,164,164,179,201,20,32,32,137,137,152,67,67,67,67,86,86,99,99,99,18,18,33,59,59,157,157,177,15,31,31,31,59,59,70,94,139,174,188,207,227,227,227,227,227,4,29,29],"floor_reached":56,"language":"ZHS","playtime":7849,"items_purged":["Strike_P","Defend_P","Pain","BattleHymn+1","Defend_P"],"score":1325,"play_id":"8d3d211d-1cac-4265-9548-b15e6a174c40","local_time":"20210207201345","is_ascension_mode":false,"campfire_choices":[{"floor":7.0,"key":"RECALL"},{"data":"BattleHymn","floor":10.0,"key":"SMITH"},{"data":"Metamorphosis","floor":15.0,"key":"SMITH"},{"data":"Mayhem","floor":24.0,"key":"SMITH"},{"data":"Study","floor":29.0,"key":"SMITH"},{"data":"Thinking Ahead","floor":32.0,"key":"SMITH"},{"data":"Omniscience","floor":41.0,"key":"SMITH"},{"data":"Vault","floor":49.0,"key":"SMITH"},{"data":"Alpha","floor":52.0,"key":"SMITH"}],"circlet_count":0,"master_deck":["Eruption+1","Vigilance","ThirdEye","Wireheading","FlurryOfBlows+1","InnerPeace+1","Thinking Ahead+1","ThirdEye","Perseverance+1","BattleHymn+1","Sanctity+1","Wallop+1","WindmillStrike+1","Wireheading","LikeWater","LessonLearned+1","Metamorphosis+1","PathToVictory+1","PathToVictory+1","DeusExMachina+1","ReachHeaven+1","ThirdEye+1","ClearTheMind","SandsOfTime+1","Mayhem+1","Ghostly+1","Ghostly","Ghostly","Ghostly","Ghostly","DeusExMachina","Swivel","Study+1","Wireheading+1","LikeWater","Deep Breath","Prostrate","Nirvana","Omniscience+1","LikeWater","Omniscience+1","Evaluate+1","Weave+1","Madness","Madness","Vault+1","Alpha+1","SpiritShield","PathToVictory+1","Crescendo+1","DeusExMachina","Perseverance+1","Omniscience"],"relics":["HolyWater","Membership Card","Mummified Hand","Prayer Wheel","WarpedTongs","Odd Mushroom","Astrolabe","Enchiridion","Nloth\u0027s Gift","Whetstone","Orichalcum","Strawberry","Gambling Chip","Calipers","Bag of Preparation","FossilizedHelix"],"acts_visited":["Exordium","TheCity","TheBeyond","TheEnding"],"potions_floor_usage":[55,55,55],"damage_taken":[{"damage":6.0,"enemies":"Jaw Worm","floor":1.0,"turns":3.0},{"damage":0.0,"enemies":"Small Slimes","floor":3.0,"turns":3.0},{"damage":0.0,"enemies":"Cultist","floor":5.0,"turns":3.0},{"damage":1.0,"enemies":"Lagavulin","floor":6.0,"turns":8.0},{"damage":0.0,"enemies":"2 Fungi Beasts","floor":11.0,"turns":3.0},{"damage":7.0,"enemies":"The Mushroom Lair","floor":12.0,"turns":4.0},{"damage":1.0,"enemies":"Exordium Thugs","floor":14.0,"turns":4.0},{"damage":2.0,"enemies":"The Guardian","floor":16.0,"turns":7.0},{"damage":8.0,"enemies":"Shell Parasite","floor":18.0,"turns":3.0},{"damage":0.0,"enemies":"2 Thieves","floor":23.0,"turns":5.0},{"damage":0.0,"enemies":"Centurion and Healer","floor":25.0,"turns":7.0},{"damage":2.0,"enemies":"Chosen and Byrds","floor":30.0,"turns":6.0},{"damage":12.0,"enemies":"Book of Stabbing","floor":31.0,"turns":9.0},{"damage":16.0,"enemies":"Champ","floor":33.0,"turns":8.0},{"damage":6.0,"enemies":"3 Shapes","floor":35.0,"turns":4.0},{"damage":1.0,"enemies":"3 Darklings","floor":37.0,"turns":5.0},{"damage":0.0,"enemies":"Reptomancer","floor":40.0,"turns":5.0},{"damage":0.0,"enemies":"Spire Growth","floor":42.0,"turns":5.0},{"damage":15.0,"enemies":"2 Orb Walkers","floor":44.0,"turns":7.0},{"damage":0.0,"enemies":"Nemesis","floor":45.0,"turns":9.0},{"damage":0.0,"enemies":"Maw","floor":46.0,"turns":7.0},{"damage":10.0,"enemies":"4 Shapes","floor":47.0,"turns":7.0},{"damage":0.0,"enemies":"Writhing Mass","floor":48.0,"turns":9.0},{"damage":3.0,"enemies":"Time Eater","floor":50.0,"turns":10.0},{"damage":0.0,"enemies":"Shield and Spear","floor":54.0,"turns":11.0},{"damage":48,"enemies":"The Heart","floor":55,"turns":10}],"seed_played":"-5977824415562757874","potions_obtained":[{"floor":3.0,"key":"EssenceOfSteel"},{"floor":11.0,"key":"SkillPotion"},{"floor":14.0,"key":"Weak Potion"},{"floor":18.0,"key":"Fire Potion"},{"floor":25.0,"key":"LiquidMemories"},{"floor":33.0,"key":"BottledMiracle"},{"floor":35.0,"key":"FearPotion"},{"floor":44.0,"key":"Regen Potion"},{"floor":45.0,"key":"EssenceOfSteel"}],"is_trial":false,"path_per_floor":["M","?","M","?","M","E","R","?","T","R","M","?","$","M","R","B",null,"M","$","?","?","?","M","R","M","T","?","$","R","M","E","R","B",null,"M","$","M","?","?","E","R","M","T","?","E","M","M","M","R","B",null,"R","$","E","B",null],"character_chosen":"WATCHER","items_purchased":["Membership Card","ThirdEye","Wireheading","FlurryOfBlows","InnerPeace","Thinking Ahead","ThirdEye","Perseverance","BattleHymn","Mummified Hand","Metamorphosis","BattleHymn","Mayhem","LikeWater","Deep Breath","LikeWater","Omniscience","Bag of Preparation","DistilledChaos","BottledMiracle"],"campfire_rested":0,"item_purchase_floors":[0,0,0,0,0,0,0,0,0,0,13,13,19,28,28,36,36,53,53,53],"current_hp_per_floor":[34,20,20,44,44,43,43,43,43,43,43,36,36,35,35,33,72,64,64,48,36,36,36,36,36,46,46,46,46,44,32,32,16,46,40,40,39,39,33,33,33,33,40,25,25,25,15,15,15,27,53,53,53,53,5],"gold":29,"neow_bonus":"","is_daily":false,"chose_seed":false,"campfire_upgraded":8,"win_rate":0.0,"timestamp":1612700025,"path_taken":["M","?","M","?","M","E","R","?","T","R","?","?","$","M","R","BOSS","M","$","?","?","?","M","R","?","T","?","$","R","M","E","R","BOSS","M","$","M","?","?","E","R","M","T","?","E","?","M","M","R","BOSS","R","$","E","BOSS"],"items_purchased_type":["Relic","Card","Card","Card","Card","Card","Card","Card","Card","Relic","Card","Card","Card","Card","Card","Card","Card","Relic","Potion","Potion"],"build_version":"2020-12-22","purchased_purges":5,"victory":true,"max_hp_per_floor":[72,72,72,72,72,72,72,72,72,72,72,72,72,72,72,72,72,72,72,72,36,36,36,36,36,46,46,46,46,46,46,46,46,46,46,46,46,46,46,46,46,46,53,53,53,53,53,53,53,53,53,53,53,53,53],"card_choices":[{"not_picked":["SashWhip","ThirdEye"],"picked":"Sanctity","floor":1.0},{"not_picked":["Tantrum","ReachHeaven"],"picked":"Wallop","floor":3.0},{"not_picked":["Consecrate","Collect"],"picked":"WindmillStrike","floor":5.0},{"not_picked":["MentalFortress","Vengeance"],"picked":"Wireheading","floor":6.0},{"not_picked":["Consecrate","BowlingBash"],"picked":"LikeWater","floor":11.0},{"not_picked":["EmptyFist","CrushJoints","EmptyMind"],"picked":"SKIP","floor":11.0},{"not_picked":["Evaluate","CarveReality"],"picked":"LessonLearned","floor":12.0},{"not_picked":["FollowUp","Vengeance"],"picked":"PathToVictory","floor":14.0},{"not_picked":["Weave","EmptyMind"],"picked":"PathToVictory","floor":14.0},{"not_picked":["Wish","Ragnarok"],"picked":"DeusExMachina","floor":16.0},{"not_picked":["SashWhip","EmptyFist"],"picked":"ClearTheMind","floor":18.0},{"not_picked":["Crescendo+1","Evaluate"],"picked":"SandsOfTime","floor":18.0},{"not_picked":["Brilliance","EmptyBody"],"picked":"Swivel","floor":23.0},{"not_picked":["Conclude+1","SandsOfTime","FollowUp"],"picked":"SKIP","floor":23.0},{"not_picked":["JustLucky+1","FlyingSleeves"],"picked":"Study","floor":25.0},{"not_picked":["FollowUp","Perseverance+1"],"picked":"Wireheading","floor":25.0},{"not_picked":["DeceiveReality","SashWhip+1"],"picked":"Prostrate","floor":30.0},{"not_picked":["ClearTheMind","ConjureBlade","Nirvana"],"picked":"SKIP","floor":30.0},{"not_picked":["ClearTheMind","ConjureBlade"],"picked":"Nirvana","floor":30.0},{"not_picked":["InnerPeace","Judgement","PathToVictory+1"],"picked":"SKIP","floor":31.0},{"not_picked":["Wish","Brilliance"],"picked":"Omniscience","floor":33.0},{"not_picked":["Swivel","SashWhip+1","Tantrum+1"],"picked":"SKIP","floor":35.0},{"not_picked":["DeceiveReality","Protect+1","EmptyFist+1"],"picked":"SKIP","floor":35.0},{"not_picked":["WreathOfFlame","Conclude+1"],"picked":"Evaluate+1","floor":37.0},{"not_picked":["BowlingBash+1","Wireheading"],"picked":"Weave+1","floor":37.0},{"not_picked":["CrushJoints","Pray","CarveReality"],"picked":"SKIP","floor":40.0},{"not_picked":["CrushJoints","FlyingSleeves+1"],"picked":"Vault","floor":42.0},{"not_picked":["JustLucky+1","EmptyBody","WaveOfTheHand+1"],"picked":"SKIP","floor":42.0},{"not_picked":["FlyingSleeves+1","EmptyBody"],"picked":"Alpha","floor":44.0},{"not_picked":["DeusExMachina","Halt"],"picked":"SpiritShield","floor":45.0},{"not_picked":["Halt+1","FlyingSleeves"],"picked":"PathToVictory+1","floor":46.0},{"not_picked":["Consecrate","Conclude","Halt"],"picked":"SKIP","floor":46.0},{"not_picked":["Blasphemy","Prostrate+1"],"picked":"Crescendo+1","floor":47.0},{"not_picked":["CarveReality+1","Prostrate"],"picked":"DeusExMachina","floor":47.0},{"not_picked":["Worship","Wallop+1"],"picked":"Perseverance+1","floor":48.0},{"not_picked":["CutThroughFate+1","Swivel+1","PathToVictory"],"picked":"SKIP","floor":48.0},{"not_picked":["Crescendo+1","PathToVictory"],"picked":"Omniscience","floor":54.0}],"player_experience":110212,"relics_obtained":[{"floor":6.0,"key":"Prayer Wheel"},{"floor":12.0,"key":"Odd Mushroom"},{"floor":20.0,"key":"Enchiridion"},{"floor":26.0,"key":"Pear"},{"floor":31.0,"key":"Whetstone"},{"floor":40.0,"key":"Orichalcum"},{"floor":43.0,"key":"Strawberry"},{"floor":44.0,"key":"Gambling Chip"},{"floor":45.0,"key":"Calipers"},{"floor":54.0,"key":"FossilizedHelix"}],"event_choices":[{"damage_healed":0.0,"max_hp_gain":0.0,"max_hp_loss":0.0,"gold_gain":0.0,"event_name":"Shining Light","player_choice":"Entered Light","floor":2.0,"gold_loss":0.0,"damage_taken":14.0,"cards_upgraded":["Perseverance","Sanctity"]},{"damage_healed":24.0,"max_hp_gain":0.0,"max_hp_loss":0.0,"gold_gain":0.0,"event_name":"Big Fish","player_choice":"Banana","floor":4.0,"gold_loss":0.0,"damage_taken":0.0},{"damage_healed":0.0,"max_hp_gain":0.0,"max_hp_loss":0.0,"gold_gain":0.0,"event_name":"Accursed Blacksmith","player_choice":"Rummage","floor":8.0,"gold_loss":0.0,"damage_taken":0.0,"relics_obtained":["WarpedTongs"],"cards_obtained":["Pain"]},{"damage_healed":0.0,"max_hp_gain":0.0,"max_hp_loss":0.0,"gold_gain":0.0,"event_name":"Mushrooms","player_choice":"Fought Mushrooms","floor":12.0,"gold_loss":0.0,"damage_taken":0.0},{"damage_healed":0.0,"max_hp_gain":0.0,"max_hp_loss":0.0,"gold_gain":0.0,"event_name":"Cursed Tome","player_choice":"Obtained Book","floor":20.0,"gold_loss":0.0,"damage_taken":16.0},{"damage_healed":0.0,"max_hp_gain":0.0,"max_hp_loss":36.0,"gold_gain":0.0,"event_name":"Ghosts","player_choice":"Became a Ghost","floor":21.0,"gold_loss":0.0,"damage_taken":0.0,"cards_obtained":["Ghostly","Ghostly","Ghostly","Ghostly","Ghostly"]},{"damage_healed":0.0,"max_hp_gain":0.0,"max_hp_loss":0.0,"gold_gain":0.0,"event_name":"Duplicator","player_choice":"Copied","floor":22.0,"gold_loss":0.0,"damage_taken":0.0,"cards_obtained":["DeusExMachina"]},{"damage_healed":0.0,"max_hp_gain":0.0,"max_hp_loss":0.0,"gold_gain":0.0,"event_name":"N\u0027loth","player_choice":"Traded Relic","floor":27.0,"relics_lost":["Pear"],"gold_loss":0.0,"damage_taken":0.0,"relics_obtained":["Nloth\u0027s Gift"]},{"cards_removed":["PathToVictory"],"damage_healed":0.0,"max_hp_gain":0.0,"max_hp_loss":0.0,"gold_gain":0.0,"event_name":"Falling","player_choice":"Removed Skill","floor":38.0,"gold_loss":0.0,"damage_taken":0.0},{"damage_healed":0.0,"max_hp_gain":0.0,"max_hp_loss":0.0,"gold_gain":0.0,"event_name":"Winding Halls","player_choice":"Embrace Madness","floor":39.0,"gold_loss":0.0,"damage_taken":6.0,"cards_obtained":["Madness","Madness"]},{"damage_healed":0.0,"max_hp_gain":0.0,"max_hp_loss":0.0,"gold_gain":0.0,"event_name":"Mysterious Sphere","player_choice":"Fight","floor":44.0,"gold_loss":0.0,"damage_taken":0.0}],"is_beta":false,"boss_relics":[{"not_picked":["Tiny House","Cursed Key"],"picked":"Astrolabe"},{"not_picked":["Snecko Eye","Empty Cage"],"picked":"HolyWater"}],"items_purged_floors":[0,0,13,36,53],"is_endless":false,"potions_floor_spawned":[3,11,14,18,25,33,35,44,45,48],"ascension_level":0}}