{"host":"n9fx05aq4lr38byd","time":1612713939,"event":{"mods":["BaseMod","Bestiary","Minty Spire (QoL Compilation)","Permanent Neow","Relic Stats"],"gold_per_floor":[114,128,142,154,24,24,57,57,57,84,97,97,112,112,112,112,112],"floor_reached":16,"language":"ENG","playtime":586,"items_purged":["Strike_G"],"score":218,"play_id":"2159927a-a89b-462a-a53f-eca9a29dd119","local_time":"20210207160539","is_ascension_mode":true,"campfire_choices":[{"data":"Bane","floor":6,"key":"SMITH"},{"data":"Catalyst","floor":12,"key":"SMITH"},{"floor":15,"key":"REST"}],"circlet_count":0,"master_deck":["AscendersBane","Strike_G","Strike_G","Strike_G","Defend_G","Defend_G","Defend_G","Defend_G","Defend_G","Survivor","Neutralize","Venomology","Bane+1","Poisoned Stab","Poisoned Stab","Poisoned Stab","Dagger Spray","Catalyst+1","Caltrops","Deflect"],"relics":["Ring of the Snake","Ancient Tea Set","Nunchaku","Ninja Scroll"],"acts_visited":["Exordium"],"potions_floor_usage":[3,4,7,7,10,10,11,16,16,16],"damage_taken":[{"damage":6,"enemies":"2 Louse","floor":1,"turns":4},{"damage":11,"enemies":"Small Slimes","floor":2,"turns":4},{"damage":1,"enemies":"Cultist","floor":3,"turns":4},{"damage":1,"enemies":"3 Louse","floor":4,"turns":4},{"damage":12,"enemies":"Lagavulin","floor":7,"turns":5},{"damage":8,"enemies":"Gremlin Nob","floor":10,"turns":3},{"damage":0,"enemies":"2 Fungi Beasts","floor":11,"turns":2},{"damage":0,"enemies":"Blue Slaver","floor":13,"turns":2},{"damage":38,"enemies":"Slime Boss","floor":16,"turns":6}],"seed_played":"-2373750700914900208","potions_obtained":[{"floor":2,"key":"SteroidPotion"},{"floor":3,"key":"LiquidBronze"},{"floor":7,"key":"Explosive Potion"},{"floor":13,"key":"SkillPotion"}],"is_trial":false,"path_per_floor":["M","M","M","M","$","R","E","?","T","E","M","R","M","?","R","B"],"character_chosen":"THE_SILENT","items_purchased":["Dagger Spray"],"campfire_rested":1,"item_purchase_floors":[5],"current_hp_per_floor":[53,42,41,40,40,40,28,21,21,13,13,13,13,13,32,0,0],"gold":112,"neow_bonus":"ONE_RANDOM_RARE_CARD","is_daily":false,"chose_seed":false,"campfire_upgraded":2,"win_rate":0.0,"timestamp":1612713939,"path_taken":["M","M","M","M","$","R","E","?","T","E","M","R","M","?","R","BOSS"],"items_purchased_type":["Card"],"build_version":"2020-12-22","purchased_purges":1,"victory":false,"max_hp_per_floor":[66,66,66,66,66,66,66,66,66,66,66,66,66,66,66,66,66],"relic_stats":{"Nunchaku":[3],"counters":[9,34],"obtain_stats":[{"Nunchaku":9,"Ninja Scroll":10,"Ancient Tea Set":7,"Ring of the Snake":0},{"Nunchaku":5,"Ninja Scroll":6,"Ancient Tea Set":5,"Ring of the Snake":0},{"Nunchaku":21,"Ninja Scroll":24,"Ancient Tea Set":21,"Ring of the Snake":0}],"Ring of the Snake":[18]},"card_choices":[{"not_picked":["Backflip","Finisher"],"picked":"Bane","floor":1},{"not_picked":["Quick Slash","Deflect"],"picked":"Poisoned Stab","floor":2},{"not_picked":["Terror","Acrobatics"],"picked":"Poisoned Stab","floor":3},{"not_picked":["Prepared","Underhanded Strike"],"picked":"Poisoned Stab","floor":4},{"not_picked":["Choke","Cloak And Dagger","Setup"],"picked":"SKIP","floor":7},{"not_picked":["Venomology","Masterful Stab"],"picked":"Catalyst","floor":10},{"not_picked":["Accuracy","Concentrate"],"picked":"Caltrops","floor":11},{"not_picked":["Setup","Bane"],"picked":"Deflect","floor":13}],"player_experience":841304,"relics_obtained":[{"floor":7,"key":"Ancient Tea Set"},{"floor":9,"key":"Nunchaku"},{"floor":10,"key":"Ninja Scroll"}],"event_choices":[{"cards_removed":["Strike_G"],"damage_healed":0,"gold_gain":0,"player_choice":"Card Removal","damage_taken":7,"max_hp_gain":0,"max_hp_loss":0,"event_name":"Golden Wing","floor":8,"gold_loss":0},{"damage_healed":0,"gold_gain":0,"player_choice":"Ignored","damage_taken":0,"max_hp_gain":0,"max_hp_loss":0,"event_name":"Liars Game","floor":14,"gold_loss":0}],"is_beta":false,"boss_relics":[],"items_purged_floors":[5],"is_endless":false,"potions_floor_spawned":[2,3,4,7,13],"killed_by":"Slime Boss","ascension_level":19}}