{"host":"3498uni0c31c9bdm","time":1612686146,"event":{"mods":["BaseMod","Better Match","Better Note","Better Sensory Stone","Better Skull","Better Third Choice","Colored Map","Minty Spire (QoL Compilation)","Quick Restart","RNG Fix","Random Character Button","Replay The Spire","Shop Mod","Smile Girya","StSLib","Unceasing Turn Reminder"],"gold_per_floor":[109,65,65,123,298,298,370,403,403,11,11,11],"floor_reached":11,"language":"ENG","playtime":232,"items_purged":[],"score":110,"play_id":"c2c3fec3-374d-4a3c-8b06-2d901f31af04","local_time":"20210207192226","is_ascension_mode":true,"campfire_choices":[{"floor":6,"key":"RECALL"}],"circlet_count":0,"master_deck":["AscendersBane","Strike_B","Strike_B","Strike_B","Strike_B","Defend_B","Defend_B","Defend_B","Defend_B","Zap","Dualcast","Barrage","Voices","Fission","Doubt","Storm","Redo+1"],"relics":["Cracked Core","NeowsBlessing","betterThird:SlimedRelic","ReplayTheSpireMod:Ring of Challenge","Ring of Fury","Replay:Towering Pillar of Hats","Runic Capacitor","Replay:Bottled Eggs"],"acts_visited":["Exordium"],"potions_floor_usage":[11],"damage_taken":[{"damage":0,"enemies":"Small Slimes","floor":1,"turns":1},{"damage":0,"enemies":"Jaw Worm","floor":4,"turns":1},{"damage":15,"enemies":"3 Sentries","floor":7,"turns":5},{"damage":0,"enemies":"2 Louse","floor":8,"turns":1},{"damage":50,"enemies":"Gremlin Nob","floor":11,"turns":4}],"seed_played":"-8500406094988501461","potions_obtained":[{"floor":4,"key":"Ancient Potion"},{"floor":8,"key":"LifebloodPotion"}],"is_trial":false,"path_per_floor":["M","?","?","M","?","R","E","M","T","$","E"],"character_chosen":"DEFECT","items_purchased":["Runic Capacitor","Replay:Bottled Eggs"],"campfire_rested":0,"item_purchase_floors":[10,10],"current_hp_per_floor":[68,57,57,57,57,57,42,42,42,42,0,0],"gold":11,"neow_bonus":"THREE_ENEMY_KILL","is_daily":false,"chose_seed":false,"campfire_upgraded":0,"win_rate":0.0,"timestamp":1612686146,"path_taken":["M","?","?","M","?","R","E","M","T","?","E"],"items_purchased_type":["Relic","Relic"],"build_version":"2020-12-22","purchased_purges":0,"victory":false,"max_hp_per_floor":[75,75,75,75,75,75,75,75,75,75,75,75],"card_choices":[{"not_picked":["Rip and Tear","Coolheaded"],"picked":"Barrage","floor":1},{"not_picked":["ReplayTheSpireMod:System Scan","Consume"],"picked":"Fission","floor":4},{"not_picked":["Sweeping Beam","Streamline"],"picked":"Storm","floor":7},{"not_picked":["Recycle","Undo"],"picked":"Redo","floor":8}],"player_experience":842226,"relics_obtained":[{"floor":3,"key":"ReplayTheSpireMod:Ring of Challenge"},{"floor":3,"key":"Ring of Fury"},{"floor":7,"key":"Replay:Towering Pillar of Hats"}],"event_choices":[{"damage_healed":0,"gold_gain":0,"player_choice":"Slimed","damage_taken":11,"max_hp_gain":0,"max_hp_loss":0,"event_name":"betterThird:BetterGoop","floor":2,"gold_loss":44},{"damage_healed":0,"gold_gain":175,"player_choice":"AGREE","damage_taken":123,"max_hp_gain":0,"max_hp_loss":0,"event_name":"betterThird:BetterSerpent","floor":5,"gold_loss":0}],"is_beta":false,"boss_relics":[],"items_purged_floors":[],"is_endless":false,"potions_floor_spawned":[4,8],"killed_by":"Gremlin Nob","ascension_level":11}}