{"host":"a1eatafr7pisesky","time":1612677263,"event":{"mods":["AchievementEnabler","BaseMod","Colored Map","Keyboard Shortcuts","Minty Spire (QoL Compilation)","Say the Spire","StSLib","SuperFastMode","everything is the same but u backflip on backflip"],"gold_per_floor":[366,316,491,307,307,339,339,372,397,86,86,106,122,153,153,224,224,236,254,154,172,184,184,209,229,256,256,268,143,172,186,186,186,186],"floor_reached":33,"language":"KOR","playtime":680,"items_purged":["Doubt","Defend_P","Strike_P"],"score":561,"play_id":"fd06073b-bc02-4643-926c-8f6e2da58d77","local_time":"20210207145423","is_ascension_mode":true,"campfire_choices":[{"data":"Adaptation","floor":7.0,"key":"SMITH"},{"floor":11.0,"key":"REST"},{"data":"Tantrum","floor":15.0,"key":"SMITH"},{"floor":23.0,"key":"REST"},{"floor":27.0,"key":"REST"},{"data":"MentalFortress","floor":32.0,"key":"SMITH"}],"circlet_count":0,"master_deck":["AscendersBane","Strike_P","Strike_P","Strike_P","Defend_P","Defend_P","Eruption+1","Vigilance","CrushJoints","Adaptation+1","Tantrum+1","Worship","BowlingBash","EmptyBody","EmptyFist","Ragnarok","FlurryOfBlows+1","MentalFortress+1","Brilliance"],"relics":["PureWater","Bag of Preparation","Oddly Smooth Stone","Toy Ornithopter","Prayer Wheel","Mercury Hourglass","Philosopher\u0027s Stone","Anchor","Orichalcum","Pantograph"],"acts_visited":["Exordium","TheCity"],"potions_floor_usage":[33,33],"damage_taken":[{"damage":5.0,"enemies":"2 Louse","floor":1.0,"turns":3.0},{"damage":0.0,"enemies":"Gremlin Nob","floor":6.0,"turns":2.0},{"damage":27.0,"enemies":"3 Sentries","floor":8.0,"turns":5.0},{"damage":0.0,"enemies":"Cultist","floor":12.0,"turns":2.0},{"damage":0.0,"enemies":"Small Slimes","floor":13.0,"turns":2.0},{"damage":30.0,"enemies":"Gremlin Nob","floor":14.0,"turns":3.0},{"damage":9.0,"enemies":"Slime Boss","floor":16.0,"turns":6.0},{"damage":12.0,"enemies":"Chosen","floor":18.0,"turns":4.0},{"damage":7.0,"enemies":"Shell Parasite","floor":19.0,"turns":2.0},{"damage":6.0,"enemies":"Chosen and Byrds","floor":21.0,"turns":3.0},{"damage":11.0,"enemies":"Snecko","floor":22.0,"turns":3.0},{"damage":31.0,"enemies":"Slavers","floor":24.0,"turns":3.0},{"damage":8.0,"enemies":"3 Cultists","floor":25.0,"turns":3.0},{"damage":2.0,"enemies":"Shelled Parasite and Fungi","floor":28.0,"turns":3.0},{"damage":10.0,"enemies":"Book of Stabbing","floor":30.0,"turns":2.0},{"damage":0.0,"enemies":"Centurion and Healer","floor":31.0,"turns":4.0},{"damage":50,"enemies":"Automaton","floor":33,"turns":4}],"seed_played":"-3807149990603676748","potions_obtained":[{"floor":13.0,"key":"Energy Potion"},{"floor":14.0,"key":"StancePotion"},{"floor":18.0,"key":"PowerPotion"},{"floor":24.0,"key":"SteroidPotion"},{"floor":25.0,"key":"Explosive Potion"},{"floor":30.0,"key":"Ancient Potion"}],"is_trial":false,"path_per_floor":["M","?","?","$","?","E","R","E","T","$","R","M","M","E","R","B",null,"M","M","$","M","M","R","E","M","T","R","M","$","E","M","R","B"],"character_chosen":"WATCHER","items_purchased":["Adaptation","Tantrum","Prayer Wheel"],"campfire_rested":3,"item_purchase_floors":[4,4,10],"current_hp_per_floor":[56,56,56,56,56,56,56,29,29,29,47,47,47,22,22,13,50,38,31,31,25,14,32,6,3,3,21,19,19,14,14,14,0,0],"gold":186,"neow_bonus":"TWO_FIFTY_GOLD","is_daily":false,"chose_seed":false,"campfire_upgraded":3,"win_rate":0.0,"timestamp":1612677263,"path_taken":["M","?","?","$","?","E","R","E","T","$","R","M","M","E","R","BOSS","M","M","$","M","M","R","E","?","T","R","M","$","E","M","R","BOSS"],"items_purchased_type":["Card","Card","Relic"],"build_version":"2020-12-22","purchased_purges":3,"victory":false,"max_hp_per_floor":[62,62,62,62,62,62,62,62,62,62,62,62,62,62,62,62,62,62,62,62,62,62,62,62,62,62,62,62,62,62,62,62,62,62],"card_choices":[{"not_picked":["EmptyBody","WaveOfTheHand"],"picked":"CrushJoints","floor":1.0},{"not_picked":["Crescendo","BattleHymn"],"picked":"Worship","floor":6.0},{"not_picked":["Prostrate","DevaForm"],"picked":"BowlingBash","floor":8.0},{"not_picked":["EmptyBody","FlyingSleeves","Protect"],"picked":"SKIP","floor":12.0},{"not_picked":["EmptyBody","Tantrum","Indignation"],"picked":"SKIP","floor":12.0},{"not_picked":["Tantrum","Indignation"],"picked":"EmptyBody","floor":12.0},{"not_picked":["EmptyBody","FlyingSleeves","Protect"],"picked":"SKIP","floor":12.0},{"not_picked":["Vengeance","WaveOfTheHand"],"picked":"EmptyFist","floor":13.0},{"not_picked":["EmptyFist","FlyingSleeves","Protect"],"picked":"SKIP","floor":13.0},{"not_picked":["EmptyMind","Halt","Judgement"],"picked":"SKIP","floor":14.0},{"not_picked":["Judgement","Vault"],"picked":"Ragnarok","floor":16.0},{"not_picked":["ThirdEye","ClearTheMind+1","EmptyBody"],"picked":"SKIP","floor":18.0},{"not_picked":["Protect","JustLucky","EmptyBody"],"picked":"SKIP","floor":18.0},{"not_picked":["BattleHymn+1","Evaluate","Halt"],"picked":"SKIP","floor":19.0},{"not_picked":["Collect+1","JustLucky+1","ThirdEye"],"picked":"SKIP","floor":19.0},{"not_picked":["EmptyBody","EmptyFist"],"picked":"FlurryOfBlows+1","floor":21.0},{"not_picked":["PathToVictory","Crescendo","Evaluate"],"picked":"SKIP","floor":21.0},{"not_picked":["FlurryOfBlows","Devotion"],"picked":"MentalFortress","floor":22.0},{"not_picked":["Crescendo","WindmillStrike","Indignation"],"picked":"SKIP","floor":22.0},{"not_picked":["BattleHymn","PathToVictory","ThirdEye"],"picked":"SKIP","floor":24.0},{"not_picked":["DeceiveReality+1","Halt+1","EmptyMind"],"picked":"SKIP","floor":25.0},{"not_picked":["Prostrate","FollowUp+1","LikeWater+1"],"picked":"SKIP","floor":25.0},{"not_picked":["ClearTheMind","LikeWater","PathToVictory"],"picked":"SKIP","floor":28.0},{"not_picked":["Perseverance","Crescendo","CutThroughFate"],"picked":"SKIP","floor":28.0},{"not_picked":["Protect","ClearTheMind"],"picked":"Brilliance","floor":30.0},{"not_picked":["ClearTheMind","Evaluate","SandsOfTime+1"],"picked":"SKIP","floor":31.0},{"not_picked":["Consecrate","CarveReality","JustLucky"],"picked":"SKIP","floor":31.0}],"player_experience":416443,"relics_obtained":[{"floor":6.0,"key":"Bag of Preparation"},{"floor":8.0,"key":"Oddly Smooth Stone"},{"floor":9.0,"key":"Toy Ornithopter"},{"floor":14.0,"key":"Mercury Hourglass"},{"floor":24.0,"key":"Anchor"},{"floor":26.0,"key":"Orichalcum"},{"floor":30.0,"key":"Pantograph"}],"event_choices":[{"cards_removed":["Defend_P"],"damage_healed":0.0,"max_hp_gain":0.0,"max_hp_loss":0.0,"gold_gain":0.0,"event_name":"The Cleric","player_choice":"Card Removal","floor":2.0,"gold_loss":50.0,"damage_taken":0.0},{"damage_healed":0.0,"max_hp_gain":0.0,"max_hp_loss":0.0,"gold_gain":175.0,"event_name":"Liars Game","player_choice":"AGREE","floor":3.0,"gold_loss":0.0,"damage_taken":0.0,"cards_obtained":["Doubt"]},{"damage_healed":0.0,"max_hp_gain":0.0,"max_hp_loss":0.0,"gold_gain":0.0,"event_name":"Upgrade Shrine","player_choice":"Upgraded","floor":5.0,"gold_loss":0.0,"damage_taken":0.0,"cards_upgraded":["Eruption"]}],"is_beta":false,"boss_relics":[{"not_picked":["Velvet Choker","Sozu"],"picked":"Philosopher\u0027s Stone"}],"items_purged_floors":[4,20,29],"is_endless":false,"potions_floor_spawned":[13,14,18,21,24,25,30],"killed_by":"Automaton","ascension_level":14}}