{"host":"qswkx8hggytna0kc","time":1612692126,"event":{"mods":["Aspiration","BaseMod","BetterRewards","Colored Map","Colored Powertips","Highlight Path","Hubris","Mimic Mod","Minty Spire (QoL Compilation)","MostiFishMod","Quick Restart","Replay The Spire","StSLib","SuperFastMode"],"gold_per_floor":[114,126,126,126,126,159,159,184,211,211,224,242,256,273,273,351,351,362,362,378,378,407,439,439,456,481,481,481,513,513,528,528,600,600,610,610,630,630,650,667,695,695,695,695,1328,1328,1382,1393,1393,1393,1393,1393,1693,2320,2320],"floor_reached":56,"language":"ZHS","playtime":1655,"items_purged":["Strike_R","Strike_R","Strike_R","Strike_R","Defend_R","Defend_R"],"score":2513,"play_id":"038f2488-0c53-48a9-b0ad-bbaf2c14738f","local_time":"20210207180206","is_ascension_mode":true,"campfire_choices":[{"data":"Abandon","floor":7.0,"key":"SMITH"},{"floor":15.0,"key":"RECALL"},{"data":"MostiFishMod:PerfectStrikeMKII","floor":24,"key":"SMITH"},{"data":"Pommel Strike","floor":32,"key":"SMITH"},{"data":"MostiFishMod:ElfcollectionBox","floor":42,"key":"SMITH"},{"data":"Pot Of Greed","floor":46,"key":"SMITH"},{"data":"Pot Of Greed","floor":49,"key":"SMITH"},{"data":"MostiFishMod:OneDayCity","floor":52,"key":"SMITH"}],"circlet_count":0,"master_deck":["AscendersBane","Defend_R","Defend_R","Bash","Pommel Strike+1","Clash","Master of Strategy","Replay:Undeath\u0027s Touch","Infernal Blade+1","Pummel","Abandon+1","Pommel Strike","Searing Blow","Clash","Twin Strike","MostiFishMod:PerfectStrikeMKII+1","Sweeping Beam","Turbo+1","Crow Ritual","Blood for Blood","Panic Button","Gash+1","Beam Cell+1","MostiFishMod:OneDayCity+1","Scrape+1","All For One","Anger","Pot Of Greed+1","Pot Of Greed+1","Pot Of Greed","Gash+1","MostiFishMod:ElfcollectionBox+1","Panic Button","Steam Power","MostiFishMod:OrdinaryWorld","Gash+1"],"relics":["Burning Blood","DaveBox","DiscerningMonocle","aspiration:Lifesprig","SynthV:TestCard","Vajra","hubris:PeanutButter","Civilization","TheAbacus","King of Hearts","Replay:Bottled Flurry","hubris:ChampionShield","Juzu Bracelet","aspiration:DefectSkillbook","Regal Pillow","ClockworkSouvenir","Unceasing Top","Tiny Chest","Red Mask","aspiration:Stabinomicon","Art of War","Garlic","Strawberry","BargainBundle","Shuriken","Bird Faced Urn","Enchiridion","aspiration:SecretTechniqueScroll","Grinning Jar","Sundial","Eternal Feather","Chemical X","SentryEyes","Singing Bowl","Mirror","Whetstone","Brimstone","ImprovedEquipment","Anchor","hubris:NiceRug","Kunai"],"acts_visited":["Exordium","TheCity","TheBeyond","TheEnding"],"potions_floor_usage":[],"damage_taken":[{"damage":43.0,"enemies":"Cultist","floor":1.0,"turns":6.0},{"damage":10.0,"enemies":"2 Louse","floor":2.0,"turns":6.0},{"damage":12.0,"enemies":"Gremlin Nob","floor":6.0,"turns":5.0},{"damage":0.0,"enemies":"Lagavulin","floor":8.0,"turns":6.0},{"damage":4.0,"enemies":"Small Slimes","floor":11.0,"turns":2.0},{"damage":0.0,"enemies":"3 Louse","floor":12.0,"turns":2.0},{"damage":4.0,"enemies":"Exordium Wildlife","floor":13.0,"turns":3.0},{"damage":0.0,"enemies":"2 Fungi Beasts","floor":14.0,"turns":1.0},{"damage":28.0,"enemies":"Hexaghost","floor":16.0,"turns":7.0},{"damage":0,"enemies":"3 Byrds","floor":18,"turns":3},{"damage":3,"enemies":"2 Thieves","floor":20,"turns":3},{"damage":4,"enemies":"Masked Bandits","floor":22,"turns":3},{"damage":2,"enemies":"Book of Stabbing","floor":23,"turns":2},{"damage":0,"enemies":"Snake Plant","floor":25,"turns":1},{"damage":0,"enemies":"Gremlin Leader","floor":29,"turns":2},{"damage":0,"enemies":"Snecko","floor":31,"turns":2},{"damage":0,"enemies":"Automaton","floor":33,"turns":2},{"damage":0,"enemies":"Orb Walker","floor":35,"turns":1},{"damage":0,"enemies":"3 Darklings","floor":37,"turns":1},{"damage":0,"enemies":"Spire Growth","floor":39,"turns":1},{"damage":0,"enemies":"Transient","floor":40,"turns":3},{"damage":0,"enemies":"R_Hoarder","floor":41,"turns":2},{"damage":0,"enemies":"Nemesis","floor":45,"turns":1},{"damage":0,"enemies":"R_Hoarder","floor":47,"turns":3},{"damage":0,"enemies":"3 Darklings","floor":48,"turns":1},{"damage":8,"enemies":"hubris:GrandSnecko","floor":50,"turns":2},{"damage":0,"enemies":"hubris:Merchant","floor":53,"turns":2},{"damage":0,"enemies":"Shield and Spear","floor":54,"turns":1},{"damage":0,"enemies":"The Heart","floor":55,"turns":3}],"seed_played":"-9176342053120368244","potions_obtained":[{"floor":1.0,"key":"Strength Potion"},{"floor":6.0,"key":"LiquidBronze"},{"floor":8.0,"key":"SteroidPotion"}],"is_trial":false,"path_per_floor":["M","M","$","?","$","E","R","E","T","?","M","M","M","M","R","B",null,"M","?","M","$","?","E","R","M","T","$","T","E","?","M","R","B",null,"M","T","M","$","M","M","E","R","T","?","E","R","E","M","R","B",null,"R","$","E","B",null],"character_chosen":"IRONCLAD","items_purchased":["Vajra","hubris:PeanutButter","Civilization","Master of Strategy","Replay:Undeath\u0027s Touch","Energy Potion","TheAbacus","King of Hearts","Replay:Bottled Flurry","Infernal Blade+1","Adrenaline Potion","Pummel","ClockworkSouvenir","Unceasing Top","Tiny Chest","Crow Ritual","Blood for Blood","AttackPotion","Panic Button","Garlic","Strawberry","BargainBundle","MostiFishMod:OneDayCity","Sundial","Eternal Feather","Chemical X","MostiFishMod:ElfcollectionBox","Panic Button","Brimstone","ImprovedEquipment","Anchor","MostiFishMod:OrdinaryWorld"],"campfire_rested":0,"item_purchase_floors":[3,3,3,3,3,3,5,5,5,5,5,5,21,21,21,21,21,21,21,27,27,27,27,38,38,38,38,38,53,53,53,53],"current_hp_per_floor":[35,31,31,24,24,19,19,27,27,27,33,44,51,62,62,45,92,103,103,111,111,118,127,127,132,132,139,139,144,128,141,141,154,154,159,159,164,164,169,174,179,179,179,179,186,186,193,200,200,205,205,205,222,227,232],"gold":2320,"neow_bonus":"RANDOM_COMMON_RELIC","is_daily":false,"chose_seed":false,"campfire_upgraded":7,"win_rate":0.0,"timestamp":1612692126,"path_taken":["M","M","$","?","$","E","R","E","T","?","M","M","M","M","R","BOSS","M","?","M","$","?","E","R","M","T","$","?","E","?","M","R","BOSS","M","?","M","$","M","M","E","R","T","?","E","R","E","M","R","BOSS","R","$","E","BOSS"],"items_purchased_type":["Relic","Relic","Relic","Card","Card","Potion","Relic","Relic","Relic","Card","Potion","Card","Relic","Relic","Relic","Card","Card","Potion","Card","Relic","Relic","Relic","Card","Relic","Relic","Relic","Card","Card","Relic","Relic","Relic","Card"],"build_version":"2020-12-22","purchased_purges":6,"victory":true,"max_hp_per_floor":[80,80,80,80,80,81,81,83,83,83,87,92,97,102,102,107,107,112,112,117,117,122,127,127,132,132,139,139,144,144,149,149,154,154,159,159,164,164,169,174,179,179,179,179,186,186,193,200,200,205,205,205,222,227,232],"card_choices":[{"not_picked":["Shrug It Off","Reckless Charge"],"picked":"Pommel Strike","floor":1.0},{"not_picked":["hubris:SharpeningStone","Searing Blow","hubris:CleavingFinish","Combust"],"picked":"Clash","floor":2.0},{"not_picked":["Sword Boomerang","MostiFishMod:FlyOverUtopia","Inflame","Rampage"],"picked":"Abandon","floor":6.0},{"not_picked":["Heavy Blade","Clothesline","Abandon","Evolve"],"picked":"Pommel Strike","floor":8.0},{"not_picked":["Clash","Run Through","Eclipse","Burning Pact"],"picked":"Searing Blow","floor":11.0},{"not_picked":["Sentinel","Run Through","hubris:SharpeningStone","Fire Breathing"],"picked":"Clash","floor":12.0},{"not_picked":["Evolve","hubris:ReadiedAction","Clothesline","ReplayTheSpireMod:Stacked","Defy Death"],"picked":"SKIP","floor":13.0},{"not_picked":["Clothesline","Dropkick","Warcry","Run Through"],"picked":"Twin Strike","floor":14.0},{"not_picked":["Feed","MostiFishMod:KnuckleDown","Corruption","MostiFishMod:DarkDeal"],"picked":"MostiFishMod:PerfectStrikeMKII","floor":16.0},{"not_picked":["Replay:Undeath\u0027s Touch","Clothesline","Run Through","Twin Strike","Wild Strike+1"],"picked":"Sweeping Beam","floor":18},{"not_picked":["Hologram","Rage","Sword Boomerang","Life Link","Wild Strike"],"picked":"Turbo+1","floor":20},{"not_picked":["Genetic Algorithm","ReplaySolidLightProjector","Wild Strike","BasicCrystalCard","Havoc"],"picked":"Gash","floor":22},{"not_picked":["Sentinel","Hemokinesis","Heatsinks","MostiFishMod:DawningShadow","Immolate","Capacitor"],"picked":"SKIP","floor":23},{"not_picked":["Pummel","ReplayTheSpireMod:System Scan","Perfected Strike","hubris:ReadiedAction","Turbo"],"picked":"Beam Cell","floor":25},{"not_picked":["Ball Lightning","Sword Boomerang","BasicCrystalCard","Shrug It Off","MostiFishMod:Chiaki","Conserve Battery"],"picked":"SKIP","floor":29},{"not_picked":["Headbutt","ReplayTheSpireMod:GoodbyeWorld","Sentinel","Cleave","Thunderclap"],"picked":"Scrape+1","floor":31},{"not_picked":["Meteor Strike","Fission","MostiFishMod:404NotFound","Core Surge","Creative AI"],"picked":"All For One","floor":33},{"not_picked":["Turbo","MostiFishMod:BrandingRite","Auto Shields","Reckless Charge","Redo"],"picked":"Anger","floor":35},{"not_picked":["Panic Button","Consume+1","Run Through+1","hubris:CleavingFinish","MostiFishMod:LinkProtocol"],"picked":"Gash+1","floor":37},{"not_picked":["Stack","hubris:ReadiedAction","Body Slam","Ghostly Armor","Conserve Battery","Massacre+1"],"picked":"SKIP","floor":39},{"not_picked":["ReplayTheSpireMod:Stacked+1","Barrage+1","Dual Wield","Seeing Red","ReplaySort","MostiFishMod:GatherIntelligence"],"picked":"SKIP","floor":40},{"not_picked":["MostiFishMod:RacingGame","Cleave","Twin Strike","Leap","Self Repair+1"],"picked":"Steam Power","floor":41},{"not_picked":["Coolheaded+1","Entrench+1","Run Through","hubris:ReadiedAction","Chill+1","Rebound"],"picked":"Singing Bowl","floor":45},{"not_picked":["Hemogenesis","Compile Driver","True Grit","Barrage+1","MostiFishMod:UltimateDefense","Chill"],"picked":"Singing Bowl","floor":47},{"not_picked":["Heavy Blade","Leap","Lockon","Shrug It Off","True Grit","Thunderclap"],"picked":"Singing Bowl","floor":48},{"not_picked":["ReplayTheSpireMod:Limb From Limb"],"picked":"Singing Bowl","floor":53},{"not_picked":["Redo"],"picked":"Singing Bowl","floor":53},{"not_picked":["Entrench"],"picked":"Singing Bowl","floor":53},{"not_picked":["Feel No Pain"],"picked":"Singing Bowl","floor":53},{"not_picked":["Discovery"],"picked":"Singing Bowl","floor":53},{"not_picked":["The Bomb"],"picked":"Singing Bowl","floor":53},{"not_picked":["Pummel+1","BasicCrystalCard","Metallicize","Conserve Battery+1","Shockwave+1"],"picked":"Gash+1","floor":54}],"player_experience":394739,"relics_obtained":[{"floor":1.0,"key":"SynthV:TestCard"},{"floor":6.0,"key":"hubris:ChampionShield"},{"floor":8.0,"key":"Juzu Bracelet"},{"floor":22,"key":"Red Mask"},{"floor":23,"key":"aspiration:Stabinomicon"},{"floor":26,"key":"Art of War"},{"floor":28,"key":"Shuriken"},{"floor":29,"key":"Bird Faced Urn"},{"floor":30,"key":"Enchiridion"},{"floor":36,"key":"Grinning Jar"},{"floor":41,"key":"SentryEyes"},{"floor":43,"key":"Singing Bowl"},{"floor":45,"key":"Mirror"},{"floor":47,"key":"Whetstone"},{"floor":54,"key":"Kunai"}],"event_choices":[{"cards_removed":["Strike_R"],"damage_healed":0.0,"max_hp_gain":0.0,"max_hp_loss":0.0,"gold_gain":0.0,"event_name":"Golden Wing","player_choice":"Card Removal","floor":4.0,"gold_loss":0.0,"damage_taken":7.0},{"damage_healed":0,"gold_gain":0,"player_choice":"Opened","damage_taken":0,"relics_obtained":["Regal Pillow"],"max_hp_gain":0,"max_hp_loss":0,"event_name":"The Mausoleum","floor":19,"gold_loss":0},{"damage_healed":0,"gold_gain":0,"player_choice":"Fought Bandits","damage_taken":0,"max_hp_gain":0,"max_hp_loss":0,"event_name":"Masked Bandits","floor":22,"gold_loss":0},{"damage_healed":0,"gold_gain":0,"player_choice":"Obtained Book","damage_taken":16,"max_hp_gain":0,"max_hp_loss":0,"event_name":"Cursed Tome","floor":30,"gold_loss":0}],"is_beta":false,"boss_relics":[{"not_picked":["hubris:Stopwatch","Pandora\u0027s Box"],"picked":"aspiration:DefectSkillbook"},{"not_picked":["MoonlightInvasionPlan","Sozu"],"picked":"aspiration:SecretTechniqueScroll"}],"items_purged_floors":[3,5,21,27,38,53],"is_endless":false,"potions_floor_spawned":[1,6,8,12,22,29,31,35,39,41,45],"ascension_level":13}}