{"host":"04hh9gplt9wkfmr1","time":1612727640,"event":{"mods":["AchievementEnabler","BaseMod","Colored Map","KOR Keyword Fix","Minty Spire (QoL Compilation)","Rare Cards Sparkle","SuperFastMode"],"gold_per_floor":[109,124,143,158,169,169,200,200,200,234,234,309,320,470,470,546,546,561,561,561,486,17,45,58,58,58,87,118,118,136,153,153,228,228,239,257,257,257,276,276,310,310,334,361,361,89,103,121,121,121],"floor_reached":51,"language":"KOR","playtime":2194,"items_purged":["Shame"],"score":1529,"play_id":"a707b254-9276-4f53-b68a-b560c4d65844","local_time":"20210208045400","is_ascension_mode":true,"campfire_choices":[{"data":"Night Terror","floor":6.0,"key":"SMITH"},{"floor":8.0,"key":"REST"},{"floor":11.0,"key":"REST"},{"floor":15.0,"key":"REST"},{"floor":25.0,"key":"REST"},{"data":"Venomology","floor":29.0,"key":"SMITH"},{"floor":32.0,"key":"REST"},{"data":"After Image","floor":40.0,"key":"SMITH"},{"data":"After Image","floor":45.0,"key":"SMITH"},{"data":"A Thousand Cuts","floor":49,"key":"SMITH"}],"circlet_count":0,"master_deck":["AscendersBane","Survivor","Neutralize","Blade Dance","Terror","Night Terror+1","After Image+1","Backflip","Blade Dance","Escape Plan","Infinite Blades","Blade Dance","Venomology+1","Noxious Fumes","Infinite Blades","Venomology","Eviscerate","Poisoned Stab","Bane","Expertise","Prepared","Envenom","After Image+1","Outmaneuver","Flying Knee","Blade Dance","Cloak And Dagger","Concentrate","Madness","Madness","Pain","Parasite","A Thousand Cuts+1","Choke","Blade Dance","Cloak And Dagger"],"relics":["Ring of the Snake","Blue Candle","The Courier","Dead Branch","SlaversCollar","Letter Opener","Question Card","Shuriken","Pear","Ninja Scroll","Red Mask","Toy Ornithopter","Pandora\u0027s Box","WarpedTongs","Eternal Feather","Regal Pillow","Strawberry","Kunai"],"acts_visited":["Exordium","TheCity","TheBeyond"],"potions_floor_usage":[47,48,48,50,50,50],"damage_taken":[{"damage":4.0,"enemies":"Cultist","floor":1.0,"turns":5.0},{"damage":7.0,"enemies":"Small Slimes","floor":2.0,"turns":4.0},{"damage":2.0,"enemies":"2 Louse","floor":3.0,"turns":4.0},{"damage":4.0,"enemies":"2 Fungi Beasts","floor":4.0,"turns":4.0},{"damage":0.0,"enemies":"3 Louse","floor":5.0,"turns":2.0},{"damage":44.0,"enemies":"Lagavulin","floor":7.0,"turns":9.0},{"damage":8.0,"enemies":"3 Sentries","floor":10.0,"turns":15.0},{"damage":1.0,"enemies":"Blue Slaver","floor":13.0,"turns":5.0},{"damage":36.0,"enemies":"Hexaghost","floor":16.0,"turns":11.0},{"damage":21.0,"enemies":"Spheric Guardian","floor":18.0,"turns":9.0},{"damage":0.0,"enemies":"Gremlin Leader","floor":23.0,"turns":6.0},{"damage":10.0,"enemies":"Shell Parasite","floor":24.0,"turns":6.0},{"damage":16.0,"enemies":"Masked Bandits","floor":27.0,"turns":4.0},{"damage":0.0,"enemies":"Slavers","floor":28.0,"turns":3.0},{"damage":7.0,"enemies":"Snake Plant","floor":30.0,"turns":4.0},{"damage":0.0,"enemies":"Chosen and Byrds","floor":31.0,"turns":1.0},{"damage":13.0,"enemies":"Automaton","floor":33.0,"turns":5.0},{"damage":9.0,"enemies":"3 Darklings","floor":35.0,"turns":5.0},{"damage":0.0,"enemies":"3 Shapes","floor":36.0,"turns":3.0},{"damage":52.0,"enemies":"Writhing Mass","floor":39.0,"turns":5.0},{"damage":14.0,"enemies":"Nemesis","floor":41.0,"turns":5.0},{"damage":24.0,"enemies":"Giant Head","floor":44.0,"turns":6.0},{"damage":16,"enemies":"3 Darklings","floor":47,"turns":4},{"damage":2,"enemies":"Transient","floor":48,"turns":5},{"damage":31,"enemies":"Donu and Deca","floor":50,"turns":7}],"seed_played":"-1874496561329002233","potions_obtained":[{"floor":4.0,"key":"Explosive Potion"},{"floor":7.0,"key":"EssenceOfSteel"},{"floor":13.0,"key":"SteroidPotion"},{"floor":16.0,"key":"Fire Potion"},{"floor":23.0,"key":"SteroidPotion"},{"floor":24.0,"key":"GhostInAJar"},{"floor":35.0,"key":"SpeedPotion"},{"floor":36.0,"key":"BlessingOfTheForge"},{"floor":47,"key":"AttackPotion"}],"is_trial":false,"path_per_floor":["M","M","M","M","M","R","E","R","T","E","R","?","M","?","R","B",null,"M","?","?","?","$","E","M","R","T","?","E","R","M","M","R","B",null,"M","M","?","?","M","R","E","?","T","E","R","$","M","M","R","B",null],"character_chosen":"THE_SILENT","items_purchased":["Question Card","Shuriken","Blade Dance","Kunai"],"campfire_rested":5,"item_purchase_floors":[22,22,22,46],"current_hp_per_floor":[61,54,52,48,48,48,4,25,25,17,38,27,26,26,47,11,57,36,36,16,16,16,26,16,42,42,26,26,26,19,19,45,37,75,78,78,62,62,40,40,26,26,26,34,55,55,44,52,73,57],"gold":121,"neow_bonus":"TEN_PERCENT_HP_BONUS","is_daily":false,"chose_seed":false,"campfire_upgraded":5,"win_rate":0.0,"timestamp":1612727640,"path_taken":["M","M","M","?","M","R","E","R","T","E","R","?","M","?","R","BOSS","M","?","?","?","$","E","M","R","T","?","E","R","M","M","R","BOSS","M","M","?","?","?","R","E","?","T","E","R","$","M","M","R","BOSS"],"items_purchased_type":["Relic","Relic","Card","Relic"],"build_version":"2020-12-22","purchased_purges":1,"victory":true,"max_hp_per_floor":[72,72,72,72,72,72,72,72,72,72,72,72,72,72,72,72,72,72,72,77,77,77,87,87,87,87,87,87,87,87,87,87,87,87,87,87,87,87,87,87,87,87,87,94,94,94,94,94,94,94],"card_choices":[{"not_picked":["Slice","Outmaneuver","Caltrops"],"picked":"SKIP","floor":1.0},{"not_picked":["Masterful Stab","Tactician","Flying Knee"],"picked":"SKIP","floor":2.0},{"not_picked":["Dodge and Roll","Escape Plan"],"picked":"Blade Dance","floor":3.0},{"not_picked":["Flying Knee","PiercingWail"],"picked":"Terror","floor":4.0},{"not_picked":["Sucker Punch","Catalyst"],"picked":"Night Terror","floor":5.0},{"not_picked":["Deadly Poison","Flying Knee"],"picked":"Escape Plan","floor":7.0},{"not_picked":["Slice","Blur","Masterful Stab"],"picked":"SKIP","floor":10.0},{"not_picked":["Poisoned Stab","Dagger Spray","Heel Hook"],"picked":"SKIP","floor":13.0},{"not_picked":["Envenom","Storm of Steel"],"picked":"After Image","floor":16.0},{"not_picked":["Bane","Flying Knee"],"picked":"Backflip","floor":18.0},{"not_picked":["Backflip","Endless Agony","Leg Sweep"],"picked":"Escape Plan","floor":23.0},{"not_picked":["Deflect","Dagger Throw","Heel Hook"],"picked":"Infinite Blades","floor":24.0},{"not_picked":["Deadly Poison","All Out Attack","Dash"],"picked":"Blade Dance","floor":27.0},{"not_picked":["Sucker Punch","All Out Attack","Endless Agony"],"picked":"Venomology","floor":28.0},{"not_picked":["Deflect","Slice","Deadly Poison"],"picked":"Noxious Fumes","floor":30.0},{"not_picked":["Deflect+1","Prepared","PiercingWail"],"picked":"Infinite Blades","floor":31.0},{"not_picked":["Grand Finale","Malaise","Glass Knife"],"picked":"Venomology","floor":33.0},{"not_picked":["Expertise+1","Skewer","Acrobatics","Cloak And Dagger"],"picked":"SKIP","floor":35.0},{"not_picked":["Expertise+1","Skewer","Acrobatics"],"picked":"Cloak And Dagger","floor":35.0},{"not_picked":["Underhanded Strike","Slice","Bouncing Flask"],"picked":"Concentrate","floor":36.0},{"not_picked":["Dagger Throw","Acrobatics","Finisher"],"picked":"A Thousand Cuts","floor":39.0},{"not_picked":["Cloak And Dagger+1","Eviscerate","Prepared"],"picked":"Choke","floor":41.0},{"not_picked":["Deflect+1","Well Laid Plans","Dagger Spray+1","Deadly Poison"],"picked":"SKIP","floor":44.0},{"not_picked":["Quick Slash","Leg Sweep","Prepared"],"picked":"Blade Dance","floor":47},{"not_picked":["Expertise","Bouncing Flask+1","Heel Hook"],"picked":"Cloak And Dagger","floor":48}],"player_experience":139047,"relics_obtained":[{"floor":7.0,"key":"Blue Candle"},{"floor":9.0,"key":"The Courier"},{"floor":10.0,"key":"Dead Branch"},{"floor":23.0,"key":"Pear"},{"floor":26.0,"key":"Ninja Scroll"},{"floor":27.0,"key":"Red Mask"},{"floor":28.0,"key":"Toy Ornithopter"},{"floor":41.0,"key":"Eternal Feather"},{"floor":43.0,"key":"Regal Pillow"},{"floor":44.0,"key":"Strawberry"}],"event_choices":[{"damage_healed":0.0,"max_hp_gain":0.0,"max_hp_loss":0.0,"gold_gain":75.0,"event_name":"World of Goop","player_choice":"Gather Gold","floor":12.0,"gold_loss":0.0,"damage_taken":11.0},{"damage_healed":0.0,"max_hp_gain":0.0,"max_hp_loss":0.0,"gold_gain":150.0,"event_name":"Liars Game","player_choice":"AGREE","floor":14.0,"gold_loss":0.0,"damage_taken":0.0,"cards_obtained":["Doubt"]},{"damage_healed":0.0,"max_hp_gain":0.0,"max_hp_loss":0.0,"gold_gain":0.0,"event_name":"Addict","player_choice":"Stole Relic","floor":19.0,"gold_loss":0.0,"damage_taken":0.0,"relics_obtained":["Letter Opener"],"cards_obtained":["Shame"]},{"damage_healed":0.0,"max_hp_gain":5.0,"max_hp_loss":0.0,"gold_gain":0.0,"event_name":"Forgotten Altar","player_choice":"Shed Blood","floor":20.0,"gold_loss":0.0,"damage_taken":25.0},{"cards_removed":["Doubt"],"damage_healed":0.0,"max_hp_gain":0.0,"max_hp_loss":0.0,"gold_gain":0.0,"event_name":"Beggar","player_choice":"Gave Gold","floor":21.0,"gold_loss":75.0,"damage_taken":0.0},{"damage_healed":0.0,"max_hp_gain":0.0,"max_hp_loss":0.0,"gold_gain":0.0,"event_name":"Masked Bandits","player_choice":"Fought Bandits","floor":27.0,"gold_loss":0.0,"damage_taken":0.0},{"damage_healed":0.0,"max_hp_gain":0.0,"max_hp_loss":0.0,"gold_gain":0.0,"event_name":"Winding Halls","player_choice":"Embrace Madness","floor":37.0,"gold_loss":0.0,"damage_taken":16.0,"cards_obtained":["Madness","Madness"]},{"damage_healed":0.0,"max_hp_gain":0.0,"max_hp_loss":0.0,"gold_gain":0.0,"event_name":"Accursed Blacksmith","player_choice":"Rummage","floor":38.0,"gold_loss":0.0,"damage_taken":0.0,"relics_obtained":["WarpedTongs"],"cards_obtained":["Pain"]},{"cards_removed":["Escape Plan"],"damage_healed":0.0,"max_hp_gain":0.0,"max_hp_loss":0.0,"gold_gain":0.0,"event_name":"Falling","player_choice":"Removed Skill","floor":42.0,"gold_loss":0.0,"damage_taken":0.0}],"is_beta":false,"boss_relics":[{"not_picked":["Calling Bell","Black Star"],"picked":"SlaversCollar"},{"not_picked":["Runic Pyramid","Velvet Choker"],"picked":"Pandora\u0027s Box"}],"items_purged_floors":[46],"is_endless":false,"potions_floor_spawned":[4,7,13,16,23,24,33,35,36,47],"ascension_level":16}}