{"host":"fzjk61lpi4bwj033","time":1612720562,"event":{"mods":["BaseMod","Hermit","Jorbs\u0027s Wanderer Trilogy","Minty Spire (QoL Compilation)","Rare Cards Sparkle","Relic Stats","StSLib"],"gold_per_floor":[211,211,43,43,55,55,67,97,97,22,22,22],"floor_reached":11,"language":"ENG","playtime":296,"items_purged":[],"score":142,"play_id":"988b4ae2-67f0-42cb-aab7-909612e11c27","local_time":"20210207115602","is_ascension_mode":true,"campfire_choices":[{"data":"Neutralize","floor":6,"key":"SMITH"}],"circlet_count":0,"master_deck":["AscendersBane","Strike_G","Strike_G","Strike_G","Strike_G","Strike_G","Defend_G","Defend_G","Defend_G","Defend_G","Defend_G","Survivor","Neutralize+1","Leg Sweep","Crippling Poison","Dagger Throw","Dodge and Roll"],"relics":["Ring of the Snake","Ninja Scroll","TwistedFunnel","InkBottle","Blood Vial"],"acts_visited":["Exordium"],"potions_floor_usage":[8],"damage_taken":[{"damage":9,"enemies":"Small Slimes","floor":1,"turns":6},{"damage":0,"enemies":"2 Louse","floor":5,"turns":3},{"damage":1,"enemies":"Jaw Worm","floor":7,"turns":2},{"damage":27,"enemies":"Gremlin Nob","floor":8,"turns":4},{"damage":20,"enemies":"3 Sentries","floor":11,"turns":8}],"seed_played":"-292815393649551013","potions_obtained":[{"floor":5,"key":"Energy Potion"},{"floor":8,"key":"DuplicationPotion"}],"is_trial":false,"path_per_floor":["M","?","$","?","M","R","M","E","T","?","E"],"character_chosen":"THE_SILENT","items_purchased":["TwistedFunnel"],"campfire_rested":0,"item_purchase_floors":[3],"current_hp_per_floor":[50,24,24,46,46,46,45,18,18,18,0,0],"gold":22,"neow_bonus":"HUNDRED_GOLD","is_daily":false,"chose_seed":false,"campfire_upgraded":1,"win_rate":0.0,"timestamp":1612720562,"path_taken":["M","?","$","?","M","R","M","E","T","?","E"],"items_purchased_type":["Relic"],"build_version":"2020-12-22","purchased_purges":0,"victory":false,"max_hp_per_floor":[66,66,66,66,66,66,66,66,66,66,66,66],"relic_stats":{"Blood Vial":2,"counters":[5,23],"obtain_stats":[{"TwistedFunnel":3,"Blood Vial":9,"Ninja Scroll":2,"InkBottle":8,"Ring of the Snake":0},{"TwistedFunnel":1,"Blood Vial":4,"Ninja Scroll":1,"InkBottle":4,"Ring of the Snake":0},{"TwistedFunnel":6,"Blood Vial":15,"Ninja Scroll":6,"InkBottle":15,"Ring of the Snake":0}],"InkBottle":[2],"Ring of the Snake":[10]},"card_choices":[{"not_picked":["Flying Knee","Reflex"],"picked":"Leg Sweep","floor":1},{"not_picked":["Outmaneuver","Prepared"],"picked":"Crippling Poison","floor":5},{"not_picked":["Deflect","Accuracy"],"picked":"Dagger Throw","floor":7},{"not_picked":["Prepared","Reflex"],"picked":"Dodge and Roll","floor":8}],"player_experience":793436,"relics_obtained":[{"floor":8,"key":"InkBottle"},{"floor":9,"key":"Blood Vial"}],"event_choices":[{"damage_healed":0,"gold_gain":0,"player_choice":"Success","damage_taken":26,"relics_obtained":["Ninja Scroll"],"max_hp_gain":0,"max_hp_loss":0,"event_name":"Scrap Ooze","floor":2,"gold_loss":0},{"damage_healed":22,"gold_gain":0,"player_choice":"Banana","damage_taken":0,"max_hp_gain":0,"max_hp_loss":0,"event_name":"Big Fish","floor":4,"gold_loss":0},{"damage_healed":0,"gold_gain":0,"player_choice":"Left Gold","damage_taken":0,"max_hp_gain":0,"max_hp_loss":0,"event_name":"World of Goop","floor":10,"gold_loss":75}],"is_beta":false,"boss_relics":[],"items_purged_floors":[],"is_endless":false,"potions_floor_spawned":[5,8],"killed_by":"3 Sentries","ascension_level":20}}