{"host":"2xnjhc1nuqzfyzm4","time":1612656863,"event":{"mods":["100% Spire Juice","Act Like it!","Arknights","BaseMod","Beaked The Cultist","Bestiary","Better Match","Better Note","Better Sensory Stone","Better Third Choice","Block Reminder","CapriCore","CatGirl Mod","ChefMod","Colored Powertips","Displayed Cursed Tome","Dota2Spire","Downfall","Ekko","Elementarium","GungeonMod","Hallownest","Hermit","Hubris","Infinite Spire","Jedi Mod","Jorbs\u0027s Wanderer Trilogy","Luminous","Mad Scientist","Marisa????????","Menagerie","Minty Spire (QoL Compilation)","Potionbrewer","Prisma Mod","QueenMod","Relic Stats","Reliquary","Replay The Spire","Robot Space Explorer","SIMod","Shade Mod","Spikes Relics","StSLib","The Alterego","The Animator","The Blackbeard","The Bug Knight","The Cursed","The Death Knight","The Disciple","The Dragon Tamer","The Dragonkin","The Druid","The Elementalist","The Exalted","The Fake Hero","The Florist","The Gatherer","The Hayseed","The Hierophant","The Immortal","The Jungle","The Mystic","The Necromancer","The Poker Player","The Runesmith","The Sage","The Senshi","The Servant 0.9.4","The Showman","The Valiant","The Wild Card","TheBandit","TheSwordswoman","TheVacant","TheVelvet","TheWitcher","Trackpad","Waifu the Spire","WarShipGirlsR/????R mod","Yakumo Yukari mod"],"gold_per_floor":[417,156,156,173,190,222,242,171,171,171,185,202,202,220,220,321,321,310,330,342,342,342,342,195,210,237,255,267,293,303,313,313,408,408,428,440,440,454,454,454,487,487,487,514,541,585,585,585,625,641,641,659,659,659,23,86,102],"floor_reached":58,"language":"ENG","playtime":4577,"items_purged":[],"score":1630,"play_id":"0749a9c7-5249-4802-9512-6d8bd21204ae","local_time":"20210206161423","is_ascension_mode":false,"campfire_choices":[{"floor":10,"key":"RECALL"},{"data":"theWildCard:Scathach","floor":13,"key":"SMITH"},{"data":"Survivor","floor":15,"key":"SMITH"},{"data":"hubris:InfiniteBlow+19","floor":23,"key":"SMITH"},{"floor":40,"key":"REST"},{"floor":42,"key":"REST"},{"floor":51,"key":"DIG"},{"floor":54,"key":"REST"}],"circlet_count":0,"master_deck":["Strike_G","Strike_G","Strike_G","Strike_G","Strike_G","Defend_G","Defend_G","Defend_G","Defend_G","Defend_G","Survivor","Neutralize","Survivor+1","luka_mod:StrikeLukaFive","Dodge and Roll","Caltrops","jedi:pocketpoison+1","theWildCard:Scathach+1","Cloak And Dagger","Prepared","Footwork","Poisoned Stab","Cloak And Dagger","Masterful Stab","After Image","Infinite Blades","Blur","ReplayTheSpireMod:Scrap Shanks","hubris:InfiniteBlow+20","Pain","Bane","PiercingWail","Accuracy+1","jedi:pocketpoison+1","jedi:studypoison","Footwork","Masterful Stab+1","Dagger Spray+1","Dodge and Roll","Backflip+1","Infinite Blades","A Thousand Cuts"],"relics":["Ring of the Snake","Old Coin","TwistedFunnel","hubris:FunFungus","hubris:SphereOfDissonance","WarpedTongs","ReplayTheSpireMod:TigerMarble","Bromod:ArcaneTempo","Nunchaku","hubris:Backtick","jedi:heavyjacket","Fusion Hammer","DemoMod:PinkGuonStone","Dota2Spire:ShadowBlade","reliquary:RoseTintedGlasses","Replay:Bandana","Bromod:ArcaneUltimatum","hubris:TinFlute","reliquary:TuningFork","Bottled Lightning","hubris:HerbalPaste","Orichalcum","DemoMod:GreenGuonStone"],"acts_visited":["Exordium","TheCity","TheBeyond","TheEnding"],"potions_floor_usage":[6,14,16,20,29,33,33,38,52,52,57,57],"damage_taken":[{"damage":0,"enemies":"2 Louse","floor":1,"turns":3},{"damage":0,"enemies":"Jaw Worm","floor":4,"turns":3},{"damage":0,"enemies":"Cultist","floor":5,"turns":3},{"damage":16,"enemies":"Gremlin Nob","floor":6,"turns":4},{"damage":0,"enemies":"Blue Slaver","floor":7,"turns":4},{"damage":0,"enemies":"Exordium Thugs","floor":11,"turns":5},{"damage":0,"enemies":"2 Fungi Beasts","floor":12,"turns":3},{"damage":0,"enemies":"Lots of Slimes","floor":14,"turns":3},{"damage":0,"enemies":"Slime Boss","floor":16,"turns":15},{"damage":7,"enemies":"2 Thieves","floor":18,"turns":4},{"damage":0,"enemies":"Chosen","floor":19,"turns":6},{"damage":0,"enemies":"Snake Plant","floor":20,"turns":6},{"damage":3,"enemies":"Centurion and Healer","floor":25,"turns":3},{"damage":0,"enemies":"Cultist and Chosen","floor":27,"turns":4},{"damage":0,"enemies":"Snake Plant","floor":28,"turns":1},{"damage":0,"enemies":"Gremlin Leader","floor":29,"turns":3},{"damage":2,"enemies":"Centurion and Healer","floor":30,"turns":5},{"damage":0,"enemies":"Cultist and Chosen","floor":31,"turns":3},{"damage":0,"enemies":"hubris:MusketHawk","floor":33,"turns":3},{"damage":0,"enemies":"Orb Walker","floor":35,"turns":3},{"damage":2,"enemies":"beaked:SuperParasite","floor":36,"turns":5},{"damage":2,"enemies":"3 Darklings","floor":38,"turns":7},{"damage":14,"enemies":"Reptomancer","floor":41,"turns":5},{"damage":0,"enemies":"Nightmare","floor":44,"turns":1},{"damage":2,"enemies":"Sphere and 2 Shapes","floor":45,"turns":4},{"damage":0,"enemies":"Nemesis","floor":46,"turns":5},{"damage":3,"enemies":"HollowMod:SlobberingHusk","floor":49,"turns":7},{"damage":0,"enemies":"Maw","floor":50,"turns":7},{"damage":0,"enemies":"Donu and Deca","floor":52,"turns":9},{"damage":2,"enemies":"Shield and Spear","floor":56,"turns":5},{"damage":14,"enemies":"The Heart","floor":57,"turns":8}],"seed_played":"202061732390257299","potions_obtained":[{"floor":1,"key":"Fire Potion"},{"floor":6,"key":"Poison Potion"},{"floor":11,"key":"potionbrewer:AcidPotion"},{"floor":18,"key":"potionbrewer:CleansingPotion"},{"floor":20,"key":"potionbrewer:FreezingPotion"},{"floor":25,"key":"jedi:StrikingPotion"},{"floor":27,"key":"SkillPotion"},{"floor":31,"key":"jedi:mysterypotion"},{"floor":33,"key":"DemoMod:LeadSkinPotion"},{"floor":38,"key":"potionbrewer:ToxicPotion"},{"floor":44,"key":"jedi:tentaclejuice"},{"floor":45,"key":"Languid Potion"},{"floor":56,"key":"DemoMod:LeadSkinPotion"}],"is_trial":false,"path_per_floor":["M","$","?","M","M","E","M","$","T","R","M","M","R","M","R","B",null,"M","M","M","AVR","?","R","$","M","T","M","M","E","M","M","R","B",null,"M","M","?","M","AVR","R","E","R","T","NM","M","E","PTL","PTL","E","M","R","B",null,"R","$","E","B",null],"character_chosen":"THE_SILENT","items_purchased":["TwistedFunnel","Caltrops","jedi:pocketpoison+1","Footwork","ReplayTheSpireMod:TigerMarble","Bottled Lightning","hubris:HerbalPaste","Orichalcum","Infinite Blades"],"campfire_rested":3,"item_purchase_floors":[2,2,2,8,24,55,55,55,55],"current_hp_per_floor":[70,70,70,70,70,54,54,54,54,54,56,56,56,56,56,57,70,63,66,66,66,66,66,66,64,64,65,65,66,65,65,70,70,70,70,69,70,68,75,77,63,77,77,77,75,77,77,77,76,77,77,77,77,77,77,77,64],"gold":102,"neow_bonus":"ONE_RARE_RELIC","is_daily":false,"chose_seed":false,"campfire_upgraded":3,"win_rate":0.0,"timestamp":1612656863,"path_taken":["M","$","?","M","M","E","M","$","T","R","M","M","R","M","R","BOSS","M","M","M","AVR","?","R","$","M","T","M","M","E","M","M","R","BOSS","M","M","?","M","AVR","R","E","R","T","NM","M","E","PTL","PTL","E","M","R","BOSS","R","$","E","BOSS"],"items_purchased_type":["Relic","Card","Card","Card","Relic","Relic","Relic","Relic","Card"],"build_version":"2020-12-22","purchased_purges":0,"victory":true,"max_hp_per_floor":[70,70,70,70,70,70,70,70,70,70,70,70,70,70,70,70,70,70,70,70,70,70,70,70,70,70,70,70,70,70,70,70,70,70,70,70,70,70,77,77,77,77,77,77,77,77,77,77,77,77,77,77,77,77,77,77,77],"relic_stats":{"Nunchaku":[18],"counters":[31,147],"Orichalcum":[6],"obtain_stats":[{"TwistedFunnel":2,"Bromod:ArcaneUltimatum":46,"DemoMod:GreenGuonStone":56,"hubris:SphereOfDissonance":21,"DemoMod:GlassGuonStoneRelic":1,"DemoMod:PinkGuonStone":39,"Dota2Spire:ShadowBlade":41,"Orichalcum":55,"Old Coin":0,"WarpedTongs":22,"jedi:heavyjacket":34,"Nunchaku":29,"Replay:Bandana":44,"hubris:Backtick":34,"hubris:HerbalPaste":55,"Bromod:ArcaneTempo":26,"hubris:FunFungus":6,"Fusion Hammer":39,"reliquary:RoseTintedGlasses":43,"ReplayTheSpireMod:TigerMarble":24,"reliquary:TuningFork":51,"Bottled Lightning":55,"hubris:TinFlute":49,"Ring of the Snake":0},{"TwistedFunnel":1,"Bromod:ArcaneUltimatum":26,"DemoMod:GreenGuonStone":30,"hubris:SphereOfDissonance":12,"DemoMod:GlassGuonStoneRelic":1,"DemoMod:PinkGuonStone":22,"Dota2Spire:ShadowBlade":23,"Orichalcum":29,"Old Coin":0,"WarpedTongs":12,"jedi:heavyjacket":19,"Nunchaku":16,"Replay:Bandana":24,"hubris:Backtick":19,"hubris:HerbalPaste":29,"Bromod:ArcaneTempo":13,"hubris:FunFungus":4,"Fusion Hammer":22,"reliquary:RoseTintedGlasses":23,"ReplayTheSpireMod:TigerMarble":12,"reliquary:TuningFork":28,"Bottled Lightning":29,"hubris:TinFlute":27,"Ring of the Snake":0},{"TwistedFunnel":3,"Bromod:ArcaneUltimatum":111,"DemoMod:GreenGuonStone":139,"hubris:SphereOfDissonance":59,"DemoMod:GlassGuonStoneRelic":3,"DemoMod:PinkGuonStone":96,"Dota2Spire:ShadowBlade":101,"Orichalcum":134,"Old Coin":0,"WarpedTongs":59,"jedi:heavyjacket":81,"Nunchaku":70,"Replay:Bandana":102,"hubris:Backtick":81,"hubris:HerbalPaste":134,"Bromod:ArcaneTempo":62,"hubris:FunFungus":13,"Fusion Hammer":96,"reliquary:RoseTintedGlasses":101,"ReplayTheSpireMod:TigerMarble":59,"reliquary:TuningFork":125,"Bottled Lightning":134,"hubris:TinFlute":118,"Ring of the Snake":0}],"Ring of the Snake":[62],"WarpedTongs":[88]},"card_choices":[{"not_picked":["jedi:pocketpoison","Skewer"],"picked":"Dodge and Roll","floor":1},{"not_picked":["jedi:pocketpoison","Crippling Poison","Acrobatics"],"picked":"SKIP","floor":4},{"not_picked":["Poisoned Stab","Dodge and Roll"],"picked":"Cloak And Dagger","floor":5},{"not_picked":["Accuracy","jedi:acidrain"],"picked":"Well Laid Plans","floor":6},{"not_picked":["Outmaneuver","Distraction"],"picked":"Prepared","floor":7},{"not_picked":["Acrobatics","Night Terror"],"picked":"Poisoned Stab","floor":11},{"not_picked":["Dagger Spray","Heel Hook"],"picked":"Cloak And Dagger","floor":12},{"not_picked":["Poisoned Stab","Acrobatics"],"picked":"Masterful Stab","floor":14},{"not_picked":["Bullet Time","Die Die Die"],"picked":"After Image","floor":16},{"not_picked":["Outmaneuver","Dagger Throw"],"picked":"Infinite Blades","floor":18},{"not_picked":["Backflip","Sucker Punch"],"picked":"Blur","floor":19},{"not_picked":["Cloak And Dagger","Toxin Wave+1"],"picked":"ReplayTheSpireMod:Scrap Shanks","floor":20},{"not_picked":["Outmaneuver","Poisoned Stab+1"],"picked":"Bane","floor":25},{"not_picked":["jedi:pocketpoison","ReplayTheSpireMod:Scrap Shanks","Bullet Time"],"picked":"SKIP","floor":27},{"not_picked":["Quick Slash+1","Hidden Blade"],"picked":"PiercingWail","floor":28},{"not_picked":["Dagger Spray","hubris:SlightOfHand"],"picked":"Accuracy","floor":29},{"not_picked":["Prepared","InfectiousVector"],"picked":"jedi:pocketpoison+1","floor":30},{"not_picked":["Acrobatics","ReplayTheSpireMod:Tripwire+1","Sneak Up+1"],"picked":"SKIP","floor":31},{"not_picked":["jedi:rejectivetoxin","After Image"],"picked":"jedi:studypoison","floor":33},{"not_picked":["Concentrate","Distraction+1","Dagger Spray"],"picked":"SKIP","floor":35},{"not_picked":["Hidden Blade+1","Draining Mist+1"],"picked":"Footwork","floor":36},{"not_picked":["Draining Mist+1","Flying Knee","Sneak Up+1"],"picked":"SKIP","floor":38},{"not_picked":["Slice","Outmaneuver"],"picked":"Masterful Stab+1","floor":41},{"not_picked":["jedi:studyshivs","Concentrate+1","hubris:SlightOfHand"],"picked":"SKIP","floor":44},{"not_picked":["jedi:studyshivs","Concentrate+1","hubris:SlightOfHand"],"picked":"SKIP","floor":44},{"not_picked":["Blur","Slice","Flying Knee"],"picked":"SKIP","floor":45},{"not_picked":["Poisoned Stab+1","hubris:Sniper"],"picked":"Dagger Spray+1","floor":46},{"not_picked":["Underhanded Strike+1","Venomology"],"picked":"Dodge and Roll","floor":49},{"not_picked":["Deflect","Masterful Stab"],"picked":"Backflip+1","floor":50},{"not_picked":["Backflip+1","Deflect+1"],"picked":"A Thousand Cuts","floor":56}],"player_experience":215458,"relics_obtained":[{"floor":6,"key":"hubris:FunFungus"},{"floor":26,"key":"Bromod:ArcaneTempo"},{"floor":29,"key":"Nunchaku"},{"floor":41,"key":"Dota2Spire:ShadowBlade"},{"floor":43,"key":"reliquary:RoseTintedGlasses"},{"floor":44,"key":"Replay:Bandana"},{"floor":46,"key":"Bromod:ArcaneUltimatum"},{"floor":49,"key":"hubris:TinFlute"},{"floor":51,"key":"reliquary:TuningFork"},{"floor":56,"key":"DemoMod:GreenGuonStone"}],"event_choices":[{"damage_healed":0,"gold_gain":0,"player_choice":"Rummage","damage_taken":0,"relics_obtained":["WarpedTongs"],"max_hp_gain":0,"max_hp_loss":0,"event_name":"Accursed Blacksmith","floor":22,"gold_loss":0,"cards_obtained":["Pain"]},{"cards_removed":["Well Laid Plans"],"damage_healed":1,"gold_gain":0,"player_choice":"Offered Uncommon","damage_taken":0,"max_hp_gain":0,"max_hp_loss":0,"event_name":"Bonfire Elementals","floor":37,"gold_loss":0}],"is_beta":false,"boss_relics":[{"not_picked":["Astrolabe","Snecko Eye","reliquary:WritOfMandamus"]},{"not_picked":["Abe\u0027s Treasure","hubris:ScarierMask"],"picked":"hubris:Backtick"}],"items_purged_floors":[],"is_endless":false,"potions_floor_spawned":[1,6,11,18,20,25,27,31,33,38,44,45,46,56],"ascension_level":0}}