{"host":"n1v11un6j7y72mz7","time":1612716740,"event":{"mods":["Act Like it!","BaseMod","Downfall","Gensokyo","Koishi","Minty Spire (QoL Compilation)","READ ME - Guardian Mod","Reliquary","Remilia£®¿Ÿ√◊¿Ú—«£©","StSLib","The Animator","The Bug Knight","Waifu the Spire"],"gold_per_floor":[113,113,113,113,128,159,159,175,199,199,6,6,26,37,37,135,135,135,135],"floor_reached":18,"language":"ZHS","playtime":587,"items_purged":[],"score":185,"play_id":"a0d04160-320a-4298-8c1b-c13f27d1385c","local_time":"20210208005220","is_ascension_mode":false,"campfire_choices":[{"floor":7,"key":"RECALL"},{"data":"Koishi:MassHysteria","floor":10,"key":"SMITH"},{"data":"Koishi:JumpScare","floor":12,"key":"SMITH"},{"data":"Koishi:HauntingSlash","floor":15,"key":"SMITH"}],"circlet_count":0,"master_deck":["Koishi:BasicStrike","Koishi:BasicStrike","Koishi:BasicStrike","Koishi:BasicStrike","Koishi:BasicDefend","Koishi:BasicDefend","Koishi:BasicDefend","Koishi:BasicDefend","Koishi:Provoke","Koishi:HauntingSlash+1","Koishi:LastRemote","Koishi:MassHysteria+1","Koishi:EmbryosDream","Koishi:UnconsciousUprising","Koishi:SilentAndRestless","Koishi:JumpScare+1","Koishi:TremblingHands","Koishi:SubconsciousSweep","Koishi:PerfectMindControl"],"relics":["Koishi:ImaginaryFriend","NeowsBlessing","Omamori","Question Card","reliquary:Stiletto","Koishi:ColorfulDays"],"acts_visited":["Exordium","Exordium"],"potions_floor_usage":[16,16,16],"damage_taken":[{"damage":0,"enemies":"Jaw Worm","floor":1,"turns":1},{"damage":0,"enemies":"Small Slimes","floor":5,"turns":1},{"damage":0,"enemies":"Gremlin Nob","floor":6,"turns":1},{"damage":0,"enemies":"2 Louse","floor":8,"turns":2},{"damage":0,"enemies":"Exordium Wildlife","floor":13,"turns":3},{"damage":0,"enemies":"Red Slaver","floor":14,"turns":3},{"damage":38,"enemies":"Hexaghost","floor":16,"turns":11},{"damage":0,"enemies":"Gensokyo:2_Gloops","floor":18,"turns":1}],"seed_played":"6835242768874772237","potions_obtained":[{"floor":1,"key":"SpeedPotion"},{"floor":6,"key":"FearPotion"},{"floor":13,"key":"bronze:BurnAndBuffPotion"},{"floor":14,"key":"PowerPotion"}],"is_trial":false,"path_per_floor":["M","?","?","?","M","E","R","M","T","R","$","R","M","M","R","B",null,"M"],"character_chosen":"KOISHI","items_purchased":["Koishi:SilentAndRestless","Koishi:JumpScare"],"campfire_rested":0,"item_purchase_floors":[11,11],"current_hp_per_floor":[60,60,42,60,60,60,60,60,60,60,60,60,60,60,60,32,60,60,60],"gold":135,"neow_bonus":"THREE_ENEMY_KILL","is_daily":false,"chose_seed":false,"campfire_upgraded":3,"win_rate":0.0,"timestamp":1612716740,"path_taken":["M","?","?","?","M","E","R","M","T","R","$","R","M","?","R","BOSS","M"],"items_purchased_type":["Card","Card"],"build_version":"2020-12-22","purchased_purges":0,"victory":false,"max_hp_per_floor":[60,60,60,60,60,60,60,60,60,60,60,60,60,60,60,60,60,60,60],"card_choices":[{"not_picked":["Koishi:PredatoryInstincts","Koishi:FourthEye"],"picked":"Koishi:LastRemote","floor":1},{"not_picked":["Koishi:RacingHeart","Koishi:TraumaticStroke"],"picked":"Koishi:MassHysteria","floor":5},{"not_picked":["Koishi:YoukaiPolygraph","Koishi:ParalyzingFear"],"picked":"Koishi:EmbryosDream","floor":6},{"not_picked":["Koishi:PredatoryInstincts","Koishi:LastRemote","Koishi:Prune"],"picked":"Koishi:UnconsciousUprising","floor":8},{"not_picked":["Koishi:DNAsFlaw","Koishi:ParalyzingFear","Koishi:BloodcurdlingScream"],"picked":"Koishi:TremblingHands","floor":13},{"not_picked":["Koishi:PhantomBarrier","Koishi:StingingMind","Koishi:ReflexRadar"],"picked":"Koishi:SubconsciousSweep","floor":14},{"not_picked":["Koishi:RoseHell","Koishi:SilentAndRestless","Koishi:RuptureMind"],"picked":"Koishi:PerfectMindControl","floor":16}],"player_experience":172716,"relics_obtained":[{"floor":6,"key":"Question Card"},{"floor":9,"key":"reliquary:Stiletto"}],"event_choices":[{"damage_healed":0,"gold_gain":0,"player_choice":"Ignored","damage_taken":0,"max_hp_gain":0,"max_hp_loss":0,"event_name":"Liars Game","floor":2,"gold_loss":0},{"damage_healed":0,"gold_gain":0,"player_choice":"Success","damage_taken":18,"relics_obtained":["Omamori"],"max_hp_gain":0,"max_hp_loss":0,"event_name":"Scrap Ooze","floor":3,"gold_loss":0},{"damage_healed":20,"gold_gain":0,"player_choice":"Banana","damage_taken":0,"max_hp_gain":0,"max_hp_loss":0,"event_name":"Big Fish","floor":4,"gold_loss":0}],"is_beta":false,"boss_relics":[{"not_picked":["Fusion Hammer","Velvet Choker"],"picked":"Koishi:ColorfulDays"}],"items_purged_floors":[],"is_endless":false,"potions_floor_spawned":[1,6,13,14],"killed_by":"Gensokyo:2_Gloops","ascension_level":0}}