{"host":"94llj6gteolxpmtb","time":1612729336,"event":{"mods":["BaseMod","Better Match","Better Note","BetterRewards","Colored Powertips","Googly Eyes","Minty Spire (QoL Compilation)","Quick Restart","StSLib"],"gold_per_floor":[117,135,14,26,26,26,55,73,73,89,115,115,125,125,125,225,225,239,250,27,46,72,72,90,90,90,90,110,110,110,120,120,120,120],"floor_reached":33,"language":"ENG","playtime":1754,"items_purged":["Strike_G","Strike_G"],"score":384,"play_id":"0a9e7c51-1905-436c-b26e-911c568d82bc","local_time":"20210207132216","is_ascension_mode":false,"campfire_choices":[{"data":"Poisoned Stab","floor":6,"key":"SMITH"},{"floor":15,"key":"REST"},{"floor":25,"key":"REST"},{"floor":27,"key":"REST"},{"floor":29,"key":"REST"},{"floor":32,"key":"REST"}],"circlet_count":0,"master_deck":["Strike_G","Strike_G","Defend_G+1","Defend_G","Defend_G","Defend_G+1","Defend_G","Survivor","Neutralize","Poisoned Stab","PiercingWail","Backstab","Poisoned Stab+1","Backstab","Envenom+1","Bane","Bane","A Thousand Cuts+1","Catalyst","Bane","Deadly Poison"],"relics":["Ring of the Snake","Ancient Tea Set","Frozen Egg 2","War Paint","Tiny Chest","SlaversCollar","Boot","Matryoshka"],"acts_visited":["Exordium","TheCity"],"potions_floor_usage":[11,11,11,21,28,33,33],"damage_taken":[{"damage":12,"enemies":"Small Slimes","floor":1,"turns":3},{"damage":0,"enemies":"Cultist","floor":2,"turns":4},{"damage":0,"enemies":"Jaw Worm","floor":4,"turns":2},{"damage":13,"enemies":"Gremlin Nob","floor":7,"turns":3},{"damage":18,"enemies":"Large Slime","floor":8,"turns":6},{"damage":1,"enemies":"Red Slaver","floor":10,"turns":3},{"damage":3,"enemies":"Lagavulin","floor":11,"turns":2},{"damage":0,"enemies":"Looter","floor":13,"turns":2},{"damage":9,"enemies":"Hexaghost","floor":16,"turns":8},{"damage":11,"enemies":"Shell Parasite","floor":18,"turns":4},{"damage":5,"enemies":"Chosen","floor":19,"turns":4},{"damage":37,"enemies":"Sentry and Sphere","floor":21,"turns":9},{"damage":16,"enemies":"Chosen and Byrds","floor":24,"turns":4},{"damage":7,"enemies":"Snecko","floor":28,"turns":3},{"damage":28,"enemies":"3 Cultists","floor":31,"turns":4},{"damage":79,"enemies":"Champ","floor":33,"turns":8}],"seed_played":"-849954538091258677","potions_obtained":[{"floor":4,"key":"Poison Potion"},{"floor":8,"key":"Fire Potion"},{"floor":10,"key":"Strength Potion"},{"floor":13,"key":"ColorlessPotion"},{"floor":19,"key":"Energy Potion"},{"floor":28,"key":"Swift Potion"},{"floor":31,"key":"FearPotion"}],"is_trial":false,"path_per_floor":["M","M","$","M","?","R","E","M","T","M","E","?","M","?","R","B",null,"M","M","$","M","T","?","M","R","T","R","M","R","?","M","R","B"],"character_chosen":"THE_SILENT","items_purchased":["Poisoned Stab","Poisoned Stab","Backstab","Catalyst","Bane"],"campfire_rested":5,"item_purchase_floors":[0,3,3,20,20],"current_hp_per_floor":[58,58,58,58,58,58,45,27,27,26,23,23,23,16,37,28,70,59,54,54,17,17,17,1,22,22,43,36,57,80,52,76,0,0],"gold":120,"neow_bonus":"","is_daily":false,"chose_seed":false,"campfire_upgraded":1,"win_rate":0.0,"timestamp":1612729336,"path_taken":["M","M","$","M","?","R","E","M","T","M","E","?","?","?","R","BOSS","M","M","$","M","?","?","M","R","T","R","M","R","?","M","R","BOSS"],"items_purchased_type":["Card","Card","Card","Card","Card"],"build_version":"2020-12-22","purchased_purges":2,"victory":false,"max_hp_per_floor":[70,70,70,70,70,70,70,70,70,70,70,70,70,70,70,70,70,70,70,70,70,70,70,70,70,70,70,70,70,80,80,80,80,80],"card_choices":[{"not_picked":["Dagger Spray","Expertise"],"picked":"PiercingWail","floor":1},{"not_picked":["Outmaneuver","Blade Dance"],"picked":"Backstab","floor":2},{"not_picked":["Underhanded Strike","PiercingWail","Tactician"],"picked":"SKIP","floor":4},{"not_picked":["Poisoned Stab","Sucker Punch","Acrobatics"],"picked":"SKIP","floor":7},{"not_picked":["Backflip","Cloak And Dagger"],"picked":"Envenom+1","floor":8},{"not_picked":["Reflex","Quick Slash"],"picked":"Bane","floor":10},{"not_picked":["Tactician","Endless Agony","Acrobatics"],"picked":"SKIP","floor":11},{"not_picked":["Underhanded Strike","Deflect"],"picked":"Bane","floor":13},{"not_picked":["Glass Knife","Storm of Steel"],"picked":"A Thousand Cuts+1","floor":16},{"not_picked":["Sucker Punch","Underhanded Strike+1","PiercingWail"],"picked":"SKIP","floor":18},{"not_picked":["Slice","Blade Dance","Quick Slash"],"picked":"SKIP","floor":19},{"not_picked":["Acrobatics","Distraction","Blur"],"picked":"SKIP","floor":21},{"not_picked":["Glass Knife","PiercingWail"],"picked":"Deadly Poison","floor":24},{"not_picked":["Sucker Punch","Infinite Blades+1","Well Laid Plans+1"],"picked":"SKIP","floor":28},{"not_picked":["Dagger Throw+1","Flying Knee+1","Backflip"],"picked":"SKIP","floor":31}],"player_experience":41161,"relics_obtained":[{"floor":7,"key":"Frozen Egg 2"},{"floor":9,"key":"War Paint"},{"floor":11,"key":"Tiny Chest"},{"floor":22,"key":"Boot"},{"floor":26,"key":"Matryoshka"}],"event_choices":[{"damage_healed":0,"gold_gain":0,"player_choice":"Box","damage_taken":0,"relics_obtained":["Ancient Tea Set"],"max_hp_gain":0,"max_hp_loss":0,"event_name":"Big Fish","floor":5,"gold_loss":0,"cards_obtained":["Regret"]},{"cards_removed":["Regret"],"damage_healed":0,"gold_gain":0,"player_choice":"Purged","damage_taken":0,"max_hp_gain":0,"max_hp_loss":0,"event_name":"Purifier","floor":12,"gold_loss":0},{"cards_removed":["Strike_G"],"damage_healed":0,"gold_gain":0,"player_choice":"Card Removal","damage_taken":7,"max_hp_gain":0,"max_hp_loss":0,"event_name":"Golden Wing","floor":14,"gold_loss":0},{"cards_removed":["Strike_G"],"damage_healed":0,"gold_gain":0,"player_choice":"Give","damage_taken":0,"max_hp_gain":0,"max_hp_loss":0,"event_name":"betterNote:BetterNote","floor":23,"gold_loss":0,"cards_obtained":["Infinite Blades"]},{"cards_removed":["Violence"],"damage_healed":13,"gold_gain":0,"player_choice":"Offered Rare","damage_taken":0,"max_hp_gain":10,"max_hp_loss":0,"event_name":"Bonfire Elementals","floor":30,"gold_loss":0}],"is_beta":false,"boss_relics":[{"not_picked":["Ectoplasm","Cursed Key"],"picked":"SlaversCollar"}],"items_purged_floors":[0,20],"is_endless":false,"potions_floor_spawned":[4,8,10,13,19,28,31],"killed_by":"Champ","ascension_level":0}}