{"host":"j4nfyhit1dl35m08","time":1612672506,"event":{"mods":["BaseMod","Downfall","Highlight Path","Minty Spire (QoL Compilation)","StSLib"],"gold_per_floor":[99,109,127,143,157,172,172,172,198,373,391,491,491,122,134,238,238,238,250,268,368,368,268,346,346,375,375,29,58,68,78,95,194,194,194,205,221,221,221,241,241,267,8,26,41,61,112,141,41,41],"floor_reached":51,"language":"ENG","playtime":6362,"items_purged":["Doubt","Pride"],"score":1236,"play_id":"bb14e6b7-5ecb-4c00-bbc7-e90b6b372d6a","local_time":"20210206223506","is_ascension_mode":true,"campfire_choices":[{"data":"bronze:Goto","floor":1,"key":"SMITH"},{"data":"bronze:Overheat","floor":8,"key":"SMITH"},{"data":"bronze:Optimize","floor":13,"key":"SMITH"},{"floor":18,"key":"RECALL"},{"floor":23,"key":"REST"},{"floor":27,"key":"REST"},{"floor":35,"key":"REST"},{"floor":49,"key":"REST"}],"circlet_count":0,"master_deck":["AscendersBane","bronze:Strike","bronze:Strike","bronze:Strike","bronze:Defend","bronze:Defend","bronze:Defend","bronze:Defend","bronze:Replicate","bronze:Goto+1","bronze:Constructor","bronze:Constructor","bronze:InfiniteBeams","bronze:Overheat+1","bronze:Optimize+1","bronze:Flail","bronze:Frontload","bronze:CloningBeam","bronze:FollowUp","expansioncontent:Chronoboost","bronze:Deprecate","bronze:Break","bronze:Repair","bronze:InfiniteBeams+1","bronze:Repulsor","bronze:Repair","bronze:Overload+1","bronze:ClassDefault+1","bronze:CutThrough+1","bronze:Fortify+1","bronze:MaxOutput","bronze:Invalidate+1","bronze:Repair+1","bronze:Terminator+1","bronze:TinkerersToolbox+1","bronze:Boost+1","bronze:ClassDefault+1","bronze:ChildClass+1","bronze:FineTuning+1","bronze:Shell+1","bronze:FineTuning+1","expansioncontent:StudyTheSpire","bronze:Boost+1"],"relics":["bronze:MakeshiftBattery","Eternal Feather","Calipers","Dream Catcher","Fusion Hammer","downfall:HeartBlessingRed","Molten Egg 2","Toxic Egg 2","Potion Belt","Pocketwatch","bronze:ElectromagneticCoil","Pear","The Courier","Shuriken","InkBottle","Pantograph","downfall:HeartBlessingBlue"],"acts_visited":["Exordium","TheCity","TheBeyond"],"potions_floor_usage":[16,26,33,33,40,50],"damage_taken":[{"damage":3,"enemies":"Small Slimes","floor":2,"turns":3},{"damage":7,"enemies":"Jaw Worm","floor":3,"turns":4},{"damage":5,"enemies":"Cultist","floor":4,"turns":4},{"damage":4,"enemies":"Exordium Wildlife","floor":5,"turns":5},{"damage":1,"enemies":"2 Fungi Beasts","floor":6,"turns":3},{"damage":10,"enemies":"Lagavulin","floor":9,"turns":6},{"damage":11,"enemies":"Lots of Slimes","floor":11,"turns":2},{"damage":0,"enemies":"downfall:FleeingMerchant","floor":14,"turns":4},{"damage":19,"enemies":"Large Slime","floor":15,"turns":4},{"damage":11,"enemies":"WA_ARCHETYPE_RETAIN","floor":16,"turns":11},{"damage":8,"enemies":"Spheric Guardian","floor":19,"turns":4},{"damage":0,"enemies":"Chosen","floor":20,"turns":5},{"damage":62,"enemies":"Gremlin Leader","floor":26,"turns":8},{"damage":5,"enemies":"downfall:FleeingMerchant","floor":28,"turns":4},{"damage":42,"enemies":"Slavers","floor":29,"turns":6},{"damage":11,"enemies":"Sentry and Sphere","floor":30,"turns":8},{"damage":18,"enemies":"Snake Plant","floor":31,"turns":5},{"damage":7,"enemies":"Cultist and Chosen","floor":32,"turns":5},{"damage":41,"enemies":"IC_MUSHROOM_ARCHETYPE","floor":33,"turns":11},{"damage":16,"enemies":"3 Darklings","floor":36,"turns":5},{"damage":6,"enemies":"Orb Walker","floor":37,"turns":3},{"damage":16,"enemies":"3 Darklings","floor":40,"turns":7},{"damage":29,"enemies":"Giant Head","floor":42,"turns":7},{"damage":0,"enemies":"downfall:FleeingMerchant","floor":43,"turns":4},{"damage":0,"enemies":"Maw","floor":44,"turns":5},{"damage":8,"enemies":"Jaw Worm Horde","floor":45,"turns":5},{"damage":0,"enemies":"downfall:FleeingMerchant","floor":46,"turns":4},{"damage":14,"enemies":"Nemesis","floor":48,"turns":5},{"damage":61,"enemies":"SI_POISON_ARCHETYPE","floor":50,"turns":10}],"seed_played":"2623036886316915000","potions_obtained":[{"floor":4,"key":"PowerPotion"},{"floor":9,"key":"Energy Potion"},{"floor":11,"key":"Weak Potion"},{"floor":16,"key":"SmokeBomb"},{"floor":26,"key":"champ:CounterPotion"},{"floor":29,"key":"Explosive Potion"},{"floor":31,"key":"SpeedPotion"},{"floor":36,"key":"Explosive Potion"},{"floor":44,"key":"Guardian:BlockOnCardUsePotion"},{"floor":48,"key":"LiquidBronze"}],"is_trial":false,"path_per_floor":["R","M","M","M","M","M","T","R","E","?","M","?","R","$","M","B",null,"R","M","M","?","?","R","T","?","E","R","$","E","M","M","M","B",null,"R","M","M","?","?","M","T","E","$","M","M","$","?","E","R","B",null],"character_chosen":"THE_AUTOMATON","items_purchased":["bronze:FollowUp","expansioncontent:Chronoboost","Dream Catcher","bronze:Fortify+1","Potion Belt","Shuriken","bronze:FineTuning+1","InkBottle","expansioncontent:StudyTheSpire"],"campfire_rested":4,"item_purchase_floors":[14,14,14,28,28,43,43,46,46],"current_hp_per_floor":[63,60,53,48,44,43,43,52,42,42,31,31,40,40,21,10,55,67,59,70,70,57,75,75,75,43,75,75,40,56,65,75,61,72,75,75,75,75,75,75,85,61,85,85,83,85,85,82,95,44],"gold":41,"neow_bonus":"BOSS_RELIC","is_daily":false,"chose_seed":false,"campfire_upgraded":3,"win_rate":0.0,"timestamp":1612672506,"path_taken":["R","M","M","M","M","M","T","R","E","?","M","?","R","$","M","BOSS","R","M","M","?","?","R","T","?","E","R","$","E","M","?","M","BOSS","R","M","M","?","?","?","T","E","$","M","M","$","?","E","R","BOSS"],"items_purchased_type":["Card","Card","Relic","Card","Relic","Relic","Card","Relic","Card"],"build_version":"2020-12-22","purchased_purges":2,"victory":true,"max_hp_per_floor":[70,70,70,70,70,70,70,70,70,70,70,70,70,70,70,70,70,70,70,70,70,75,75,75,75,75,75,75,75,75,75,75,75,75,75,75,75,75,75,75,85,85,85,85,85,85,85,85,95,95],"card_choices":[{"not_picked":["bronze:Iterate","bronze:Overheat"],"picked":"bronze:Constructor","floor":2},{"not_picked":["bronze:Overload","bronze:Philosophize"],"picked":"bronze:Constructor","floor":3},{"not_picked":["bronze:BronzeOrb","bronze:Safeguard"],"picked":"bronze:InfiniteBeams","floor":4},{"not_picked":["bronze:Overload","bronze:Philosophize"],"picked":"bronze:Overheat","floor":5},{"not_picked":["bronze:Shield","bronze:FollowUp"],"picked":"bronze:Optimize","floor":6},{"not_picked":["bronze:Iterate","bronze:DelayedSlice"],"picked":"bronze:Flail","floor":9},{"not_picked":["bronze:Invalidate","bronze:BitShift"],"picked":"bronze:Frontload","floor":11},{"not_picked":["bronze:Deprecate","bronze:GetLatest"],"picked":"bronze:CloningBeam","floor":14},{"not_picked":["bronze:Turbo","bronze:BuggyMess"],"picked":"bronze:Deprecate","floor":15},{"not_picked":["bronze:BurnOut","bronze:InfiniteLoop"],"picked":"bronze:Break","floor":16},{"not_picked":["bronze:BugBarrage","bronze:Safeguard"],"picked":"bronze:Repair","floor":19},{"not_picked":["bronze:WhirlingStrike+1","bronze:BitShift"],"picked":"bronze:InfiniteBeams+1","floor":20},{"not_picked":["bronze:BuggyMess+1","bronze:DarkDash"],"picked":"bronze:Repulsor","floor":23},{"not_picked":["bronze:Deprecate+1","bronze:Safeguard+1"],"picked":"bronze:Overload+1","floor":26},{"not_picked":["bronze:Optimize+1","bronze:Overheat+1"],"picked":"bronze:ClassDefault+1","floor":27},{"not_picked":["bronze:BurnOut+1","bronze:BronzeArmor+1"],"picked":"bronze:CutThrough+1","floor":28},{"not_picked":["bronze:BronzeOrb+1","bronze:Iterate+1"],"picked":"bronze:MaxOutput","floor":29},{"not_picked":["bronze:Deprecate+1","bronze:Separator+1"],"picked":"bronze:Invalidate+1","floor":30},{"not_picked":["bronze:Invalidate+1","bronze:OilSpill+1"],"picked":"bronze:Repair+1","floor":31},{"not_picked":["bronze:BugBarrage+1","bronze:BuggyMess+1"],"picked":"bronze:Terminator+1","floor":32},{"not_picked":["bronze:Break+1","bronze:HardenedForm"],"picked":"bronze:TinkerersToolbox+1","floor":33},{"not_picked":["bronze:Frontload+1","bronze:Overheat+1"],"picked":"bronze:Boost+1","floor":35},{"not_picked":["bronze:Deprecate+1","bronze:Flail+1"],"picked":"bronze:ClassDefault+1","floor":36},{"not_picked":["bronze:MaxOutput","bronze:CutThrough+1","bronze:WildBeam+1"],"picked":"SKIP","floor":37},{"not_picked":["bronze:Optimize","bronze:Overheat+1","bronze:ShipIt+1"],"picked":"SKIP","floor":40},{"not_picked":["bronze:DelayedSlice+1","bronze:BronzeArmor+1","bronze:BitShift+1"],"picked":"SKIP","floor":42},{"not_picked":["bronze:OilSpill+1","bronze:InfiniteLoop+1"],"picked":"bronze:ChildClass+1","floor":43},{"not_picked":["bronze:Shield+1","bronze:BitShift+1"],"picked":"bronze:Shell+1","floor":44},{"not_picked":["bronze:DelayedSlice+1","bronze:WhirlingStrike+1"],"picked":"bronze:FineTuning+1","floor":45},{"not_picked":["bronze:DelayedGuard+1","bronze:Repair+1","bronze:OilSpill+1"],"picked":"SKIP","floor":46},{"not_picked":["bronze:Separator+1","bronze:Backtrace+1"],"picked":"bronze:Boost+1","floor":48}],"player_experience":463488,"relics_obtained":[{"floor":7,"key":"Eternal Feather"},{"floor":9,"key":"Calipers"},{"floor":24,"key":"Molten Egg 2"},{"floor":26,"key":"Toxic Egg 2"},{"floor":29,"key":"Pocketwatch"},{"floor":41,"key":"Pear"},{"floor":42,"key":"The Courier"},{"floor":48,"key":"Pantograph"}],"event_choices":[{"cards_removed":["bronze:Strike"],"damage_healed":0,"gold_gain":0,"player_choice":"Offered Basic","damage_taken":0,"max_hp_gain":0,"max_hp_loss":0,"event_name":"Bonfire Elementals","floor":39,"gold_loss":0}],"is_beta":false,"boss_relics":[{"not_picked":["Tiny House","Philosopher\u0027s Stone"],"picked":"Fusion Hammer"},{"not_picked":["Calling Bell","Sozu"],"picked":"bronze:ElectromagneticCoil"}],"items_purged_floors":[14,28],"is_endless":false,"potions_floor_spawned":[4,9,11,15,16,26,29,31,36,44,48],"ascension_level":11}}