{"host":"ml2ro5l6hu6y0pll","time":1612733594,"event":{"mods":["AchievementEnabler","BaseMod","Colored Map","Colored Powertips","Custom Start","Downfall","Googly Eyes","Minty Spire (QoL Compilation)","Quick Restart","Rare Cards Sparkle","Relic Stats","StSLib","everything is the same but u backflip on backflip"],"gold_per_floor":[99,114,114,130,188,214,214,214,230,230,245,245,245,245],"floor_reached":12,"language":"ENG","playtime":821,"items_purged":[],"score":82,"play_id":"39393472-8b25-4915-9a15-e447dc158cc3","local_time":"20210207213314","is_ascension_mode":true,"campfire_choices":[{"data":"bronze:Goto","floor":1,"key":"SMITH"},{"data":"bronze:BronzeOrb","floor":10,"key":"SMITH"}],"circlet_count":0,"master_deck":["bronze:Strike","bronze:Strike","bronze:Strike","bronze:Defend","bronze:Defend","bronze:Defend","bronze:Defend","bronze:Replicate+1","bronze:Goto+1","bronze:Terminator","bronze:BronzeOrb+1","bronze:DelayedSlice","bronze:DigitalCarnage"],"relics":["bronze:BronzeCore","Matryoshka","Prayer Wheel","Bag of Preparation","Question Card","downfall:ShatteredFragment"],"acts_visited":["Exordium"],"potions_floor_usage":[5],"damage_taken":[{"damage":1,"enemies":"Jaw Worm","floor":2,"turns":3},{"damage":0,"enemies":"2 Louse","floor":4,"turns":2},{"damage":8,"enemies":"3 Sentries","floor":5,"turns":5},{"damage":16,"enemies":"Gremlin Nob","floor":6,"turns":3},{"damage":0,"enemies":"Small Slimes","floor":9,"turns":2},{"damage":0,"enemies":"Exordium Thugs","floor":11,"turns":3},{"damage":36,"enemies":"Lagavulin","floor":12,"turns":3}],"seed_played":"2145144442089798669","potions_obtained":[{"floor":4,"key":"Energy Potion"}],"is_trial":false,"path_per_floor":["R","M","?","M","?","E","T","?","M","R","M","E"],"character_chosen":"THE_AUTOMATON","items_purchased":[],"campfire_rested":0,"item_purchase_floors":[],"current_hp_per_floor":[70,69,69,69,61,45,45,24,24,24,24,0,0,0],"gold":245,"neow_bonus":"UPGRADE_CARD","is_daily":false,"chose_seed":false,"campfire_upgraded":2,"win_rate":0.0,"timestamp":1612733594,"path_taken":["R","M","?","M","?","E","T","?","?","R","M","E"],"items_purchased_type":[],"build_version":"2020-12-22","purchased_purges":0,"victory":false,"max_hp_per_floor":[70,70,70,70,70,70,70,70,70,70,70,70,70,70],"relic_stats":{"counters":[7,21],"Prayer Wheel":2,"Bag of Preparation":[6],"Question Card":4,"obtain_stats":[{"bronze:BronzeCore":0,"Matryoshka":5,"downfall:ShatteredFragment":8,"Prayer Wheel":6,"Bag of Preparation":7,"Question Card":7},{"bronze:BronzeCore":0,"Matryoshka":3,"downfall:ShatteredFragment":4,"Prayer Wheel":4,"Bag of Preparation":4,"Question Card":4},{"bronze:BronzeCore":0,"Matryoshka":10,"downfall:ShatteredFragment":13,"Prayer Wheel":13,"Bag of Preparation":13,"Question Card":13}]},"card_choices":[{"not_picked":["bronze:Deprecate","bronze:Refactor","bronze:OilSpill"],"picked":"SKIP","floor":2},{"not_picked":["bronze:CutThrough","bronze:Constructor"],"picked":"bronze:Terminator","floor":4},{"not_picked":["bronze:Branch","bronze:HyperBeam"],"picked":"bronze:BronzeOrb","floor":6},{"not_picked":["bronze:ClassDefault","bronze:Branch","bronze:ForLoop"],"picked":"bronze:DelayedSlice","floor":9},{"not_picked":["bronze:BugBarrage","bronze:Terminator","bronze:DelayedGuard","bronze:DelayedSlice"],"picked":"SKIP","floor":9},{"not_picked":["bronze:OilSpill","bronze:BugBarrage","bronze:Separator"],"picked":"bronze:DigitalCarnage","floor":11},{"not_picked":["bronze:Backtrace","bronze:Overheat","bronze:Optimize","bronze:OilSpill"],"picked":"SKIP","floor":11}],"player_experience":992216,"relics_obtained":[{"floor":5,"key":"Matryoshka"},{"floor":6,"key":"Prayer Wheel"},{"floor":7,"key":"Bag of Preparation"},{"floor":7,"key":"Question Card"}],"event_choices":[{"cards_removed":["bronze:Strike"],"damage_healed":0,"gold_gain":0,"player_choice":"Card Removal","damage_taken":0,"max_hp_gain":0,"max_hp_loss":0,"event_name":"The Cleric","floor":3,"gold_loss":0}],"is_beta":false,"boss_relics":[],"items_purged_floors":[],"is_endless":false,"potions_floor_spawned":[4],"killed_by":"Lagavulin","ascension_level":1}}