{"host":"3a1ypf1irl30q4k8","time":1612688919,"event":{"mods":["AchievementEnabler","BaseMod","Bestiary","Minty Spire (QoL Compilation)","Relic Stats","ojb\u0027s Better Paths Mod","ojb\u0027s Info Mod"],"gold_per_floor":[110,128,128,142,142,142,154,171,171,8,21,52,52,52,52,153,153,125,125,125,139,155,155,170,170,170,170,170],"floor_reached":27,"language":"ENG","playtime":2347,"items_purged":[],"score":283,"play_id":"458ba10e-39a4-42c0-93e4-e77a7732891b","local_time":"20210207090839","is_ascension_mode":true,"campfire_choices":[{"floor":6,"key":"REST"},{"data":"Glacier","floor":13,"key":"SMITH"},{"data":"Leap","floor":15,"key":"SMITH"},{"data":"Fusion","floor":23,"key":"SMITH"},{"data":"Loop","floor":25,"key":"SMITH"}],"circlet_count":0,"master_deck":["Strike_B","Strike_B","Strike_B","Strike_B","Defend_B","Defend_B","Zap","Dualcast","Genetic Algorithm","Skim","Ball Lightning","Leap+1","Fusion+1","Self Repair","Rebound","Glacier+1","Loop+1","Meteor Strike","Reinforced Body+1","Ghostly","Ghostly","Ghostly","Ghostly","Ghostly","Beam Cell","Chill","Streamline","Compile Driver+1","Decay"],"relics":["Inserter","Mummified Hand","Bottled Lightning","Cursed Key","CaptainsWheel"],"acts_visited":["Exordium","TheCity"],"potions_floor_usage":[7,12,12,16],"damage_taken":[{"damage":21,"enemies":"Small Slimes","floor":1,"turns":4},{"damage":18,"enemies":"Jaw Worm","floor":2,"turns":4},{"damage":3,"enemies":"2 Louse","floor":4,"turns":2},{"damage":21,"enemies":"Lots of Slimes","floor":7,"turns":3},{"damage":4,"enemies":"Exordium Thugs","floor":8,"turns":4},{"damage":7,"enemies":"Large Slime","floor":11,"turns":5},{"damage":7,"enemies":"Lagavulin","floor":12,"turns":8},{"damage":23,"enemies":"The Guardian","floor":16,"turns":15},{"damage":38,"enemies":"2 Thieves","floor":18,"turns":5},{"damage":2,"enemies":"Chosen","floor":21,"turns":8},{"damage":4,"enemies":"Centurion and Healer","floor":22,"turns":10},{"damage":12,"enemies":"Sentry and Sphere","floor":24,"turns":9},{"damage":37,"enemies":"Gremlin Leader","floor":27,"turns":9}],"seed_played":"-5001000035782782288","potions_obtained":[{"floor":1,"key":"ColorlessPotion"},{"floor":8,"key":"DistilledChaos"},{"floor":11,"key":"SteroidPotion"},{"floor":22,"key":"BlessingOfTheForge"}],"is_trial":false,"path_per_floor":["M","M","?","M","?","R","M","M","T","$","M","E","R","?","R","B",null,"M","?","?","M","M","R","M","R","T","E"],"character_chosen":"DEFECT","items_purchased":["Self Repair","Rebound","Regen Potion"],"campfire_rested":1,"item_purchase_floors":[10,10,10],"current_hp_per_floor":[54,36,29,26,26,48,27,23,23,23,23,38,38,38,38,22,75,44,37,37,37,37,37,32,32,32,0,0],"gold":170,"neow_bonus":"BOSS_RELIC","is_daily":false,"chose_seed":false,"campfire_upgraded":4,"win_rate":0.0,"timestamp":1612688919,"path_taken":["M","M","?","M","?","R","M","M","T","$","M","E","R","?","R","BOSS","M","?","?","M","M","R","M","R","T","E"],"items_purchased_type":["Card","Card","Potion"],"build_version":"2020-12-22","purchased_purges":0,"victory":false,"max_hp_per_floor":[75,75,75,75,75,75,75,75,75,75,75,75,75,75,75,75,75,75,37,37,37,37,37,37,37,37,37,37],"relic_stats":{"Inserter":[43],"counters":[13,86],"Mummified Hand":[13],"Cursed Key":1,"obtain_stats":[{"CaptainsWheel":26,"Inserter":0,"Mummified Hand":9,"Bottled Lightning":12,"Cracked Core":0,"Cursed Key":17},{"CaptainsWheel":12,"Inserter":0,"Mummified Hand":5,"Bottled Lightning":7,"Cracked Core":0,"Cursed Key":8},{"CaptainsWheel":77,"Inserter":0,"Mummified Hand":17,"Bottled Lightning":30,"Cracked Core":0,"Cursed Key":45}]},"card_choices":[{"not_picked":["Rebound","Stack"],"picked":"Genetic Algorithm","floor":1},{"not_picked":["Turbo","Redo"],"picked":"Skim","floor":2},{"not_picked":["Defragment","Double Energy"],"picked":"Ball Lightning","floor":4},{"not_picked":["Gash","Turbo"],"picked":"Leap","floor":7},{"not_picked":["Blizzard","Conserve Battery"],"picked":"Fusion","floor":8},{"not_picked":["Amplify","Leap"],"picked":"Glacier","floor":11},{"not_picked":["Aggregate","Hologram"],"picked":"Loop","floor":12},{"not_picked":["Hyperbeam","Buffer"],"picked":"Meteor Strike","floor":16},{"not_picked":["Stack","Skim"],"picked":"Reinforced Body+1","floor":18},{"not_picked":["Cold Snap","Gash"],"picked":"Chill","floor":21},{"not_picked":["Leap","Stack"],"picked":"Streamline","floor":22},{"not_picked":["Aggregate","Steam"],"picked":"Compile Driver+1","floor":24}],"player_experience":1355525,"relics_obtained":[{"floor":9,"key":"Mummified Hand"},{"floor":12,"key":"Bottled Lightning"},{"floor":26,"key":"CaptainsWheel"}],"event_choices":[{"cards_removed":["Defend_B"],"damage_healed":0,"gold_gain":0,"player_choice":"Card Removal","damage_taken":7,"max_hp_gain":0,"max_hp_loss":0,"event_name":"Golden Wing","floor":3,"gold_loss":0},{"damage_healed":0,"gold_gain":0,"player_choice":"Ignored","damage_taken":0,"max_hp_gain":0,"max_hp_loss":0,"event_name":"Shining Light","floor":5,"gold_loss":0},{"damage_healed":0,"gold_gain":0,"player_choice":"Fled","damage_taken":0,"max_hp_gain":0,"max_hp_loss":0,"event_name":"Scrap Ooze","floor":14,"gold_loss":0},{"damage_healed":0,"gold_gain":0,"player_choice":"Became a Ghost","damage_taken":0,"max_hp_gain":0,"max_hp_loss":38,"event_name":"Ghosts","floor":19,"gold_loss":0,"cards_obtained":["Ghostly","Ghostly","Ghostly","Ghostly","Ghostly"]},{"damage_healed":0,"gold_gain":0,"cards_transformed":["Defend_B"],"player_choice":"Transformed","damage_taken":0,"max_hp_gain":0,"max_hp_loss":0,"event_name":"Transmorgrifier","floor":20,"gold_loss":0,"cards_obtained":["Beam Cell"]}],"is_beta":false,"boss_relics":[{"not_picked":["Empty Cage","Busted Crown"],"picked":"Cursed Key"}],"items_purged_floors":[],"is_endless":false,"potions_floor_spawned":[1,8,11,22],"killed_by":"Gremlin Leader","ascension_level":4}}