{"host":"rq7gz685gkaokql0","time":1612741156,"event":{"mods":["BaseMod","Hubris","Infinite Spire","Minty Spire (QoL Compilation)","Replay The Spire","StSLib"],"gold_per_floor":[117,117,117,134,152,179,254,272,349,349,349],"floor_reached":10,"language":"ENG","playtime":201,"items_purged":[],"score":136,"play_id":"2d26038d-ee5d-4464-8694-f6b8a425e2dd","local_time":"20210207133916","is_ascension_mode":true,"campfire_choices":[],"circlet_count":0,"master_deck":["AscendersBane","Strike_G","Strike_G","Strike_G","Strike_G","Strike_G","Defend_G","Defend_G","Defend_G","Defend_G","Defend_G","Survivor","Neutralize","Dagger Spray+1","Terror","Sucker Punch","Dagger Spray","Replay:Poison Smokescreen"],"relics":["Ring of the Snake","NeowsBlessing","Mango","hubris:SphereOfDissonance"],"acts_visited":["Exordium"],"potions_floor_usage":[],"damage_taken":[{"damage":0,"enemies":"Small Slimes","floor":1,"turns":1},{"damage":0,"enemies":"2 Louse","floor":4,"turns":1},{"damage":0,"enemies":"infinitespire:Voidling","floor":5,"turns":1},{"damage":26,"enemies":"Replay:BlueRogue","floor":6,"turns":8},{"damage":0,"enemies":"3 Louse","floor":8,"turns":2},{"damage":34,"enemies":"Lagavulin","floor":10,"turns":6}],"seed_played":"1571700445449841816","potions_obtained":[{"floor":6,"key":"FearPotion"}],"is_trial":false,"path_per_floor":["M","?","?","M","M","E","?","M","T","E"],"character_chosen":"THE_SILENT","items_purchased":[],"campfire_rested":0,"item_purchase_floors":[],"current_hp_per_floor":[59,59,59,59,59,47,36,36,36,2,2],"gold":349,"neow_bonus":"THREE_ENEMY_KILL","is_daily":false,"chose_seed":false,"campfire_upgraded":0,"win_rate":0.0,"timestamp":1612741156,"path_taken":["M","?","?","M","?","E","?","M","T","E"],"items_purchased_type":[],"build_version":"2020-12-22","purchased_purges":0,"victory":false,"max_hp_per_floor":[66,66,66,66,66,80,80,80,80,80,80],"card_choices":[{"not_picked":["Well Laid Plans","Accuracy"],"picked":"Dagger Spray","floor":1},{"not_picked":["Deadly Poison","Prepared"],"picked":"Terror","floor":4},{"not_picked":["Backflip","Reflex"],"picked":"Sucker Punch","floor":5},{"not_picked":["Underhanded Strike","Sucker Punch"],"picked":"Dagger Spray","floor":6},{"not_picked":["Cloak And Dagger","Dodge and Roll"],"picked":"Replay:Poison Smokescreen","floor":8}],"player_experience":1264042,"relics_obtained":[{"floor":6,"key":"Mango"},{"floor":9,"key":"hubris:SphereOfDissonance"}],"event_choices":[{"damage_healed":0,"gold_gain":0,"player_choice":"Leave","damage_taken":0,"max_hp_gain":0,"max_hp_loss":0,"event_name":"The Cleric","floor":2,"gold_loss":0},{"damage_healed":0,"gold_gain":0,"player_choice":"Upgraded","damage_taken":0,"max_hp_gain":0,"max_hp_loss":0,"event_name":"Upgrade Shrine","floor":3,"gold_loss":0,"cards_upgraded":["Dagger Spray"]},{"damage_healed":0,"gold_gain":75,"player_choice":"Gather Gold","damage_taken":11,"max_hp_gain":0,"max_hp_loss":0,"event_name":"World of Goop","floor":7,"gold_loss":0}],"is_beta":false,"boss_relics":[],"items_purged_floors":[],"is_endless":false,"potions_floor_spawned":[6],"killed_by":"Lagavulin","ascension_level":20}}