{"host":"vyjryxuuuxkt43k4","time":1612715725,"event":{"mods":["AchievementEnabler","BaseMod","Colored Map","DeckTracker","Keyboard Shortcuts","Minty Spire (QoL Compilation)","Permanent Neow","Quick Restart","StSLib","SuperFastMode","everything is the same but u backflip on backflip"],"gold_per_floor":[117,42,192,204,39,39,56,56,79,107,107,107,107,132,132,225,225,244,244,8,27,45,45,69,69,69,102,102,117,153,171,171,270,270,291,291,307,321,321,321,337,337,361,94,119,132,132,172,172,172,172,172,11,52,52,52],"floor_reached":55,"language":"KOR","playtime":3104,"items_purged":["Doubt","Distraction"],"score":1388,"play_id":"5cbf5b82-44d0-44f8-9706-ad6fec759fb8","local_time":"20210208013525","is_ascension_mode":true,"campfire_choices":[{"data":"Dash","floor":6,"key":"SMITH"},{"data":"Cloak And Dagger","floor":8,"key":"SMITH"},{"data":"Predator","floor":11,"key":"SMITH"},{"data":"Well Laid Plans","floor":15,"key":"SMITH"},{"floor":23,"key":"REST"},{"data":"After Image","floor":25,"key":"SMITH"},{"floor":28,"key":"REST"},{"data":"Escape Plan","floor":32,"key":"SMITH"},{"data":"Prepared","floor":40,"key":"SMITH"},{"data":"Terror","floor":42,"key":"SMITH"},{"data":"Phantasmal Killer","floor":47,"key":"SMITH"},{"floor":49,"key":"RECALL"},{"data":"Accuracy","floor":52,"key":"SMITH"}],"circlet_count":0,"master_deck":["AscendersBane","Survivor","Neutralize+1","Escape Plan+1","Dash+1","Cloak And Dagger+1","Predator+1","Well Laid Plans+1","After Image+1","Blade Dance+1","Backflip+1","PiercingWail","Backflip","Distraction+1","Die Die Die","PiercingWail","Slice","Prepared+1","Quick Slash","Choke","Terror+1","Predator","Storm of Steel+1","After Image+1","Accuracy+1","Phantasmal Killer+1","Distraction+1"],"relics":["Ring of the Snake","Pen Nib","Vajra","Mercury Hourglass","Golden Idol","Sozu","Tiny Chest","Bag of Preparation","Kunai","FossilizedHelix","Letter Opener","Pandora\u0027s Box","Lantern","DollysMirror","Bottled Tornado","Oddly Smooth Stone","Bronze Scales"],"acts_visited":["Exordium","TheCity","TheBeyond","TheEnding"],"potions_floor_usage":[16,16],"damage_taken":[{"damage":0,"enemies":"2 Louse","floor":1,"turns":3},{"damage":8,"enemies":"Jaw Worm","floor":4,"turns":7},{"damage":1,"enemies":"Small Slimes","floor":7,"turns":4},{"damage":20,"enemies":"Lagavulin","floor":10,"turns":7},{"damage":4,"enemies":"Red Slaver","floor":14,"turns":4},{"damage":7,"enemies":"Slime Boss","floor":16,"turns":4},{"damage":7,"enemies":"Shell Parasite","floor":18,"turns":6},{"damage":0,"enemies":"Chosen","floor":21,"turns":3},{"damage":11,"enemies":"Snake Plant","floor":22,"turns":4},{"damage":1,"enemies":"Centurion and Healer","floor":24,"turns":4},{"damage":13,"enemies":"Gremlin Leader","floor":27,"turns":6},{"damage":0,"enemies":"Snecko","floor":29,"turns":5},{"damage":12,"enemies":"Slavers","floor":30,"turns":8},{"damage":0,"enemies":"Cultist and Chosen","floor":31,"turns":6},{"damage":1,"enemies":"Collector","floor":33,"turns":14},{"damage":0,"enemies":"3 Darklings","floor":35,"turns":3},{"damage":0,"enemies":"3 Shapes","floor":37,"turns":2},{"damage":0,"enemies":"Maw","floor":38,"turns":6},{"damage":0,"enemies":"Sphere and 2 Shapes","floor":41,"turns":3},{"damage":0,"enemies":"Writhing Mass","floor":45,"turns":5},{"damage":0,"enemies":"Jaw Worm Horde","floor":46,"turns":3},{"damage":0,"enemies":"Nemesis","floor":48,"turns":4},{"damage":13,"enemies":"Time Eater","floor":50,"turns":13},{"damage":30,"enemies":"Shield and Spear","floor":54,"turns":5},{"damage":64,"enemies":"The Heart","floor":55,"turns":3}],"seed_played":"3822230282777928470","potions_obtained":[{"floor":1,"key":"Fire Potion"},{"floor":4,"key":"Explosive Potion"}],"is_trial":false,"path_per_floor":["M","?","?","M","$","R","M","R","T","E","R","?","?","M","R","B",null,"M","?","$","M","M","R","M","R","T","E","R","M","E","M","R","B",null,"M","?","M","M","T","R","M","R","T","$","M","M","R","E","R","B",null,"R","$","E","B"],"character_chosen":"THE_SILENT","items_purchased":["Pen Nib","Bag of Preparation","DollysMirror","Oddly Smooth Stone"],"campfire_rested":2,"item_purchase_floors":[5,20,44,53],"current_hp_per_floor":[59,59,59,51,51,51,50,50,50,30,30,30,50,46,46,39,55,48,48,48,48,37,55,54,54,54,41,59,59,47,47,47,46,57,57,57,57,57,57,57,57,57,57,57,57,57,57,57,57,44,56,56,56,26,0,0],"gold":52,"neow_bonus":"UPGRADE_CARD","is_daily":false,"chose_seed":false,"campfire_upgraded":10,"win_rate":0.0,"timestamp":1612715725,"path_taken":["M","?","?","M","$","R","M","R","T","E","R","?","?","M","R","BOSS","M","?","$","?","M","R","M","R","T","E","R","M","E","M","R","BOSS","M","?","?","M","?","R","M","R","T","$","?","M","R","E","R","BOSS","R","$","E","BOSS"],"items_purchased_type":["Relic","Relic","Relic","Relic"],"build_version":"2020-12-22","purchased_purges":2,"victory":false,"max_hp_per_floor":[66,66,66,66,66,66,66,66,66,66,66,60,60,60,60,60,60,60,60,60,60,60,60,60,60,60,60,60,60,60,60,60,60,60,60,60,60,60,60,60,60,60,60,60,60,60,60,60,60,60,60,60,60,60,60,60],"card_choices":[{"not_picked":["Acrobatics","Caltrops"],"picked":"Escape Plan","floor":1},{"not_picked":["Outmaneuver","Blade Dance"],"picked":"Dash","floor":4},{"not_picked":["Deadly Poison","Underhanded Strike"],"picked":"Cloak And Dagger","floor":7},{"not_picked":["Concentrate","Quick Slash"],"picked":"Predator","floor":10},{"not_picked":["Riddle With Holes","Caltrops"],"picked":"Well Laid Plans","floor":14},{"not_picked":["Doppelganger","A Thousand Cuts"],"picked":"After Image","floor":16},{"not_picked":["Flechettes","Expertise"],"picked":"Blade Dance+1","floor":18},{"not_picked":["Blade Dance","Deflect"],"picked":"Backflip+1","floor":21},{"not_picked":["Blade Dance","Sucker Punch","Slice"],"picked":"SKIP","floor":22},{"not_picked":["Flying Knee+1","Poisoned Stab","Riddle With Holes"],"picked":"SKIP","floor":24},{"not_picked":["Prepared","Well Laid Plans+1","Venomology"],"picked":"SKIP","floor":27},{"not_picked":["Prepared","Well Laid Plans+1","Venomology"],"picked":"SKIP","floor":27},{"not_picked":["Slice","Caltrops"],"picked":"PiercingWail","floor":29},{"not_picked":["Dash","Riddle With Holes"],"picked":"Backflip","floor":30},{"not_picked":["PiercingWail","Infinite Blades"],"picked":"Distraction+1","floor":31},{"not_picked":["Venomology","Bullet Time"],"picked":"Die Die Die","floor":33},{"not_picked":["Eviscerate","Dagger Spray","Quick Slash"],"picked":"SKIP","floor":35},{"not_picked":["Eviscerate","Dagger Spray","Quick Slash"],"picked":"SKIP","floor":35},{"not_picked":["Dagger Throw+1","Acrobatics","Underhanded Strike"],"picked":"SKIP","floor":37},{"not_picked":["Slice","Bane","Cloak And Dagger"],"picked":"SKIP","floor":38},{"not_picked":["Heel Hook","Dagger Spray","Underhanded Strike"],"picked":"SKIP","floor":41},{"not_picked":["Prepared","Cloak And Dagger"],"picked":"Accuracy","floor":45},{"not_picked":["Deflect+1","Prepared+1"],"picked":"Phantasmal Killer","floor":46},{"not_picked":["PiercingWail","Prepared"],"picked":"Distraction+1","floor":48},{"not_picked":["Predator+1","Deadly Poison","Underhanded Strike"],"picked":"SKIP","floor":54}],"player_experience":823531,"relics_obtained":[{"floor":9,"key":"Vajra"},{"floor":10,"key":"Mercury Hourglass"},{"floor":19,"key":"Tiny Chest"},{"floor":26,"key":"Kunai"},{"floor":27,"key":"FossilizedHelix"},{"floor":30,"key":"Letter Opener"},{"floor":39,"key":"Lantern"},{"floor":48,"key":"Bottled Tornado"},{"floor":54,"key":"Bronze Scales"}],"event_choices":[{"cards_removed":["Strike_G"],"damage_healed":0,"gold_gain":0,"player_choice":"Card Removal","damage_taken":0,"max_hp_gain":0,"max_hp_loss":0,"event_name":"The Cleric","floor":2,"gold_loss":75},{"damage_healed":0,"gold_gain":150,"player_choice":"AGREE","damage_taken":0,"max_hp_gain":0,"max_hp_loss":0,"event_name":"Liars Game","floor":3,"gold_loss":0,"cards_obtained":["Doubt"]},{"damage_healed":0,"gold_gain":0,"player_choice":"Lose Max HP","damage_taken":0,"relics_obtained":["Golden Idol"],"max_hp_gain":0,"max_hp_loss":6,"event_name":"Golden Idol","floor":12,"gold_loss":0},{"damage_healed":20,"gold_gain":0,"player_choice":"Banana","damage_taken":0,"max_hp_gain":0,"max_hp_loss":0,"event_name":"Big Fish","floor":13,"gold_loss":0},{"damage_healed":0,"gold_gain":0,"player_choice":"Relic","damage_taken":0,"max_hp_gain":0,"max_hp_loss":0,"event_name":"Wheel of Change","floor":19,"gold_loss":0},{"damage_healed":0,"gold_gain":0,"player_choice":"Forge","damage_taken":0,"max_hp_gain":0,"max_hp_loss":0,"event_name":"Accursed Blacksmith","floor":36,"gold_loss":0,"cards_upgraded":["Storm of Steel"]}],"is_beta":false,"boss_relics":[{"not_picked":["Astrolabe","WristBlade"],"picked":"Sozu"},{"not_picked":["Tiny House","Runic Dome"],"picked":"Pandora\u0027s Box"}],"items_purged_floors":[20,44],"is_endless":false,"potions_floor_spawned":[1,4,7,14,21,24,30,31,35,41,45],"killed_by":"The Heart","ascension_level":19}}