{"host":"f9ntswufr8mq3t4y","time":1612717318,"event":{"mods":["AchievementEnabler","BaseMod","Best Route Mod","Block Reminder","Colored Map","Colored Powertips","Curses Come First","DeckTracker","Displayed Cursed Tome","Highlight Path","Minty Spire (QoL Compilation)","Permanent Neow","Quick Restart","Slay-I","StSLib"],"gold_per_floor":[361,361,60,71,87,121,134,144,144,144,219,219,246,45,45,143,143,155,97,107,121,121,151,165,165,165,192,192,205,120,130,130,130,130],"floor_reached":33,"language":"ENG","playtime":1430,"items_purged":["Decay"],"score":444,"play_id":"58d89561-9e6e-49a8-aa9e-848720ebc6fc","local_time":"20210207200158","is_ascension_mode":true,"campfire_choices":[{"data":"Armaments","floor":10.0,"key":"SMITH"},{"data":"Evolve","floor":15.0,"key":"SMITH"},{"data":"Fiend Fire","floor":25,"key":"SMITH"},{"data":"Impervious","floor":28,"key":"SMITH"},{"floor":32,"key":"REST"}],"circlet_count":0,"master_deck":["Strike_R","Strike_R","Strike_R","Strike_R","Strike_R","Defend_R","Defend_R","Defend_R","Defend_R","Bash","Anger","Armaments+1","Cleave","Immolate","Evolve+1","Fiend Fire+1","Metallicize","Rage+1","Writhe","Spot Weakness+1","Fiend Fire","Impervious+1"],"relics":["Burning Blood","The Courier","Ice Cream","Lantern","Ancient Tea Set","HornCleat","Singing Bowl","Shuriken","Philosopher\u0027s Stone","Magic Flower","Strawberry","Pantograph","Blood Vial","Happy Flower"],"acts_visited":["Exordium","TheCity"],"potions_floor_usage":[23,23,27,33],"damage_taken":[{"damage":9.0,"enemies":"2 Louse","floor":1.0,"turns":5.0},{"damage":7.0,"enemies":"Jaw Worm","floor":4.0,"turns":3.0},{"damage":0.0,"enemies":"Small Slimes","floor":5.0,"turns":3.0},{"damage":15.0,"enemies":"3 Sentries","floor":6.0,"turns":6.0},{"damage":0.0,"enemies":"3 Louse","floor":7.0,"turns":1.0},{"damage":13.0,"enemies":"Blue Slaver","floor":8.0,"turns":4.0},{"damage":20.0,"enemies":"Lagavulin","floor":13.0,"turns":5.0},{"damage":11.0,"enemies":"Hexaghost","floor":16.0,"turns":7.0},{"damage":22.0,"enemies":"Shell Parasite","floor":18.0,"turns":6.0},{"damage":18,"enemies":"Spheric Guardian","floor":20,"turns":4},{"damage":11,"enemies":"3 Cultists","floor":21,"turns":4},{"damage":47,"enemies":"Book of Stabbing","floor":23,"turns":5},{"damage":6,"enemies":"Shelled Parasite and Fungi","floor":24,"turns":3},{"damage":0,"enemies":"Gremlin Leader","floor":27,"turns":4},{"damage":38,"enemies":"Snecko","floor":29,"turns":5},{"damage":22,"enemies":"Snake Plant","floor":31,"turns":3},{"damage":132,"enemies":"Collector","floor":33,"turns":6}],"seed_played":"-3920497403259514933","potions_obtained":[{"floor":4.0,"key":"BloodPotion"},{"floor":5.0,"key":"ColorlessPotion"},{"floor":6.0,"key":"DistilledChaos"},{"floor":8.0,"key":"Fruit Juice"},{"floor":20,"key":"FearPotion"},{"floor":31,"key":"Weak Potion"}],"is_trial":false,"path_per_floor":["M","?","$","M","M","E","M","M","T","R","T","?","E","$","R","B",null,"M","$","M","M","?","E","M","R","T","E","R","M","?","M","R","B"],"character_chosen":"IRONCLAD","items_purchased":["Ice Cream","Shuriken","Metallicize"],"campfire_rested":1,"item_purchase_floors":[3,14,19],"current_hp_per_floor":[69,57,57,56,62,53,59,57,57,57,57,62,50,50,50,45,80,66,66,54,51,51,49,52,52,52,61,61,37,37,29,61,0,0],"gold":130,"neow_bonus":"TWO_FIFTY_GOLD","is_daily":false,"chose_seed":false,"campfire_upgraded":4,"win_rate":0.0,"timestamp":1612717318,"path_taken":["M","?","$","M","M","E","M","M","T","R","?","?","E","$","R","BOSS","M","$","M","M","?","E","M","R","T","E","R","M","?","M","R","BOSS"],"items_purchased_type":["Relic","Relic","Card"],"build_version":"2020-12-22","purchased_purges":1,"victory":false,"max_hp_per_floor":[80,80,80,80,80,80,80,85,85,85,85,90,92,92,92,92,92,94,94,94,96,96,103,103,103,103,103,103,105,105,107,107,107,107],"card_choices":[{"not_picked":["Warcry","Clothesline"],"picked":"Anger","floor":1.0},{"not_picked":["Burning Pact","Heavy Blade"],"picked":"Armaments","floor":4.0},{"not_picked":["Fire Breathing","Sever Soul"],"picked":"Cleave","floor":5.0},{"not_picked":["Carnage","Warcry"],"picked":"Immolate","floor":6.0},{"not_picked":["Sever Soul","Armaments"],"picked":"Evolve","floor":7.0},{"not_picked":["Heavy Blade","Wild Strike","Bloodletting"],"picked":"SKIP","floor":8.0},{"not_picked":["Evolve","True Grit","Corruption"],"picked":"Singing Bowl","floor":13.0},{"not_picked":["Offering","Bludgeon"],"picked":"Fiend Fire","floor":16.0},{"not_picked":["Intimidate+1","Havoc","Heavy Blade"],"picked":"Singing Bowl","floor":18.0},{"not_picked":["Warcry","Twin Strike"],"picked":"Rage+1","floor":20},{"not_picked":["Dual Wield","Heavy Blade","True Grit"],"picked":"Singing Bowl","floor":21},{"not_picked":["Uppercut","Hemokinesis+1"],"picked":"Spot Weakness+1","floor":23},{"not_picked":["Battle Trance","Perfected Strike"],"picked":"Fiend Fire","floor":24},{"not_picked":["Dual Wield","Body Slam"],"picked":"Impervious","floor":27},{"not_picked":["Sword Boomerang","Blood for Blood","Reckless Charge"],"picked":"Singing Bowl","floor":29},{"not_picked":["Heavy Blade","Armaments+1","Clothesline"],"picked":"Singing Bowl","floor":31}],"player_experience":411810,"relics_obtained":[{"floor":6.0,"key":"Lantern"},{"floor":9.0,"key":"Ancient Tea Set"},{"floor":11.0,"key":"HornCleat"},{"floor":13.0,"key":"Singing Bowl"},{"floor":23,"key":"Strawberry"},{"floor":26,"key":"Pantograph"},{"floor":27,"key":"Blood Vial"}],"event_choices":[{"damage_healed":0.0,"max_hp_gain":0.0,"max_hp_loss":0.0,"gold_gain":0.0,"event_name":"Scrap Ooze","player_choice":"Success","floor":2.0,"gold_loss":0.0,"damage_taken":12.0,"relics_obtained":["The Courier"]},{"damage_healed":0.0,"max_hp_gain":5.0,"max_hp_loss":0.0,"gold_gain":0.0,"event_name":"Big Fish","player_choice":"Donut","floor":12.0,"gold_loss":0.0,"damage_taken":0.0},{"damage_healed":0,"gold_gain":0,"player_choice":"Opened","damage_taken":0,"relics_obtained":["Magic Flower"],"max_hp_gain":0,"max_hp_loss":0,"event_name":"The Mausoleum","floor":22,"gold_loss":0,"cards_obtained":["Writhe"]},{"damage_healed":0,"gold_gain":0,"player_choice":"Obtained Relic","damage_taken":0,"relics_obtained":["Happy Flower"],"max_hp_gain":0,"max_hp_loss":0,"event_name":"Addict","floor":30,"gold_loss":85}],"is_beta":false,"boss_relics":[{"not_picked":["Ectoplasm","Astrolabe"],"picked":"Philosopher\u0027s Stone"}],"items_purged_floors":[3],"is_endless":false,"potions_floor_spawned":[4,5,6,8,20,21,31],"killed_by":"Collector","ascension_level":6}}