{"host":"jeq80qtkb0kd43fl","time":1612732023,"event":{"mods":["BaseMod","Downfall","GifTheSpireLib","Minty Spire (QoL Compilation)","StSLib"],"gold_per_floor":[99,113,132,132,147,147,170,80,80,65,91,91,103,127,159,171,171,171],"floor_reached":16,"language":"ENG","playtime":1434,"items_purged":["Guardian:Defend_Guardian"],"score":100,"play_id":"68e6f350-d99f-4c44-ac66-914246557d3c","local_time":"20210207210703","is_ascension_mode":false,"campfire_choices":[{"data":"Guardian:TwinSlam","floor":1,"key":"SMITH"},{"data":"Guardian:PiercingHide","floor":6,"key":"SMITH"}],"circlet_count":0,"master_deck":["Guardian:Strike_Guardian","Guardian:Strike_Guardian","Guardian:Strike_Guardian","Guardian:Defend_Guardian","Guardian:Defend_Guardian","Guardian:Defend_Guardian","Guardian:CurlUp","Guardian:TwinSlam+1","Trip","Guardian:PiercingHide+1","Guardian:ExploitGems","Guardian:Gem_White","Regret","Guardian:Gem_Green","Guardian:Gem_Yellow","Guardian:Gem_Red","Guardian:RollAttack"],"relics":["Guardian:ModeShifter","Guardian:PickAxe","Kunai","MawBank"],"acts_visited":["Exordium"],"potions_floor_usage":[8,8,8,16],"damage_taken":[{"damage":0,"enemies":"2 Louse","floor":2,"turns":2},{"damage":1,"enemies":"Cultist","floor":3,"turns":3},{"damage":0,"enemies":"Small Slimes","floor":5,"turns":2},{"damage":0,"enemies":"downfall:FleeingMerchant","floor":8,"turns":4},{"damage":10,"enemies":"downfall:FleeingMerchant","floor":10,"turns":4},{"damage":17,"enemies":"Lagavulin","floor":11,"turns":7},{"damage":1,"enemies":"3 Louse","floor":14,"turns":3},{"damage":9,"enemies":"Gremlin Gang","floor":15,"turns":6},{"damage":53,"enemies":"WA_ARCHETYPE_RETAIN","floor":16,"turns":11}],"seed_played":"-7806811248756297551","potions_obtained":[{"floor":2,"key":"AttackPotion"},{"floor":3,"key":"champ:CounterPotion"},{"floor":4,"key":"Strength Potion"},{"floor":4,"key":"Fire Potion"},{"floor":14,"key":"Weak Potion"}],"is_trial":false,"path_per_floor":["R","M","M","?","M","R","T","$","?","$","E","?","R","M","M","B"],"character_chosen":"GUARDIAN","items_purchased":[],"campfire_rested":0,"item_purchase_floors":[],"current_hp_per_floor":[80,80,79,79,79,79,79,79,79,69,52,52,52,51,42,0,0,0],"gold":171,"neow_bonus":"RANDOM_COLORLESS","is_daily":false,"chose_seed":false,"campfire_upgraded":2,"win_rate":0.0,"timestamp":1612732023,"path_taken":["R","M","M","?","?","R","T","$","?","$","E","?","R","M","M","BOSS"],"items_purchased_type":[],"build_version":"2020-12-22","purchased_purges":1,"victory":false,"max_hp_per_floor":[80,80,80,80,80,80,80,80,80,80,80,80,80,80,80,80,80,80],"card_choices":[{"not_picked":["Deep Breath","Impatience"],"picked":"Trip","floor":0},{"not_picked":["Guardian:Gem_Green","Guardian:ShieldCharger"],"picked":"Guardian:PiercingHide","floor":2},{"not_picked":["Guardian:Incinerate","Guardian:PolyBeam"],"picked":"Guardian:Gem_Fragmented","floor":3},{"not_picked":["Guardian:Preprogram","Guardian:Reroute"],"picked":"Guardian:Gem_Purple","floor":5},{"not_picked":["Guardian:ChargeCore","Guardian:WalkerClaw"],"picked":"Guardian:ExploitGems","floor":8},{"not_picked":["Guardian:VentSteam","Guardian:Emergency","Guardian:Gem_Yellow"],"picked":"SKIP","floor":10},{"not_picked":["Guardian:RollAttack","Guardian:TemporalStrike"],"picked":"Guardian:Gem_White","floor":11},{"not_picked":["Guardian:ShieldCharger","Guardian:Recover"],"picked":"Guardian:Gem_Red","floor":14},{"not_picked":["Guardian:DonusPower","Guardian:TemporalShield"],"picked":"Guardian:RollAttack","floor":15}],"player_experience":216912,"relics_obtained":[{"floor":7,"key":"Guardian:PickAxe"},{"floor":11,"key":"Kunai"}],"event_choices":[{"damage_healed":0,"gold_gain":0,"player_choice":"Got Potions","damage_taken":0,"max_hp_gain":0,"max_hp_loss":0,"event_name":"Lab","floor":4,"gold_loss":0},{"damage_healed":0,"gold_gain":0,"player_choice":"Box","damage_taken":0,"relics_obtained":["MawBank"],"max_hp_gain":0,"max_hp_loss":0,"event_name":"Big Fish","floor":12,"gold_loss":0,"cards_obtained":["Regret"]}],"is_beta":false,"boss_relics":[],"items_purged_floors":[8],"is_endless":false,"potions_floor_spawned":[2,3,5,14],"killed_by":"WA_ARCHETYPE_RETAIN","ascension_level":0}}