{"host":"j0e3xzyxe6w4yncp","time":1612720451,"event":{"mods":["2.2 Compatiblity","BaseMod","Colored Map","Colored Powertips","Downfall","Minty Spire (QoL Compilation)","Quick Restart","Shop Mod","StSLib"],"gold_per_floor":[99,109,127,43,143,158,158,190,21,36,36,21,21,21,32,128,128,28,44,29,114,141,154,154,173,73,107,233,262,162,162,174,174,174,174],"floor_reached":33,"language":"ENG","playtime":2548,"items_purged":[],"score":333,"play_id":"a09b205e-ffa4-497f-b552-bc242b94d574","local_time":"20210207125411","is_ascension_mode":false,"campfire_choices":[{"floor":1.0,"key":"RECALL"},{"data":"champ:StrikeOfGenius","floor":11.0,"key":"SMITH"},{"data":"champ:Taunt","floor":13.0,"key":"SMITH"},{"data":"champ:TripleStrike","floor":18.0,"key":"SMITH"},{"data":"champ:StanceDance","floor":26,"key":"SMITH"},{"floor":30,"key":"REST"}],"circlet_count":0,"master_deck":["champ:Strike","champ:Strike","champ:Strike+1","champ:Strike","champ:Defend","champ:Defend","champ:Defend","champ:Defend","champ:Execute","champ:Taunt+1","champ:FlashCut","champ:DefensiveShout","champ:TripleStrike+1","champ:DeathBlow","champ:DefensiveShout","champ:RapidStrikes","champ:FanOfKnives","champ:StrikeOfGenius+1","champ:ViciousMockery+1","champ:BerserkersShout+1","champ:StanceDance+1","champ:ShieldThrow+1","champ:BringItOn","champ:EnGarde","champ:ShieldWall","champ:BerserkersShout+1","champ:Duel","champ:EndlessRage"],"relics":["champ:ChampionCrown","Letter Opener","hexamod:BolsterEngine","Busted Crown","downfall:HeartBlessingRed","InkBottle","downfall:HeartBlessingBlue","MerchantsRug","War Paint","Whetstone","downfall:HeartBlessingGreen"],"acts_visited":["Exordium","TheCity"],"potions_floor_usage":[20,20,32,33],"damage_taken":[{"damage":10.0,"enemies":"Small Slimes","floor":2.0,"turns":4.0},{"damage":19.0,"enemies":"2 Louse","floor":3.0,"turns":3.0},{"damage":10.0,"enemies":"downfall:FleeingMerchant","floor":4.0,"turns":4.0},{"damage":23.0,"enemies":"Jaw Worm","floor":6.0,"turns":2.0},{"damage":54.0,"enemies":"3 Sentries","floor":8.0,"turns":6.0},{"damage":20.0,"enemies":"downfall:FleeingMerchant","floor":9.0,"turns":4.0},{"damage":15.0,"enemies":"Exordium Thugs","floor":10.0,"turns":3.0},{"damage":25.0,"enemies":"downfall:FleeingMerchant","floor":12.0,"turns":4.0},{"damage":20.0,"enemies":"Exordium Wildlife","floor":15.0,"turns":3.0},{"damage":41.0,"enemies":"SI_SHIV_ARCHETYPE","floor":16.0,"turns":5.0},{"damage":20.0,"enemies":"3 Byrds","floor":19.0,"turns":3.0},{"damage":45,"enemies":"downfall:FleeingMerchant","floor":20,"turns":4},{"damage":25,"enemies":"Spheric Guardian","floor":23,"turns":3},{"damage":21,"enemies":"Centurion and Healer","floor":25,"turns":3},{"damage":71,"enemies":"Gremlin Leader","floor":27,"turns":5},{"damage":0,"enemies":"downfall:FleeingMerchant","floor":28,"turns":1},{"damage":21,"enemies":"Slavers","floor":29,"turns":5},{"damage":20,"enemies":"Shelled Parasite and Fungi","floor":32,"turns":4},{"damage":50,"enemies":"IC_MUSHROOM_ARCHETYPE","floor":33,"turns":4}],"seed_played":"-5082774049602465903","potions_obtained":[{"floor":6.0,"key":"Swift Potion"},{"floor":8.0,"key":"Regen Potion"},{"floor":15.0,"key":"DuplicationPotion"},{"floor":16.0,"key":"SpeedPotion"},{"floor":25,"key":"Strength Potion"},{"floor":27,"key":"sneckomod:MuddlingPotion"},{"floor":29,"key":"LiquidBronze"}],"is_trial":false,"path_per_floor":["R","M","M","$","?","M","T","E","$","M","R","$","R","?","M","B",null,"R","M","$","?","T","M","T","M","R","E","$","E","R","?","M","B"],"character_chosen":"THE_CHAMP","items_purchased":["champ:DeathBlow","champ:StrikeOfGenius","MerchantsRug","War Paint","champ:EndlessRage"],"campfire_rested":1,"item_purchase_floors":[4,9,28,28,28],"current_hp_per_floor":[97,97,88,88,88,75,75,51,65,65,65,50,50,82,82,71,97,97,92,92,74,74,74,74,58,68,22,22,13,45,45,35,0,0,0],"gold":174,"neow_bonus":"RANDOM_COMMON_RELIC","is_daily":false,"chose_seed":false,"campfire_upgraded":4,"win_rate":0.0,"timestamp":1612720451,"path_taken":["R","M","M","$","?","M","T","E","$","M","R","$","R","?","M","BOSS","R","M","$","?","?","M","T","?","R","E","$","E","R","?","M","BOSS"],"items_purchased_type":["Card","Card","Relic","Relic","Card"],"build_version":"2020-12-22","purchased_purges":0,"victory":false,"max_hp_per_floor":[97,97,97,97,97,97,97,97,97,97,97,97,97,97,97,97,97,97,97,97,97,97,97,97,97,107,107,107,107,107,107,107,107,107,107],"card_choices":[{"not_picked":["champ:FanOfKnives","champ:FalseCounter"],"picked":"champ:FlashCut","floor":2.0},{"not_picked":["champ:ViciousMockery","champ:TornadoPunch"],"picked":"champ:DefensiveShout","floor":3.0},{"not_picked":["champ:CalledShot","champ:GutPunch"],"picked":"champ:TripleStrike","floor":4.0},{"not_picked":["champ:Haymaker","champ:TornadoPunch"],"picked":"champ:DefensiveShout","floor":6.0},{"not_picked":["champ:AdrenalArmor","champ:BerserkerStyle"],"picked":"champ:RapidStrikes","floor":8.0},{"not_picked":["champ:PreemptiveStrike","champ:CalledShot"],"picked":"champ:FanOfKnives","floor":9.0},{"not_picked":["champ:DeathBlow","champ:BringItOn"],"picked":"champ:ViciousMockery","floor":10.0},{"not_picked":["champ:GutPunch","champ:PreciseThrust"],"picked":"champ:BerserkersShout","floor":12.0},{"not_picked":["champ:CrownThrow","champ:PreciseThrust"],"picked":"champ:StanceDance","floor":15.0},{"not_picked":["champ:LastStand","champ:VampiricStrike"],"picked":"champ:ShieldThrow","floor":16.0},{"not_picked":[],"picked":"champ:BringItOn","floor":19.0},{"not_picked":[],"picked":"champ:EnGarde","floor":20},{"not_picked":[],"picked":"champ:ShieldWall","floor":23},{"not_picked":[],"picked":"champ:BerserkersShout+1","floor":25},{"not_picked":["champ:BerserkerStyle"],"picked":"SKIP","floor":27},{"not_picked":[],"picked":"champ:Duel","floor":28},{"not_picked":["champ:PreemptiveStrike"],"picked":"SKIP","floor":29},{"not_picked":["champ:Shatter"],"picked":"SKIP","floor":32}],"player_experience":688728,"relics_obtained":[{"floor":7.0,"key":"Letter Opener"},{"floor":8.0,"key":"hexamod:BolsterEngine"},{"floor":24,"key":"InkBottle"},{"floor":27,"key":"champ:FightingForDummies"},{"floor":29,"key":"Whetstone"}],"event_choices":[{"damage_healed":32.0,"max_hp_gain":0.0,"max_hp_loss":0.0,"gold_gain":0.0,"event_name":"Big Fish","player_choice":"Banana","floor":14.0,"gold_loss":0.0,"damage_taken":0.0}],"is_beta":false,"boss_relics":[{"not_picked":["champ:ChampionCrownUpgraded","Snecko Eye"],"picked":"Busted Crown"}],"items_purged_floors":[],"is_endless":false,"potions_floor_spawned":[6,8,15,16,25,27,29],"killed_by":"IC_MUSHROOM_ARCHETYPE","ascension_level":0}}