{"host":"7qoz5gmva6til3yp","time":1612685364,"event":{"mods":["2.2 Compatiblity","Astrologer","BaseMod","Marisa£¨Ùöéë¡¡Øª×âÞÞ£©","Minty Spire (QoL Compilation)","StSLib","SuperFastMode"],"gold_per_floor":[118,138,138,39,55,85,85,118,169,187,35,35,110,110,110,208,2208,2208,2148,2148,1720,1720,1720,1720,1720,1720,1720,1361,1361,1361,1361,1361,1361,1361,1361,1361,1361,1361,1361,1361,739,739,739,739,739,739,739,739,739,739],"floor_reached":51,"language":"KOR","playtime":1789,"items_purged":["astrologer:Defend","astrologer:Strike","astrologer:Strike","astrologer:Defend","astrologer:Strike"],"score":1013,"play_id":"ccddae9d-e1b1-4f1a-9e91-c6a4b8f7b208","local_time":"20210207170924","is_ascension_mode":true,"campfire_choices":[{"data":"astrologer:TheFool","floor":7.0,"key":"SMITH"},{"data":"astrologer:CosmicExpanse","floor":12.0,"key":"SMITH"},{"floor":15.0,"key":"REST"},{"data":"astrologer:CometStrike","floor":23,"key":"SMITH"},{"data":"astrologer:StarOfMisfortune","floor":25,"key":"SMITH"},{"floor":27,"key":"REST"},{"data":"astrologer:DarkMatter","floor":29,"key":"SMITH"},{"data":"astrologer:HeatDeath","floor":32,"key":"SMITH"},{"data":"astrologer:TheChariot","floor":40,"key":"SMITH"},{"data":"astrologer:ShootingStar","floor":46,"key":"SMITH"},{"data":"astrologer:TheMagician","floor":49,"key":"SMITH"}],"circlet_count":0,"master_deck":["astrologer:Strike","astrologer:Defend","astrologer:NorthStar+1","astrologer:TheFool+1","astrologer:TheHierophant","astrologer:Moonlight+1","astrologer:Opposition","astrologer:MeteorShower","astrologer:StarOfMisfortune+1","astrologer:CosmicExpanse+1","astrologer:Premonition+1","astrologer:Radiance","astrologer:DarkMatter+1","astrologer:CometStrike+1","astrologer:HeatDeath+1","astrologer:TheTower+1","astrologer:SolarFlare","astrologer:Conjunction+1","astrologer:TheChariot+1","Secret Technique","astrologer:ShootingStar+1","astrologer:Novile+1","astrologer:StarOfRegret","astrologer:Prismatic","astrologer:Stardust+1","astrologer:TheMagician+1"],"relics":["HornCleat","Akabeko","Boot","Ectoplasm","Nloth\u0027s Gift","TheAbacus","Regal Pillow","Kunai","Medical Kit","Tiny Chest","Sozu","CatCart","Ice Cream","PreservedInsect","Oddly Smooth Stone","Bottled Lightning","Sundial"],"acts_visited":["Exordium","TheCity","TheBeyond"],"potions_floor_usage":[37],"damage_taken":[{"damage":2.0,"enemies":"Small Slimes","floor":1.0,"turns":3.0},{"damage":0.0,"enemies":"Jaw Worm","floor":2.0,"turns":4.0},{"damage":0.0,"enemies":"2 Louse","floor":5.0,"turns":2.0},{"damage":41.0,"enemies":"3 Sentries","floor":6.0,"turns":10.0},{"damage":12.0,"enemies":"Lagavulin","floor":8.0,"turns":6.0},{"damage":0.0,"enemies":"Gremlin Gang","floor":10.0,"turns":3.0},{"damage":24.0,"enemies":"The Guardian","floor":16.0,"turns":10.0},{"damage":13,"enemies":"Shell Parasite","floor":18,"turns":5},{"damage":12,"enemies":"2 Thieves","floor":19,"turns":4},{"damage":0,"enemies":"Snake Plant","floor":22,"turns":4},{"damage":21,"enemies":"Slavers","floor":24,"turns":7},{"damage":0,"enemies":"Book of Stabbing","floor":30,"turns":5},{"damage":0,"enemies":"3 Cultists","floor":31,"turns":5},{"damage":3,"enemies":"Champ","floor":33,"turns":13},{"damage":0,"enemies":"3 Shapes","floor":35,"turns":4},{"damage":0,"enemies":"3 Darklings","floor":37,"turns":5},{"damage":0,"enemies":"Orin","floor":38,"turns":5},{"damage":14,"enemies":"Nemesis","floor":42,"turns":9},{"damage":0,"enemies":"Giant Head","floor":45,"turns":7},{"damage":6,"enemies":"4 Shapes","floor":47,"turns":4},{"damage":0,"enemies":"Sphere and 2 Shapes","floor":48,"turns":5},{"damage":23,"enemies":"Time Eater","floor":50,"turns":8}],"seed_played":"-7068239644050058030","potions_obtained":[{"floor":1.0,"key":"Strength Potion"},{"floor":5.0,"key":"Dexterity Potion"},{"floor":10.0,"key":"Ancient Potion"},{"floor":18,"key":"SpeedPotion"},{"floor":24,"key":"AttackPotion"},{"floor":31,"key":"DuplicationPotion"}],"is_trial":false,"path_per_floor":["M","M","?","$","M","E","R","E","T","M","$","R","?","?","R","B",null,"M","M","?","$","M","R","E","R","T","R","$","R","E","M","R","B",null,"M","?","M","?","?","R","$","E","T","T","E","R","M","M","R","B",null],"character_chosen":"ASTROLOGER","items_purchased":["astrologer:Opposition","astrologer:Radiance","astrologer:HeatDeath","TheAbacus","Medical Kit","astrologer:SolarFlare","Ice Cream","astrologer:StarOfRegret","astrologer:Prismatic"],"campfire_rested":2,"item_purchase_floors":[4,11,21,21,28,28,41,41,41],"current_hp_per_floor":[68,68,68,68,68,27,27,15,15,15,15,15,4,4,25,1,70,57,45,45,45,45,45,24,24,24,60,60,60,60,60,60,57,70,70,60,60,60,60,60,60,46,46,46,46,46,40,40,40,17],"gold":739,"neow_bonus":"UPGRADE_CARD","is_daily":false,"chose_seed":false,"campfire_upgraded":9,"win_rate":0.0,"timestamp":1612685364,"path_taken":["M","M","?","$","M","E","R","E","T","M","$","R","?","?","R","BOSS","M","?","?","$","M","R","E","R","T","R","?","R","E","M","R","BOSS","M","?","M","?","?","R","$","E","T","?","E","R","?","M","R","BOSS"],"items_purchased_type":["Card","Card","Card","Relic","Relic","Card","Relic","Card","Card"],"build_version":"2020-12-22","purchased_purges":5,"victory":true,"max_hp_per_floor":[70,70,70,70,70,70,70,70,70,70,70,70,70,70,70,70,70,70,70,70,70,70,70,70,70,70,70,70,70,70,70,70,70,70,70,70,70,70,70,70,70,70,70,70,70,70,70,70,70,70],"card_choices":[{"not_picked":["astrologer:NeutronStar","astrologer:Radiance"],"picked":"astrologer:TheHierophant","floor":1.0},{"not_picked":["astrologer:Confirmation","astrologer:Sunrise"],"picked":"astrologer:Moonlight","floor":2.0},{"not_picked":["astrologer:Quincunx","astrologer:Conjunction"],"picked":"astrologer:MeteorShower","floor":5.0},{"not_picked":["astrologer:SpaceDust","astrologer:Moonlight"],"picked":"astrologer:StarOfMisfortune","floor":6.0},{"not_picked":["astrologer:CosmicExpanse","astrologer:ShiningStar","astrologer:FrozenStar"],"picked":"SKIP","floor":8.0},{"not_picked":["astrologer:ShiningStar","astrologer:FrozenStar"],"picked":"astrologer:CosmicExpanse","floor":8.0},{"not_picked":["astrologer:TheTower","astrologer:SpaceDust"],"picked":"astrologer:Premonition","floor":10.0},{"not_picked":["astrologer:Trine","astrologer:Wish"],"picked":"astrologer:DarkMatter","floor":16.0},{"not_picked":["astrologer:ReadTheStars","astrologer:Retelling+1"],"picked":"astrologer:CometStrike","floor":18},{"not_picked":["astrologer:FrozenStar","astrologer:TheMoon+1","astrologer:TheHermit"],"picked":"SKIP","floor":19},{"not_picked":["astrologer:CometStrike","astrologer:Still","astrologer:Premeditation+1"],"picked":"SKIP","floor":22},{"not_picked":["astrologer:TheWorld","astrologer:TheDevil+1"],"picked":"astrologer:TheTower+1","floor":24},{"not_picked":["astrologer:CosmicExpanse+1","astrologer:DarkMatter"],"picked":"astrologer:Conjunction+1","floor":30},{"not_picked":["astrologer:TheEmperor","astrologer:Eclipse","astrologer:Still+1"],"picked":"SKIP","floor":31},{"not_picked":["astrologer:TheWorld","astrologer:Nova"],"picked":"astrologer:TheChariot","floor":33},{"not_picked":["astrologer:Still","astrologer:StarOfChange+1","astrologer:Radiance"],"picked":"SKIP","floor":35},{"not_picked":["Swift Strike","Trip"],"picked":"Secret Technique","floor":36},{"not_picked":["astrologer:ReadTheStars+1","astrologer:Stardust+1"],"picked":"astrologer:ShootingStar","floor":37},{"not_picked":["astrologer:Conjunction","astrologer:GlassStar+1"],"picked":"astrologer:Novile+1","floor":38},{"not_picked":["astrologer:Still+1","astrologer:Premonition","astrologer:MeteorShower"],"picked":"SKIP","floor":42},{"not_picked":["astrologer:TheDevil+1","astrologer:NeutronStar","astrologer:Stardust"],"picked":"SKIP","floor":45},{"not_picked":["astrologer:SpaceDust+1","astrologer:CometStrike"],"picked":"astrologer:Stardust+1","floor":47},{"not_picked":["astrologer:Stardust","astrologer:Quincunx"],"picked":"astrologer:TheMagician","floor":48}],"player_experience":487184,"relics_obtained":[{"floor":6.0,"key":"HornCleat"},{"floor":8.0,"key":"Akabeko"},{"floor":9.0,"key":"Boot"},{"floor":24,"key":"Regal Pillow"},{"floor":26,"key":"Kunai"},{"floor":30,"key":"Tiny Chest"},{"floor":38,"key":"CatCart"},{"floor":42,"key":"PreservedInsect"},{"floor":43,"key":"Oddly Smooth Stone"},{"floor":44,"key":"Bottled Lightning"},{"floor":45,"key":"Sundial"}],"event_choices":[{"damage_healed":0.0,"max_hp_gain":0.0,"max_hp_loss":0.0,"gold_gain":0.0,"event_name":"Living Wall","player_choice":"Grow","floor":3.0,"gold_loss":0.0,"damage_taken":0.0,"cards_upgraded":["astrologer:Moonlight"]},{"damage_healed":0.0,"max_hp_gain":0.0,"max_hp_loss":0.0,"gold_gain":75.0,"event_name":"World of Goop","player_choice":"Gather Gold","floor":13.0,"gold_loss":0.0,"damage_taken":11.0},{"damage_healed":0.0,"max_hp_gain":0.0,"max_hp_loss":0.0,"gold_gain":0.0,"event_name":"Upgrade Shrine","player_choice":"Upgraded","floor":14.0,"gold_loss":0.0,"damage_taken":0.0,"cards_upgraded":["astrologer:Premonition"]},{"damage_healed":0,"gold_gain":0,"player_choice":"Traded Relic","damage_taken":0,"relics_obtained":["Nloth\u0027s Gift"],"max_hp_gain":0,"max_hp_loss":0,"event_name":"N\u0027loth","floor":20,"relics_lost":["astrologer:SkyMirror"],"gold_loss":0},{"damage_healed":0,"gold_gain":0,"player_choice":"Memory 3","damage_taken":10,"max_hp_gain":0,"max_hp_loss":0,"event_name":"SensoryStone","floor":36,"gold_loss":0},{"damage_healed":0,"gold_gain":0,"player_choice":"Fight","damage_taken":0,"max_hp_gain":0,"max_hp_loss":0,"event_name":"OrinTheCat","floor":38,"gold_loss":0},{"cards_removed":["astrologer:Defend"],"damage_healed":0,"gold_gain":0,"player_choice":"Purged","damage_taken":0,"max_hp_gain":0,"max_hp_loss":0,"event_name":"Purifier","floor":39,"gold_loss":0}],"is_beta":false,"boss_relics":[{"not_picked":["Coffee Dripper","Tiny House"],"picked":"Ectoplasm"},{"not_picked":["Calling Bell","SlaversCollar"],"picked":"Sozu"}],"items_purged_floors":[4,11,21,28,41],"is_endless":false,"potions_floor_spawned":[1,5,10,18,24,31,38,45,47,48],"ascension_level":1}}