{"host":"x5w9zppki4gdwvc7","time":1612684606,"event":{"mods":["AchievementEnabler","BaseMod","Colored Powertips","DeckTracker","Minty Spire (QoL Compilation)"],"gold_per_floor":[110,123,133,63,77,90,90,108,108,134,134,145,14,14,14,140,140,165,189,189,36,56,56,56],"floor_reached":23,"language":"ENG","playtime":1190,"items_purged":[],"score":195,"play_id":"8dc6a7db-1f8c-4c8b-a0b7-def8acca7968","local_time":"20210207085646","is_ascension_mode":false,"campfire_choices":[{"data":"Scrape","floor":7,"key":"SMITH"},{"data":"Streamline","floor":11,"key":"SMITH"},{"data":"Scrape","floor":15,"key":"SMITH"}],"circlet_count":0,"master_deck":["Strike_B","Strike_B","Strike_B","Defend_B","Defend_B","Defend_B","Defend_B","Zap","Dualcast","Coolheaded","Ball Lightning","Cold Snap","Self Repair","Scrape+1","Rebound","Streamline+1","Gash","Scrape+1","Melter","Injury","Seek","Go for the Eyes","Compile Driver+1","Coolheaded"],"relics":["Cracked Core","Potion Belt","Darkstone Periapt","Eternal Feather","Golden Idol","Runic Dome","Frozen Eye"],"acts_visited":["Exordium","TheCity"],"potions_floor_usage":[10,16,16,16,23],"damage_taken":[{"damage":1,"enemies":"Cultist","floor":1,"turns":3},{"damage":6,"enemies":"Jaw Worm","floor":2,"turns":3},{"damage":12,"enemies":"2 Louse","floor":3,"turns":2},{"damage":13,"enemies":"Red Slaver","floor":5,"turns":3},{"damage":8,"enemies":"3 Louse","floor":6,"turns":4},{"damage":17,"enemies":"Blue Slaver","floor":8,"turns":3},{"damage":16,"enemies":"3 Sentries","floor":10,"turns":7},{"damage":0,"enemies":"Looter","floor":12,"turns":3},{"damage":51,"enemies":"The Guardian","floor":16,"turns":10},{"damage":0,"enemies":"Spheric Guardian","floor":18,"turns":1},{"damage":10,"enemies":"Shell Parasite","floor":19,"turns":3},{"damage":31,"enemies":"Cultist and Chosen","floor":22,"turns":6},{"damage":57,"enemies":"Gremlin Leader","floor":23,"turns":8}],"seed_played":"3250535396412694857","potions_obtained":[{"floor":2,"key":"PowerPotion"},{"floor":6,"key":"AttackPotion"},{"floor":10,"key":"SkillPotion"},{"floor":16,"key":"PowerPotion"},{"floor":18,"key":"BlessingOfTheForge"}],"is_trial":false,"path_per_floor":["M","M","M","$","M","M","R","M","T","E","R","M","$","?","R","B",null,"M","M","?","$","M","E"],"character_chosen":"DEFECT","items_purchased":["Self Repair","Melter","Weak Potion","Frozen Eye"],"campfire_rested":0,"item_purchase_floors":[4,13,13,21],"current_hp_per_floor":[74,68,56,56,50,49,49,32,32,23,32,39,39,45,57,13,81,81,71,71,71,47,0,0],"gold":56,"neow_bonus":"RANDOM_COMMON_RELIC","is_daily":false,"chose_seed":false,"campfire_upgraded":3,"win_rate":0.0,"timestamp":1612684606,"path_taken":["M","M","M","?","?","M","R","M","T","E","R","M","$","?","R","BOSS","M","M","?","$","?","E"],"items_purchased_type":["Card","Card","Potion","Relic"],"build_version":"2020-12-22","purchased_purges":0,"victory":false,"max_hp_per_floor":[75,75,75,75,75,75,75,75,75,75,75,75,75,81,81,81,81,81,81,81,81,81,81,81],"card_choices":[{"not_picked":["Barrage","Streamline"],"picked":"Coolheaded","floor":1},{"not_picked":["Stack","Fission"],"picked":"Ball Lightning","floor":2},{"not_picked":["Beam Cell","Force Field"],"picked":"Cold Snap","floor":3},{"not_picked":["Gash","Compile Driver"],"picked":"Scrape","floor":5},{"not_picked":["Compile Driver","Hello World"],"picked":"Rebound","floor":6},{"not_picked":["Reprogram","Buffer"],"picked":"Streamline","floor":8},{"not_picked":["Stack","Hello World"],"picked":"Gash","floor":10},{"not_picked":["Streamline","Ball Lightning"],"picked":"Scrape","floor":12},{"not_picked":["Meteor Strike","Hyperbeam"],"picked":"Seek","floor":16},{"not_picked":["Turbo","Force Field"],"picked":"Go for the Eyes","floor":18},{"not_picked":["Tempest+1","Rebound"],"picked":"Compile Driver+1","floor":19},{"not_picked":["Barrage","Rebound","Cold Snap+1"],"picked":"SKIP","floor":22}],"player_experience":539397,"relics_obtained":[{"floor":9,"key":"Darkstone Periapt"},{"floor":10,"key":"Eternal Feather"}],"event_choices":[{"damage_healed":0,"gold_gain":0,"player_choice":"Take Wound","damage_taken":0,"relics_obtained":["Golden Idol"],"max_hp_gain":0,"max_hp_loss":0,"event_name":"Golden Idol","floor":14,"gold_loss":0,"cards_obtained":["Injury"]},{"damage_healed":0,"gold_gain":0,"cards_transformed":["Strike_B"],"player_choice":"Transformed","damage_taken":0,"max_hp_gain":0,"max_hp_loss":0,"event_name":"Transmorgrifier","floor":20,"gold_loss":0,"cards_obtained":["Coolheaded"]}],"is_beta":false,"boss_relics":[{"not_picked":["Busted Crown","Fusion Hammer"],"picked":"Runic Dome"}],"items_purged_floors":[],"is_endless":false,"potions_floor_spawned":[2,6,10,16,18],"killed_by":"Gremlin Leader","ascension_level":0}}