{"host":"tr12w2fixbnujl15","time":1612735642,"event":{"mods":["100% Spire Juice","2.2 Compatiblity","A Penny For Your Troubles","BaseMod","Better Skull","Better Vampires","BetterRewards","CapriCore","Clockwork Mod","Colored Powertips","Evolution","Gremlin Skip","Hermit","Hubris","Infinite Spire","JesterMod","Kalas","KinomotoSakuraMod(????)","Koishi","Mad Scientist","Magitek Elite","Mathematician","Minty Spire (QoL Compilation)","Permanent Neow","Quick Restart","Reimu??????","Relic Filter","Remilia_Scarlet Moed?????·?????3.3.5","Replay The Spire","Shop Mod","StSLib","SuperFastMode","The Accelerator","The Bug Knight","The Construct","The Cursed","The Hayseed","The Hierophant","The Immortal","The Mystic","The Necromancer","The Runesmith","The Sage","The Senshi","The Servant 0.9.4","The Spell Scribe","The Vixen","TheFirefly","TheSwordswoman","TheVelvet","Transform Curses","WarShipGirlsR/????R mod","Yakumo Yukari mod","[IsaacMod]????"],"gold_per_floor":[117,137,187,5,15,15,15,15],"floor_reached":7,"language":"ENG","playtime":225,"items_purged":[],"score":41,"play_id":"50625505-7057-4862-b44a-a05fae6a48c3","local_time":"20210207170722","is_ascension_mode":false,"campfire_choices":[],"circlet_count":0,"master_deck":["Strike_Lin:ReiMu","Strike_Lin:ReiMu","Strike_Lin:ReiMu","Strike_Lin:ReiMu","Defend_Lin:ReiMu","Defend_Lin:ReiMu","Defend_Lin:ReiMu","Defend_Lin:ReiMu","NB:ReiMu","Stagnation:ReiMu","FineLineFantasy:ReiMu","Conquer:ReiMu","KamiRite:ReiMu","NineCharacters:ReiMu","LearningPray:ReiMu"],"relics":["FlyPower:ReiMu","EVO:Axolotl","HushsDoor","GuppysTail","NeowsBlessing","TuHaoJin","Runesmith:AutoHammer","Membership Card"],"acts_visited":["Exordium"],"potions_floor_usage":[7],"damage_taken":[{"damage":0,"enemies":"Jaw Worm","floor":1,"turns":1},{"damage":0,"enemies":"Cultist","floor":2,"turns":1},{"damage":0,"enemies":"Hiden Room Battle","floor":3,"turns":1},{"damage":7,"enemies":"Small Slimes","floor":5,"turns":6},{"damage":61,"enemies":"Gremlin Nob","floor":7,"turns":6}],"seed_played":"1764364043575920265","potions_obtained":[{"floor":1,"key":"ColorlessPotion"},{"floor":3,"key":"Swift Potion"}],"is_trial":false,"path_per_floor":["M","M","?","$","M","$","E"],"character_chosen":"REIMU","items_purchased":["Membership Card","NineCharacters:ReiMu"],"campfire_rested":0,"item_purchase_floors":[4,4],"current_hp_per_floor":[65,65,50,50,43,43,0,0],"gold":15,"neow_bonus":"THREE_ENEMY_KILL","is_daily":false,"chose_seed":false,"campfire_upgraded":0,"win_rate":0.0,"timestamp":1612735642,"path_taken":["M","M","?","$","M","$","E"],"items_purchased_type":["Relic","Card"],"build_version":"2020-12-22","purchased_purges":0,"victory":false,"max_hp_per_floor":[65,65,65,65,65,65,65,65],"card_choices":[{"not_picked":[],"picked":"ChaosCard","floor":0},{"not_picked":["ManaGlint:ReiMu","TightArray:ReiMu"],"picked":"FineLineFantasy:ReiMu","floor":1},{"not_picked":["CareerPray:ReiMu","TightArray:ReiMu"],"picked":"Conquer:ReiMu","floor":2},{"not_picked":["TightArray:ReiMu","LearningPray:ReiMu"],"picked":"KamiRite:ReiMu","floor":3},{"not_picked":["SubcavityInstant:ReiMu","SafetyPray:ReiMu"],"picked":"LearningPray:ReiMu","floor":5}],"player_experience":98853,"relics_obtained":[{"floor":3,"key":"TuHaoJin"},{"floor":3,"key":"Runesmith:AutoHammer"}],"event_choices":[{"damage_healed":0,"gold_gain":0,"player_choice":"Fight","damage_taken":0,"max_hp_gain":0,"max_hp_loss":0,"event_name":"HidenRoomEvent","floor":3,"gold_loss":0}],"is_beta":false,"boss_relics":[],"items_purged_floors":[],"is_endless":false,"potions_floor_spawned":[1,3],"killed_by":"Gremlin Nob","ascension_level":0}}