{"host":"z5bn7jsck728mmiq","time":1612657747,"event":{"mods":["BaseMod","Bestiary","DeckTracker","Downfall","Minty Spire (QoL Compilation)","Permanent Neow","StSLib","Trackpad","Wide Potions"],"gold_per_floor":[99,156,190,190,62,62,62,82,82,82,67,67,103,13,27,124,124,24,36,52,52,52],"floor_reached":21,"language":"ENG","playtime":640,"items_purged":["Regret"],"score":219,"play_id":"cfc23b53-cd69-4b6c-a754-86ad25939b49","local_time":"20210206162907","is_ascension_mode":false,"campfire_choices":[{"data":"Eruption","floor":1,"key":"SMITH"},{"floor":9,"key":"RECALL"},{"floor":12,"key":"REST"},{"data":"Judgement","floor":18,"key":"SMITH"}],"circlet_count":0,"master_deck":["Strike_P","Strike_P","Strike_P","Strike_P","Defend_P","Defend_P","Defend_P","Eruption+1","Vigilance","HandOfGreed","ForeignInfluence","ThirdEye","EmptyMind","SandsOfTime","Judgement+1","SashWhip","CrushJoints","Vengeance","Ragnarok","Halt+1"],"relics":["PureWater","trackpad:FieryHotPepper","Black Star","downfall:HeartBlessingRed"],"acts_visited":["Exordium","TheCity"],"potions_floor_usage":[16],"damage_taken":[{"damage":3,"enemies":"2 Louse","floor":2,"turns":3},{"damage":12,"enemies":"Small Slimes","floor":3,"turns":2},{"damage":7,"enemies":"downfall:FleeingMerchant","floor":5,"turns":4},{"damage":0,"enemies":"Jaw Worm","floor":8,"turns":3},{"damage":25,"enemies":"downfall:FleeingMerchant","floor":11,"turns":4},{"damage":0,"enemies":"Looter","floor":13,"turns":1},{"damage":3,"enemies":"downfall:FleeingMerchant","floor":14,"turns":4},{"damage":0,"enemies":"2 Fungi Beasts","floor":15,"turns":2},{"damage":0,"enemies":"Slime Boss","floor":16,"turns":5},{"damage":5,"enemies":"Spheric Guardian","floor":19,"turns":3},{"damage":2,"enemies":"Chosen","floor":20,"turns":2},{"damage":77,"enemies":"Shelled Parasite and Fungi","floor":21,"turns":4}],"seed_played":"8176051878099297664","potions_obtained":[{"floor":2,"key":"Guardian:BlockOnCardUsePotion"},{"floor":13,"key":"SmokeBomb"},{"floor":15,"key":"AttackPotion"},{"floor":16,"key":"hexamod:SoulburnPotion"}],"is_trial":false,"path_per_floor":["R","M","M","?","$","?","T","M","R","?","$","R","M","$","M","B",null,"R","M","M","M"],"character_chosen":"WATCHER","items_purchased":["EmptyMind","Vengeance"],"campfire_rested":1,"item_purchase_floors":[5,14],"current_hp_per_floor":[72,69,57,62,55,43,43,43,43,36,11,34,34,31,31,31,77,77,72,70,0,0],"gold":52,"neow_bonus":"RANDOM_COLORLESS_2","is_daily":false,"chose_seed":false,"campfire_upgraded":2,"win_rate":0.0,"timestamp":1612657747,"path_taken":["R","M","M","?","$","?","T","M","R","?","$","R","M","?","M","BOSS","R","M","M","M"],"items_purchased_type":["Card","Card"],"build_version":"2020-12-22","purchased_purges":1,"victory":false,"max_hp_per_floor":[72,72,72,77,77,77,77,77,77,77,77,77,77,77,77,77,77,77,77,77,77,77],"card_choices":[{"not_picked":["Secret Technique","Mayhem"],"picked":"HandOfGreed","floor":0},{"not_picked":["FlurryOfBlows","JustLucky","Consecrate"],"picked":"SKIP","floor":2},{"not_picked":["Pray","Study"],"picked":"ForeignInfluence","floor":3},{"not_picked":["ClearTheMind","MentalFortress"],"picked":"ThirdEye","floor":5},{"not_picked":["Sanctity","Wireheading"],"picked":"SandsOfTime","floor":8},{"not_picked":["DeceiveReality","Adaptation"],"picked":"Judgement","floor":11},{"not_picked":["Perseverance","Wireheading"],"picked":"SashWhip","floor":13},{"not_picked":["Consecrate","FollowUp"],"picked":"CrushJoints","floor":14},{"not_picked":["Fasting2","JustLucky","LikeWater"],"picked":"SKIP","floor":15},{"not_picked":["ConjureBlade","Devotion"],"picked":"Ragnarok","floor":16},{"not_picked":["ThirdEye","PathToVictory"],"picked":"Halt+1","floor":19},{"not_picked":["JustLucky","FlurryOfBlows","Crescendo"],"picked":"SKIP","floor":20}],"player_experience":118021,"relics_obtained":[],"event_choices":[{"damage_healed":0,"gold_gain":0,"player_choice":"Donut","damage_taken":0,"max_hp_gain":5,"max_hp_loss":0,"event_name":"Big Fish","floor":4,"gold_loss":0},{"damage_healed":0,"gold_gain":0,"player_choice":"Success","damage_taken":12,"relics_obtained":["trackpad:FieryHotPepper"],"max_hp_gain":0,"max_hp_loss":0,"event_name":"Scrap Ooze","floor":6,"gold_loss":0},{"cards_removed":["Defend_P"],"damage_healed":0,"gold_gain":0,"player_choice":"Card Removal","damage_taken":7,"max_hp_gain":0,"max_hp_loss":0,"event_name":"Golden Wing","floor":10,"gold_loss":0}],"is_beta":false,"boss_relics":[{"not_picked":["Runic Pyramid","Velvet Choker"],"picked":"Black Star"}],"items_purged_floors":[5],"is_endless":false,"potions_floor_spawned":[2,13,15,16],"killed_by":"Shelled Parasite and Fungi","ascension_level":0}}