{"host":"l60rmjjsfi0fipmi","time":1612667318,"event":{"mods":["BaseMod","Colored Map","DeckTracker","Downfall","Highlight Path","Minty Spire (QoL Compilation)","StSLib"],"gold_per_floor":[99,109,122,25,25,25,25,37,51,63,48,58,58,73,92,92,92,92],"floor_reached":16,"language":"ENG","playtime":1061,"items_purged":[],"score":96,"play_id":"7bb099e3-3da6-4b59-bff6-cf4e86dc6802","local_time":"20210206220838","is_ascension_mode":false,"campfire_choices":[{"data":"hexamod:Sear","floor":1,"key":"SMITH"},{"data":"hexamod:NightmareStrike","floor":6,"key":"SMITH"},{"data":"hexamod:SearingWound","floor":13,"key":"SMITH"}],"circlet_count":0,"master_deck":["hexamod:Strike","hexamod:Strike","hexamod:Strike","hexamod:Defend","hexamod:Defend","hexamod:Defend","hexamod:Defend","hexamod:Sear+1","hexamod:Float","hexamod:AdvancingGuard","hexamod:FirstSeal","hexamod:NightmareStrike+1","hexamod:GhostflameBarrier","hexamod:SkipABeat","hexamod:GhostLash","hexamod:PhantomFireball","hexamod:SearingWound+1","hexamod:SoulSteal"],"relics":["hexamod:SpiritBrand","Ancient Tea Set","Kunai"],"acts_visited":["Exordium"],"potions_floor_usage":[16,16],"damage_taken":[{"damage":2,"enemies":"2 Louse","floor":2,"turns":4},{"damage":0,"enemies":"Cultist","floor":3,"turns":3},{"damage":0,"enemies":"downfall:FleeingMerchant","floor":4,"turns":4},{"damage":0,"enemies":"Small Slimes","floor":8,"turns":3},{"damage":15,"enemies":"Exordium Thugs","floor":9,"turns":5},{"damage":0,"enemies":"2 Fungi Beasts","floor":10,"turns":3},{"damage":5,"enemies":"downfall:FleeingMerchant","floor":11,"turns":4},{"damage":3,"enemies":"Large Slime","floor":12,"turns":3},{"damage":7,"enemies":"Blue Slaver","floor":14,"turns":3},{"damage":4,"enemies":"Exordium Wildlife","floor":15,"turns":4},{"damage":44,"enemies":"DF_ARCHETYPE_STREAMLINE","floor":16,"turns":9}],"seed_played":"-3877534550138814269","potions_obtained":[{"floor":8,"key":"PowerPotion"},{"floor":10,"key":"DuplicationPotion"},{"floor":12,"key":"ColorlessPotion"}],"is_trial":false,"path_per_floor":["R","M","M","$","?","R","T","M","M","M","$","M","R","M","M","B"],"character_chosen":"THE_SPIRIT","items_purchased":["hexamod:GhostflameBarrier"],"campfire_rested":0,"item_purchase_floors":[4],"current_hp_per_floor":[70,68,68,70,70,70,70,70,55,55,50,47,47,47,43,0,0,0],"gold":92,"neow_bonus":"RANDOM_COMMON_RELIC","is_daily":false,"chose_seed":false,"campfire_upgraded":3,"win_rate":0.0,"timestamp":1612667318,"path_taken":["R","M","M","$","?","R","T","M","M","?","$","?","R","M","M","BOSS"],"items_purchased_type":["Card"],"build_version":"2020-12-22","purchased_purges":0,"victory":false,"max_hp_per_floor":[70,70,70,70,70,70,70,70,70,70,70,70,70,70,70,70,70,70],"card_choices":[{"not_picked":["hexamod:InspiringFlames","hexamod:BacktrackSmack"],"picked":"hexamod:AdvancingGuard","floor":2},{"not_picked":["hexamod:NightmareStrike","hexamod:GhostOfSpireFuture"],"picked":"hexamod:FirstSeal","floor":3},{"not_picked":["hexamod:EtherealExpedition","hexamod:GhostOfSpirePast"],"picked":"hexamod:NightmareStrike","floor":4},{"not_picked":["hexamod:EmpoweredFlame","hexamod:Hexaguard"],"picked":"hexamod:GhostLash","floor":8},{"not_picked":["hexamod:HeatCrush","hexamod:SpectralAdrenaline"],"picked":"hexamod:PhantomFireball","floor":9},{"not_picked":["hexamod:BacktrackSmack","hexamod:GhostflameBarrier","hexamod:NightmareGuise"],"picked":"SKIP","floor":10},{"not_picked":["hexamod:SpectersWail","hexamod:EmpoweredFlame"],"picked":"hexamod:SearingWound","floor":11},{"not_picked":["hexamod:RecurringNightmare","hexamod:NecessarySacrifice"],"picked":"hexamod:SoulSteal","floor":12},{"not_picked":["hexamod:GhostOfSpirePast","hexamod:Again","hexamod:Incineration"],"picked":"SKIP","floor":14},{"not_picked":["hexamod:InspiringFlames","hexamod:GhostLash","hexamod:ThermalTransfer"],"picked":"SKIP","floor":15}],"player_experience":801341,"relics_obtained":[{"floor":7,"key":"Kunai"}],"event_choices":[],"is_beta":false,"boss_relics":[],"items_purged_floors":[],"is_endless":false,"potions_floor_spawned":[8,10,12,14,15],"killed_by":"DF_ARCHETYPE_STREAMLINE","ascension_level":0}}