{"host":"cwd5s03r1oaxs6mx","time":1612703859,"event":{"mods":["Act Like it!","Arknights","BaseMod","Better Third Choice","BetterRewards","CapriCore","Card Filter","Challenge The Spire","Colored Map","Custom Start","DeckTracker","Friendly Minions","Hubris","Infinite Spire","Minty Spire (QoL Compilation)","Quick Restart","Relic Stats","Shop Mod","Spicy Shops","StSLib","SuperFastMode","Waifu the Spire"],"gold_per_floor":[150,190,28,28,66,66,66,175,224,282,282,282,383,450,450,550,550,614,689,732,3,17,17,17,17,17,70,84,110,110,127,127,203,203,248,248,287,287,287,287,298,323,323,38,69,69,69,69,69,69,69,69,69,69,99,99],"floor_reached":57,"language":"KOR","playtime":2745,"items_purged":["Strike_R","Strike_R","Dual Wield","Injury","Defend_R","Strike_R"],"score":3678,"play_id":"15357a60-757e-4c73-992a-9fabc1615acd","local_time":"20210207221739","is_ascension_mode":true,"campfire_choices":[{"data":"HandOfGreed","floor":6.0,"key":"SMITH"},{"data":"Barricade","floor":12.0,"key":"SMITH"},{"data":"Body Slam","floor":15.0,"key":"SMITH"},{"data":"Body Slam","floor":23.0,"key":"SMITH"},{"data":"Entrench","floor":25.0,"key":"SMITH"},{"data":"Feed","floor":32.0,"key":"SMITH"},{"data":"Body Slam","floor":40.0,"key":"SMITH"},{"data":"Impervious","floor":47.0,"key":"SMITH"},{"floor":49.0,"key":"RECALL"},{"data":"PanicButton","floor":53.0,"key":"SMITH"}],"circlet_count":0,"master_deck":["AscendersBane","Strike_R+1","Strike_R+1","Defend_R","Defend_R","Defend_R","HandOfGreed+1","Enlightenment+1","Second Wind","Shrug It Off+1","Shrug It Off+1","Shrug It Off","Barricade+1","Body Slam+1","Body Slam+1","Impervious+1","Armaments+1","Feed+1","Entrench+1","Flame Barrier","Limit Break","Body Slam+1","Good Instincts","PanicButton+1"],"relics":["Burning Blood","Vajra","PreservedInsect","hubris:ToyBattleship","Centennial Puzzle","infinitespire:Satchel","hubris:ScarierMask","Red Mask","Medical Kit","Lee\u0027s Waffle","Mummified Hand","Strawberry","Bag of Preparation","hubris:Towel","Sozu","hubris:Icosahedron","Bronze Scales","infinitespire:Golems Mask","infinitespire:Bottled Soul","Whetstone","War Paint"],"acts_visited":["Exordium","TheCity","TheBeyond","TheEnding"],"potions_floor_usage":[56,56],"damage_taken":[{"damage":6.0,"enemies":"2 Louse","floor":1.0,"turns":3.0},{"damage":14.0,"enemies":"Jaw Worm","floor":2.0,"turns":4.0},{"damage":11.0,"enemies":"Cultist","floor":5.0,"turns":5.0},{"damage":13.0,"enemies":"3 Sentries","floor":8.0,"turns":7.0},{"damage":8.0,"enemies":"Gremlin Nob","floor":10.0,"turns":3.0},{"damage":11.0,"enemies":"3 Sentries","floor":13.0,"turns":9.0},{"damage":4.0,"enemies":"2 Fungi Beasts","floor":14.0,"turns":6.0},{"damage":10.0,"enemies":"The Guardian","floor":16.0,"turns":8.0},{"damage":0.0,"enemies":"3 Byrds","floor":18.0,"turns":6.0},{"damage":20.0,"enemies":"Masked Bandits","floor":19.0,"turns":5.0},{"damage":0.0,"enemies":"2 Thieves","floor":20.0,"turns":3.0},{"damage":31.0,"enemies":"Shelled Parasite and Fungi","floor":22.0,"turns":6.0},{"damage":0.0,"enemies":"Gremlin Leader","floor":27.0,"turns":5.0},{"damage":5.0,"enemies":"Snake Plant","floor":28.0,"turns":5.0},{"damage":41.0,"enemies":"Slavers","floor":29.0,"turns":8.0},{"damage":0.0,"enemies":"Cultist and Chosen","floor":31.0,"turns":5.0},{"damage":29.0,"enemies":"hubris:MusketHawk","floor":33.0,"turns":7.0},{"damage":0.0,"enemies":"Orb Walker","floor":35.0,"turns":3.0},{"damage":0.0,"enemies":"3 Shapes","floor":37.0,"turns":9.0},{"damage":0.0,"enemies":"Maw","floor":41.0,"turns":6.0},{"damage":0.0,"enemies":"Nemesis","floor":42.0,"turns":5.0},{"damage":0.0,"enemies":"Nightmare","floor":45.0,"turns":6.0},{"damage":0.0,"enemies":"infinitespire:MassOfShapes","floor":50.0,"turns":7.0},{"damage":14.0,"enemies":"Awakened One","floor":51.0,"turns":7.0},{"damage":0.0,"enemies":"Shield and Spear","floor":55.0,"turns":1.0},{"damage":63,"enemies":"The Heart","floor":56,"turns":10}],"seed_played":"6502766577864886565","potions_obtained":[{"floor":2.0,"key":"Regen Potion"},{"floor":8.0,"key":"Strength Potion"},{"floor":19.0,"key":"DuplicationPotion"}],"is_trial":false,"path_per_floor":["M","M","$","?","M","R","?","E","T","E","?","R","E","M","R","B",null,"M","?","M","$","M","R","?","R","T","E","M","E","?","M","R","B",null,"M","AVR","M","?","?","R","M","E","T","$","NM","$","R","?","R","B","B",null,"R","$","E","B",null],"character_chosen":"IRONCLAD","items_purchased":["Dual Wield","HandOfGreed","Vajra","Enlightenment","PreservedInsect","Second Wind","Shrug It Off","Medical Kit","Lee\u0027s Waffle","Feed","infinitespire:Bottled Soul"],"campfire_rested":0,"item_purchase_floors":[0,0,0,0,0,0,3,21,21,21,44],"current_hp_per_floor":[68,60,60,60,55,55,55,48,48,46,46,46,41,43,43,39,66,72,58,64,82,60,60,60,60,60,73,74,43,43,53,53,34,87,93,93,103,103,103,103,112,112,112,112,112,112,112,102,102,108,100,109,109,109,112,70],"gold":99,"neow_bonus":"","is_daily":false,"chose_seed":false,"campfire_upgraded":9,"win_rate":0.0,"timestamp":1612703859,"path_taken":["M","M","$","?","M","R","?","E","T","E","?","R","E","?","R","BOSS","M","?","M","$","M","R","?","R","T","E","M","E","?","M","R","BOSS","M","AVR","M","?","?","R","M","E","T","$","NM","?","R","?","R","BOSS","BOSS","R","$","E","BOSS"],"items_purchased_type":["Card","Card","Relic","Card","Relic","Card","Card","Relic","Relic","Card","Relic"],"build_version":"2020-12-22","purchased_purges":6,"victory":true,"max_hp_per_floor":[75,75,75,75,75,75,75,75,75,75,75,75,75,75,75,75,75,75,75,75,82,85,85,85,85,85,92,92,96,96,100,100,104,104,104,104,108,108,108,108,112,112,112,112,112,112,112,112,112,112,112,112,112,112,112,112],"relic_stats":{"Lee\u0027s Waffle":18,"counters":[73,359],"PreservedInsect":394,"Bag of Preparation":[50],"Whetstone":["Strike_R","Strike_R"],"War Paint":["Shrug It Off","Shrug It Off"],"Medical Kit":[13],"Burning Blood":389,"Sozu":3,"Centennial Puzzle":[30],"Mummified Hand":[13],"Bronze Scales":[207],"obtain_stats":[{"hubris:CrystalStatue":5,"Vajra":0,"Whetstone":10,"Sling":0,"Sozu":34,"Centennial Puzzle":10,"Strawberry":27,"infinitespire:Golems Mask":43,"Astrolabe":12,"Oddly Smooth Stone":0,"Eternal Feather":43,"infinitespire:Beetle Shell":15,"War Paint":55,"WarpedTongs":8,"Shuriken":18,"Bronze Scales":42,"hubris:PeanutButter":0,"Black Star":0,"hubris:ToyBattleship":4,"infinitespire:EmpoweringShard":28,"StrikeDummy":19,"Pocketwatch":9,"Meat on the Bone":10,"infinitespire:Cupcake":17,"Regal Pillow":18,"Mango":0,"Incense Burner":13,"Juzu Bracelet":7,"Bag of Preparation":23,"Ancient Tea Set":17,"Burning Blood":0,"Nunchaku":16,"Dream Catcher":13,"hubris:Icosahedron":3,"Mummified Hand":11,"infinitespire:Bottled Soul":44,"Gambling Chip":34,"hubris:ScarierMask":17,"hubris:IronBody":41,"Red Mask":19,"Chemical X":1,"Runic Pyramid":6,"Paper Frog":0,"Potion Belt":16,"hubris:DisguiseKit":9,"Lee\u0027s Waffle":21,"PreservedInsect":0,"Omamori":13,"infinitespire:CheckeredPen":11,"Frozen Egg 2":15,"hubris:Towel":30,"Medical Kit":21,"Calling Bell":34,"infinitespire:WardingShard":11,"hubris:Spice":17,"infinitespire:Satchel":3,"Turnip":1,"Bag of Marbles":4,"Champion Belt":5,"Toy Ornithopter":3,"TungstenRod":4,"hubris:BottledRain":34},{"hubris:CrystalStatue":3,"Vajra":10,"Whetstone":5,"Sling":0,"Sozu":64,"Centennial Puzzle":52,"Strawberry":60,"infinitespire:Golems Mask":68,"Astrolabe":6,"Oddly Smooth Stone":10,"Eternal Feather":42,"infinitespire:Beetle Shell":7,"War Paint":72,"WarpedTongs":24,"Shuriken":10,"Bronze Scales":68,"hubris:PeanutButter":20,"Black Star":0,"hubris:ToyBattleship":2,"infinitespire:EmpoweringShard":36,"StrikeDummy":31,"Pocketwatch":4,"Meat on the Bone":5,"infinitespire:Cupcake":30,"Regal Pillow":10,"Mango":20,"Incense Burner":6,"Juzu Bracelet":24,"Bag of Preparation":33,"Ancient Tea Set":9,"Burning Blood":0,"Nunchaku":8,"Dream Catcher":18,"hubris:Icosahedron":22,"Mummified Hand":6,"infinitespire:Bottled Soul":68,"Gambling Chip":38,"hubris:ScarierMask":55,"hubris:IronBody":42,"Red Mask":57,"Chemical X":0,"Runic Pyramid":3,"Paper Frog":20,"Potion Belt":8,"hubris:DisguiseKit":15,"Lee\u0027s Waffle":58,"PreservedInsect":0,"Omamori":28,"infinitespire:CheckeredPen":26,"Frozen Egg 2":7,"hubris:Towel":62,"Medical Kit":58,"Calling Bell":38,"infinitespire:WardingShard":6,"hubris:Spice":9,"infinitespire:Satchel":1,"Turnip":0,"Bag of Marbles":2,"Champion Belt":3,"Toy Ornithopter":1,"TungstenRod":22,"hubris:BottledRain":38},{"hubris:CrystalStatue":8,"Vajra":35,"Whetstone":12,"Sling":0,"Sozu":305,"Centennial Puzzle":232,"Strawberry":280,"infinitespire:Golems Mask":328,"Astrolabe":15,"Oddly Smooth Stone":35,"Eternal Feather":174,"infinitespire:Beetle Shell":18,"War Paint":349,"WarpedTongs":89,"Shuriken":35,"Bronze Scales":328,"hubris:PeanutButter":76,"Black Star":0,"hubris:ToyBattleship":6,"infinitespire:EmpoweringShard":149,"StrikeDummy":131,"Pocketwatch":11,"Meat on the Bone":12,"infinitespire:Cupcake":126,"Regal Pillow":35,"Mango":76,"Incense Burner":15,"Juzu Bracelet":89,"Bag of Preparation":139,"Ancient Tea Set":30,"Burning Blood":0,"Nunchaku":25,"Dream Catcher":67,"hubris:Icosahedron":82,"Mummified Hand":15,"infinitespire:Bottled Soul":328,"Gambling Chip":159,"hubris:ScarierMask":255,"hubris:IronBody":174,"Red Mask":266,"Chemical X":0,"Runic Pyramid":8,"Paper Frog":76,"Potion Belt":25,"hubris:DisguiseKit":58,"Lee\u0027s Waffle":269,"PreservedInsect":0,"Omamori":112,"infinitespire:CheckeredPen":99,"Frozen Egg 2":18,"hubris:Towel":293,"Medical Kit":269,"Calling Bell":159,"infinitespire:WardingShard":15,"hubris:Spice":30,"infinitespire:Satchel":4,"Turnip":0,"Bag of Marbles":6,"Champion Belt":8,"Toy Ornithopter":4,"TungstenRod":82,"hubris:BottledRain":159}]},"card_choices":[{"not_picked":["Feel No Pain","Evolve"],"picked":"Shrug It Off","floor":1.0},{"not_picked":["Ghostly Armor","Flex"],"picked":"Shrug It Off","floor":2.0},{"not_picked":["Thunderclap","Wild Strike","Evolve"],"picked":"SKIP","floor":5.0},{"not_picked":["Perfected Strike","Hemokinesis","Reckless Charge"],"picked":"SKIP","floor":8.0},{"not_picked":["Searing Blow","Clothesline","Intimidate"],"picked":"SKIP","floor":10.0},{"not_picked":["Evolve","Rampage","Fiend Fire"],"picked":"SKIP","floor":13.0},{"not_picked":["Rage","Rupture"],"picked":"Body Slam","floor":14.0},{"not_picked":["Fiend Fire","Corruption"],"picked":"Impervious","floor":16.0},{"not_picked":["Feel No Pain","True Grit","Heavy Blade"],"picked":"SKIP","floor":18.0},{"not_picked":["Sword Boomerang","Headbutt+1"],"picked":"Armaments+1","floor":19.0},{"not_picked":["Warcry+1","Infernal Blade","Thunderclap"],"picked":"SKIP","floor":20.0},{"not_picked":["Sever Soul","Pommel Strike","Clothesline"],"picked":"SKIP","floor":22.0},{"not_picked":["Iron Wave+1","Dropkick","Shrug It Off"],"picked":"SKIP","floor":27.0},{"not_picked":["Armaments","Feel No Pain","Twin Strike+1"],"picked":"SKIP","floor":28.0},{"not_picked":["Bloodletting","Heavy Blade"],"picked":"Flame Barrier","floor":29.0},{"not_picked":["Searing Blow","Carnage","Anger"],"picked":"SKIP","floor":31.0},{"not_picked":["Feed","Barricade"],"picked":"Limit Break","floor":33.0},{"not_picked":["Iron Wave+1","Whirlwind"],"picked":"Body Slam","floor":35.0},{"not_picked":["Flex","Twin Strike","Cleave+1"],"picked":"SKIP","floor":37.0},{"not_picked":["Perfected Strike","Heavy Blade","Armaments+1"],"picked":"SKIP","floor":41.0},{"not_picked":["Shrug It Off","Ghostly Armor","Dropkick+1"],"picked":"SKIP","floor":42.0},{"not_picked":["Thunderclap","Warcry","Body Slam"],"picked":"SKIP","floor":45.0},{"not_picked":["Forethought","Panacea"],"picked":"Good Instincts","floor":48.0},{"not_picked":["Flash of Steel","Enlightenment"],"picked":"PanicButton","floor":48.0},{"not_picked":["Intimidate+1","Dark Embrace","Clothesline+1"],"picked":"SKIP","floor":55.0}],"player_experience":997569,"relics_obtained":[{"floor":8.0,"key":"hubris:ToyBattleship"},{"floor":10.0,"key":"Centennial Puzzle"},{"floor":13.0,"key":"infinitespire:Satchel"},{"floor":19.0,"key":"Red Mask"},{"floor":26.0,"key":"Mummified Hand"},{"floor":27.0,"key":"Strawberry"},{"floor":29.0,"key":"Bag of Preparation"},{"floor":42.0,"key":"Bronze Scales"},{"floor":43.0,"key":"infinitespire:Golems Mask"},{"floor":45.0,"key":"Whetstone"},{"floor":55.0,"key":"War Paint"}],"event_choices":[{"damage_healed":0.0,"max_hp_gain":0.0,"max_hp_loss":0.0,"gold_gain":0.0,"event_name":"Match and Keep!","player_choice":"2 cards matched","floor":11.0,"gold_loss":0.0,"damage_taken":0.0,"cards_obtained":["Barricade","Body Slam"]},{"damage_healed":0.0,"max_hp_gain":0.0,"max_hp_loss":0.0,"gold_gain":0.0,"event_name":"Masked Bandits","player_choice":"Fought Bandits","floor":19.0,"gold_loss":0.0,"damage_taken":0.0},{"damage_healed":0.0,"max_hp_gain":0.0,"max_hp_loss":0.0,"gold_gain":0.0,"event_name":"The Library","player_choice":"Read","floor":24.0,"gold_loss":0.0,"damage_taken":0.0,"cards_obtained":["Entrench"]},{"cards_removed":["Bash"],"damage_healed":0.0,"max_hp_gain":0.0,"max_hp_loss":0.0,"gold_gain":0.0,"event_name":"Falling","player_choice":"Removed Attack","floor":39.0,"gold_loss":0.0,"damage_taken":0.0},{"damage_healed":0.0,"max_hp_gain":0.0,"max_hp_loss":0.0,"gold_gain":0.0,"event_name":"SensoryStone","player_choice":"Memory 3","floor":48.0,"gold_loss":0.0,"damage_taken":10.0}],"is_beta":false,"boss_relics":[{"not_picked":["Pandora\u0027s Box","Mark of Pain"],"picked":"hubris:ScarierMask"},{"not_picked":["Calling Bell","hubris:CrackedHourglass"],"picked":"Sozu"}],"items_purged_floors":[0,0,3,21,21,36],"is_endless":false,"potions_floor_spawned":[2,8,10,14,19,22,29,33,37,41,45],"ascension_level":20}}