{"host":"q8mjpf3krl0t4p3x","time":1612731982,"event":{"mods":["BaseMod","Colored Map","Colored Powertips","Googly Eyes","Minty Spire (QoL Compilation)","Quick Restart","StSLib","everything is the same but u backflip on backflip","slay the spire mod where everything is the same but ironclad has a cowboy hat"],"gold_per_floor":[213,227,227,227,245,245,278,278,278,278,297,297,297,317,317,419,419,419,419],"floor_reached":18,"language":"ENG","playtime":393,"items_purged":[],"score":256,"play_id":"857c049d-953e-4f5f-8bcf-2459c2f07ca2","local_time":"20210207130622","is_ascension_mode":true,"campfire_choices":[{"data":"Bash","floor":6,"key":"SMITH"},{"data":"Berserk","floor":8,"key":"SMITH"},{"floor":10,"key":"REST"},{"data":"Cleave","floor":12,"key":"SMITH"},{"data":"Wild Strike","floor":15,"key":"SMITH"}],"circlet_count":0,"master_deck":["AscendersBane","Strike_R","Strike_R","Strike_R","Strike_R","Strike_R","Defend_R","Defend_R","Defend_R","Defend_R","Bash+1","Anger+1","Battle Trance+1","Berserk+1","Cleave+1","Wild Strike+1","Demon Form"],"relics":["Burning Blood","Bottled Lightning","The Courier","Snecko Eye"],"acts_visited":["Exordium","TheCity"],"potions_floor_usage":[7,16,16,18],"damage_taken":[{"damage":17,"enemies":"Small Slimes","floor":1,"turns":4},{"damage":0,"enemies":"Cultist","floor":2,"turns":3},{"damage":2,"enemies":"Jaw Worm","floor":5,"turns":3},{"damage":20,"enemies":"Lagavulin","floor":7,"turns":6},{"damage":25,"enemies":"3 Louse","floor":11,"turns":3},{"damage":12,"enemies":"Exordium Wildlife","floor":14,"turns":4},{"damage":38,"enemies":"Hexaghost","floor":16,"turns":7},{"damage":2,"enemies":"3 Byrds","floor":18,"turns":2}],"seed_played":"8256503319843341732","potions_obtained":[{"floor":2,"key":"Fire Potion"},{"floor":5,"key":"Strength Potion"},{"floor":14,"key":"Explosive Potion"},{"floor":16,"key":"EssenceOfSteel"}],"is_trial":false,"path_per_floor":["M","M","?","?","M","R","E","R","T","R","M","R","?","M","R","B",null,"M"],"character_chosen":"IRONCLAD","items_purchased":[],"campfire_rested":1,"item_purchase_floors":[],"current_hp_per_floor":[61,67,67,67,71,71,57,57,57,80,61,61,66,60,60,28,71,69,69],"gold":419,"neow_bonus":"HUNDRED_GOLD","is_daily":false,"chose_seed":false,"campfire_upgraded":4,"win_rate":0.0,"timestamp":1612731982,"path_taken":["M","M","?","?","M","R","E","R","T","R","?","R","?","M","R","BOSS","M"],"items_purchased_type":[],"build_version":"2020-12-22","purchased_purges":0,"victory":false,"max_hp_per_floor":[80,80,80,80,80,80,80,80,80,80,80,80,85,85,85,85,85,85,85],"card_choices":[{"not_picked":["Sword Boomerang","Dark Embrace"],"picked":"Anger","floor":1},{"not_picked":["Twin Strike","Sentinel"],"picked":"Battle Trance","floor":2},{"not_picked":["Combust","Hemokinesis","Headbutt"],"picked":"SKIP","floor":5},{"not_picked":["Offering","Perfected Strike"],"picked":"Berserk","floor":7},{"not_picked":["Iron Wave","True Grit"],"picked":"Cleave","floor":11},{"not_picked":["Anger","Shrug It Off"],"picked":"Wild Strike","floor":14},{"not_picked":["Reaper","Exhume"],"picked":"Demon Form","floor":16}],"player_experience":330300,"relics_obtained":[{"floor":7,"key":"Bottled Lightning"},{"floor":9,"key":"The Courier"}],"event_choices":[{"damage_healed":0,"gold_gain":0,"player_choice":"Grow","damage_taken":0,"max_hp_gain":0,"max_hp_loss":0,"event_name":"Living Wall","floor":3,"gold_loss":0,"cards_upgraded":["Battle Trance"]},{"damage_healed":0,"gold_gain":0,"player_choice":"Forge","damage_taken":0,"max_hp_gain":0,"max_hp_loss":0,"event_name":"Accursed Blacksmith","floor":4,"gold_loss":0,"cards_upgraded":["Anger"]},{"damage_healed":0,"gold_gain":0,"player_choice":"Donut","damage_taken":0,"max_hp_gain":5,"max_hp_loss":0,"event_name":"Big Fish","floor":13,"gold_loss":0}],"is_beta":false,"boss_relics":[{"not_picked":["Pandora\u0027s Box","SacredBark"],"picked":"Snecko Eye"}],"items_purged_floors":[],"is_endless":false,"potions_floor_spawned":[2,5,14,16],"killed_by":"3 Byrds","ascension_level":12}}