{"host":"7iv10lxbxedtd0qh","time":1612718895,"event":{"mods":["BaseMod","Bestiary","Colored Map","Colored Powertips","Minty Spire (QoL Compilation)","Spire Arcade","StSLib","The Alterego","The Marked","TheSurvivalist"],"gold_per_floor":[110,71,83,83,83,83,93,119,119,67,84,84,98,109,109,206,206,226,237,237,237,237,237,247,247,293,293,309,54,66,94,94,189,189,203,203,256,276,186,219,139,139,188,220,234,134,147,180,180,180],"floor_reached":51,"language":"ENG","playtime":2803,"items_purged":["alterego_mod:Strike","alterego_mod:Impale","alterego_mod:BigMeatyClaws"],"score":780,"play_id":"6340505f-3c60-49ca-8b14-edae7bf2c129","local_time":"20210207182815","is_ascension_mode":false,"campfire_choices":[{"data":"alterego_mod:Clones","floor":6,"key":"SMITH"},{"data":"alterego_mod:Rip","floor":12,"key":"SMITH"},{"data":"alterego_mod:Rip","floor":15,"key":"SMITH"},{"data":"alterego_mod:Cushion","floor":23,"key":"SMITH"},{"data":"alterego_mod:Birthday","floor":25,"key":"SMITH"},{"data":"alterego_mod:SakuraFive","floor":27,"key":"SMITH"},{"data":"alterego_mod:BrynhildrRomantia","floor":32,"key":"SMITH"},{"data":"Forethought","floor":42,"key":"SMITH"},{"data":"alterego_mod:Rake","floor":49,"key":"SMITH"}],"circlet_count":0,"master_deck":["alterego_mod:Defend","alterego_mod:Defend+1","alterego_mod:Defend","alterego_mod:BrynhildrsRune","alterego_mod:SakuraFive+1","alterego_mod:Clones+1","alterego_mod:Rip+1","alterego_mod:Rip+1","alterego_mod:Rake+1","alterego_mod:Birthday+1","alterego_mod:Cushion+1","alterego_mod:Rip+1","alterego_mod:BrynhildrRomantia+1","Forethought+1","alterego_mod:TrickOrTreatment","alterego_mod:IndependentAction+1"],"relics":["alterego_mod:MasochisticConstitution","Nunchaku","The Courier","Happy Flower","Empty Cage","MealTicket","White Beast Statue","Busted Crown","Akabeko","Centennial Puzzle","Omamori","Shuriken","Gambling Chip"],"acts_visited":["Exordium","TheCity","TheBeyond"],"potions_floor_usage":[13,18,31,33,33,40,47,48,50,50,50],"damage_taken":[{"damage":4,"enemies":"Small Slimes","floor":1,"turns":5},{"damage":8,"enemies":"2 Louse","floor":3,"turns":5},{"damage":5,"enemies":"Cultist","floor":7,"turns":5},{"damage":35,"enemies":"Gremlin Nob","floor":8,"turns":6},{"damage":8,"enemies":"Large Slime","floor":11,"turns":3},{"damage":6,"enemies":"3 Louse","floor":13,"turns":3},{"damage":15,"enemies":"2 Fungi Beasts","floor":14,"turns":5},{"damage":29,"enemies":"Slime Boss","floor":16,"turns":5},{"damage":10,"enemies":"Spheric Guardian","floor":18,"turns":3},{"damage":13,"enemies":"2 Thieves","floor":19,"turns":3},{"damage":14,"enemies":"Centurion and Healer","floor":24,"turns":7},{"damage":3,"enemies":"Snake Plant","floor":28,"turns":4},{"damage":44,"enemies":"Shelled Parasite and Fungi","floor":30,"turns":5},{"damage":19,"enemies":"Gremlin Leader","floor":31,"turns":11},{"damage":23,"enemies":"Automaton","floor":33,"turns":17},{"damage":33,"enemies":"Orb Walker","floor":35,"turns":5},{"damage":33,"enemies":"3 Shapes","floor":38,"turns":4},{"damage":53,"enemies":"Reptomancer","floor":40,"turns":7},{"damage":3,"enemies":"Nemesis","floor":44,"turns":7},{"damage":27,"enemies":"Maw","floor":45,"turns":10},{"damage":58,"enemies":"Spire Growth","floor":47,"turns":9},{"damage":3,"enemies":"Giant Head","floor":48,"turns":5},{"damage":94,"enemies":"Donu and Deca","floor":50,"turns":9}],"seed_played":"2362469238024440964","potions_obtained":[{"floor":1,"key":"PowerPotion"},{"floor":11,"key":"Fire Potion"},{"floor":14,"key":"PowerPotion"},{"floor":16,"key":"AttackPotion"},{"floor":28,"key":"AttackPotion"},{"floor":33,"key":"Swift Potion"},{"floor":35,"key":"CultistPotion"},{"floor":38,"key":"Weak Potion"},{"floor":40,"key":"PowerPotion"},{"floor":47,"key":"Weak Potion"},{"floor":48,"key":"Energy Potion"}],"is_trial":false,"path_per_floor":["M","$","M","?","?","R","M","E","T","?","M","R","M","M","R","B",null,"M","M","?","?","?","R","M","R","T","R","M","$","M","E","R","B",null,"M","?","T","M","?","E","$","R","T","E","M","$","M","E","R","B",null],"character_chosen":"The_Alterego","items_purchased":["alterego_mod:Smother","alterego_mod:BrynhildrRomantia","Forethought"],"campfire_rested":0,"item_purchase_floors":[2,29,29],"current_hp_per_floor":[60,60,60,65,65,65,61,34,34,34,34,34,36,36,36,15,83,74,71,55,55,55,55,58,58,58,58,66,81,61,70,70,69,108,112,112,112,90,90,76,91,91,91,103,133,133,113,132,132,66],"gold":180,"neow_bonus":"REMOVE_TWO","is_daily":false,"chose_seed":false,"campfire_upgraded":9,"win_rate":0.0,"timestamp":1612718895,"path_taken":["M","$","M","?","?","R","M","E","T","?","M","R","M","?","R","BOSS","M","M","?","?","?","R","M","R","T","R","M","?","M","E","R","BOSS","M","?","?","?","?","E","?","R","T","E","?","$","M","E","R","BOSS"],"items_purchased_type":["Card","Card","Card"],"build_version":"2020-12-22","purchased_purges":3,"victory":true,"max_hp_per_floor":[71,71,72,77,77,77,78,79,79,79,80,80,81,82,82,83,83,84,85,90,90,90,90,91,91,91,91,92,92,99,103,103,108,108,113,113,113,118,118,123,123,123,123,128,133,133,138,143,143,144],"card_choices":[{"not_picked":["alterego_mod:ChallengeComplete","alterego_mod:Jiggle"],"picked":"alterego_mod:SakuraFive","floor":1},{"not_picked":["alterego_mod:Bounce","alterego_mod:Skirt"],"picked":"alterego_mod:Clones","floor":3},{"not_picked":["alterego_mod:DestructionOfProperty","alterego_mod:TrashNCrash"],"picked":"alterego_mod:Rip","floor":7},{"not_picked":["alterego_mod:Maid","alterego_mod:Swimsuit"],"picked":"alterego_mod:Rip","floor":8},{"not_picked":["alterego_mod:Swimsuit","alterego_mod:GoddessCore","alterego_mod:DiscoLights"],"picked":"SKIP","floor":11},{"not_picked":["alterego_mod:Skirt","alterego_mod:Antipathy","alterego_mod:SakuraPetals"],"picked":"SKIP","floor":13},{"not_picked":["alterego_mod:Santa","alterego_mod:Maid","alterego_mod:1TonWallop"],"picked":"SKIP","floor":14},{"not_picked":["alterego_mod:Weigh","alterego_mod:Venus"],"picked":"alterego_mod:Rake","floor":16},{"not_picked":["alterego_mod:Jiggle+1","alterego_mod:GachaTicket"],"picked":"alterego_mod:Birthday","floor":18},{"not_picked":["alterego_mod:HighServant+1","alterego_mod:Undulate"],"picked":"alterego_mod:Cushion","floor":19},{"not_picked":["alterego_mod:SuperDuperMasochism","alterego_mod:Punishment"],"picked":"alterego_mod:Rip+1","floor":24},{"not_picked":["alterego_mod:Pet+1","alterego_mod:DustData","alterego_mod:Mirror"],"picked":"SKIP","floor":28},{"not_picked":["alterego_mod:Cooking","alterego_mod:MaintainEyeContact","alterego_mod:Crossover"],"picked":"SKIP","floor":30},{"not_picked":["alterego_mod:BusterCard","alterego_mod:DustData","alterego_mod:Skirt"],"picked":"SKIP","floor":31},{"not_picked":["alterego_mod:BrynhildrRomantia","alterego_mod:Venus"],"picked":"alterego_mod:TrickOrTreatment","floor":33},{"not_picked":["alterego_mod:HighServant+1"],"picked":"SKIP","floor":35},{"not_picked":["alterego_mod:PerceptionDisorder"],"picked":"SKIP","floor":38},{"not_picked":["alterego_mod:Weigh"],"picked":"SKIP","floor":40},{"not_picked":[],"picked":"alterego_mod:IndependentAction+1","floor":44},{"not_picked":["alterego_mod:HighServant"],"picked":"SKIP","floor":45},{"not_picked":["alterego_mod:DiscoLights"],"picked":"SKIP","floor":47},{"not_picked":["alterego_mod:PerceptionDisorder"],"picked":"SKIP","floor":48}],"player_experience":649746,"relics_obtained":[{"floor":8,"key":"Nunchaku"},{"floor":9,"key":"The Courier"},{"floor":26,"key":"MealTicket"},{"floor":31,"key":"White Beast Statue"},{"floor":37,"key":"Akabeko"},{"floor":40,"key":"Centennial Puzzle"},{"floor":43,"key":"Omamori"},{"floor":44,"key":"Shuriken"},{"floor":48,"key":"Gambling Chip"}],"event_choices":[{"damage_healed":0,"gold_gain":0,"player_choice":"Donut","damage_taken":0,"max_hp_gain":5,"max_hp_loss":0,"event_name":"Big Fish","floor":4,"gold_loss":0},{"damage_healed":0,"gold_gain":0,"player_choice":"Ignored","damage_taken":0,"max_hp_gain":0,"max_hp_loss":0,"event_name":"Liars Game","floor":5,"gold_loss":0},{"damage_healed":0,"gold_gain":0,"player_choice":"Paid Gold","damage_taken":0,"relics_obtained":["Happy Flower"],"max_hp_gain":0,"max_hp_loss":0,"event_name":"WeMeetAgain","floor":10,"gold_loss":52},{"damage_healed":0,"gold_gain":0,"player_choice":"Shed Blood","damage_taken":21,"max_hp_gain":5,"max_hp_loss":0,"event_name":"Forgotten Altar","floor":20,"gold_loss":0},{"damage_healed":0,"gold_gain":0,"player_choice":"Ignored","damage_taken":0,"max_hp_gain":0,"max_hp_loss":0,"event_name":"Vampires","floor":22,"gold_loss":0},{"damage_healed":0,"gold_gain":0,"player_choice":"Memory 1","damage_taken":0,"max_hp_gain":0,"max_hp_loss":0,"event_name":"SensoryStone","floor":36,"gold_loss":0},{"cards_removed":["alterego_mod:Strike"],"damage_healed":0,"gold_gain":0,"player_choice":"Upgrade and Remove","damage_taken":0,"max_hp_gain":0,"max_hp_loss":0,"event_name":"Designer","floor":39,"gold_loss":90,"cards_upgraded":["alterego_mod:Defend"]}],"is_beta":false,"boss_relics":[{"not_picked":["Pandora\u0027s Box","Ectoplasm"],"picked":"Empty Cage"},{"not_picked":["Tiny House","Runic Pyramid"],"picked":"Busted Crown"}],"items_purged_floors":[29,41,46],"is_endless":false,"potions_floor_spawned":[1,11,14,16,28,30,33,35,38,40,44,45,47,48],"ascension_level":0}}