{"host":"vlqej45p0v31lhdi","time":1612730089,"event":{"mods":["AchievementEnabler","BaseMod","Bestiary","Colored Powertips","Minty Spire (QoL Compilation)","Relic Stats"],"gold_per_floor":[118,2,17,17,17,17,44,44,71,71,84,84,97,115,115,218,218,229,240,46,61,73,73,101,101,101,101,201,201,201],"floor_reached":29,"language":"ENG","playtime":1600,"items_purged":["Parasite"],"score":316,"play_id":"dd8aae30-4320-49d3-9f3d-4b657c11001b","local_time":"20210207143449","is_ascension_mode":true,"campfire_choices":[{"data":"Neutralize","floor":6,"key":"SMITH"},{"data":"Bouncing Flask","floor":8,"key":"SMITH"},{"data":"Prepared","floor":10,"key":"SMITH"},{"data":"Poisoned Stab","floor":12,"key":"SMITH"},{"data":"Accuracy","floor":15,"key":"SMITH"},{"floor":23,"key":"REST"},{"floor":25,"key":"REST"},{"floor":27,"key":"REST"}],"circlet_count":0,"master_deck":["Strike_G","Strike_G","Strike_G","Strike_G","Defend_G","Defend_G","Defend_G","Defend_G","Defend_G","Survivor","Neutralize+1","Bouncing Flask+1","Infinite Blades","PiercingWail","Tools of the Trade","Prepared+1","Poisoned Stab+1","Backflip","Accuracy+1","Envenom","Dagger Spray","Tactician","Blade Dance","Calculated Gamble","Crippling Poison+1","Cloak And Dagger","Caltrops","Corpse Explosion","Venomology","Deflect"],"relics":["Ring of the Snake","Gambling Chip","Potion Belt","MealTicket","Fusion Hammer","Orrery","Tiny Chest","Toy Ornithopter","Dead Branch","Ornamental Fan"],"acts_visited":["Exordium","TheCity"],"potions_floor_usage":[19,19,19,22,28],"damage_taken":[{"damage":11,"enemies":"Jaw Worm","floor":1,"turns":5},{"damage":0,"enemies":"Cultist","floor":3,"turns":4},{"damage":9,"enemies":"Lagavulin","floor":7,"turns":7},{"damage":0,"enemies":"Small Slimes","floor":11,"turns":3},{"damage":1,"enemies":"3 Louse","floor":13,"turns":4},{"damage":4,"enemies":"Exordium Wildlife","floor":14,"turns":2},{"damage":17,"enemies":"Hexaghost","floor":16,"turns":8},{"damage":41,"enemies":"2 Thieves","floor":18,"turns":5},{"damage":7,"enemies":"Shell Parasite","floor":19,"turns":5},{"damage":21,"enemies":"Cultist and Chosen","floor":21,"turns":7},{"damage":8,"enemies":"Snecko","floor":22,"turns":4},{"damage":16,"enemies":"Slavers","floor":24,"turns":3},{"damage":27,"enemies":"Colosseum Slavers","floor":28,"turns":3},{"damage":23,"enemies":"Colosseum Nobs","floor":28,"turns":3},{"damage":5,"enemies":"Gremlin Leader","floor":29,"turns":1}],"seed_played":"-8526184641286144046","potions_obtained":[{"floor":1,"key":"Dexterity Potion"},{"floor":11,"key":"Swift Potion"},{"floor":13,"key":"ColorlessPotion"},{"floor":18,"key":"Regen Potion"},{"floor":22,"key":"Explosive Potion"},{"floor":28,"key":"Swift Potion"}],"is_trial":false,"path_per_floor":["M","$","M","?","$","R","E","R","T","R","M","R","M","M","R","B",null,"M","M","$","M","M","R","E","R","T","R","?","E"],"character_chosen":"THE_SILENT","items_purchased":["Infinite Blades","Orrery","Caltrops"],"campfire_rested":3,"item_purchase_floors":[2,20,20],"current_hp_per_floor":[52,52,52,52,52,52,43,43,43,43,43,43,42,38,38,21,56,15,17,32,11,3,23,7,27,27,47,2,0,0],"gold":201,"neow_bonus":"ONE_RARE_RELIC","is_daily":false,"chose_seed":false,"campfire_upgraded":5,"win_rate":0.0,"timestamp":1612730089,"path_taken":["M","$","M","?","?","R","E","R","T","R","M","R","M","?","R","BOSS","M","M","$","M","M","R","E","R","T","R","?","E"],"items_purchased_type":["Card","Relic","Card"],"build_version":"2020-12-22","purchased_purges":1,"victory":false,"max_hp_per_floor":[70,67,67,67,67,67,67,67,67,67,67,67,67,67,67,67,67,67,67,67,67,67,67,67,67,67,67,67,67,67],"relic_stats":{"counters":[15,64],"Ornamental Fan":[0],"Gambling Chip":[55],"Dead Branch":[2],"MealTicket":15,"Tiny Chest":0,"obtain_stats":[{"Potion Belt":7,"Ornamental Fan":28,"Gambling Chip":0,"Dead Branch":28,"Orrery":20,"MealTicket":9,"Tiny Chest":24,"Fusion Hammer":17,"Toy Ornithopter":26,"Ring of the Snake":0},{"Potion Belt":3,"Ornamental Fan":14,"Gambling Chip":0,"Dead Branch":14,"Orrery":9,"MealTicket":3,"Tiny Chest":12,"Fusion Hammer":7,"Toy Ornithopter":12,"Ring of the Snake":0},{"Potion Belt":16,"Ornamental Fan":63,"Gambling Chip":0,"Dead Branch":63,"Orrery":43,"MealTicket":16,"Tiny Chest":57,"Fusion Hammer":33,"Toy Ornithopter":57,"Ring of the Snake":0}],"Toy Ornithopter":5,"Ring of the Snake":[30]},"card_choices":[{"not_picked":["Expertise","Finisher"],"picked":"Bouncing Flask","floor":1},{"not_picked":["Flying Knee","Prepared"],"picked":"PiercingWail","floor":3},{"not_picked":["Deflect","Flying Knee"],"picked":"Prepared","floor":7},{"not_picked":["Bouncing Flask","Acrobatics"],"picked":"Poisoned Stab","floor":11},{"not_picked":["Dagger Throw","Acrobatics"],"picked":"Backflip","floor":13},{"not_picked":["Prepared","Bane"],"picked":"Accuracy","floor":14},{"not_picked":["Bullet Time","Night Terror"],"picked":"Envenom","floor":16},{"not_picked":["Sucker Punch+1","Prepared"],"picked":"Dagger Spray","floor":18},{"not_picked":["All Out Attack","Skewer"],"picked":"Tactician","floor":19},{"not_picked":["PiercingWail+1","Endless Agony"],"picked":"Blade Dance","floor":20},{"not_picked":["PiercingWail","Riddle With Holes"],"picked":"Calculated Gamble","floor":20},{"not_picked":["Slice","Prepared"],"picked":"Crippling Poison+1","floor":20},{"not_picked":["Deadly Poison+1","Slice"],"picked":"Cloak And Dagger","floor":20},{"not_picked":["Slice+1","Deadly Poison+1","Quick Slash+1"],"picked":"SKIP","floor":21},{"not_picked":["Deflect","Concentrate"],"picked":"Corpse Explosion","floor":22},{"not_picked":["All Out Attack","Heel Hook+1"],"picked":"Venomology","floor":24},{"not_picked":["Dodge and Roll","Slice+1"],"picked":"Deflect","floor":28}],"player_experience":2394483,"relics_obtained":[{"floor":7,"key":"Potion Belt"},{"floor":9,"key":"MealTicket"},{"floor":24,"key":"Tiny Chest"},{"floor":26,"key":"Toy Ornithopter"},{"floor":28,"key":"Dead Branch"},{"floor":28,"key":"Ornamental Fan"}],"event_choices":[{"damage_healed":0,"gold_gain":0,"cards_transformed":["Strike_G"],"player_choice":"Transformed","damage_taken":0,"max_hp_gain":0,"max_hp_loss":0,"event_name":"Transmorgrifier","floor":4,"gold_loss":0,"cards_obtained":["Tools of the Trade"]},{"damage_healed":0,"gold_gain":0,"player_choice":"Fight","damage_taken":0,"max_hp_gain":0,"max_hp_loss":0,"event_name":"Colosseum","floor":28,"gold_loss":0},{"damage_healed":0,"gold_gain":0,"player_choice":"Fought Nobs","damage_taken":0,"max_hp_gain":0,"max_hp_loss":0,"event_name":"Colosseum","floor":28,"gold_loss":0}],"is_beta":false,"boss_relics":[{"not_picked":["Runic Dome","Black Star"],"picked":"Fusion Hammer"}],"items_purged_floors":[2],"is_endless":false,"potions_floor_spawned":[1,11,13,18,22,28],"killed_by":"Gremlin Leader","ascension_level":6}}