{"host":"y7b1p9nkx4idorr2","time":1612730670,"event":{"mods":["AchievementEnabler","Act Like it!","BaseMod","Colored Map","Downfall","GifTheSpireLib","Googly Eyes","Highlight Path","Mimic Mod","Minty Spire (QoL Compilation)","Shop Mod","Spicy Shops","StSLib","Unceasing Turn Reminder"],"gold_per_floor":[99,109,124,299,310,210,289,41,59,59,91,91,76,86,96,192,192,92,110,20,37,38,54,77,77,108,108,108,108],"floor_reached":27,"language":"ENG","playtime":1393,"items_purged":["Doubt","Doubt"],"score":256,"play_id":"527416d1-3983-4d7e-8069-23f8c2e56937","local_time":"20210207144430","is_ascension_mode":true,"campfire_choices":[{"floor":1,"key":"RECALL"},{"data":"sneckomod:SnakeSap","floor":6,"key":"SMITH"},{"data":"sneckomod:MorePower","floor":18,"key":"SMITH"},{"data":"sneckomod:Memorize","floor":25,"key":"SMITH"}],"circlet_count":0,"master_deck":["sneckomod:Strike","sneckomod:Strike","sneckomod:Strike","sneckomod:Defend","sneckomod:Defend","sneckomod:Defend","sneckomod:TailWhip+1","sneckomod:SnekBite+1","sneckomod:Unknown+1","sneckomod:Unknown","sneckomod:UnknownUncommonSkill+1","sneckomod:DiceBlock","sneckomod:SnakeSap+1","sneckomod:UnknownDexterity+1","sneckomod:CheapStock+1","sneckomod:WideSting+1","sneckomod:RainOfDice","sneckomod:SnakeSap","sneckomod:MorePower+1","sneckomod:UnknownBoss+1","sneckomod:UnknownExhaust","sneckomod:UnknownStrength+1","sneckomod:UnknownClassTHE_CHAMP_GRAY+1","sneckomod:UnlimitedRolls","sneckomod:UnknownUncommonPower+1","sneckomod:Memorize+1","sneckomod:UnknownBoss"],"relics":["Snecko Eye","downfall:HeartBlessingRed","Pantograph","Vajra","War Paint","Singing Bowl","Philosopher\u0027s Stone","downfall:HeartBlessingGreen","Matryoshka","Letter Opener","Blood Vial","Whetstone"],"acts_visited":["Exordium","TheCity"],"potions_floor_usage":[8,11,13,20,27],"damage_taken":[{"damage":7,"enemies":"2 Louse","floor":2,"turns":2},{"damage":12,"enemies":"Jaw Worm","floor":3,"turns":2},{"damage":0,"enemies":"Small Slimes","floor":5,"turns":3},{"damage":4,"enemies":"downfall:FleeingMerchant","floor":8,"turns":4},{"damage":14,"enemies":"Red Slaver","floor":9,"turns":2},{"damage":6,"enemies":"3 Sentries","floor":11,"turns":5},{"damage":5,"enemies":"downfall:FleeingMerchant","floor":13,"turns":4},{"damage":10,"enemies":"Large Slime","floor":14,"turns":3},{"damage":0,"enemies":"3 Louse","floor":15,"turns":2},{"damage":8,"enemies":"SI_SHIV_ARCHETYPE","floor":16,"turns":5},{"damage":9,"enemies":"Shell Parasite","floor":19,"turns":4},{"damage":10,"enemies":"downfall:FleeingMerchant","floor":20,"turns":4},{"damage":13,"enemies":"3 Byrds","floor":21,"turns":5},{"damage":0,"enemies":"downfall:FleeingMerchant","floor":22,"turns":3},{"damage":16,"enemies":"Snecko","floor":23,"turns":4},{"damage":39,"enemies":"Slavers","floor":26,"turns":5},{"damage":21,"enemies":"Snake Plant","floor":27,"turns":1}],"seed_played":"-9186972958972471285","potions_obtained":[{"floor":5,"key":"EntropicBrew"},{"floor":11,"key":"Slimebound:ThreeZeroPotion"},{"floor":14,"key":"Dexterity Potion"},{"floor":21,"key":"Dexterity Potion"},{"floor":23,"key":"CultistPotion"},{"floor":26,"key":"Regen Potion"}],"is_trial":false,"path_per_floor":["R","M","M","?","M","R","T","$","M","?","E","?","$","M","M","B",null,"R","M","$","M","$","M","T","R","E","M"],"character_chosen":"THE_SNECKO","items_purchased":["Vajra","War Paint","Matryoshka"],"campfire_rested":0,"item_purchase_floors":[8,8,22],"current_hp_per_floor":[90,83,71,71,71,71,71,67,53,53,47,47,42,44,44,61,92,92,83,75,64,64,48,48,48,13,0,0,0],"gold":108,"neow_bonus":"BOSS_RELIC","is_daily":false,"chose_seed":false,"campfire_upgraded":3,"win_rate":0.0,"timestamp":1612730670,"path_taken":["R","M","M","?","M","R","T","$","M","?","E","?","$","M","M","BOSS","R","M","$","M","?","M","T","R","E","M"],"items_purchased_type":["Relic","Relic","Relic"],"build_version":"2020-12-22","purchased_purges":2,"victory":false,"max_hp_per_floor":[90,90,90,90,90,90,90,90,90,90,90,90,90,92,92,92,92,92,92,94,96,96,96,96,96,98,98,98,98],"card_choices":[{"not_picked":["sneckomod:SoulDraw","sneckomod:MixItUp"],"picked":"sneckomod:UnknownUncommonSkill","floor":2},{"not_picked":["sneckomod:UnknownDraw","sneckomod:UnknownCommonAttack"],"picked":"sneckomod:DiceBlock","floor":3},{"not_picked":["sneckomod:DiceBlock","sneckomod:UnknownUncommonPower"],"picked":"sneckomod:SnakeSap","floor":5},{"not_picked":["sneckomod:UnknownDraw","sneckomod:RainOfDice"],"picked":"sneckomod:UnknownDexterity","floor":8},{"not_picked":["sneckomod:SoulDraw","sneckomod:PureSnecko"],"picked":"sneckomod:CheapStock","floor":9},{"not_picked":["sneckomod:UnknownX","sneckomod:UnknownCommonSkill"],"picked":"sneckomod:WideSting","floor":11},{"not_picked":["sneckomod:QuickBite","sneckomod:SoulDraw"],"picked":"sneckomod:RainOfDice","floor":13},{"not_picked":["sneckomod:Rotation","sneckomod:DiceBlock","sneckomod:SoulRoll"],"picked":"Singing Bowl","floor":14},{"not_picked":["sneckomod:UnknownDexterity","sneckomod:SoulExchange"],"picked":"sneckomod:SnakeSap","floor":15},{"not_picked":["sneckomod:Restock","sneckomod:Unknown3Cost"],"picked":"sneckomod:MorePower","floor":16},{"not_picked":["sneckomod:UnknownStrength+1","sneckomod:UnknownRarePower+1"],"picked":"sneckomod:UnknownBoss+1","floor":19},{"not_picked":["sneckomod:SoulDraw","sneckomod:RainOfDice"],"picked":"sneckomod:UnknownExhaust","floor":19},{"not_picked":["sneckomod:UnknownX+1","sneckomod:UnknownColorless+1"],"picked":"sneckomod:UnknownStrength+1","floor":20},{"not_picked":["sneckomod:DiceBoulder+1","sneckomod:UnknownBlock","sneckomod:UnknownUncommonAttack"],"picked":"Singing Bowl","floor":20},{"not_picked":["sneckomod:UnknownWeak+1","sneckomod:UnknownX+1"],"picked":"sneckomod:UnknownClassTHE_CHAMP_GRAY+1","floor":21},{"not_picked":["sneckomod:DiceBlock+1","sneckomod:QuickBite","sneckomod:UnknownDraw"],"picked":"Singing Bowl","floor":21},{"not_picked":["sneckomod:Rotation","sneckomod:SoulCleanse"],"picked":"sneckomod:UnlimitedRolls","floor":22},{"not_picked":["sneckomod:Unknown3Cost+1","sneckomod:UnknownStrike+1"],"picked":"sneckomod:UnknownUncommonPower+1","floor":23},{"not_picked":["sneckomod:SoulDraw+1","sneckomod:Unknown0Cost+1"],"picked":"sneckomod:Memorize","floor":23},{"not_picked":["sneckomod:UnknownCommonAttack+1","sneckomod:UnknownWeak+1","sneckomod:UnknownUncommonPower+1"],"picked":"Singing Bowl","floor":26},{"not_picked":["sneckomod:SerpentIdol","sneckomod:UnknownExhaust"],"picked":"sneckomod:UnknownBoss","floor":26}],"player_experience":2317485,"relics_obtained":[{"floor":7,"key":"Pantograph"},{"floor":11,"key":"Singing Bowl"},{"floor":24,"key":"Letter Opener"},{"floor":24,"key":"Blood Vial"},{"floor":26,"key":"Whetstone"}],"event_choices":[{"damage_healed":0,"gold_gain":0,"player_choice":"Grow","damage_taken":0,"max_hp_gain":0,"max_hp_loss":0,"event_name":"Living Wall","floor":10,"gold_loss":0,"cards_upgraded":["sneckomod:CheapStock"]}],"is_beta":false,"boss_relics":[{"not_picked":["Pandora\u0027s Box","Busted Crown"],"picked":"Philosopher\u0027s Stone"}],"items_purged_floors":[20,22],"is_endless":false,"potions_floor_spawned":[5,11,14,19,21,23,26],"killed_by":"Snake Plant","ascension_level":2}}