{"host":"h9q6eax775d7taki","time":1612725989,"event":{"mods":["Act Like it!","Aspiration","BaseMod","Colored Map","Colored Powertips","Conspire","Energized Spire","GifTheSpireLib","Halation","Hallownest","Hubris","Minty Spire (QoL Compilation)","Replay The Spire","Spikes Relics","StS++","StSLib","Stuff the Spire","The Bug Knight"],"gold_per_floor":[109,109,129,141,160,160,193,193,193,224,224,374,0,26,26,125,125,135,60,60,76,76,104,104,134,134,134,134,168,183,200,200,200,200],"floor_reached":33,"language":"ENG","playtime":2771,"items_purged":["conspire:NecroticWound"],"score":394,"play_id":"12debe6d-d433-4890-8920-30ff78466bd6","local_time":"20210207202629","is_ascension_mode":true,"campfire_choices":[{"floor":6,"key":"REST"},{"data":"HollowMod:VengefulVoid","floor":8,"key":"SMITH"},{"floor":11,"key":"REST"},{"floor":15,"key":"REST"},{"floor":24,"key":"REST"},{"floor":27,"key":"REST"},{"floor":32,"key":"REST"}],"circlet_count":0,"master_deck":["HollowMod:NailStrikeStart","HollowMod:NailStrikeStart","HollowMod:QuickDashStart","HollowMod:QuickDashStart","HollowMod:QuickDashStart","HollowMod:FocusHealStart","HollowMod:PogoStrike","HollowMod:WraithStrike","hubris:SlightOfHand","Sucker Punch","Endless Agony","HollowMod:CrystalDash","HollowMod:CloakDash","HollowMod:CycloneSlash","HollowMod:VengefulVoid+1","HollowMod:VengefulVoid","Demon Form","StuffTheSpire:Repulse","conspire:DoublingDagger","HollowMod:CloakDash"],"relics":["HollowMod:VesselMask","aspiration:Nostalgia","Sizzling Blood","Bird Faced Urn","aspiration:SeaSaltIceCream","aspiration:Nostalgia","Replay:M_StaffOfTheSnake","Singing Bowl","ReplayTheSpireMod:CursedCoin","Replay:Ringing Soul","PrismaticShard","SpikesRelics:DaevaFist","hubris:SlimyHat","hubris:TerracottaHorce","hubris:Towel","halation:WeightlessCrab","Blue Doll","Bottled Flame","StSpp:Monolith"],"acts_visited":["Hallownest:Greenpath","Hallownest:CityofTears"],"potions_floor_usage":[7,7,7,14,14,16,16,16,25,29,29,31,33,33,33,33],"damage_taken":[{"damage":9,"enemies":"Hallownest:2_Baldur","floor":1,"turns":3},{"damage":12,"enemies":"2_ Uuma","floor":3,"turns":5},{"damage":7,"enemies":"Hallownest:2_Tiktiks_and_1_Crawlid","floor":4,"turns":3},{"damage":40,"enemies":"Hallownest:Guard_and_Warrior","floor":5,"turns":7},{"damage":20,"enemies":"Hallownest:eliteCrystalGuardian","floor":7,"turns":7},{"damage":29,"enemies":"Hallownest:eliteVengeflyKing","floor":10,"turns":6},{"damage":25,"enemies":"Hallownest:eliteCrystalGuardian","floor":14,"turns":5},{"damage":43,"enemies":"Hallownest:BossHornet","floor":16,"turns":11},{"damage":34,"enemies":"Hallownest:2_Mistakes","floor":18,"turns":7},{"damage":10,"enemies":"Hallownest:Guard_and_Sentry","floor":21,"turns":5},{"damage":46,"enemies":"Hallownest:eliteWatcherKnight","floor":23,"turns":10},{"damage":23,"enemies":"Hallownest:Nosk","floor":25,"turns":8},{"damage":17,"enemies":"Hallownest:eliteSoulWarrior","floor":29,"turns":7},{"damage":42,"enemies":"Hallownest:2_Husk_Sentries","floor":30,"turns":5},{"damage":10,"enemies":"Hallownest:monsterShrumalOgre","floor":31,"turns":5},{"damage":56,"enemies":"Hallownest:BossMantisLord","floor":33,"turns":3}],"seed_played":"8277065905397859628","potions_obtained":[{"floor":3,"key":"LiquidMemories"},{"floor":5,"key":"EntropicBrew"},{"floor":14,"key":"Fruit Juice"},{"floor":23,"key":"StSpp:ScatteredPotion"},{"floor":25,"key":"Flashbang"},{"floor":29,"key":"Weak Potion"}],"is_trial":false,"path_per_floor":["M","?","M","M","M","R","E","R","T","E","R","$","$","E","R","B",null,"M","?","$","M","?","E","R","E","T","R","?","E","M","M","R","B"],"character_chosen":"THE_BUGKNIGHT","items_purchased":["ReplayTheSpireMod:CursedCoin","Replay:Ringing Soul","PrismaticShard","SpikesRelics:DaevaFist"],"campfire_rested":6,"item_purchase_floors":[12,12,13,13],"current_hp_per_floor":[79,79,71,74,38,61,51,51,51,26,49,34,34,26,51,15,71,45,50,50,48,48,11,41,26,26,56,56,48,21,19,52,0,0],"gold":200,"neow_bonus":"NOSTALGIA","is_daily":false,"chose_seed":false,"campfire_upgraded":1,"win_rate":0.0,"timestamp":1612725989,"path_taken":["M","?","M","?","M","R","E","R","T","E","R","?","?","E","R","BOSS","M","?","$","M","?","E","R","E","T","R","?","E","M","M","R","BOSS"],"items_purchased_type":["Relic","Relic","Relic","Relic"],"build_version":"2020-12-22","purchased_purges":1,"victory":false,"max_hp_per_floor":[79,79,79,79,79,79,79,79,79,79,79,79,79,86,86,89,89,91,96,96,98,98,101,101,103,103,103,103,106,109,111,111,111,111],"card_choices":[{"not_picked":["HollowMod:HeavyBlow","HollowMod:DashSlash"],"picked":"HollowMod:WraithStrike","floor":1},{"not_picked":["HollowMod:CornifersMapStart","HollowMod:GoodIntentions"],"picked":"HollowMod:CrystalDash","floor":3},{"not_picked":["HollowMod:HowlingWraiths","HollowMod:LuriensSpire"],"picked":"HollowMod:CloakDash","floor":4},{"not_picked":["HollowMod:TaintedHusks","HollowMod:SoulStrike"],"picked":"HollowMod:CycloneSlash","floor":5},{"not_picked":["HollowMod:BaldurShell","HollowMod:LifebloodCocoon"],"picked":"HollowMod:VengefulVoid","floor":7},{"not_picked":["ClearTheMind","HollowMod:NewLittleFool"],"picked":"HollowMod:VengefulVoid","floor":10},{"not_picked":["StuffTheSpire:LoadUp","Steam Power","conspire:SharedLibrary"],"picked":"Singing Bowl","floor":14},{"not_picked":["Secret Technique","Venomology"],"picked":"Demon Form","floor":16},{"not_picked":["Halt","Leap","hubris:Ssssneak"],"picked":"Singing Bowl","floor":18},{"not_picked":["Barrage+1","Twin Strike","EmptyMind"],"picked":"Singing Bowl","floor":21},{"not_picked":["HollowMod:SlysStrikes","Toxin Wave"],"picked":"StuffTheSpire:Repulse","floor":23},{"not_picked":["Sever Soul","Stack","SashWhip"],"picked":"Singing Bowl","floor":25},{"not_picked":["StSpp:TheBiggerTheyAre+1","Sever Soul"],"picked":"conspire:DoublingDagger","floor":29},{"not_picked":["Dagger Spray","Run Through"],"picked":"HollowMod:CloakDash","floor":30},{"not_picked":["Sword Boomerang+1","BasicCrystalCard","Thunderclap"],"picked":"Singing Bowl","floor":31}],"player_experience":499090,"relics_obtained":[{"floor":7,"key":"Bird Faced Urn"},{"floor":9,"key":"aspiration:SeaSaltIceCream"},{"floor":10,"key":"Singing Bowl"},{"floor":14,"key":"hubris:SlimyHat"},{"floor":23,"key":"halation:WeightlessCrab"},{"floor":25,"key":"Blue Doll"},{"floor":26,"key":"Bottled Flame"},{"floor":29,"key":"StSpp:Monolith"}],"event_choices":[],"is_beta":false,"boss_relics":[{"not_picked":["halation:Yufonium","Runic Dome"],"picked":"hubris:TerracottaHorce"}],"items_purged_floors":[13],"is_endless":false,"potions_floor_spawned":[3,5,14,23,25,29],"killed_by":"Hallownest:BossMantisLord","ascension_level":2}}