{"host":"a92fqxohjrzqy5rn","time":1612708632,"event":{"mods":["AchievementEnabler","BaseMod","Minty Spire (QoL Compilation)","Relic Sorter"],"gold_per_floor":[112,112,187,187,202,231,231,231,255,255,269,294,294,294,294,399,399,414,266,366,328,353,382,382,413,413,413,441,441,441,471,471,576,576,591,591,591,611,636,665,699,699,699,661,661,680,680,707,707,707],"floor_reached":51,"language":"ENG","playtime":1372,"items_purged":["Regret"],"score":1059,"play_id":"bab5a5ab-13e3-48cc-a750-c43b051bb874","local_time":"20210207143711","daily_mods":["Draft","Heirloom","Time Dilation","Flight"],"is_ascension_mode":false,"campfire_choices":[{"data":"PathToVictory","floor":7,"key":"SMITH"},{"data":"PathToVictory","floor":10,"key":"SMITH"},{"data":"PathToVictory","floor":15,"key":"SMITH"},{"floor":29,"key":"REST"},{"data":"DevaForm","floor":32,"key":"SMITH"},{"data":"PathToVictory","floor":42,"key":"SMITH"},{"floor":49,"key":"REST"}],"circlet_count":0,"master_deck":["Consecrate","WindmillStrike","Consecrate","PathToVictory+1","PathToVictory+1","Prostrate","Pray","Worship+1","FlyingSleeves","Consecrate","EmptyBody","Evaluate","Protect","Prostrate","PathToVictory+1","DevaForm+1","BattleHymn+1","Scrawl","Perseverance","PathToVictory+1","Brilliance","ForeignInfluence","Wallop+1"],"relics":["PureWater","FossilizedHelix","Kunai","Bag of Marbles","Pen Nib","Blood Vial","Akabeko","Runic Dome","Membership Card","Regal Pillow","Pantograph","Gremlin Horn","Juzu Bracelet","Shuriken","HornCleat","Omamori","Sozu","Oddly Smooth Stone","Ancient Tea Set","Mercury Hourglass","Sundial","Toxic Egg 2"],"acts_visited":["Exordium","TheCity","TheBeyond"],"potions_floor_usage":[23,31,50,50,50],"damage_taken":[{"damage":0,"enemies":"Cultist","floor":1,"turns":3},{"damage":0,"enemies":"2 Louse","floor":5,"turns":2},{"damage":0,"enemies":"Gremlin Nob","floor":6,"turns":3},{"damage":0,"enemies":"Jaw Worm","floor":11,"turns":2},{"damage":0,"enemies":"3 Sentries","floor":12,"turns":4},{"damage":0,"enemies":"Slime Boss","floor":16,"turns":3},{"damage":0,"enemies":"Spheric Guardian","floor":18,"turns":3},{"damage":8,"enemies":"Book of Stabbing","floor":23,"turns":4},{"damage":6,"enemies":"Gremlin Leader","floor":25,"turns":4},{"damage":23,"enemies":"Book of Stabbing","floor":28,"turns":4},{"damage":0,"enemies":"Slavers","floor":31,"turns":2},{"damage":41,"enemies":"Automaton","floor":33,"turns":7},{"damage":0,"enemies":"3 Shapes","floor":35,"turns":1},{"damage":0,"enemies":"Orb Walker","floor":38,"turns":3},{"damage":0,"enemies":"Giant Head","floor":40,"turns":4},{"damage":9,"enemies":"Reptomancer","floor":41,"turns":2},{"damage":18,"enemies":"Writhing Mass","floor":46,"turns":3},{"damage":0,"enemies":"Nemesis","floor":48,"turns":3},{"damage":48,"enemies":"Donu and Deca","floor":50,"turns":7}],"seed_played":"-8169612985816013881","potions_obtained":[{"floor":12,"key":"Weak Potion"},{"floor":16,"key":"SkillPotion"},{"floor":18,"key":"BottledMiracle"},{"floor":28,"key":"Regen Potion"},{"floor":31,"key":"Explosive Potion"}],"is_trial":true,"path_per_floor":["M","$","?","T","M","E","R","$","T","R","M","E","?","?","R","B",null,"M","$","?","$","T","E","?","E","T","?","E","R","T","E","R","B",null,"M","$","?","M","T","E","E","R","T","$","?","M","?","E","R","B",null],"character_chosen":"WATCHER","items_purchased":["Membership Card","ForeignInfluence"],"campfire_rested":2,"item_purchase_floors":[19,44],"current_hp_per_floor":[72,72,61,61,61,61,61,61,61,61,61,61,61,61,61,63,72,72,72,72,72,72,64,64,60,60,60,39,72,72,72,72,31,72,72,72,72,72,72,72,63,63,63,63,63,47,47,49,72,39],"gold":707,"neow_bonus":"","is_daily":false,"chose_seed":false,"campfire_upgraded":5,"win_rate":0.0,"timestamp":1612708631,"path_taken":["M","?","?","?","?","E","R","$","T","R","M","E","?","?","R","BOSS","M","$","?","$","?","E","?","E","T","?","E","R","?","E","R","BOSS","M","$","?","M","?","E","E","R","T","$","?","M","?","E","R","BOSS"],"items_purchased_type":["Relic","Card"],"build_version":"2020-12-22","purchased_purges":1,"victory":true,"max_hp_per_floor":[72,72,72,72,72,72,72,72,72,72,72,72,72,72,72,72,72,72,72,72,72,72,72,72,72,72,72,72,72,72,72,72,72,72,72,72,72,72,72,72,72,72,72,72,72,72,72,72,72,72],"card_choices":[{"not_picked":["FlurryOfBlows","CrushJoints"],"picked":"Consecrate","floor":0},{"not_picked":["Indignation","TalkToTheHand"],"picked":"WindmillStrike","floor":0},{"not_picked":["Evaluate","SashWhip"],"picked":"Halt","floor":0},{"not_picked":["SandsOfTime","WheelKick"],"picked":"Consecrate","floor":0},{"not_picked":["Halt","Evaluate"],"picked":"PathToVictory","floor":0},{"not_picked":["Collect","Vengeance"],"picked":"PathToVictory","floor":0},{"not_picked":["Swivel","JustLucky"],"picked":"Prostrate","floor":0},{"not_picked":["Crescendo","SashWhip"],"picked":"Pray","floor":0},{"not_picked":["Evaluate","FlurryOfBlows"],"picked":"Worship","floor":0},{"not_picked":["Halt","CrushJoints"],"picked":"FlyingSleeves","floor":0},{"not_picked":["Crescendo","SashWhip"],"picked":"Consecrate","floor":0},{"not_picked":["SashWhip","FlyingSleeves"],"picked":"EmptyBody","floor":0},{"not_picked":["Indignation","LikeWater"],"picked":"Evaluate","floor":0},{"not_picked":["FlurryOfBlows","Evaluate"],"picked":"Protect","floor":0},{"not_picked":["FlurryOfBlows","ReachHeaven"],"picked":"Prostrate","floor":0},{"not_picked":["EmptyFist","ThirdEye","Halt"],"picked":"SKIP","floor":1},{"not_picked":["Tantrum","FearNoEvil"],"picked":"PathToVictory","floor":5},{"not_picked":["CrushJoints","BowlingBash","Consecrate"],"picked":"SKIP","floor":6},{"not_picked":["MentalFortress","Worship","Perseverance"],"picked":"SKIP","floor":11},{"not_picked":["ClearTheMind","Evaluate","Consecrate"],"picked":"SKIP","floor":12},{"not_picked":["Brilliance","LessonLearned"],"picked":"DevaForm","floor":16},{"not_picked":["Halt","SashWhip"],"picked":"BattleHymn+1","floor":18},{"not_picked":["Halt+1","LikeWater","FollowUp"],"picked":"SKIP","floor":23},{"not_picked":["Worship","BowlingBash+1"],"picked":"Scrawl","floor":25},{"not_picked":["Conclude","JustLucky"],"picked":"Perseverance","floor":28},{"not_picked":["Prostrate","EmptyFist","ReachHeaven"],"picked":"SKIP","floor":31},{"not_picked":["Halt","EmptyFist","Crescendo+1"],"picked":"SKIP","floor":35},{"not_picked":["EmptyFist+1","Crescendo+1","Nirvana"],"picked":"SKIP","floor":38},{"not_picked":["EmptyBody","SashWhip"],"picked":"PathToVictory","floor":40},{"not_picked":["FollowUp","Collect+1"],"picked":"Brilliance","floor":41},{"not_picked":["EmptyBody","JustLucky+1","SashWhip+1"],"picked":"SKIP","floor":46},{"not_picked":["Worship+1","EmptyFist"],"picked":"Wallop+1","floor":48}],"player_experience":216530,"relics_obtained":[{"floor":4,"key":"Kunai"},{"floor":6,"key":"Bag of Marbles"},{"floor":9,"key":"Pen Nib"},{"floor":12,"key":"Blood Vial"},{"floor":22,"key":"Regal Pillow"},{"floor":23,"key":"Pantograph"},{"floor":25,"key":"Gremlin Horn"},{"floor":26,"key":"Juzu Bracelet"},{"floor":28,"key":"Shuriken"},{"floor":30,"key":"HornCleat"},{"floor":31,"key":"Omamori"},{"floor":39,"key":"Oddly Smooth Stone"},{"floor":40,"key":"Ancient Tea Set"},{"floor":41,"key":"Mercury Hourglass"},{"floor":43,"key":"Sundial"},{"floor":48,"key":"Toxic Egg 2"}],"event_choices":[{"damage_healed":0,"gold_gain":75,"player_choice":"Gather Gold","damage_taken":11,"max_hp_gain":0,"max_hp_loss":0,"event_name":"World of Goop","floor":3,"gold_loss":0},{"damage_healed":0,"gold_gain":0,"player_choice":"Box","damage_taken":0,"relics_obtained":["Akabeko"],"max_hp_gain":0,"max_hp_loss":0,"event_name":"Big Fish","floor":13,"gold_loss":0,"cards_obtained":["Regret"]},{"damage_healed":0,"gold_gain":0,"player_choice":"0 cards matched","damage_taken":0,"max_hp_gain":0,"max_hp_loss":0,"event_name":"Match and Keep!","floor":14,"gold_loss":0,"cards_obtained":[]},{"damage_healed":0,"gold_gain":100,"player_choice":"Pray","damage_taken":0,"max_hp_gain":0,"max_hp_loss":0,"event_name":"Golden Shrine","floor":20,"gold_loss":0},{"cards_removed":["Halt"],"damage_healed":0,"gold_gain":0,"player_choice":"Purged","damage_taken":0,"max_hp_gain":0,"max_hp_loss":0,"event_name":"Purifier","floor":24,"gold_loss":0},{"damage_healed":0,"gold_gain":0,"player_choice":"Forge","damage_taken":0,"max_hp_gain":0,"max_hp_loss":0,"event_name":"Accursed Blacksmith","floor":27,"gold_loss":0,"cards_upgraded":["Worship"]},{"damage_healed":0,"gold_gain":0,"player_choice":"Ignored","damage_taken":0,"max_hp_gain":0,"max_hp_loss":0,"event_name":"Tomb of Lord Red Mask","floor":37,"gold_loss":0},{"damage_healed":0,"gold_gain":0,"player_choice":"Bought 0 Potions","damage_taken":0,"max_hp_gain":0,"max_hp_loss":0,"event_name":"The Woman in Blue","floor":45,"gold_loss":0},{"damage_healed":0,"gold_gain":0,"player_choice":"Ignored","damage_taken":0,"max_hp_gain":0,"max_hp_loss":0,"event_name":"NoteForYourself","floor":47,"gold_loss":0}],"is_beta":false,"boss_relics":[{"not_picked":["Velvet Choker","Ectoplasm"],"picked":"Runic Dome"},{"not_picked":["Philosopher\u0027s Stone","VioletLotus"],"picked":"Sozu"}],"items_purged_floors":[21],"is_endless":false,"potions_floor_spawned":[12,16,18,28,31,40,41],"ascension_level":0}}