{"host":"c6u7e77myxvw4d0m","time":1612685924,"event":{"mods":["AchievementEnabler","BaseMod","Bestiary","Colored Map","Colored Powertips","Minty Spire (QoL Compilation)","Rare Cards Sparkle","Relic Stats","everything is the same but u backflip on backflip"],"gold_per_floor":[16,33,49,59,59,359,230,230,230,248,248,41,41,57,57,131,131,104,104,104,116,116,116,134,153,180,192,218,230,230],"floor_reached":29,"language":"ENG","playtime":1841,"items_purged":["Strike_G","Strike_G"],"score":459,"play_id":"4ce7bcda-df71-4319-b5d2-993fe2675b51","local_time":"20210207101844","is_ascension_mode":true,"campfire_choices":[{"floor":6,"key":"DIG"},{"data":"Crippling Poison","floor":11,"key":"SMITH"},{"floor":15,"key":"DIG"},{"floor":23,"key":"DIG"},{"floor":27,"key":"DIG"}],"circlet_count":0,"master_deck":["AscendersBane","Strike_G","Defend_G","Defend_G","Defend_G","Defend_G","Defend_G","Survivor","Neutralize","Dagger Throw","Flying Knee","Poisoned Stab","Poisoned Stab","Cloak And Dagger","Crippling Poison+1","PiercingWail","Dash","PiercingWail","Envenom","Footwork","Endless Agony","Deadly Poison","Quick Slash"],"relics":["Ring of the Snake","Shovel","Old Coin","Mango","Gremlin Horn","Ancient Tea Set","Busted Crown","Nunchaku","MawBank","Ice Cream"],"acts_visited":["Exordium","TheCity"],"potions_floor_usage":[16,24,24,28],"damage_taken":[{"damage":4,"enemies":"Jaw Worm","floor":1,"turns":7},{"damage":0,"enemies":"Cultist","floor":2,"turns":4},{"damage":0,"enemies":"2 Louse","floor":3,"turns":2},{"damage":3,"enemies":"Blue Slaver","floor":4,"turns":6},{"damage":4,"enemies":"2 Fungi Beasts","floor":10,"turns":4},{"damage":5,"enemies":"3 Louse","floor":14,"turns":3},{"damage":31,"enemies":"The Guardian","floor":16,"turns":10},{"damage":4,"enemies":"2 Thieves","floor":18,"turns":4},{"damage":5,"enemies":"Shell Parasite","floor":21,"turns":5},{"damage":2,"enemies":"Shelled Parasite and Fungi","floor":24,"turns":7},{"damage":2,"enemies":"Centurion and Healer","floor":25,"turns":7},{"damage":20,"enemies":"Chosen and Byrds","floor":28,"turns":6},{"damage":57,"enemies":"Gremlin Leader","floor":29,"turns":4}],"seed_played":"-7800253920342038743","potions_obtained":[{"floor":3,"key":"Regen Potion"},{"floor":4,"key":"FairyPotion"},{"floor":5,"key":"DistilledChaos"},{"floor":21,"key":"Explosive Potion"},{"floor":25,"key":"GhostInAJar"}],"is_trial":false,"path_per_floor":["M","M","M","M","?","R","$","?","T","M","R","$","T","M","R","B",null,"M","?","?","M","$","R","M","M","T","R","M","E"],"character_chosen":"THE_SILENT","items_purchased":["Cloak And Dagger","PiercingWail","Dash"],"campfire_rested":0,"item_purchase_floors":[7,12,12],"current_hp_per_floor":[55,55,55,52,52,52,52,57,71,67,67,67,67,62,62,31,72,68,68,68,63,63,63,76,74,74,74,54,0,0],"gold":230,"neow_bonus":"ONE_RARE_RELIC","is_daily":false,"chose_seed":false,"campfire_upgraded":1,"win_rate":0.0,"timestamp":1612685924,"path_taken":["M","M","M","M","?","R","?","?","T","M","R","$","?","M","R","BOSS","M","?","?","M","?","R","M","M","T","R","M","E"],"items_purchased_type":["Card","Card","Card"],"build_version":"2020-12-22","purchased_purges":2,"victory":false,"max_hp_per_floor":[66,66,66,66,66,66,66,71,85,85,85,85,85,85,85,85,85,85,85,85,85,85,85,85,85,85,85,85,85,85],"relic_stats":{"Nunchaku":[5],"Shovel":4,"Busted Crown":10,"Gremlin Horn":[8,8],"counters":[13,69],"MawBank":36,"obtain_stats":[{"Ice Cream":27,"Nunchaku":23,"Shovel":0,"Busted Crown":17,"Gremlin Horn":13,"Mango":9,"Ancient Tea Set":15,"MawBank":26,"Ring of the Snake":0,"Old Coin":6},{"Ice Cream":11,"Nunchaku":9,"Shovel":0,"Busted Crown":7,"Gremlin Horn":5,"Mango":4,"Ancient Tea Set":6,"MawBank":11,"Ring of the Snake":0,"Old Coin":4},{"Ice Cream":59,"Nunchaku":45,"Shovel":0,"Busted Crown":36,"Gremlin Horn":23,"Mango":19,"Ancient Tea Set":26,"MawBank":59,"Ring of the Snake":0,"Old Coin":19}],"Ring of the Snake":[26]},"card_choices":[{"not_picked":["Bane","Slice"],"picked":"Dagger Throw","floor":1},{"not_picked":["Dodge and Roll","Outmaneuver"],"picked":"Flying Knee","floor":2},{"not_picked":["Well Laid Plans","Sucker Punch"],"picked":"Poisoned Stab","floor":3},{"not_picked":["Distraction","Slice"],"picked":"Poisoned Stab","floor":4},{"not_picked":["Setup","Flechettes"],"picked":"Crippling Poison","floor":10},{"not_picked":["Flying Knee","Doppelganger"],"picked":"PiercingWail","floor":14},{"not_picked":["Adrenaline","Burst"],"picked":"Envenom","floor":16},{"not_picked":["Flying Knee"],"picked":"SKIP","floor":18},{"not_picked":["Dagger Throw"],"picked":"SKIP","floor":21},{"not_picked":["Deflect"],"picked":"SKIP","floor":24},{"not_picked":["Dagger Throw"],"picked":"SKIP","floor":25},{"not_picked":[],"picked":"Quick Slash","floor":28}],"player_experience":708604,"relics_obtained":[{"floor":6,"key":"Old Coin"},{"floor":9,"key":"Mango"},{"floor":13,"key":"Gremlin Horn"},{"floor":15,"key":"Ancient Tea Set"},{"floor":23,"key":"Nunchaku"},{"floor":26,"key":"MawBank"},{"floor":27,"key":"Ice Cream"}],"event_choices":[{"damage_healed":0,"gold_gain":0,"player_choice":"Got Potions","damage_taken":0,"max_hp_gain":0,"max_hp_loss":0,"event_name":"Lab","floor":5,"gold_loss":0},{"damage_healed":0,"gold_gain":0,"player_choice":"Donut","damage_taken":0,"max_hp_gain":5,"max_hp_loss":0,"event_name":"Big Fish","floor":8,"gold_loss":0},{"damage_healed":0,"gold_gain":0,"cards_transformed":["Strike_G","Strike_G"],"player_choice":"Became Test Subject","damage_taken":0,"max_hp_gain":0,"max_hp_loss":0,"event_name":"Drug Dealer","floor":19,"gold_loss":0,"cards_obtained":["Footwork","Endless Agony"]},{"damage_healed":0,"gold_gain":0,"player_choice":"Read","damage_taken":0,"max_hp_gain":0,"max_hp_loss":0,"event_name":"The Library","floor":20,"gold_loss":0,"cards_obtained":["Deadly Poison"]}],"is_beta":false,"boss_relics":[{"not_picked":["Runic Dome","Empty Cage"],"picked":"Busted Crown"}],"items_purged_floors":[7,12],"is_endless":false,"potions_floor_spawned":[3,4,14,21,25],"killed_by":"Gremlin Leader","ascension_level":20}}