{"host":"sc0o2qwpf9j16a4i","time":1612700765,"event":{"mods":["AchievementEnabler","BaseMod","BetterRewards","Block Reminder","Colored Map","Colored Powertips","Custom Start","Highlight Path","Minty Spire (QoL Compilation)","Relic Stats"],"gold_per_floor":[114,114,134,145,1,32,32,207,230,242,118,147,147,175,175,280,280,292,90,106,117,117,117,145,162,187,187,216,231,231,231,231,332,332,348,1347,1347,1360,1360,1387,1404,1404,1404,1404,1416,1443,1443,196,196,196],"floor_reached":51,"language":"ENG","playtime":2039,"items_purged":["Doubt","Strike_R"],"score":911,"play_id":"50d73f54-fca0-4edd-b6c7-e591246032da","local_time":"20210207142605","daily_mods":["Chimera","Blue Cards","Night Terrors"],"is_ascension_mode":false,"campfire_choices":[{"data":"Bash","floor":7,"key":"SMITH"},{"data":"Sword Boomerang","floor":15,"key":"SMITH"},{"data":"Turbo","floor":23,"key":"SMITH"},{"data":"Creative AI","floor":27,"key":"SMITH"},{"data":"Reinforced Body","floor":30,"key":"SMITH"},{"floor":32,"key":"REST"},{"floor":42,"key":"REST"},{"floor":47,"key":"REST"},{"floor":49,"key":"REST"}],"circlet_count":0,"master_deck":["Bash+1","Survivor","Zap","Eruption+1","Strike_G","Defend_R+1","Defend_G","Defend_P","Hemokinesis","Sword Boomerang+1","Doom and Gloom","Reinforced Body+1","BootSequence","Sweeping Beam","Ball Lightning","Rupture","Clothesline","Turbo+1","Shockwave","Burning Pact+1","Burning Pact","Go for the Eyes+1","Flex+1","Leap","Leap","Fiend Fire","Pommel Strike+1","Hologram+1","Warcry+1","Aggregate","Headbutt+1","FTL","Doom and Gloom","Swift Strike","Auto Shields","Secret Technique","Rip and Tear+1"],"relics":["Burning Blood","ClockworkSouvenir","Anchor","Lantern","Ice Cream","Dead Branch","Black Star","Lee\u0027s Waffle","Bag of Marbles","War Paint","Centennial Puzzle","WingedGreaves","Dream Catcher","Nilry\u0027s Codex","Fusion Hammer","Boot","Question Card","HornCleat","Potion Belt","Bottled Flame","Letter Opener","Pocketwatch"],"acts_visited":["Exordium","TheCity","TheBeyond"],"potions_floor_usage":[6,6,16,25,29,33,33,33,33,41,46,50,50],"damage_taken":[{"damage":0,"enemies":"2 Louse","floor":1,"turns":3},{"damage":2,"enemies":"Cultist","floor":3,"turns":2},{"damage":6,"enemies":"Jaw Worm","floor":4,"turns":3},{"damage":2,"enemies":"Gremlin Nob","floor":6,"turns":2},{"damage":0,"enemies":"Looter","floor":10,"turns":2},{"damage":2,"enemies":"3 Sentries","floor":12,"turns":3},{"damage":8,"enemies":"Gremlin Nob","floor":14,"turns":3},{"damage":2,"enemies":"Slime Boss","floor":16,"turns":5},{"damage":21,"enemies":"Shell Parasite","floor":18,"turns":5},{"damage":0,"enemies":"Chosen","floor":20,"turns":3},{"damage":0,"enemies":"Centurion and Healer","floor":21,"turns":3},{"damage":58,"enemies":"Book of Stabbing","floor":24,"turns":7},{"damage":1,"enemies":"3 Cultists","floor":25,"turns":3},{"damage":9,"enemies":"Slavers","floor":28,"turns":4},{"damage":0,"enemies":"Snecko","floor":29,"turns":3},{"damage":79,"enemies":"Collector","floor":33,"turns":16},{"damage":0,"enemies":"3 Shapes","floor":35,"turns":4},{"damage":15,"enemies":"3 Darklings","floor":38,"turns":5},{"damage":50,"enemies":"Nemesis","floor":40,"turns":5},{"damage":2,"enemies":"Spire Growth","floor":41,"turns":5},{"damage":15,"enemies":"Writhing Mass","floor":45,"turns":6},{"damage":11,"enemies":"Reptomancer","floor":46,"turns":5},{"damage":11,"enemies":"Awakened One","floor":50,"turns":7}],"seed_played":"-5005032580175195103","potions_obtained":[{"floor":1,"key":"Explosive Potion"},{"floor":3,"key":"ColorlessPotion"},{"floor":12,"key":"CultistPotion"},{"floor":24,"key":"BloodPotion"},{"floor":28,"key":"AttackPotion"},{"floor":29,"key":"EntropicBrew"},{"floor":33,"key":"ElixirPotion"},{"floor":38,"key":"ElixirPotion"},{"floor":45,"key":"Strength Potion"},{"floor":46,"key":"Ancient Potion"}],"is_trial":true,"path_per_floor":["M","?","M","M","$","E","R","?","T","M","$","E","?","E","R","B",null,"M","$","M","M","?","R","E","M","T","R","E","M","R","?","R","B",null,"M","?","?","M","?","E","M","R","T","?","M","E","R","$","R","B",null],"character_chosen":"IRONCLAD","items_purchased":["ClockworkSouvenir","Sweeping Beam","Turbo","Lee\u0027s Waffle","Letter Opener","FTL","Doom and Gloom","PowerPotion","AttackPotion","Swift Strike","Auto Shields","Secret Technique","Pocketwatch"],"campfire_rested":4,"item_purchase_floors":[5,11,19,19,48,48,48,48,48,48,48,48,48],"current_hp_per_floor":[80,80,80,80,80,80,80,80,80,80,80,80,80,78,78,80,80,65,87,87,87,87,87,35,57,57,57,54,60,60,44,82,9,82,82,82,82,73,73,29,33,77,77,77,68,63,72,72,67,62],"gold":196,"neow_bonus":"","is_daily":false,"chose_seed":false,"campfire_upgraded":5,"win_rate":0.0,"timestamp":1612700765,"path_taken":["M","?","M","M","$","E","R","?","T","M","$","E","?","E","R","BOSS","M","$","M","?","?","R","E","M","T","R","E","?","R","?","R","BOSS","M","?","?","?","?","E","M","R","T","?","?","E","R","$","R","BOSS"],"items_purchased_type":["Relic","Card","Card","Relic","Relic","Card","Card","Potion","Potion","Card","Card","Card","Relic"],"build_version":"2020-12-22","purchased_purges":2,"victory":true,"max_hp_per_floor":[80,80,80,80,80,80,80,80,80,80,80,80,80,80,80,80,80,80,87,87,87,87,87,87,87,87,87,87,87,87,87,82,82,82,82,82,82,82,82,82,82,77,77,77,77,77,72,72,67,67],"relic_stats":{"Lee\u0027s Waffle":22,"counters":[23,104],"Dead Branch":[106],"Letter Opener":[35],"War Paint":["Burning Pact","Defend_R"],"Boot":[8],"Question Card":6,"Burning Blood":94,"Centennial Puzzle":[24],"Dream Catcher":4,"Black Star":4,"obtain_stats":[{"Ice Cream":12,"Potion Belt":46,"Lantern":9,"Lee\u0027s Waffle":19,"Nilry\u0027s Codex":31,"Dead Branch":14,"Letter Opener":48,"War Paint":24,"Boot":40,"Question Card":40,"Burning Blood":0,"ClockworkSouvenir":5,"Anchor":6,"Centennial Puzzle":26,"Dream Catcher":28,"Bottled Flame":46,"HornCleat":43,"WingedGreaves":28,"Fusion Hammer":34,"Black Star":17,"Bag of Marbles":24,"Pocketwatch":48},{"Ice Cream":6,"Potion Belt":22,"Lantern":4,"Lee\u0027s Waffle":9,"Nilry\u0027s Codex":15,"Dead Branch":7,"Letter Opener":22,"War Paint":12,"Boot":19,"Question Card":19,"Burning Blood":0,"ClockworkSouvenir":3,"Anchor":4,"Centennial Puzzle":13,"Dream Catcher":14,"Bottled Flame":22,"HornCleat":20,"WingedGreaves":14,"Fusion Hammer":16,"Black Star":8,"Bag of Marbles":12,"Pocketwatch":22},{"Ice Cream":15,"Potion Belt":97,"Lantern":10,"Lee\u0027s Waffle":28,"Nilry\u0027s Codex":51,"Dead Branch":18,"Letter Opener":97,"War Paint":41,"Boot":81,"Question Card":81,"Burning Blood":0,"ClockworkSouvenir":8,"Anchor":10,"Centennial Puzzle":44,"Dream Catcher":48,"Bottled Flame":97,"HornCleat":86,"WingedGreaves":48,"Fusion Hammer":67,"Black Star":23,"Bag of Marbles":41,"Pocketwatch":97}],"Pocketwatch":[3]},"card_choices":[{"not_picked":["Storm","FTL"],"picked":"Hemokinesis","floor":1},{"not_picked":["Beam Cell","Pommel Strike"],"picked":"Sword Boomerang","floor":3},{"not_picked":["Flex","Sever Soul"],"picked":"Doom and Gloom","floor":4},{"not_picked":["Redo","Glacier"],"picked":"Reinforced Body","floor":6},{"not_picked":["Cleave","Cold Snap"],"picked":"BootSequence","floor":10},{"not_picked":["Fusion","Rebound"],"picked":"Ball Lightning","floor":12},{"not_picked":["Consume","Sunder"],"picked":"Rupture","floor":14},{"not_picked":["Electrodynamics","All For One"],"picked":"Creative AI","floor":16},{"not_picked":["Carnage+1","Thunderclap"],"picked":"Clothesline","floor":18},{"not_picked":["Havoc","Ghostly Armor"],"picked":"Shockwave","floor":20},{"not_picked":["Steam","Gash+1"],"picked":"Burning Pact","floor":21},{"not_picked":["Steam","Thunderclap","Redo"],"picked":"SKIP","floor":24},{"not_picked":["Sweeping Beam+1","Headbutt"],"picked":"Go for the Eyes+1","floor":25},{"not_picked":["Core Surge","Genetic Algorithm"],"picked":"Flex+1","floor":28},{"not_picked":["Storm+1","Headbutt+1"],"picked":"Leap","floor":29},{"not_picked":["Searing Blow","Reckless Charge"],"picked":"Leap","floor":32},{"not_picked":["Reboot","Thunder Strike"],"picked":"Fiend Fire","floor":33},{"not_picked":["Genetic Algorithm","Doom and Gloom+1","Leap"],"picked":"SKIP","floor":35},{"not_picked":["Fusion+1","Wild Strike+1"],"picked":"Pommel Strike+1","floor":38},{"not_picked":["Rebound","Go for the Eyes","Pommel Strike+1"],"picked":"SKIP","floor":40},{"not_picked":["Twin Strike","True Grit","Skim","Heavy Blade+1"],"picked":"SKIP","floor":41},{"not_picked":["Anger","Turbo+1","Sweeping Beam+1"],"picked":"Hologram+1","floor":42},{"not_picked":["Body Slam+1","Thunderclap+1","Barrage+1"],"picked":"Warcry+1","floor":45},{"not_picked":["Twin Strike+1","Exhume","Go for the Eyes+1"],"picked":"Aggregate","floor":46},{"not_picked":["Ball Lightning","Iron Wave+1","Carnage+1"],"picked":"Headbutt+1","floor":47},{"not_picked":["Cold Snap+1","Turbo","Anger+1"],"picked":"Rip and Tear+1","floor":49}],"player_experience":1255825,"relics_obtained":[{"floor":6,"key":"Anchor"},{"floor":9,"key":"Lantern"},{"floor":12,"key":"Ice Cream"},{"floor":14,"key":"Dead Branch"},{"floor":24,"key":"Bag of Marbles"},{"floor":24,"key":"War Paint"},{"floor":26,"key":"Centennial Puzzle"},{"floor":28,"key":"WingedGreaves"},{"floor":28,"key":"Dream Catcher"},{"floor":31,"key":"Nilry\u0027s Codex"},{"floor":40,"key":"Boot"},{"floor":40,"key":"Question Card"},{"floor":43,"key":"HornCleat"},{"floor":46,"key":"Potion Belt"},{"floor":46,"key":"Bottled Flame"}],"event_choices":[{"damage_healed":0,"gold_gain":0,"player_choice":"Grow","damage_taken":0,"max_hp_gain":0,"max_hp_loss":0,"event_name":"Living Wall","floor":2,"gold_loss":0,"cards_upgraded":["Eruption"]},{"damage_healed":0,"gold_gain":175,"player_choice":"AGREE","damage_taken":0,"max_hp_gain":0,"max_hp_loss":0,"event_name":"Liars Game","floor":8,"gold_loss":0,"cards_obtained":["Doubt"]},{"cards_removed":["Strike_B"],"damage_healed":0,"gold_gain":0,"player_choice":"Purged","damage_taken":0,"max_hp_gain":0,"max_hp_loss":0,"event_name":"Purifier","floor":13,"gold_loss":0},{"damage_healed":0,"gold_gain":0,"player_choice":"Copied","damage_taken":0,"max_hp_gain":0,"max_hp_loss":0,"event_name":"Duplicator","floor":22,"gold_loss":0,"cards_obtained":["Burning Pact"]},{"damage_healed":0,"gold_gain":0,"player_choice":"Obtained Book","damage_taken":16,"max_hp_gain":0,"max_hp_loss":0,"event_name":"Cursed Tome","floor":31,"gold_loss":0},{"damage_healed":0,"gold_gain":999,"player_choice":"Gold","damage_taken":0,"max_hp_gain":0,"max_hp_loss":0,"event_name":"MindBloom","floor":36,"gold_loss":0,"cards_obtained":["Normality","Normality"]},{"cards_removed":["Creative AI"],"damage_healed":0,"gold_gain":0,"player_choice":"Removed Power","damage_taken":0,"max_hp_gain":0,"max_hp_loss":0,"event_name":"Falling","floor":37,"gold_loss":0},{"damage_healed":0,"gold_gain":0,"player_choice":"Ignored","damage_taken":0,"max_hp_gain":0,"max_hp_loss":0,"event_name":"Tomb of Lord Red Mask","floor":39,"gold_loss":0},{"cards_removed":["Normality","Normality"],"damage_healed":0,"gold_gain":0,"player_choice":"Removed Curses","damage_taken":0,"max_hp_gain":0,"max_hp_loss":0,"event_name":"Fountain of Cleansing","floor":44,"gold_loss":0}],"is_beta":false,"boss_relics":[{"not_picked":["Mark of Pain","Velvet Choker"],"picked":"Black Star"},{"not_picked":["Runic Cube","Coffee Dripper"],"picked":"Fusion Hammer"}],"items_purged_floors":[11,48],"is_endless":false,"potions_floor_spawned":[1,3,12,24,28,29,33,38,45,46],"ascension_level":0}}