{"host":"3jpcvpprzj9sjffh","time":1612700076,"event":{"mods":["AchievementEnabler","BaseMod","Colored Map","Minty Spire (QoL Compilation)","Rare Cards Sparkle","SuperFastMode","everything is the same but u backflip on backflip"],"gold_per_floor":[110,110,110,31,49,62,62,62,88,88,123,136,163,182,182,279,279,297,396,416,0,15,15,15,47,72,89,139,150,176,101,101,200,200,219,143,0,0,0,33,33,33],"floor_reached":41,"language":"KOR","playtime":1740,"items_purged":["Strike_G"],"score":467,"play_id":"afcee414-a18e-4041-b736-edcccb7ccde1","local_time":"20210207211436","is_ascension_mode":false,"campfire_choices":[{"data":"Infinite Blades","floor":7.0,"key":"SMITH"},{"floor":15,"key":"REST"},{"data":"After Image","floor":24,"key":"SMITH"},{"floor":32,"key":"REST"}],"circlet_count":0,"master_deck":["Strike_G","Strike_G","Strike_G+1","Defend_G","Defend_G","Defend_G+1","Defend_G","Survivor","Neutralize","Dark Shackles","Cloak And Dagger","Infinite Blades+1","Slice","Blade Dance","Deflect","Dagger Throw","Blade Dance","Adrenaline","After Image+1","Cloak And Dagger","Enlightenment","The Bomb","Backstab","Accuracy","Poisoned Stab+1","CurseOfTheBell","Cloak And Dagger+1","Noxious Fumes","Mayhem"],"relics":["Ring of the Serpent","Boot","Anchor","Pen Nib","Juzu Bracelet","Eternal Feather","Toy Ornithopter","Calling Bell","Smiling Mask","White Beast Statue","Prayer Wheel","Red Mask","Gremlin Horn"],"acts_visited":["Exordium","TheCity","TheBeyond"],"potions_floor_usage":[13,25,30,40,40],"damage_taken":[{"damage":0.0,"enemies":"Cultist","floor":1.0,"turns":4.0},{"damage":2.0,"enemies":"Small Slimes","floor":5.0,"turns":4.0},{"damage":0.0,"enemies":"2 Louse","floor":6.0,"turns":3.0},{"damage":25.0,"enemies":"Lagavulin","floor":11.0,"turns":6.0},{"damage":0.0,"enemies":"Lots of Slimes","floor":12.0,"turns":2.0},{"damage":12,"enemies":"Gremlin Nob","floor":13,"turns":4},{"damage":3,"enemies":"3 Louse","floor":14,"turns":3},{"damage":22,"enemies":"Slime Boss","floor":16,"turns":11},{"damage":7,"enemies":"Spheric Guardian","floor":18,"turns":4},{"damage":6,"enemies":"2 Thieves","floor":20,"turns":4},{"damage":5,"enemies":"Snake Plant","floor":22,"turns":5},{"damage":30,"enemies":"Slavers","floor":25,"turns":6},{"damage":10,"enemies":"Sentry and Sphere","floor":27,"turns":5},{"damage":0,"enemies":"3 Cultists","floor":29,"turns":5},{"damage":14,"enemies":"Book of Stabbing","floor":30,"turns":5},{"damage":33,"enemies":"Champ","floor":33,"turns":12},{"damage":32,"enemies":"3 Shapes","floor":35,"turns":4},{"damage":40,"enemies":"Giant Head","floor":40,"turns":8},{"damage":9,"enemies":"Orb Walker","floor":41,"turns":3}],"seed_played":"3385057618254723213","potions_obtained":[{"floor":5.0,"key":"Explosive Potion"},{"floor":6.0,"key":"Ancient Potion"},{"floor":14,"key":"SneckoOil"},{"floor":18,"key":"FairyPotion"},{"floor":29,"key":"DistilledChaos"},{"floor":30,"key":"Fire Potion"},{"floor":35,"key":"AttackPotion"},{"floor":40,"key":"DistilledChaos"}],"is_trial":false,"path_per_floor":["M","?","?","$","M","M","R","?","T","?","E","M","E","M","R","B",null,"M","?","M","$","M","?","R","E","T","M","?","M","E","$","R","B",null,"M","$","?","?","$","E","M"],"character_chosen":"THE_SILENT","items_purchased":["Infinite Blades","Enlightenment","Juzu Bracelet","The Bomb","Noxious Fumes"],"campfire_rested":2,"item_purchase_floors":[4,21,21,21,36],"current_hp_per_floor":[70,63,63,63,61,61,61,47,47,47,22,22,10,7,28,6,70,63,63,57,57,52,52,52,22,22,12,12,12,21,21,57,24,70,38,38,38,38,38,8,0,0],"gold":33,"neow_bonus":"RANDOM_COLORLESS","is_daily":false,"chose_seed":false,"campfire_upgraded":2,"win_rate":0.0,"timestamp":1612700076,"path_taken":["M","?","?","$","M","M","R","?","T","?","E","M","E","M","R","BOSS","M","?","M","$","M","?","R","E","T","M","?","M","E","$","R","BOSS","M","$","?","?","$","E","M"],"items_purchased_type":["Card","Card","Relic","Card","Card"],"build_version":"2020-12-22","purchased_purges":1,"victory":false,"max_hp_per_floor":[70,70,70,70,70,70,70,70,70,70,70,70,70,70,70,70,70,70,70,70,70,70,70,70,70,70,70,70,70,70,70,70,70,70,70,70,70,70,70,70,70,70],"card_choices":[{"not_picked":["Forethought","Jack Of All Trades"],"picked":"Dark Shackles","floor":0.0},{"not_picked":["PiercingWail","All Out Attack"],"picked":"Cloak And Dagger","floor":1.0},{"not_picked":["Flying Knee","Underhanded Strike"],"picked":"Slice","floor":5.0},{"not_picked":["Bane","Flying Knee"],"picked":"Blade Dance","floor":6.0},{"not_picked":["Caltrops","Bane"],"picked":"Deflect","floor":11.0},{"not_picked":["Concentrate","Tactician"],"picked":"Dagger Throw","floor":12.0},{"not_picked":["Dodge and Roll","Deflect"],"picked":"Blade Dance","floor":13},{"not_picked":["Calculated Gamble","Acrobatics"],"picked":"Adrenaline","floor":14},{"not_picked":["Venomology","Die Die Die"],"picked":"After Image","floor":16},{"not_picked":["Skewer","Slice"],"picked":"Cloak And Dagger","floor":18},{"not_picked":["Deflect","Riddle With Holes+1","Blur"],"picked":"SKIP","floor":20},{"not_picked":["PiercingWail","Flying Knee","Caltrops"],"picked":"SKIP","floor":22},{"not_picked":["Dagger Spray","Tools of the Trade"],"picked":"Backstab","floor":25},{"not_picked":["Deflect","Endless Agony","Quick Slash"],"picked":"SKIP","floor":27},{"not_picked":["Slice","Quick Slash+1"],"picked":"Accuracy","floor":29},{"not_picked":["Setup","Sucker Punch"],"picked":"Poisoned Stab+1","floor":30},{"not_picked":["Quick Slash","PiercingWail"],"picked":"Cloak And Dagger+1","floor":35},{"not_picked":["Prepared","Slice","Sucker Punch"],"picked":"SKIP","floor":35},{"not_picked":["Violence","Deep Breath"],"picked":"Mayhem","floor":38},{"not_picked":["Flying Knee","Poisoned Stab","Backstab"],"picked":"SKIP","floor":40}],"player_experience":309061,"relics_obtained":[{"floor":9.0,"key":"Boot"},{"floor":11.0,"key":"Anchor"},{"floor":13,"key":"Pen Nib"},{"floor":25,"key":"Eternal Feather"},{"floor":30,"key":"Toy Ornithopter"},{"floor":34,"key":"Smiling Mask"},{"floor":34,"key":"White Beast Statue"},{"floor":34,"key":"Prayer Wheel"},{"floor":40,"key":"Gremlin Horn"}],"event_choices":[{"cards_removed":["Defend_G"],"damage_healed":0.0,"max_hp_gain":0.0,"max_hp_loss":0.0,"gold_gain":0.0,"event_name":"Golden Wing","player_choice":"Card Removal","floor":2.0,"gold_loss":0.0,"damage_taken":7.0},{"cards_removed":["Strike_G"],"damage_healed":0.0,"max_hp_gain":0.0,"max_hp_loss":0.0,"gold_gain":0.0,"event_name":"Living Wall","player_choice":"Forget","floor":3.0,"gold_loss":0.0,"damage_taken":0.0},{"damage_healed":0.0,"max_hp_gain":0.0,"max_hp_loss":0.0,"gold_gain":0.0,"event_name":"Shining Light","player_choice":"Entered Light","floor":8.0,"gold_loss":0.0,"damage_taken":14.0,"cards_upgraded":["Strike_G","Defend_G"]},{"damage_healed":0.0,"max_hp_gain":0.0,"max_hp_loss":0.0,"gold_gain":0.0,"event_name":"Liars Game","player_choice":"Ignored","floor":10.0,"gold_loss":0.0,"damage_taken":0.0},{"damage_healed":0,"gold_gain":99,"player_choice":"Stole From Cult","damage_taken":0,"max_hp_gain":0,"max_hp_loss":0,"event_name":"Nest","floor":19,"gold_loss":0},{"damage_healed":0,"gold_gain":100,"player_choice":"Bet on Murderer","damage_taken":0,"max_hp_gain":0,"max_hp_loss":0,"event_name":"The Joust","floor":28,"gold_loss":50},{"damage_healed":0,"gold_gain":0,"player_choice":"Paid","damage_taken":0,"relics_obtained":["Red Mask"],"max_hp_gain":0,"max_hp_loss":0,"event_name":"Tomb of Lord Red Mask","floor":37,"gold_loss":143},{"damage_healed":0,"gold_gain":0,"player_choice":"Memory 1","damage_taken":0,"max_hp_gain":0,"max_hp_loss":0,"event_name":"SensoryStone","floor":38,"gold_loss":0}],"is_beta":false,"boss_relics":[{"not_picked":["Coffee Dripper","SacredBark"],"picked":"Ring of the Serpent"},{"not_picked":["Black Star","Philosopher\u0027s Stone"],"picked":"Calling Bell"}],"items_purged_floors":[31],"is_endless":false,"potions_floor_spawned":[5,6,14,18,29,30,35,40],"killed_by":"Orb Walker","ascension_level":0}}