{"host":"1bnrkmg0bmhwam8n","time":1612736292,"event":{"mods":["2.2 Compatiblity","AchievementEnabler","BaseMod","Best Route Mod","BetterRewards","Colored Map","Hermit","Infinite Spire","Minty Spire (QoL Compilation)","Permanent Neow","Quick Restart","Rare Cards Sparkle","Shop Mod","StSLib","SuperFastMode"],"gold_per_floor":[110,18,18,37,57,57,85,95,95,95,126,144,163,183,183,281,281,291,306,38,57,68,68,68,68,68,68,96,21,21,32,32,130,130,141,18,69,83,83,111,111,145,195,226,276,276,276,289,289,295],"floor_reached":51,"language":"ENG","playtime":1319,"items_purged":["Strike_G","Unload"],"score":1069,"play_id":"f3a54b9f-a93b-4480-a2de-57b504944193","local_time":"20210207161812","is_ascension_mode":true,"campfire_choices":[{"floor":6,"key":"REST"},{"floor":10,"key":"REST"},{"floor":15,"key":"REST"},{"data":"After Image","floor":23,"key":"SMITH"},{"data":"Burst","floor":25,"key":"SMITH"},{"data":"Accuracy","floor":27,"key":"SMITH"},{"floor":32,"key":"REST"},{"floor":41,"key":"REST"},{"data":"Leg Sweep","floor":47,"key":"PURGE"},{"data":"Storm of Steel","floor":49,"key":"SMITH"}],"circlet_count":0,"master_deck":["Defend_G","Defend_G","Defend_G","Defend_G","Defend_G","Survivor","Storm of Steel+1","Cloak And Dagger","Accuracy+1","Blade Dance","Blur","Burst+1","Dodge and Roll","After Image+1","Infinite Blades+1","Cloak And Dagger+1"],"relics":["Ring of the Snake","Lantern","Kunai","Ginger","WristBlade","Membership Card","Vajra","Centennial Puzzle","Incense Burner","Black Star","Sling","The Specimen","FossilizedHelix","Bottled Lightning","infinitespire:CheckeredPen","infinitespire:Midas Blood","Smiling Mask","Question Card","Orichalcum","Peace Pipe"],"acts_visited":["Exordium","TheCity","TheBeyond"],"potions_floor_usage":[7,16,16,31,33,33,37],"damage_taken":[{"damage":4,"enemies":"Jaw Worm","floor":1,"turns":3},{"damage":0,"enemies":"2 Louse","floor":4,"turns":2},{"damage":1,"enemies":"Small Slimes","floor":5,"turns":3},{"damage":15,"enemies":"3 Sentries","floor":7,"turns":6},{"damage":15,"enemies":"Exordium Wildlife","floor":8,"turns":4},{"damage":5,"enemies":"Lagavulin","floor":11,"turns":6},{"damage":17,"enemies":"Red Slaver","floor":12,"turns":4},{"damage":12,"enemies":"2 Fungi Beasts","floor":13,"turns":4},{"damage":11,"enemies":"Gremlin Gang","floor":14,"turns":7},{"damage":0,"enemies":"Slime Boss","floor":16,"turns":6},{"damage":0,"enemies":"Spheric Guardian","floor":18,"turns":3},{"damage":0,"enemies":"Shell Parasite","floor":19,"turns":5},{"damage":19,"enemies":"Snake Plant","floor":21,"turns":6},{"damage":4,"enemies":"Cultist and Chosen","floor":22,"turns":5},{"damage":6,"enemies":"Gremlin Leader","floor":28,"turns":4},{"damage":6,"enemies":"3 Cultists","floor":31,"turns":4},{"damage":8,"enemies":"Collector","floor":33,"turns":6},{"damage":0,"enemies":"Orb Walker","floor":35,"turns":2},{"damage":18,"enemies":"2 Orb Walkers","floor":37,"turns":3},{"damage":0,"enemies":"3 Darklings","floor":38,"turns":5},{"damage":18,"enemies":"Reptomancer","floor":40,"turns":7},{"damage":0,"enemies":"Nemesis","floor":42,"turns":5},{"damage":0,"enemies":"Giant Head","floor":44,"turns":5},{"damage":0,"enemies":"Mind Bloom Boss Battle","floor":45,"turns":6},{"damage":0,"enemies":"Spire Growth","floor":48,"turns":4},{"damage":23,"enemies":"Awakened One","floor":50,"turns":12}],"seed_played":"-4122443441778594201","potions_obtained":[{"floor":4,"key":"Strength Potion"},{"floor":7,"key":"FearPotion"},{"floor":8,"key":"LiquidBronze"},{"floor":14,"key":"PowerPotion"},{"floor":19,"key":"Fire Potion"},{"floor":28,"key":"PowerPotion"},{"floor":37,"key":"Fruit Juice"},{"floor":40,"key":"Explosive Potion"},{"floor":44,"key":"Poison Potion"},{"floor":48,"key":"GhostInAJar"}],"is_trial":false,"path_per_floor":["M","$","?","M","M","R","E","M","T","R","E","M","M","M","R","B",null,"M","M","$","M","M","R","?","R","T","R","E","?","?","M","R","B",null,"M","$","?","M","?","E","R","E","T","E","?","?","R","M","R","B",null],"character_chosen":"THE_SILENT","items_purchased":["Accuracy","Blade Dance","Membership Card","Vajra","Sling"],"campfire_rested":5,"item_purchase_floors":[2,2,20,20,36],"current_hp_per_floor":[45,45,45,45,44,65,50,35,35,56,51,34,22,11,32,32,61,61,61,61,42,38,38,38,38,38,38,32,32,32,26,47,39,62,62,62,49,49,49,31,53,53,53,53,53,53,53,53,53,30],"gold":295,"neow_bonus":"TRANSFORM_TWO_CARDS","is_daily":false,"chose_seed":false,"campfire_upgraded":4,"win_rate":0.0,"timestamp":1612736292,"path_taken":["M","$","?","M","M","R","E","M","T","R","E","M","M","M","R","BOSS","M","M","$","M","M","R","?","R","T","R","E","?","?","M","R","BOSS","M","$","?","M","?","E","R","E","T","E","?","?","R","M","R","BOSS"],"items_purchased_type":["Card","Card","Relic","Relic","Relic"],"build_version":"2020-12-22","purchased_purges":2,"victory":true,"max_hp_per_floor":[70,70,70,70,70,70,70,70,70,70,70,70,70,70,70,70,70,70,70,70,70,70,70,70,70,70,70,70,70,70,70,70,70,70,70,70,75,75,75,75,75,75,75,75,75,75,75,75,75,75],"card_choices":[{"not_picked":["Prepared","Underhanded Strike"],"picked":"Cloak And Dagger","floor":1},{"not_picked":["Underhanded Strike","Setup","Finisher"],"picked":"SKIP","floor":4},{"not_picked":["Quick Slash","PiercingWail","Reflex"],"picked":"SKIP","floor":5},{"not_picked":["Calculated Gamble","Poisoned Stab","Dash"],"picked":"SKIP","floor":7},{"not_picked":["Sucker Punch","Dagger Spray"],"picked":"Blur","floor":8},{"not_picked":["Dagger Spray","Choke"],"picked":"Burst","floor":11},{"not_picked":["Well Laid Plans","Quick Slash","Backflip"],"picked":"SKIP","floor":12},{"not_picked":["Flying Knee","Predator"],"picked":"Dodge and Roll","floor":13},{"not_picked":["Dodge and Roll","Sucker Punch","Underhanded Strike"],"picked":"SKIP","floor":14},{"not_picked":["Die Die Die","Corpse Explosion"],"picked":"After Image","floor":16},{"not_picked":["Flying Knee+1","Underhanded Strike+1","Concentrate+1"],"picked":"SKIP","floor":18},{"not_picked":["Deflect","Well Laid Plans+1","Crippling Poison"],"picked":"SKIP","floor":19},{"not_picked":["Tactician","Well Laid Plans+1","Heel Hook+1"],"picked":"SKIP","floor":21},{"not_picked":["Flying Knee","Acrobatics"],"picked":"Infinite Blades+1","floor":22},{"not_picked":["Sucker Punch","Tactician","Infinite Blades+1"],"picked":"SKIP","floor":28},{"not_picked":["Flying Knee","PiercingWail+1"],"picked":"Cloak And Dagger+1","floor":31},{"not_picked":["Slice+1","Deflect","Well Laid Plans+1"],"picked":"SKIP","floor":35},{"not_picked":["Flying Knee","Underhanded Strike+1","Backflip"],"picked":"SKIP","floor":38},{"not_picked":["Dagger Spray","Deflect","Deadly Poison+1"],"picked":"SKIP","floor":40},{"not_picked":["Burst","Quick Slash+1","Noxious Fumes+1"],"picked":"SKIP","floor":42},{"not_picked":["Dagger Throw+1","Distraction","Poisoned Stab+1"],"picked":"SKIP","floor":44},{"not_picked":["Dagger Throw+1","PiercingWail+1","Quick Slash+1","Underhanded Strike+1"],"picked":"SKIP","floor":48}],"player_experience":407277,"relics_obtained":[{"floor":7,"key":"Lantern"},{"floor":9,"key":"Kunai"},{"floor":11,"key":"Ginger"},{"floor":26,"key":"Centennial Puzzle"},{"floor":28,"key":"Incense Burner"},{"floor":37,"key":"The Specimen"},{"floor":40,"key":"FossilizedHelix"},{"floor":40,"key":"Bottled Lightning"},{"floor":42,"key":"infinitespire:CheckeredPen"},{"floor":42,"key":"infinitespire:Midas Blood"},{"floor":43,"key":"Smiling Mask"},{"floor":44,"key":"Question Card"},{"floor":44,"key":"Orichalcum"},{"floor":45,"key":"Peace Pipe"}],"event_choices":[{"damage_healed":0,"gold_gain":0,"cards_transformed":["Strike_G","Strike_G"],"player_choice":"Became Test Subject","damage_taken":0,"max_hp_gain":0,"max_hp_loss":0,"event_name":"Drug Dealer","floor":24,"gold_loss":0,"cards_obtained":["All Out Attack","Unload"]},{"cards_removed":["All Out Attack"],"damage_healed":0,"gold_gain":0,"player_choice":"Gave Gold","damage_taken":0,"max_hp_gain":0,"max_hp_loss":0,"event_name":"Beggar","floor":29,"gold_loss":75},{"damage_healed":0,"gold_gain":0,"player_choice":"Ignored","damage_taken":0,"max_hp_gain":0,"max_hp_loss":0,"event_name":"Cursed Tome","floor":30,"gold_loss":0},{"damage_healed":0,"gold_gain":0,"player_choice":"Fight","damage_taken":0,"max_hp_gain":0,"max_hp_loss":0,"event_name":"Mysterious Sphere","floor":37,"gold_loss":0},{"cards_removed":["Neutralize"],"damage_healed":0,"gold_gain":0,"player_choice":"Removed Attack","damage_taken":0,"max_hp_gain":0,"max_hp_loss":0,"event_name":"Falling","floor":39,"gold_loss":0},{"damage_healed":0,"gold_gain":0,"player_choice":"Fight","damage_taken":0,"max_hp_gain":0,"max_hp_loss":0,"event_name":"MindBloom","floor":45,"gold_loss":0},{"damage_healed":0,"gold_gain":0,"player_choice":"Memory 1","damage_taken":0,"max_hp_gain":0,"max_hp_loss":0,"event_name":"SensoryStone","floor":46,"gold_loss":0}],"is_beta":false,"boss_relics":[{"not_picked":["Philosopher\u0027s Stone","Busted Crown"],"picked":"WristBlade"},{"not_picked":["Pandora\u0027s Box","Snecko Eye"],"picked":"Black Star"}],"items_purged_floors":[20,36],"is_endless":false,"potions_floor_spawned":[4,7,8,14,19,28,37,40,44,48],"ascension_level":5}}