{"host":"kig4ty9d1aubg29s","time":1612708773,"event":{"mods":["BaseMod","Minty Spire (QoL Compilation)","READ ME - Guardian Mod","READ ME - Snecko Mod","StSLib","The Cursed","The Gatherer","The Hierophant","The Runesmith"],"gold_per_floor":[115,115,128,142,142,142,142,170,219,252,85,107,116,140,149,149,149],"floor_reached":16,"language":"KOR","playtime":337,"items_purged":[],"score":220,"play_id":"587bf1ce-e5ad-49c1-8d84-d04e114ef0f2","local_time":"20210207233933","is_ascension_mode":true,"campfire_choices":[{"data":"Zap","floor":6,"key":"SMITH"},{"floor":13,"key":"REST"},{"floor":15,"key":"REST"}],"circlet_count":0,"master_deck":["AscendersBane","Strike_B","Strike_B","Strike_B","Strike_B","Defend_B","Defend_B","Defend_B","Defend_B","Zap+1","Chaos","Ball Lightning","Lockon","Storm","BootSequence","Static Discharge","Gash","Cold Snap","Loop"],"relics":["Cracked Core","NeowsBlessing","Dream Catcher","Letter Opener","Toy Ornithopter","InkBottle","CeramicFish"],"acts_visited":["Exordium"],"potions_floor_usage":[8,8,16],"damage_taken":[{"damage":0,"enemies":"2 Louse","floor":1,"turns":1},{"damage":0,"enemies":"Cultist","floor":3,"turns":1},{"damage":0,"enemies":"Jaw Worm","floor":4,"turns":1},{"damage":11,"enemies":"Gremlin Nob","floor":8,"turns":3},{"damage":35,"enemies":"Lagavulin","floor":10,"turns":5},{"damage":10,"enemies":"Exordium Wildlife","floor":12,"turns":3},{"damage":4,"enemies":"3 Louse","floor":14,"turns":3},{"damage":53,"enemies":"The Guardian","floor":16,"turns":9}],"seed_played":"-6581217167948805303","potions_obtained":[{"floor":1,"key":"Dexterity Potion"},{"floor":3,"key":"DuplicationPotion"},{"floor":4,"key":"Strength Potion"},{"floor":14,"key":"GamblersBrew"}],"is_trial":false,"path_per_floor":["M","?","M","M","?","R","T","E","T","E","$","M","R","M","R","B"],"character_chosen":"DEFECT","items_purchased":["CeramicFish"],"campfire_rested":2,"item_purchase_floors":[11],"current_hp_per_floor":[64,64,64,64,64,64,64,53,53,18,18,8,29,25,46,0,0],"gold":149,"neow_bonus":"THREE_ENEMY_KILL","is_daily":false,"chose_seed":false,"campfire_upgraded":1,"win_rate":0.0,"timestamp":1612708773,"path_taken":["M","?","M","?","?","R","?","E","T","E","?","M","R","M","R","BOSS"],"items_purchased_type":["Relic"],"build_version":"2020-12-22","purchased_purges":0,"victory":false,"max_hp_per_floor":[71,71,71,71,71,71,71,71,71,71,71,71,71,71,71,71,71],"card_choices":[{"not_picked":["Redo","Hologram"],"picked":"Chaos","floor":1},{"not_picked":["Coolheaded","Consume"],"picked":"Ball Lightning","floor":3},{"not_picked":["Hello World","Redo"],"picked":"Lockon","floor":4},{"not_picked":["Reinforced Body","Reboot"],"picked":"Storm","floor":8},{"not_picked":["Go for the Eyes","Sweeping Beam"],"picked":"BootSequence","floor":10},{"not_picked":["Stack","Reprogram"],"picked":"Static Discharge","floor":12},{"not_picked":["Reinforced Body","Steam"],"picked":"Gash","floor":13},{"not_picked":["Gash","Double Energy"],"picked":"Cold Snap","floor":14},{"not_picked":["Sweeping Beam","Barrage"],"picked":"Loop","floor":15}],"player_experience":1965488,"relics_obtained":[{"floor":7,"key":"Dream Catcher"},{"floor":8,"key":"Letter Opener"},{"floor":9,"key":"Toy Ornithopter"},{"floor":10,"key":"InkBottle"}],"event_choices":[{"cards_removed":["Dualcast"],"damage_healed":0,"gold_gain":0,"player_choice":"Offered Basic","damage_taken":0,"max_hp_gain":0,"max_hp_loss":0,"event_name":"Bonfire Elementals","floor":2,"gold_loss":0},{"damage_healed":0,"gold_gain":0,"player_choice":"Ignored","damage_taken":0,"max_hp_gain":0,"max_hp_loss":0,"event_name":"Golden Wing","floor":5,"gold_loss":0}],"is_beta":false,"boss_relics":[],"items_purged_floors":[],"is_endless":false,"potions_floor_spawned":[1,3,4,14],"killed_by":"The Guardian","ascension_level":20}}