{"host":"aapp7ew3jk5k1bvd","time":1612698082,"event":{"mods":["AchievementEnabler","BaseMod","Colored Map","Minty Spire (QoL Compilation)","Permanent Neow","StSLib","SuperFastMode"],"gold_per_floor":[109,109,130,130,55,86,105,105,129,152,152,173,173,173,173,304,304,317,217,217,217,92,92,92,106,106,106,119,139,152,175,175,305,305,305],"floor_reached":34,"language":"KOR","playtime":593,"items_purged":["Defend_R","Strike_R","Strike_R"],"score":352,"play_id":"290a721f-8077-44d7-88df-06628dacc320","local_time":"20210207204122","is_ascension_mode":false,"campfire_choices":[{"data":"Bash","floor":8.0,"key":"SMITH"},{"data":"Clash","floor":11.0,"key":"SMITH"},{"data":"Dropkick","floor":13.0,"key":"SMITH"},{"floor":15.0,"key":"REST"},{"data":"Sever Soul","floor":23.0,"key":"SMITH"},{"data":"Sword Boomerang","floor":27.0,"key":"SMITH"},{"floor":32.0,"key":"REST"}],"circlet_count":0,"master_deck":["Bash+1","Sword Boomerang+1","Dropkick+1","Sever Soul+1","Clash+1","Barricade+1","Barricade+1","Entrench+1"],"relics":["Burning Blood","Golden Idol","Potion Belt","Omamori","Runic Cube","Centennial Puzzle","Astrolabe"],"acts_visited":["Exordium","TheCity"],"potions_floor_usage":[33,33],"damage_taken":[{"damage":5.0,"enemies":"Small Slimes","floor":1.0,"turns":3.0},{"damage":0.0,"enemies":"2 Louse","floor":3.0,"turns":3.0},{"damage":36.0,"enemies":"Lagavulin","floor":6.0,"turns":5.0},{"damage":0.0,"enemies":"Cultist","floor":7.0,"turns":2.0},{"damage":6.0,"enemies":"Exordium Wildlife","floor":10.0,"turns":3.0},{"damage":0.0,"enemies":"3 Louse","floor":12.0,"turns":3.0},{"damage":53.0,"enemies":"Hexaghost","floor":16.0,"turns":6.0},{"damage":14.0,"enemies":"Shell Parasite","floor":18.0,"turns":3.0},{"damage":10.0,"enemies":"Chosen","floor":25.0,"turns":3.0},{"damage":28.0,"enemies":"Shelled Parasite and Fungi","floor":28.0,"turns":3.0},{"damage":3.0,"enemies":"Centurion and Healer","floor":29.0,"turns":3.0},{"damage":21.0,"enemies":"Snake Plant","floor":30.0,"turns":2.0},{"damage":20.0,"enemies":"Chosen and Byrds","floor":31.0,"turns":4.0},{"damage":23,"enemies":"Champ","floor":33,"turns":5}],"seed_played":"-2478252362885649017","potions_obtained":[{"floor":12.0,"key":"Ancient Potion"},{"floor":16.0,"key":"CultistPotion"},{"floor":18.0,"key":"Strength Potion"},{"floor":30.0,"key":"GamblersBrew"}],"is_trial":false,"path_per_floor":["M","?","M","?","$","E","M","R","T","M","R","M","R","?","R","B",null,"M","$","?","?","$","R","$","M","T","R","M","M","M","M","R","B",null],"character_chosen":"IRONCLAD","items_purchased":[],"campfire_rested":2,"item_purchase_floors":[],"current_hp_per_floor":[72,54,60,60,60,30,36,36,36,36,36,42,42,42,63,16,72,64,64,64,72,72,72,72,68,68,68,46,49,34,20,41,24,24,24],"gold":305,"neow_bonus":"TRANSFORM_TWO_CARDS","is_daily":false,"chose_seed":false,"campfire_upgraded":5,"win_rate":0.0,"timestamp":1612698082,"path_taken":["M","?","M","?","$","E","?","R","T","M","R","M","R","?","R","BOSS","M","$","?","?","$","R","?","M","T","R","M","M","?","M","R","BOSS"],"items_purchased_type":[],"build_version":"2020-12-22","purchased_purges":3,"victory":false,"max_hp_per_floor":[72,72,72,72,72,72,72,72,72,72,72,72,72,72,72,72,72,72,72,72,72,72,72,72,72,72,72,72,72,72,72,72,72,72,72],"card_choices":[{"not_picked":["Warcry","Reckless Charge","Headbutt"],"picked":"SKIP","floor":1.0},{"not_picked":["Body Slam","Burning Pact","Shrug It Off"],"picked":"SKIP","floor":3.0},{"not_picked":["Armaments","Twin Strike","Iron Wave"],"picked":"SKIP","floor":6.0},{"not_picked":["Armaments","Twin Strike","Clash"],"picked":"SKIP","floor":7.0},{"not_picked":["Armaments","Twin Strike"],"picked":"Clash","floor":7.0},{"not_picked":["Sword Boomerang","Clash","Impervious"],"picked":"SKIP","floor":10.0},{"not_picked":["Armaments","Warcry","Flex"],"picked":"SKIP","floor":12.0},{"not_picked":["Whirlwind+1","Sentinel","Wild Strike"],"picked":"SKIP","floor":18.0},{"not_picked":["Spot Weakness","Perfected Strike","Warcry"],"picked":"SKIP","floor":25.0},{"not_picked":["Pommel Strike","Shockwave","Warcry"],"picked":"SKIP","floor":28.0},{"not_picked":["Ghostly Armor","Cleave","Heavy Blade"],"picked":"SKIP","floor":29.0},{"not_picked":["Headbutt","Anger","Juggernaut"],"picked":"SKIP","floor":30.0},{"not_picked":["Feel No Pain+1","Disarm","Ghostly Armor"],"picked":"SKIP","floor":31.0}],"player_experience":1335815,"relics_obtained":[{"floor":6.0,"key":"Potion Belt"},{"floor":9.0,"key":"Omamori"},{"floor":26.0,"key":"Centennial Puzzle"}],"event_choices":[{"damage_healed":0.0,"max_hp_gain":0.0,"max_hp_loss":0.0,"gold_gain":0.0,"event_name":"Golden Idol","player_choice":"Take Damage","floor":2.0,"gold_loss":0.0,"damage_taken":18.0,"relics_obtained":["Golden Idol"]},{"damage_healed":0.0,"max_hp_gain":0.0,"max_hp_loss":0.0,"gold_gain":0.0,"cards_transformed":["Strike_R"],"event_name":"Transmorgrifier","player_choice":"Transformed","floor":4.0,"gold_loss":0.0,"damage_taken":0.0,"cards_obtained":["Sever Soul"]},{"damage_healed":0.0,"max_hp_gain":0.0,"max_hp_loss":0.0,"gold_gain":0.0,"event_name":"Liars Game","player_choice":"Ignored","floor":14.0,"gold_loss":0.0,"damage_taken":0.0},{"damage_healed":24.0,"max_hp_gain":0.0,"max_hp_loss":0.0,"gold_gain":0.0,"event_name":"The Library","player_choice":"Heal","floor":21.0,"gold_loss":0.0,"damage_taken":0.0}],"is_beta":false,"boss_relics":[{"not_picked":["Ectoplasm","Tiny House"],"picked":"Runic Cube"},{"not_picked":["Mark of Pain","SacredBark"],"picked":"Astrolabe"}],"items_purged_floors":[5,19,22],"is_endless":false,"potions_floor_spawned":[12,16,18,30,31],"ascension_level":0}}