{"host":"o9lehcdjc4u6j9un","time":1612718802,"event":{"mods":["BaseMod","Colored Map","Downfall","Hermit","Marisa£®ÏF”Í°°ƒß¿Ì…≥£©","Minty Spire (QoL Compilation)","Reimu£®≤©¿ˆ¡È√Œ£©","Remilia£®¿Ÿ√◊¿Ú—«£©","StSLib","The Runesmith","The Senshi","Youmu£®ªÍ∆«—˝√Œ£©"],"gold_per_floor":[118,16,16,36,36,74,87,127,127,127,141,180,193,213,213,338,338,263,263,263,263,263,263,263,263,263,263,163,163,163,163,163,163,163,163,163,163,0,0,0,0,0,0,0,0,0,0,0,0,0],"floor_reached":51,"language":"ZHS","playtime":5912,"items_purged":["Defend_Lin:ReiMu","Gluttony_TH"],"score":899,"play_id":"51714b36-7eac-4e88-ac90-081e8e08498e","local_time":"20210208012642","is_ascension_mode":false,"campfire_choices":[{"floor":10,"key":"REST"},{"floor":15,"key":"REST"},{"data":"Gathering:ReiMu","floor":23,"key":"SMITH"},{"floor":30,"key":"REST"},{"floor":32,"key":"REST"},{"floor":47,"key":"REST"},{"floor":49,"key":"REST"}],"circlet_count":0,"master_deck":["Strike_Lin:ReiMu","Strike_Lin:ReiMu","Strike_Lin:ReiMu","Strike_Lin:ReiMu","Defend_Lin:ReiMu","Defend_Lin:ReiMu","Defend_Lin:ReiMu","NB:ReiMu","Stagnation:ReiMu","Enchanting:ReiMu","Amulet:ReiMu","Gathering:ReiMu+1","LearningPray:ReiMu","Crusade:ReiMu","Meditation:ReiMu","ForcedLanding:ReiMu","CareerPray:ReiMu","SubAcupoint:ReiMu","SafetyPray:ReiMu","BlastKick2:ReiMu","FantasyBorder:ReiMu+1","AirStrike:ReiMu","Amulet:ReiMu","Meditation:ReiMu+1","AirStrike:ReiMu","Amulet:ReiMu+1","ShadowOfCrow2:ReiMu+1","KamiRite:ReiMu","SpringWay:ReiMu+1","SubAcupoint:ReiMu+1","PrepareRite:ReiMu+1","SafetyPray:ReiMu+1","Meditation:ReiMu","CareerPray:ReiMu","NineCharacters:ReiMu+1","SubAcupoint:ReiMu","SubAcupoint:ReiMu","Trip","Chrysalis","Panache"],"relics":["FlyPower:ReiMu","Golden Idol","Calipers","TungstenRod","Happy Flower","TurtleShell:ReiMu","Bag of Preparation","Ectoplasm","theSenshi:SailorFukuRelic","Fusion Hammer","CatCart","Red Mask","Peace Pipe","Orichalcum","SkyOrb:ReiMu","CrazyTorch:ReiMu"],"acts_visited":["Exordium","TheCity","TheBeyond"],"potions_floor_usage":[6,7,8,16,16,24,24,25,31,36,39,39,40],"damage_taken":[{"damage":0,"enemies":"Jaw Worm","floor":1,"turns":4},{"damage":0,"enemies":"Small Slimes","floor":4,"turns":4},{"damage":18,"enemies":"Lagavulin","floor":6,"turns":11},{"damage":1,"enemies":"Cultist","floor":7,"turns":5},{"damage":11,"enemies":"3 Sentries","floor":8,"turns":9},{"damage":0,"enemies":"Large Slime","floor":11,"turns":5},{"damage":6,"enemies":"Gremlin Nob","floor":12,"turns":3},{"damage":0,"enemies":"Lots of Slimes","floor":13,"turns":1},{"damage":0,"enemies":"2 Fungi Beasts","floor":14,"turns":2},{"damage":0,"enemies":"The Guardian","floor":16,"turns":11},{"damage":3,"enemies":"2 Thieves","floor":18,"turns":5},{"damage":0,"enemies":"3 Byrds","floor":20,"turns":6},{"damage":0,"enemies":"Snake Plant","floor":21,"turns":5},{"damage":48,"enemies":"Gremlin Leader","floor":24,"turns":11},{"damage":7,"enemies":"Snecko","floor":25,"turns":5},{"damage":4,"enemies":"Centurion and Healer","floor":27,"turns":6},{"damage":15,"enemies":"Cultist and Chosen","floor":31,"turns":10},{"damage":9,"enemies":"Automaton","floor":33,"turns":10},{"damage":0,"enemies":"Orb Walker","floor":35,"turns":3},{"damage":8,"enemies":"Orin","floor":36,"turns":12},{"damage":4,"enemies":"3 Darklings","floor":39,"turns":8},{"damage":11,"enemies":"Jaw Worm Horde","floor":40,"turns":3},{"damage":36,"enemies":"2 Orb Walkers","floor":41,"turns":7},{"damage":0,"enemies":"Nemesis","floor":42,"turns":9},{"damage":0,"enemies":"Sphere and 2 Shapes","floor":44,"turns":5},{"damage":0,"enemies":"Spire Growth","floor":45,"turns":6},{"damage":9,"enemies":"Reptomancer","floor":46,"turns":7},{"damage":0,"enemies":"Donu and Deca","floor":50,"turns":7}],"seed_played":"-4925443492861340891","potions_obtained":[{"floor":4,"key":"Ancient Potion"},{"floor":6,"key":"Fire Potion"},{"floor":7,"key":"ColorlessPotion"},{"floor":11,"key":"Fire Potion"},{"floor":12,"key":"LiquidMemories"},{"floor":14,"key":"PinkPotion:ReiMu"},{"floor":18,"key":"HakureiPotion:ReiMu"},{"floor":21,"key":"PinkPotion:ReiMu"},{"floor":27,"key":"PowerPotion"},{"floor":33,"key":"Fire Potion"},{"floor":35,"key":"bronze:BurnAndBuffPotion"},{"floor":36,"key":"EntropicBrew"},{"floor":42,"key":"bronze:BurnAndBuffPotion"},{"floor":45,"key":"Guardian:BlockOnCardUsePotion"}],"is_trial":false,"path_per_floor":["M","$","?","M","?","E","M","E","T","R","M","E","M","M","R","B",null,"M","?","M","M","?","R","E","M","T","M","$","?","R","M","R","B",null,"M","?","?","?","M","M","?","E","T","M","M","E","R","?","R","B",null],"character_chosen":"REIMU","items_purchased":["Amulet:ReiMu"],"campfire_rested":6,"item_purchase_floors":[2],"current_hp_per_floor":[71,71,54,54,47,29,28,17,17,38,38,32,32,32,53,53,71,68,68,68,68,83,83,35,28,28,24,24,19,44,29,54,45,86,86,78,78,78,74,63,27,27,27,27,27,18,42,33,57,57],"gold":0,"neow_bonus":"TEN_PERCENT_HP_BONUS","is_daily":false,"chose_seed":false,"campfire_upgraded":1,"win_rate":0.0,"timestamp":1612718802,"path_taken":["M","$","?","M","?","E","M","E","T","R","M","E","M","M","R","BOSS","M","?","M","?","?","R","E","M","T","M","$","?","R","?","R","BOSS","M","?","?","?","?","M","?","E","T","M","M","E","R","?","R","BOSS"],"items_purchased_type":["Card"],"build_version":"2020-12-22","purchased_purges":2,"victory":true,"max_hp_per_floor":[71,71,71,71,71,71,71,71,71,71,71,71,71,71,71,71,71,71,71,71,71,86,86,86,86,86,86,86,86,86,86,86,86,86,86,86,82,82,82,82,82,82,82,82,82,82,82,82,82,82],"card_choices":[{"not_picked":["AlertArray:ReiMu","SpiritualOutbreak2:ReiMu"],"picked":"Enchanting:ReiMu","floor":1},{"not_picked":["TightArray:ReiMu","SealNeedle:ReiMu"],"picked":"Gathering:ReiMu","floor":4},{"not_picked":["Meditation:ReiMu","TakeOff:ReiMu"],"picked":"LearningPray:ReiMu","floor":6},{"not_picked":["HakureiPhantom:ReiMu","FantasyBorder:ReiMu"],"picked":"Crusade:ReiMu","floor":7},{"not_picked":["RainPray2:ReiMu","Mountainwind:ReiMu"],"picked":"Meditation:ReiMu","floor":8},{"not_picked":["RainPray2:ReiMu","Meditation:ReiMu"],"picked":"ForcedLanding:ReiMu","floor":11},{"not_picked":["PrepareRite:ReiMu","OrbThrow:ReiMu"],"picked":"CareerPray:ReiMu","floor":12},{"not_picked":["Amulet:ReiMu","MountainWay:ReiMu"],"picked":"SubAcupoint:ReiMu","floor":13},{"not_picked":["AlertArray:ReiMu","ForcedLanding:ReiMu"],"picked":"SafetyPray:ReiMu","floor":14},{"not_picked":["CleanRite:ReiMu","HakureiPhantom:ReiMu"],"picked":"BlastKick2:ReiMu","floor":16},{"not_picked":["Conquer:ReiMu","AlertArray:ReiMu"],"picked":"FantasyBorder:ReiMu+1","floor":18},{"not_picked":["PhosphorusFlame:ReiMu+1","Enchanting:ReiMu"],"picked":"AirStrike:ReiMu","floor":20},{"not_picked":["SafetyPray:ReiMu","MikOfLucky:ReiMu"],"picked":"Amulet:ReiMu","floor":21},{"not_picked":["NineCharacters:ReiMu+1","YinYang:ReiMu"],"picked":"Meditation:ReiMu+1","floor":24},{"not_picked":["SpreadBorder2:ReiMu","Intuition:ReiMu+1"],"picked":"AirStrike:ReiMu","floor":25},{"not_picked":["OrbThrow:ReiMu+1","AlertArray:ReiMu"],"picked":"Amulet:ReiMu+1","floor":27},{"not_picked":["AirManeuver:ReiMu","OctopathBindingBorder2:ReiMu+1"],"picked":"ShadowOfCrow2:ReiMu+1","floor":31},{"not_picked":["DependentForm:ReiMu","RunawayExorcism:ReiMu"],"picked":"KamiRite:ReiMu","floor":33},{"not_picked":["SpreadBorder2:ReiMu+1","EmergencyTakeOff:ReiMu"],"picked":"SpringWay:ReiMu+1","floor":35},{"not_picked":["MikOfLucky:ReiMu+1","OrbThrow:ReiMu"],"picked":"SubAcupoint:ReiMu+1","floor":36},{"not_picked":["Dreaming2:ReiMu+1","SpiritualOutbreak2:ReiMu"],"picked":"PrepareRite:ReiMu+1","floor":39},{"not_picked":["OrbThrow:ReiMu","Enchanting:ReiMu"],"picked":"SafetyPray:ReiMu+1","floor":40},{"not_picked":["ForcedLanding:ReiMu+1","RainPray2:ReiMu"],"picked":"Meditation:ReiMu","floor":41},{"not_picked":["Amulet:ReiMu","LovePray:ReiMu"],"picked":"CareerPray:ReiMu","floor":42},{"not_picked":["OctopathBindingBorder2:ReiMu","FantasyBorder:ReiMu+1"],"picked":"NineCharacters:ReiMu+1","floor":44},{"not_picked":["CareerPray:ReiMu","OrbThrow:ReiMu+1"],"picked":"SubAcupoint:ReiMu","floor":45},{"not_picked":["RainPray2:ReiMu+1","ForcedLanding:ReiMu"],"picked":"SubAcupoint:ReiMu","floor":46},{"not_picked":["Deep Breath","Dramatic Entrance"],"picked":"Trip","floor":48},{"not_picked":["Jack Of All Trades","Dark Shackles"],"picked":"Chrysalis","floor":48},{"not_picked":["Impatience","Madness"],"picked":"Panache","floor":48}],"player_experience":125742,"relics_obtained":[{"floor":6,"key":"TungstenRod"},{"floor":8,"key":"Happy Flower"},{"floor":9,"key":"TurtleShell:ReiMu"},{"floor":12,"key":"Bag of Preparation"},{"floor":24,"key":"theSenshi:SailorFukuRelic"},{"floor":36,"key":"CatCart"},{"floor":41,"key":"Peace Pipe"},{"floor":42,"key":"Orichalcum"},{"floor":43,"key":"SkyOrb:ReiMu"},{"floor":46,"key":"CrazyTorch:ReiMu"}],"event_choices":[{"damage_healed":0,"gold_gain":0,"player_choice":"Take Damage","damage_taken":17,"relics_obtained":["Golden Idol"],"max_hp_gain":0,"max_hp_loss":0,"event_name":"Golden Idol","floor":3,"gold_loss":0},{"damage_healed":0,"gold_gain":0,"player_choice":"Success","damage_taken":7,"relics_obtained":["Calipers"],"max_hp_gain":0,"max_hp_loss":0,"event_name":"Scrap Ooze","floor":5,"gold_loss":0},{"damage_healed":0,"gold_gain":0,"player_choice":"Ignored","damage_taken":0,"max_hp_gain":0,"max_hp_loss":0,"event_name":"NoteForYourself","floor":19,"gold_loss":0},{"damage_healed":0,"gold_gain":0,"player_choice":"","damage_taken":6,"max_hp_gain":0,"max_hp_loss":0,"event_name":"Knowing Skull","floor":29,"potions_obtained":[],"gold_loss":0,"cards_obtained":[]},{"damage_healed":0,"gold_gain":0,"player_choice":"Fight","damage_taken":0,"max_hp_gain":0,"max_hp_loss":0,"event_name":"OrinTheCat","floor":36,"gold_loss":0},{"damage_healed":0,"gold_gain":0,"player_choice":"Max HP","damage_taken":0,"max_hp_gain":0,"max_hp_loss":4,"event_name":"Winding Halls","floor":37,"gold_loss":0},{"damage_healed":0,"gold_gain":0,"player_choice":"Paid","damage_taken":0,"relics_obtained":["Red Mask"],"max_hp_gain":0,"max_hp_loss":0,"event_name":"Tomb of Lord Red Mask","floor":38,"gold_loss":163},{"damage_healed":0,"gold_gain":0,"player_choice":"Fight","damage_taken":0,"max_hp_gain":0,"max_hp_loss":0,"event_name":"Mysterious Sphere","floor":41,"gold_loss":0},{"damage_healed":0,"gold_gain":0,"player_choice":"Memory 3","damage_taken":10,"max_hp_gain":0,"max_hp_loss":0,"event_name":"SensoryStone","floor":48,"gold_loss":0}],"is_beta":false,"boss_relics":[{"not_picked":["Runic Dome","CrownOfHeavens:ReiMu"],"picked":"Ectoplasm"},{"not_picked":["Calling Bell","Busted Crown"],"picked":"Fusion Hammer"}],"items_purged_floors":[2,28],"is_endless":false,"potions_floor_spawned":[4,6,7,11,12,14,18,21,27,33,35,36,42,45],"ascension_level":0}}