{"host":"dwyzfvnzfcqffr30","time":1612738375,"event":{"mods":["2.2 Compatiblity","Act Like it!","Aspiration","BaseMod","Beaked The Cultist","Better Altar","Better Match","Better Note","Better Sensory Stone","Better Skull","Better Third Choice","Clockwork Mod","Colored Map","Colored Powertips","Conspire","Downfall","Elementarium","GifTheSpireLib","Halation","Hermit","Hubris","Infinite Spire","Ironclad Rager","Jedi Mod","Menagerie","Mimic Mod","Minty Spire (QoL Compilation)","Permanent Neow","Random Character Button","Relic Filter Mod","Reliquary","Replay The Spire","Spicy Shops","Spikes Relics","StSLib","Stuff the Spire","The Construct","The Disciple","The Druid","The Marked","TheFirefly","Trackpad","Wandering Minibosses"],"gold_per_floor":[115,103,103,103,97,128,53,71,150,150,192,192,192,219,219,338,338,378,378,416,504,583,583,667,667,728,792,60,60,129,183,183,327,327,387,124,201,263,302,372,372,434,434,434,434,500,574,654,654,670,670,670,23,75,98],"floor_reached":56,"language":"ENG","playtime":7078,"items_purged":["thefirefly:Strike+1","thefirefly:Reposition+1","Hallucinations","thefirefly:Unburden+1","thefirefly:Strike+1","thefirefly:Strike+1"],"score":1566,"play_id":"0cbfc54f-e038-4fbc-b8d9-e5f9e4944ddf","local_time":"20210207145255","is_ascension_mode":false,"campfire_choices":[{"floor":10.0,"key":"RECALL"},{"floor":15.0,"key":"REST"},{"data":"sneckomod:GlitteringGambit+1","floor":23.0,"key":"SMITH"},{"floor":25.0,"key":"REST"},{"data":"thefirefly:ChargedLaser+1","floor":32.0,"key":"SMITH"},{"data":"1","floor":44,"key":"LIFT"},{"data":"2","floor":49,"key":"LIFT"},{"data":"3","floor":52,"key":"LIFT"}],"circlet_count":0,"master_deck":["Absolvement+3","thefirefly:Defend+1","thefirefly:Defend+1","thefirefly:Defend+1","thefirefly:Defend+1","thefirefly:StealthMode+1","thefirefly:LifeSupport+1","Apotheosis+1","MasterReality+1","thefirefly:ChargedLaser+2","Menagerie:BeastSpirit+1","thefirefly:LaserMail+1","thefirefly:QuantumTunneling+1","thefirefly:CreateClone+1","Madness+1","thefirefly:EMP+1","sneckomod:GlitteringGambit+2","thefirefly:Quine+1","thefirefly:Distort+1","Parasite","thefirefly:DataMiner+1"],"relics":["thefirefly:StealthSystem","Frozen Egg 2","Toxic Egg 2","Molten Egg 2","Quantum Egg","SacredBark","halation:Prosthetics","Bottled Tornado","reliquary:Boomerang","Matryoshka","ReplayTheSpireMod:Ring of Collecting","Painkiller Herb","jedi:windupbox","beaked:SacredDeck","wanderingMiniBosses:ThiefScarf","conspire:InfiniteJournal","hubris:TinFlute","infinitespire:EvilPickle","reliquary:SilkGlove","ReplayTheSpireMod:Ring of Addiction","Chameleon Ring","Toy Ornithopter","reliquary:PurpleTingedLeaf","Boot","Elementarium:ElementariumTrophy","StuffTheSpire:Expresso","reliquary:RedCape","jedi:archwizardhat","Girya","hubris:MysteriousPyramids","reliquary:RosewoodLute","reliquary:PartyBalloon","infinitespire:BottledMercury","infinitespire:EmpoweringShard","aspiration:HatOfInfinitePower","Bottled Flame"],"acts_visited":["Menagerie:Menagerie","Elementarium:Elementarium","TheBeyond","TheEnding"],"potions_floor_usage":[35,40,40,42,50,54,55],"damage_taken":[{"damage":0.0,"enemies":"Menagerie:2_RABBITS","floor":1.0,"turns":3.0},{"damage":0.0,"enemies":"Menagerie:WhisperingWraith","floor":2.0,"turns":6.0},{"damage":3.0,"enemies":"Menagerie:MonstrousExperiment","floor":5.0,"turns":6.0},{"damage":0.0,"enemies":"Menagerie:Hydra","floor":6.0,"turns":5.0},{"damage":2.0,"enemies":"Menagerie:3_RABBITS","floor":8.0,"turns":4.0},{"damage":5.0,"enemies":"Menagerie:VoidReaper","floor":11.0,"turns":8.0},{"damage":6.0,"enemies":"Menagerie:MENAGERIE_WILDLIFE","floor":14.0,"turns":4.0},{"damage":6.0,"enemies":"Menagerie:Chimera","floor":16.0,"turns":10.0},{"damage":5.0,"enemies":"Elementarium:2_ELEMENTALS","floor":18.0,"turns":6.0},{"damage":6.0,"enemies":"Elementarium:MUD_AND_TAR_GOLEMS","floor":20.0,"turns":3.0},{"damage":8.0,"enemies":"Elementarium:3_ELEMENTALS","floor":21.0,"turns":6.0},{"damage":8.0,"enemies":"Elementarium:VOID_CORRUPTION_AND_TAR_GOLEM","floor":22.0,"turns":6.0},{"damage":16.0,"enemies":"Elementarium:VoidBeast","floor":24.0,"turns":3.0},{"damage":0.0,"enemies":"Elementarium:CYCLONE_AND_ORB_OF_FIRE","floor":26.0,"turns":4.0},{"damage":1.0,"enemies":"Elementarium:CYCLONE_AND_ORB_OF_FIRE","floor":27.0,"turns":2.0},{"damage":18.0,"enemies":"Elementarium:ElementalPortal","floor":30.0,"turns":6.0},{"damage":0.0,"enemies":"Elementarium:3_ELEMENTALS","floor":31.0,"turns":1.0},{"damage":0.0,"enemies":"Elementarium:GolemEmperor","floor":33.0,"turns":11.0},{"damage":6,"enemies":"3 Darklings","floor":35,"turns":5},{"damage":56,"enemies":"2 Orb Walkers","floor":37,"turns":7},{"damage":0,"enemies":"Orb Walker","floor":38,"turns":4},{"damage":18,"enemies":"Maw","floor":39,"turns":8},{"damage":10,"enemies":"Nemesis","floor":40,"turns":7},{"damage":0,"enemies":"Giant Head","floor":42,"turns":8},{"damage":0,"enemies":"Spire Growth","floor":46,"turns":5},{"damage":9,"enemies":"Writhing Mass","floor":47,"turns":6},{"damage":7,"enemies":"Transient","floor":48,"turns":5},{"damage":40,"enemies":"Donu and Deca","floor":50,"turns":12},{"damage":3,"enemies":"Shield and Spear","floor":54,"turns":7},{"damage":61,"enemies":"The Heart","floor":55,"turns":12}],"seed_played":"-1610074140784364828","potions_obtained":[{"floor":1.0,"key":"SpeedPotion"},{"floor":2.0,"key":"Adrenaline Potion"},{"floor":5.0,"key":"Fire Potion"},{"floor":14.0,"key":"Fruit Juice"},{"floor":18.0,"key":"Guardian:BlockOnCardUsePotion"},{"floor":22.0,"key":"DuplicationPotion"},{"floor":26.0,"key":"SteroidPotion"},{"floor":26.0,"key":"Milkshake"},{"floor":30.0,"key":"Weak Potion"},{"floor":31.0,"key":"SpeedPotion"},{"floor":35,"key":"FearPotion"},{"floor":38,"key":"Death Potion"},{"floor":40,"key":"AttackPotion"},{"floor":41,"key":"Energy Potion"},{"floor":48,"key":"DuplicationPotion"}],"is_trial":false,"path_per_floor":["M","M","?","?","M","E","$","M","T","R","E","?","?","M","R","B",null,"?","AVR","?","?","?","T","?","T","MIM","?","T","?","E","?","T","B",null,"?","T","?","?","?","E","T","E","T","T","?","?","?","?","T","B",null,"T","T","E","B",null],"character_chosen":"THE_FIREFLY","items_purchased":["reliquary:PurpleTingedLeaf","Dexterity Potion","Boot","Fire Potion","jedi:archwizardhat","infinitespire:EmpoweringShard","aspiration:HatOfInfinitePower","SkillPotion"],"campfire_rested":2,"item_purchase_floors":[28,28,28,28,36,53,53,53],"current_hp_per_floor":[50,50,47,47,44,44,44,47,47,47,46,46,46,53,59,57,63,60,60,54,57,63,63,47,67,69,70,70,71,58,63,63,75,75,77,77,34,49,50,77,77,85,85,85,85,85,81,89,87,51,89,89,89,89,45],"gold":98,"neow_bonus":"TRANSFORM_CARD","is_daily":false,"chose_seed":false,"campfire_upgraded":2,"win_rate":0.0,"timestamp":1612738375,"path_taken":["M","M","?","?","M","E","$","M","T","R","E","?","?","M","R","BOSS","?","AVR","?","?","?","T","?","T","MIM","?","T","?","E","?","T","BOSS","?","T","?","?","?","E","T","E","T","T","?","?","?","?","T","BOSS","T","T","E","BOSS"],"items_purchased_type":["Relic","Potion","Relic","Potion","Relic","Relic","Relic","Potion"],"build_version":"2020-12-22","purchased_purges":6,"victory":true,"max_hp_per_floor":[50,50,47,47,47,47,47,47,47,47,47,47,47,59,59,63,63,65,65,65,67,69,69,69,69,69,71,71,71,73,73,73,75,75,77,77,79,81,81,83,83,85,85,85,85,85,87,89,87,89,89,89,89,89,91],"card_choices":[{"not_picked":["thefirefly:EnergyShield+1","thefirefly:StarCinder+1","thefirefly:PhantomStrike+1"],"picked":"SKIP","floor":1.0},{"not_picked":["thefirefly:ReverseEngine+1","thefirefly:QuantumTunneling+1"],"picked":"thefirefly:ChargedLaser+1","floor":2.0},{"not_picked":["thefirefly:FullProjection+1","thefirefly:EvasiveManeuver+1"],"picked":"thefirefly:Reposition+1","floor":5.0},{"not_picked":["thefirefly:Flight+1","thefirefly:DataMiner+1"],"picked":"thefirefly:LaserMail+1","floor":6.0},{"not_picked":["thefirefly:Teleport+1","thefirefly:PotentAmmunition+1"],"picked":"thefirefly:QuantumTunneling+1","floor":8.0},{"not_picked":["thefirefly:InterceptingShot+1","thefirefly:RollBack+1"],"picked":"thefirefly:CreateClone+1","floor":11.0},{"not_picked":["Impatience+1","jedi:forcepull+1"],"picked":"Madness+1","floor":13.0},{"not_picked":["thefirefly:Rend+1","thefirefly:HyperFocus+1","thefirefly:Preload+1"],"picked":"SKIP","floor":14.0},{"not_picked":["thefirefly:TachyonBeam+1","thefirefly:AlphaStrike+1"],"picked":"thefirefly:Unburden+1","floor":16.0},{"not_picked":["thefirefly:SteadyAim+1","thefirefly:ArtillleryBeam+1"],"picked":"thefirefly:EMP+1","floor":18.0},{"not_picked":["thefirefly:Boost+1","thefirefly:AccountUncertainty+1","thefirefly:Ruminate+1"],"picked":"SKIP","floor":20.0},{"not_picked":["thefirefly:StoredPower+1","thefirefly:InterceptingShot+1"],"picked":"thefirefly:Quine+1","floor":21.0},{"not_picked":["thefirefly:NebulaVeil+1","thefirefly:CoveringFire+1","thefirefly:Preload+1"],"picked":"SKIP","floor":22.0},{"not_picked":["thefirefly:LifeSupport+1","thefirefly:Teleport+1","thefirefly:FlakCannon+1"],"picked":"SKIP","floor":24.0},{"not_picked":["thefirefly:LaserMail+1","thefirefly:StarCinder+1"],"picked":"thefirefly:Distort+1","floor":26.0},{"not_picked":["thefirefly:RollBack+1","thefirefly:Prominence+1","thefirefly:Rend+1"],"picked":"SKIP","floor":27.0},{"not_picked":["thefirefly:NebulaVeil+1","thefirefly:Boost+1","thefirefly:Regeneration+1"],"picked":"SKIP","floor":30.0},{"not_picked":["thefirefly:StarCinder+1","thefirefly:RollBack+1","thefirefly:Teleport+1"],"picked":"SKIP","floor":31.0},{"not_picked":["thefirefly:StoredPower+1","thefirefly:Teleport+1","thefirefly:InterceptingShot+1"],"picked":"SKIP","floor":35},{"not_picked":["thefirefly:Flight+1","thefirefly:StarCinder+1","thefirefly:InterceptingShot+1"],"picked":"SKIP","floor":38},{"not_picked":["thefirefly:Reposition+1","thefirefly:EvasiveManeuver+1","thefirefly:Unweft+1"],"picked":"SKIP","floor":39},{"not_picked":["thefirefly:PotentAmmunition+1","thefirefly:FlakCannon+1","thefirefly:MirrorShield+1"],"picked":"SKIP","floor":40},{"not_picked":["thefirefly:Exile+1","thefirefly:InterceptingShot+1","thefirefly:QuantumTunneling+1"],"picked":"SKIP","floor":42},{"not_picked":["thefirefly:FlareScreen+1","thefirefly:StarCinder+1","thefirefly:PotentAmmunition+1"],"picked":"SKIP","floor":46},{"not_picked":["thefirefly:Bombardment+1","thefirefly:Pacify+1","thefirefly:StoredPower+1"],"picked":"SKIP","floor":47},{"not_picked":["thefirefly:EnergyShield+1","thefirefly:NebulaVeil+1"],"picked":"thefirefly:DataMiner+1","floor":48},{"not_picked":["thefirefly:RollBack+1","thefirefly:Reposition+1","thefirefly:AutoTargeting+1"],"picked":"SKIP","floor":54}],"player_experience":3064407,"relics_obtained":[{"floor":6.0,"key":"reliquary:Boomerang"},{"floor":9.0,"key":"Matryoshka"},{"floor":11.0,"key":"conspire:Dentures"},{"floor":12.0,"key":"ReplayTheSpireMod:Ring of Collecting"},{"floor":21.0,"key":"wanderingMiniBosses:ThiefScarf"},{"floor":21.0,"key":"conspire:InfiniteJournal"},{"floor":21.0,"key":"hubris:TinFlute"},{"floor":21.0,"key":"infinitespire:EvilPickle"},{"floor":26.0,"key":"reliquary:SilkGlove"},{"floor":26.0,"key":"ReplayTheSpireMod:Ring of Addiction"},{"floor":26.0,"key":"Chameleon Ring"},{"floor":26.0,"key":"Toy Ornithopter"},{"floor":30.0,"key":"reliquary:FerryPass"},{"floor":33.0,"key":"StuffTheSpire:Expresso"},{"floor":37,"key":"Girya"},{"floor":40,"key":"hubris:MysteriousPyramids"},{"floor":42,"key":"reliquary:RosewoodLute"},{"floor":43,"key":"reliquary:PartyBalloon"},{"floor":43,"key":"infinitespire:BottledMercury"},{"floor":54,"key":"Bottled Flame"}],"event_choices":[{"damage_healed":0.0,"max_hp_gain":0.0,"max_hp_loss":8.0,"gold_gain":0.0,"event_name":"betterThird:BetterWriting","player_choice":"Simplicity","floor":0.0,"gold_loss":0.0,"damage_taken":0.0},{"damage_healed":0.0,"max_hp_gain":0.0,"max_hp_loss":3.0,"gold_gain":0.0,"event_name":"Menagerie:BeastSpiritShrine","player_choice":"Knelt","floor":3.0,"gold_loss":0.0,"damage_taken":0.0,"cards_obtained":["Menagerie:BeastSpirit"]},{"damage_healed":0.0,"max_hp_gain":0.0,"max_hp_loss":0.0,"gold_gain":0.0,"event_name":"betterMatch:BetterMatch","player_choice":"2","floor":13.0,"gold_loss":0.0,"damage_taken":0.0,"cards_obtained":["betterMatch:ColorlessUncommonCard"]},{"damage_healed":0,"gold_gain":0,"player_choice":"Fight","damage_taken":0,"max_hp_gain":0,"max_hp_loss":0,"event_name":"Mysterious Sphere","floor":37,"gold_loss":0},{"cards_removed":["thefirefly:Strike"],"damage_healed":0,"gold_gain":0,"player_choice":"Removed Attack","damage_taken":0,"max_hp_gain":0,"max_hp_loss":0,"event_name":"Falling","floor":45,"gold_loss":0}],"is_beta":false,"boss_relics":[{"not_picked":["halation:HeavySnake","Velvet Choker"],"picked":"Painkiller Herb"},{"not_picked":["Replay:Bronze Core","reliquary:Ember"],"picked":"reliquary:RedCape"}],"items_purged_floors":[7,19,28,28,36,36],"is_endless":false,"potions_floor_spawned":[1,2,5,8,14,18,22,30,31,35,38,40,48],"ascension_level":0}}