{"host":"640uue19m79c7wbt","time":1612730949,"event":{"mods":["BaseMod","Colored Map","Googly Eyes","Highlight Path","Minty Spire (QoL Compilation)","Quick Restart","StSLib"],"gold_per_floor":[109,34,34,34,109,109,109,109,109,144,144,1,34,34,34,133,133,146,160,178,93,117,151,151,167,167,167,167],"floor_reached":27,"language":"ENG","playtime":1209,"items_purged":[],"score":560,"play_id":"e521059e-ad58-4fd1-8b3c-f5e78066c545","local_time":"20210207154909","is_ascension_mode":true,"campfire_choices":[{"floor":6,"key":"REST"},{"data":"Underhanded Strike","floor":8,"key":"SMITH"},{"floor":11,"key":"REST"},{"data":"Skewer","floor":15,"key":"SMITH"},{"floor":24,"key":"REST"}],"circlet_count":0,"master_deck":["AscendersBane","Strike_G","Strike_G","Defend_G","Defend_G","Defend_G","Defend_G","Survivor","Neutralize","Underhanded Strike+1","Reflex","Acrobatics","Well Laid Plans","Skewer+1","Envenom","Blade Dance+1","Endless Agony+1","Unload+1","Dagger Spray","Underhanded Strike","Leg Sweep","Catalyst","Underhanded Strike+1"],"relics":["Ring of the Snake","NeowsBlessing","Gremlin Horn","Golden Idol","Pantograph","Paper Crane","FossilizedHelix","Boot","Astrolabe","Tough Bandages","Toy Ornithopter","MealTicket"],"acts_visited":["Exordium","TheCity"],"potions_floor_usage":[16,19,20,22,23,23],"damage_taken":[{"damage":0,"enemies":"2 Louse","floor":1,"turns":2},{"damage":0,"enemies":"3 Sentries","floor":10,"turns":1},{"damage":0,"enemies":"Lagavulin","floor":13,"turns":1},{"damage":62,"enemies":"The Guardian","floor":16,"turns":12},{"damage":0,"enemies":"Spheric Guardian","floor":18,"turns":3},{"damage":0,"enemies":"3 Byrds","floor":19,"turns":2},{"damage":0,"enemies":"Cultist and Chosen","floor":20,"turns":4},{"damage":0,"enemies":"Shelled Parasite and Fungi","floor":22,"turns":4},{"damage":32,"enemies":"Book of Stabbing","floor":23,"turns":6},{"damage":35,"enemies":"Centurion and Healer","floor":25,"turns":10},{"damage":8,"enemies":"Snake Plant","floor":27,"turns":3}],"seed_played":"2645154490851773916","potions_obtained":[{"floor":13,"key":"LiquidMemories"},{"floor":16,"key":"Weak Potion"},{"floor":18,"key":"DistilledChaos"},{"floor":19,"key":"Swift Potion"},{"floor":20,"key":"DuplicationPotion"},{"floor":22,"key":"DuplicationPotion"}],"is_trial":false,"path_per_floor":["M","?","?","?","?","R","T","R","T","E","R","$","E","$","R","B",null,"M","M","M","?","M","E","R","M","T","M"],"character_chosen":"THE_SILENT","items_purchased":["Acrobatics","Well Laid Plans"],"campfire_rested":3,"item_purchase_floors":[12,12],"current_hp_per_floor":[59,59,41,18,7,26,26,26,26,26,45,45,45,45,45,4,51,51,51,51,51,51,19,38,3,3,0,0],"gold":167,"neow_bonus":"THREE_ENEMY_KILL","is_daily":false,"chose_seed":false,"campfire_upgraded":2,"win_rate":0.0,"timestamp":1612730949,"path_taken":["M","?","?","?","?","R","?","R","T","E","R","$","E","?","R","BOSS","M","M","?","?","M","E","R","M","T","M"],"items_purchased_type":["Card","Card"],"build_version":"2020-12-22","purchased_purges":0,"victory":false,"max_hp_per_floor":[66,66,66,66,66,66,66,66,66,66,66,66,66,66,66,66,66,66,66,66,66,66,66,66,66,66,66,66],"card_choices":[{"not_picked":["Poisoned Stab","Finisher"],"picked":"Underhanded Strike","floor":1},{"not_picked":["Endless Agony","Blade Dance"],"picked":"Reflex","floor":10},{"not_picked":["Calculated Gamble","Backstab"],"picked":"Skewer","floor":13},{"not_picked":["Adrenaline","Malaise"],"picked":"Envenom","floor":16},{"not_picked":["Bane","Well Laid Plans"],"picked":"Dagger Spray","floor":18},{"not_picked":["Outmaneuver+1","Dagger Spray"],"picked":"Underhanded Strike","floor":19},{"not_picked":["Skewer+1","Flechettes"],"picked":"Leg Sweep","floor":20},{"not_picked":["Masterful Stab+1","Sucker Punch","Underhanded Strike"],"picked":"SKIP","floor":22},{"not_picked":["Caltrops","All Out Attack"],"picked":"Catalyst","floor":23},{"not_picked":["Poisoned Stab","Dagger Spray"],"picked":"Underhanded Strike+1","floor":25}],"player_experience":667729,"relics_obtained":[{"floor":7,"key":"Pantograph"},{"floor":9,"key":"Paper Crane"},{"floor":10,"key":"FossilizedHelix"},{"floor":13,"key":"Boot"},{"floor":23,"key":"Toy Ornithopter"},{"floor":26,"key":"MealTicket"}],"event_choices":[{"cards_removed":["Strike_G"],"damage_healed":0,"gold_gain":0,"player_choice":"Card Removal","damage_taken":0,"max_hp_gain":0,"max_hp_loss":0,"event_name":"The Cleric","floor":2,"gold_loss":75},{"damage_healed":0,"gold_gain":0,"player_choice":"Success","damage_taken":18,"relics_obtained":["Gremlin Horn"],"max_hp_gain":0,"max_hp_loss":0,"event_name":"Scrap Ooze","floor":3,"gold_loss":0},{"damage_healed":0,"gold_gain":0,"player_choice":"Take Damage","damage_taken":23,"relics_obtained":["Golden Idol"],"max_hp_gain":0,"max_hp_loss":0,"event_name":"Golden Idol","floor":4,"gold_loss":0},{"damage_healed":0,"gold_gain":75,"player_choice":"Gather Gold","damage_taken":11,"max_hp_gain":0,"max_hp_loss":0,"event_name":"World of Goop","floor":5,"gold_loss":0},{"damage_healed":0,"gold_gain":0,"player_choice":"Obtained Relic","damage_taken":0,"relics_obtained":["Tough Bandages"],"max_hp_gain":0,"max_hp_loss":0,"event_name":"Addict","floor":21,"gold_loss":85}],"is_beta":false,"boss_relics":[{"not_picked":["Runic Pyramid","SacredBark"],"picked":"Astrolabe"}],"items_purged_floors":[],"is_endless":false,"potions_floor_spawned":[13,16,18,19,20,22],"killed_by":"Snake Plant","ascension_level":19}}