{"host":"4axoa1rfjgnprp9l","time":1612684810,"event":{"mods":["2.2 Compatiblity","AchievementEnabler","BaseMod","Colored Map","DeckTracker","Highlight Path","Minty Spire (QoL Compilation)","Permanent Neow","StSLib","SuperFastMode"],"gold_per_floor":[118,130,145,160,160,160,179,195,218,218,218],"floor_reached":10,"language":"KOR","playtime":300,"items_purged":[],"score":124,"play_id":"08ed1367-3b21-4bff-bd85-584fbf738695","local_time":"20210207170010","is_ascension_mode":true,"campfire_choices":[{"data":"Dagger Spray","floor":6.0,"key":"SMITH"}],"circlet_count":0,"master_deck":["AscendersBane","Strike_G","Strike_G","Strike_G","Strike_G","Strike_G","Defend_G","Defend_G","Defend_G","Defend_G","Defend_G","Survivor","Neutralize","After Image","Escape Plan","Dagger Spray+1","Cloak And Dagger","Blade Dance","Blade Dance"],"relics":["Ring of the Snake","Art of War","Juzu Bracelet"],"acts_visited":["Exordium"],"potions_floor_usage":[10],"damage_taken":[{"damage":1.0,"enemies":"Jaw Worm","floor":1.0,"turns":7.0},{"damage":3.0,"enemies":"2 Louse","floor":2.0,"turns":3.0},{"damage":0.0,"enemies":"Small Slimes","floor":3.0,"turns":4.0},{"damage":0.0,"enemies":"2 Fungi Beasts","floor":4.0,"turns":3.0},{"damage":1.0,"enemies":"Large Slime","floor":7.0,"turns":6.0},{"damage":4.0,"enemies":"Exordium Thugs","floor":8.0,"turns":3.0},{"damage":30,"enemies":"Gremlin Nob","floor":10,"turns":3}],"seed_played":"6571043322352577080","potions_obtained":[{"floor":1.0,"key":"SteroidPotion"},{"floor":4.0,"key":"BlessingOfTheForge"}],"is_trial":false,"path_per_floor":["M","M","M","M","?","R","M","M","T","E"],"character_chosen":"THE_SILENT","items_purchased":[],"campfire_rested":0,"item_purchase_floors":[],"current_hp_per_floor":[43,40,40,40,35,35,34,30,30,0,0],"gold":218,"neow_bonus":"THREE_RARE_CARDS","is_daily":false,"chose_seed":false,"campfire_upgraded":1,"win_rate":0.0,"timestamp":1612684810,"path_taken":["M","M","M","M","?","R","M","M","T","E"],"items_purchased_type":[],"build_version":"2020-12-22","purchased_purges":0,"victory":false,"max_hp_per_floor":[66,66,66,66,66,66,66,66,66,66,66],"card_choices":[{"not_picked":["Bullet Time","Venomology"],"picked":"After Image","floor":0.0},{"not_picked":["Outmaneuver","Cloak And Dagger"],"picked":"Escape Plan","floor":1.0},{"not_picked":["Flying Knee","Quick Slash"],"picked":"Dagger Spray","floor":2.0},{"not_picked":["Slice","Catalyst"],"picked":"Cloak And Dagger","floor":3.0},{"not_picked":["Dodge and Roll","Acrobatics"],"picked":"Blade Dance","floor":4.0},{"not_picked":["Masterful Stab","Reflex"],"picked":"Blade Dance","floor":7.0},{"not_picked":["Dagger Spray","Acrobatics","Deadly Poison"],"picked":"SKIP","floor":8.0}],"player_experience":916190,"relics_obtained":[{"floor":9.0,"key":"Juzu Bracelet"}],"event_choices":[{"damage_healed":0.0,"max_hp_gain":0.0,"max_hp_loss":0.0,"gold_gain":0.0,"event_name":"Scrap Ooze","player_choice":"Success","floor":5.0,"gold_loss":0.0,"damage_taken":5.0,"relics_obtained":["Art of War"]}],"is_beta":false,"boss_relics":[],"items_purged_floors":[],"is_endless":false,"potions_floor_spawned":[1,4],"killed_by":"Gremlin Nob","ascension_level":20}}