{"host":"rolltorest","time":1612684018,"event":{"mods":["BaseMod","Minty Spire (QoL Compilation)","Relic Stats","Slay the Relics Exporter","StSLib"],"gold_per_floor":[216,216,29,44,44,44,87,107,134,76,76,92,3,19,19,19,19],"floor_reached":16,"language":"ENG","playtime":451,"items_purged":[],"score":200,"play_id":"0139e98c-466b-4498-acc9-83cb5e992077","local_time":"20210206234658","is_ascension_mode":true,"campfire_choices":[{"data":"Dagger Throw","floor":6,"key":"SMITH"},{"floor":11,"key":"REST"},{"data":"Blade Dance","floor":15,"key":"SMITH"}],"circlet_count":0,"master_deck":["AscendersBane","Strike_G","Strike_G","Strike_G","Strike_G","Strike_G","Defend_G","Defend_G","Defend_G","Defend_G","Defend_G","Survivor","Neutralize","Accuracy","Dagger Throw+1","Poisoned Stab+1","Well Laid Plans","Infinite Blades","Blade Dance+1","Footwork","Calculated Gamble","Finisher"],"relics":["Ring of the Snake","Golden Idol","Art of War","Blood Vial"],"acts_visited":["Exordium"],"potions_floor_usage":[7,16],"damage_taken":[{"damage":8,"enemies":"2 Louse","floor":1,"turns":4},{"damage":0,"enemies":"Jaw Worm","floor":4,"turns":7},{"damage":42,"enemies":"3 Sentries","floor":7,"turns":9},{"damage":1,"enemies":"Cultist","floor":8,"turns":4},{"damage":1,"enemies":"2 Fungi Beasts","floor":12,"turns":3},{"damage":5,"enemies":"Blue Slaver","floor":14,"turns":5},{"damage":18,"enemies":"Slime Boss","floor":16,"turns":7}],"seed_played":"2472318835988481539","potions_obtained":[{"floor":12,"key":"FearPotion"}],"is_trial":false,"path_per_floor":["M","?","$","M","?","R","E","M","T","$","R","M","$","M","R","B"],"character_chosen":"THE_SILENT","items_purchased":["Accuracy","Dagger Throw","CunningPotion","Blade Dance","Calculated Gamble"],"campfire_rested":1,"item_purchase_floors":[3,3,3,10,13],"current_hp_per_floor":[51,51,51,51,51,51,9,8,8,8,26,27,27,24,24,8,8],"gold":19,"neow_bonus":"HUNDRED_GOLD","is_daily":false,"chose_seed":false,"campfire_upgraded":2,"win_rate":0.0,"timestamp":1612684018,"path_taken":["M","?","$","M","?","R","E","M","T","$","R","M","?","M","R","BOSS"],"items_purchased_type":["Card","Card","Potion","Card","Card"],"build_version":"2020-12-18","purchased_purges":0,"victory":false,"max_hp_per_floor":[66,60,60,60,60,60,60,60,60,60,60,60,60,60,60,60,60],"relic_stats":{"Blood Vial":6,"counters":[7,39],"Golden Idol":22,"Art of War":[3],"obtain_stats":[{"Blood Vial":9,"Golden Idol":2,"Art of War":7,"Ring of the Snake":0},{"Blood Vial":4,"Golden Idol":1,"Art of War":3,"Ring of the Snake":0},{"Blood Vial":24,"Golden Idol":4,"Art of War":20,"Ring of the Snake":0}],"Ring of the Snake":[14]},"card_choices":[{"not_picked":["Deflect","Heel Hook","Bouncing Flask"],"picked":"SKIP","floor":1},{"not_picked":["Acrobatics","Outmaneuver"],"picked":"Poisoned Stab","floor":4},{"not_picked":["Accuracy","Slice"],"picked":"Well Laid Plans","floor":7},{"not_picked":["Slice","Sucker Punch"],"picked":"Infinite Blades","floor":8},{"not_picked":["Dagger Throw","Crippling Poison"],"picked":"Footwork","floor":12},{"not_picked":["Underhanded Strike","Slice"],"picked":"Finisher","floor":14}],"player_experience":1912103,"relics_obtained":[{"floor":7,"key":"Art of War"},{"floor":9,"key":"Blood Vial"}],"event_choices":[{"damage_healed":0,"gold_gain":0,"player_choice":"Lose Max HP","damage_taken":0,"relics_obtained":["Golden Idol"],"max_hp_gain":0,"max_hp_loss":6,"event_name":"Golden Idol","floor":2,"gold_loss":0},{"damage_healed":0,"gold_gain":0,"player_choice":"Grow","damage_taken":0,"max_hp_gain":0,"max_hp_loss":0,"event_name":"Living Wall","floor":5,"gold_loss":0,"cards_upgraded":["Poisoned Stab"]}],"is_beta":true,"boss_relics":[],"items_purged_floors":[],"is_endless":false,"potions_floor_spawned":[12],"killed_by":"Slime Boss","ascension_level":20}}