{"host":"ktoxvvst1mwxww91","time":1612712866,"event":{"mods":["BaseMod","Downfall","Hermit","Minty Spire (QoL Compilation)","StSLib","The Hierophant"],"gold_per_floor":[99,99,99,99,99,99,99,274,34,62,62,47,73,173,184,281,281,181,42,142,142,142,152,152,52,63,97,97,124,24,38,57,158,158,158,173,223,72,72,72,72,84,133,133,160,160,179,209,224,224,224,255,10,10,10,10,10,10],"floor_reached":56,"language":"ENG","playtime":2889,"items_purged":["Doubt","bronze:Strike","bronze:Defend","bronze:Goto"],"score":983,"play_id":"bc251653-2866-424d-8ba9-e374f2e21f02","local_time":"20210207164746","is_ascension_mode":true,"campfire_choices":[{"data":"bronze:Replicate","floor":1,"key":"SMITH"},{"data":"bronze:Repulsor","floor":18,"key":"SMITH"},{"floor":25,"key":"RECALL"},{"data":"bronze:Frontload","floor":28,"key":"SMITH"},{"floor":30,"key":"REST"},{"data":"bronze:Virus","floor":35,"key":"SMITH"},{"data":"bronze:Shell","floor":44,"key":"SMITH"},{"data":"J.A.X.","floor":46,"key":"SMITH"},{"floor":54,"key":"REST"}],"circlet_count":0,"master_deck":["bronze:Defend","bronze:Defend","bronze:Replicate+1","bronze:FollowUp","bronze:WildBeam","bronze:Spike","bronze:DazingPulse","bronze:Frontload","bronze:Shell+1","bronze:Boost","bronze:WhirlingStrike","bronze:ChosenStrike","bronze:Constructor","bronze:Repulsor+1","bronze:HyperBeam","bronze:Constructor","bronze:Frontload+1","bronze:Safeguard","bronze:BugBarrage","J.A.X.+1","bronze:Frontload","bronze:BronzeOrb","bronze:ChosenStrike+1","bronze:HyperBeam","bronze:Mutator","bronze:Fortify","bronze:Branch","bronze:Virus+1","bronze:Branch","bronze:Repair+1","bronze:ChosenStrike","bronze:Iterate","Apotheosis","bronze:Overheat","bronze:Invalidate+1","bronze:Safeguard","bronze:Branch+1","bronze:Branch+1"],"relics":["bronze:BronzeCore","downfall:HeartsMalice","Centennial Puzzle","Pantograph","Sling","hexamod:BolsterEngine","Kunai","bronze:MakeshiftBattery","downfall:HeartBlessingGreen","MutagenicStrength","downfall:RedIOU","downfall:HeartBlessingBlue","StrikeDummy","Bird Faced Urn","downfall:HeartBlessingRed","Philosopher\u0027s Stone","Prayer Wheel","Anchor","Mummified Hand","Toy Ornithopter","Lizard Tail","Molten Egg 2","Letter Opener"],"acts_visited":["Exordium","TheCity","TheBeyond","TheEnding"],"potions_floor_usage":[14,16,23,23,29,33,42,50,50,52,55,55],"damage_taken":[{"damage":0,"enemies":"Jaw Worm","floor":2,"turns":1},{"damage":0,"enemies":"2 Louse","floor":3,"turns":1},{"damage":0,"enemies":"2 Louse","floor":6,"turns":1},{"damage":0,"enemies":"downfall:FleeingMerchant","floor":9,"turns":4},{"damage":18,"enemies":"Gremlin Nob","floor":10,"turns":4},{"damage":5,"enemies":"downfall:FleeingMerchant","floor":12,"turns":4},{"damage":1,"enemies":"3 Sentries","floor":13,"turns":6},{"damage":12,"enemies":"downfall:Heads","floor":14,"turns":4},{"damage":0,"enemies":"Small Slimes","floor":15,"turns":5},{"damage":32,"enemies":"WA_ARCHETYPE_RETAIN","floor":16,"turns":8},{"damage":0,"enemies":"downfall:FleeingMerchant","floor":19,"turns":4},{"damage":0,"enemies":"downfall:Augmenter","floor":20,"turns":6},{"damage":23,"enemies":"3 Byrds","floor":23,"turns":4},{"damage":3,"enemies":"Spheric Guardian","floor":26,"turns":3},{"damage":0,"enemies":"Slavers","floor":27,"turns":4},{"damage":12,"enemies":"Gremlin Leader","floor":29,"turns":6},{"damage":0,"enemies":"Centurion and Healer","floor":31,"turns":6},{"damage":7,"enemies":"Shelled Parasite and Fungi","floor":32,"turns":5},{"damage":34,"enemies":"IC_MUSHROOM_ARCHETYPE","floor":33,"turns":9},{"damage":0,"enemies":"3 Darklings","floor":36,"turns":7},{"damage":16,"enemies":"3 Darklings","floor":37,"turns":5},{"damage":0,"enemies":"downfall:FleeingMerchant","floor":38,"turns":4},{"damage":0,"enemies":"Orb Walker","floor":42,"turns":3},{"damage":0,"enemies":"Reptomancer","floor":45,"turns":5},{"damage":38,"enemies":"Writhing Mass","floor":47,"turns":4},{"damage":71,"enemies":"Nemesis","floor":48,"turns":7},{"damage":9,"enemies":"Maw","floor":49,"turns":7},{"damage":31,"enemies":"DF_ARCHETYPE_ORBS","floor":50,"turns":8},{"damage":126,"enemies":"downfall:CharBossMerchant","floor":52,"turns":9},{"damage":43,"enemies":"downfall:NeowBoss","floor":55,"turns":15},{"damage":95,"enemies":"downfall:NeowBossFinal","floor":56,"turns":8}],"seed_played":"-5611977532927914602","potions_obtained":[{"floor":6,"key":"GamblersBrew"},{"floor":10,"key":"Swift Potion"},{"floor":13,"key":"AttackPotion"},{"floor":15,"key":"FairyPotion"},{"floor":20,"key":"PowerPotion"},{"floor":27,"key":"EssenceOfSteel"},{"floor":32,"key":"bronze:BurnAndBuffPotion"},{"floor":33,"key":"bronze:FreeFunctionsPotion"},{"floor":42,"key":"Fruit Juice"},{"floor":48,"key":"Swift Potion"},{"floor":49,"key":"champ:CounterPotion"},{"floor":52,"key":"LiquidMemories"}],"is_trial":false,"path_per_floor":["R","M","M","?","?","?","T","?","$","E","T","$","E","?","M","B",null,"R","$","?","?","?","M","T","R","M","E","R","E","R","M","M","B",null,"R","M","?","$","?","$","T","M","?","R","E","R","M","E","M","B",null,"E","$","R","B","B"],"character_chosen":"THE_AUTOMATON","items_purchased":["Sling","bronze:Frontload","bronze:Iterate","Anchor","Apotheosis","DistilledChaos","bronze:Branch+1"],"campfire_rested":2,"item_purchase_floors":[9,19,38,38,38,53,53],"current_hp_per_floor":[70,70,70,67,72,72,72,72,72,54,54,49,48,36,36,29,75,75,75,75,75,75,52,52,62,59,59,59,47,72,76,71,53,85,85,85,71,73,73,73,73,80,80,80,90,90,62,34,39,45,90,45,45,72,57,0,0,0],"gold":10,"neow_bonus":"THREE_ENEMY_KILL","is_daily":false,"chose_seed":false,"campfire_upgraded":6,"win_rate":0.0,"timestamp":1612712866,"path_taken":["R","M","M","?","?","?","T","?","$","E","?","$","E","?","M","BOSS","R","$","?","?","?","M","T","R","M","E","R","E","R","M","M","BOSS","R","M","?","$","?","?","T","M","?","R","E","R","?","E","M","BOSS","E","$","R","BOSS","BOSS"],"items_purchased_type":["Relic","Card","Card","Relic","Card","Potion","Card"],"build_version":"2020-12-22","purchased_purges":4,"victory":false,"max_hp_per_floor":[70,70,70,70,75,75,75,75,75,75,75,75,75,75,75,75,75,75,75,75,75,75,75,75,85,85,85,85,85,85,85,85,85,85,85,85,85,85,85,85,85,90,90,90,90,90,90,90,90,90,90,90,90,90,90,90,90,90],"card_choices":[{"not_picked":["bronze:Deprecate","bronze:BuggyMess"],"picked":"bronze:FollowUp","floor":2},{"not_picked":["bronze:BitShift","bronze:Allocate"],"picked":"bronze:WildBeam","floor":3},{"not_picked":[],"picked":"bronze:Spike","floor":6},{"not_picked":[],"picked":"bronze:DazingPulse","floor":6},{"not_picked":["bronze:Flail","bronze:GetLatest"],"picked":"bronze:Frontload","floor":6},{"not_picked":["bronze:ForceShield","bronze:BurnOut"],"picked":"bronze:Shell","floor":9},{"not_picked":["bronze:Terminator","bronze:BronzeOrb"],"picked":"bronze:Verify","floor":10},{"not_picked":["bronze:Allocate","bronze:BuggyMess"],"picked":"bronze:Boost","floor":12},{"not_picked":["bronze:Deprecate","bronze:BugBarrage"],"picked":"bronze:WhirlingStrike","floor":13},{"not_picked":["bronze:Shield","bronze:Invalidate"],"picked":"bronze:Constructor","floor":14},{"not_picked":["bronze:Optimize","bronze:Refactor"],"picked":"bronze:Repulsor","floor":15},{"not_picked":["bronze:Hardcode","bronze:ThunderWave"],"picked":"bronze:HyperBeam","floor":16},{"not_picked":["bronze:ForLoop","bronze:Frontload"],"picked":"bronze:Constructor","floor":19},{"not_picked":[],"picked":"J.A.X.","floor":20},{"not_picked":["bronze:FineTuning","bronze:Deprecate"],"picked":"bronze:Frontload","floor":20},{"not_picked":["bronze:Deprecate","bronze:CloningBeam"],"picked":"bronze:BronzeOrb","floor":23},{"not_picked":["bronze:FineTuning","bronze:SpaghettiCode"],"picked":"bronze:ChosenStrike+1","floor":26},{"not_picked":["bronze:DigitalCarnage","bronze:Frontload"],"picked":"bronze:HyperBeam","floor":27},{"not_picked":["bronze:DarkDash","bronze:BitShift+1"],"picked":"bronze:Mutator","floor":29},{"not_picked":["bronze:Optimize","bronze:WildBeam"],"picked":"bronze:Fortify","floor":31},{"not_picked":["bronze:Shield","bronze:ForceShield"],"picked":"bronze:Branch","floor":32},{"not_picked":["bronze:Hardcode","bronze:SpaghettiCode"],"picked":"bronze:Virus","floor":33},{"not_picked":["bronze:BitShift","bronze:DelayedGuard+1"],"picked":"bronze:Branch","floor":36},{"not_picked":["bronze:BitShift+1","bronze:Backtrace+1"],"picked":"bronze:Repair+1","floor":37},{"not_picked":["bronze:MaxOutput+1","bronze:GetLatest"],"picked":"bronze:ChosenStrike","floor":38},{"not_picked":["bronze:DelayedSlice+1","bronze:BugBarrage"],"picked":"bronze:Overheat","floor":42},{"not_picked":["bronze:FineTuning+1","bronze:ChildClass+1"],"picked":"bronze:Invalidate+1","floor":42},{"not_picked":["bronze:BuggyMess+1","bronze:GetLatest","bronze:Overload"],"picked":"SKIP","floor":45},{"not_picked":["bronze:WildBeam+1","bronze:Flail+1"],"picked":"bronze:Safeguard","floor":47},{"not_picked":["bronze:Deprecate","bronze:DarkDash","bronze:BugBarrage"],"picked":"SKIP","floor":47},{"not_picked":["bronze:Assembly","bronze:CleanCode"],"picked":"bronze:Branch+1","floor":48},{"not_picked":["bronze:Shell","bronze:FineTuning+1","bronze:DelayedSlice+1"],"picked":"SKIP","floor":49},{"not_picked":["bronze:Turbo+1","bronze:BugBarrage+1","bronze:CloningBeam+1"],"picked":"SKIP","floor":49},{"not_picked":["bronze:NullPointer+1","bronze:ClassDefault","bronze:DelayedGuard+1"],"picked":"SKIP","floor":52}],"player_experience":1099967,"relics_obtained":[{"floor":7,"key":"Pantograph"},{"floor":10,"key":"hexamod:BolsterEngine"},{"floor":11,"key":"Kunai"},{"floor":13,"key":"Pen Nib"},{"floor":20,"key":"MutagenicStrength"},{"floor":27,"key":"StrikeDummy"},{"floor":29,"key":"Bird Faced Urn"},{"floor":37,"key":"Prayer Wheel"},{"floor":41,"key":"Mummified Hand"},{"floor":43,"key":"Toy Ornithopter"},{"floor":45,"key":"Lizard Tail"},{"floor":48,"key":"Molten Egg 2"},{"floor":52,"key":"Letter Opener"}],"event_choices":[{"damage_healed":0,"gold_gain":0,"player_choice":"Success","damage_taken":3,"relics_obtained":["Centennial Puzzle"],"max_hp_gain":0,"max_hp_loss":0,"event_name":"Scrap Ooze","floor":4,"gold_loss":0},{"damage_healed":0,"gold_gain":0,"player_choice":"Donut","damage_taken":0,"max_hp_gain":5,"max_hp_loss":0,"event_name":"Big Fish","floor":5,"gold_loss":0},{"cards_removed":["bronze:Verify"],"damage_healed":0,"gold_gain":0,"player_choice":"Removed Power","damage_taken":0,"max_hp_gain":0,"max_hp_loss":0,"event_name":"Falling","floor":39,"gold_loss":0}],"is_beta":false,"boss_relics":[{"not_picked":["Sozu","Velvet Choker"],"picked":"bronze:MakeshiftBattery"},{"not_picked":["Empty Cage","Busted Crown"],"picked":"Philosopher\u0027s Stone"}],"items_purged_floors":[9,19,38,53],"is_endless":false,"potions_floor_spawned":[6,10,13,15,20,27,32,33,42,48,49,52],"killed_by":"downfall:NeowBossFinal","ascension_level":3}}