{"host":"osk2oboccoevp2u5","time":1612712800,"event":{"mods":["AchievementEnabler","Alarm Clock","BaseMod","Colored Powertips","Disable Question Mark Monsters","Displayed Cursed Tome","Key Reminder","Minty Spire (QoL Compilation)","Potion Indicator Mod","Quick Restart","Rare Cards Sparkle","Reorder Act Four","StSLib","The Cursed","Useless Jewels Mod"],"gold_per_floor":[17,17,36,55,55,55,81,81,81,108,108,121,131,4,4,103,103,120,20,20,40,54,54,54,54,108,108,58,75,88,104,104,104,104],"floor_reached":33,"language":"ENG","playtime":1174,"items_purged":["TheCursedMod:Defend_TheCursed","TheCursedMod:Defend_TheCursed"],"score":386,"play_id":"919e894c-6555-41c7-a0bd-e56b18badeee","local_time":"20210207114640","is_ascension_mode":true,"campfire_choices":[{"data":"TheCursedMod:CleanUpWorkshop","floor":6,"key":"SMITH"},{"floor":8,"key":"REST"},{"floor":15,"key":"REST"},{"floor":23,"key":"REST"},{"data":"TheCursedMod:CursedMace","floor":25,"key":"SMITH"},{"data":"TheCursedMod:CursedWand","floor":27,"key":"SMITH"},{"floor":32,"key":"REST"}],"circlet_count":0,"master_deck":["AscendersBane","TheCursedMod:Strike_TheCursed","TheCursedMod:Strike_TheCursed","TheCursedMod:Strike_TheCursed","TheCursedMod:Defend_TheCursed","TheCursedMod:Defend_TheCursed","TheCursedMod:CursedWand+1","TheCursedMod:CleanUpWorkshop+1","TheCursedMod:Dregs","TheCursedMod:CursedBlade","TheCursedMod:CursedShiv","TheCursedMod:CursedShiv","TheCursedMod:CursedMace+1","TheCursedMod:VitalStrike","TheCursedMod:CursedShiv","TheCursedMod:VitalStrike","TheCursedMod:CursedRelics","TheCursedMod:CursedBoomerang+1","Shame"],"relics":["TheCursedMod:BlackMagicAdvanced","Ginger","StrikeDummy","Akabeko","keyreminder:keyreminder","HornCleat","Happy Flower","Vajra","Blood Vial"],"acts_visited":["Exordium","TheCity"],"potions_floor_usage":[7,10,16,16,29,33,33],"damage_taken":[{"damage":0,"enemies":"2 Louse","floor":1,"turns":4},{"damage":2,"enemies":"Jaw Worm","floor":3,"turns":4},{"damage":0,"enemies":"Cultist","floor":4,"turns":3},{"damage":14,"enemies":"Gremlin Nob","floor":7,"turns":4},{"damage":15,"enemies":"Lagavulin","floor":10,"turns":5},{"damage":4,"enemies":"Red Slaver","floor":12,"turns":2},{"damage":1,"enemies":"Looter","floor":13,"turns":2},{"damage":27,"enemies":"Hexaghost","floor":16,"turns":9},{"damage":7,"enemies":"Chosen","floor":18,"turns":3},{"damage":0,"enemies":"Spheric Guardian","floor":21,"turns":3},{"damage":0,"enemies":"Snecko","floor":22,"turns":3},{"damage":14,"enemies":"Centurion and Healer","floor":29,"turns":3},{"damage":13,"enemies":"Snake Plant","floor":30,"turns":3},{"damage":13,"enemies":"Cultist and Chosen","floor":31,"turns":4},{"damage":80,"enemies":"Collector","floor":33,"turns":6}],"seed_played":"5547131974448044104","potions_obtained":[{"floor":3,"key":"TheCursedMod:DregsPotion"},{"floor":7,"key":"SkillPotion"},{"floor":11,"key":"FairyPotion"},{"floor":11,"key":"LiquidMemories"},{"floor":11,"key":"Weak Potion"},{"floor":16,"key":"GamblersBrew"},{"floor":21,"key":"SteroidPotion"},{"floor":31,"key":"PowerPotion"}],"is_trial":false,"path_per_floor":["M","?","M","M","?","R","E","R","T","E","?","M","M","$","R","B",null,"M","$","?","M","M","R","?","R","T","R","?","M","M","M","R","B"],"character_chosen":"THE_CURSED","items_purchased":["TheCursedMod:VitalStrike"],"campfire_rested":4,"item_purchase_floors":[14],"current_hp_per_floor":[68,68,66,66,59,59,45,67,67,52,52,48,47,47,69,42,67,60,60,53,53,53,75,75,75,75,75,75,61,50,39,61,75,75],"gold":104,"neow_bonus":"ONE_RARE_RELIC","is_daily":false,"chose_seed":false,"campfire_upgraded":3,"win_rate":0.0,"timestamp":1612712800,"path_taken":["M","?","M","M","?","R","E","R","T","E","?","?","M","$","R","BOSS","M","$","?","M","?","R","?","R","T","R","?","?","M","M","R","BOSS"],"items_purchased_type":["Card"],"build_version":"2020-12-22","purchased_purges":2,"victory":false,"max_hp_per_floor":[75,75,75,75,75,75,75,75,75,75,75,75,75,75,75,75,75,75,75,75,75,75,75,75,75,75,75,75,75,75,75,75,75,75],"card_choices":[{"not_picked":["TheCursedMod:Torture","TheCursedMod:RapidMovement"],"picked":"TheCursedMod:CursedBlade","floor":1},{"not_picked":["TheCursedMod:Wield","TheCursedMod:Hemoplague"],"picked":"TheCursedMod:CursedShiv","floor":3},{"not_picked":["TheCursedMod:CursedAmulet","TheCursedMod:CircleOfCorruption"],"picked":"TheCursedMod:CursedMace","floor":4},{"not_picked":["TheCursedMod:DarkBarrier","TheCursedMod:LuckyCharm","TheCursedMod:TacticalStrike"],"picked":"SKIP","floor":7},{"not_picked":["TheCursedMod:SoulReap","TheCursedMod:CircleOfFlame"],"picked":"TheCursedMod:VitalStrike","floor":10},{"not_picked":["TheCursedMod:CircleOfWindfury","TheCursedMod:Obscuration"],"picked":"TheCursedMod:CursedShiv","floor":12},{"not_picked":["TheCursedMod:SurpriseAttack","TheCursedMod:CursedSpellbook","TheCursedMod:Evocation"],"picked":"SKIP","floor":13},{"not_picked":["TheCursedMod:AntiAging","TheCursedMod:DemonicPact"],"picked":"TheCursedMod:CursedRelics","floor":16},{"not_picked":["TheCursedMod:Evocation","TheCursedMod:SurpriseAttack","TheCursedMod:Torture"],"picked":"SKIP","floor":18},{"not_picked":["TheCursedMod:SmokeScreen","TheCursedMod:DoubleShield"],"picked":"TheCursedMod:CursedBoomerang+1","floor":21},{"not_picked":["TheCursedMod:ManaCirculation","TheCursedMod:FleshFromBone","TheCursedMod:SoulCrush"],"picked":"SKIP","floor":22},{"not_picked":["TheCursedMod:Evocation+1","TheCursedMod:Torture+1","TheCursedMod:CursedMace"],"picked":"SKIP","floor":29},{"not_picked":["TheCursedMod:Torture","TheCursedMod:Grudge","TheCursedMod:FleshFromBone"],"picked":"SKIP","floor":30},{"not_picked":["TheCursedMod:SpitefulPray","TheCursedMod:WearCloak","TheCursedMod:CircleOfWindfury"],"picked":"SKIP","floor":31}],"player_experience":1004474,"relics_obtained":[{"floor":7,"key":"Akabeko"},{"floor":9,"key":"HornCleat"},{"floor":10,"key":"Happy Flower"},{"floor":26,"key":"Blood Vial"}],"event_choices":[{"damage_healed":0,"gold_gain":0,"cards_transformed":["TheCursedMod:Strike_TheCursed"],"player_choice":"Change","damage_taken":0,"max_hp_gain":0,"max_hp_loss":0,"event_name":"Living Wall","floor":2,"gold_loss":0,"cards_obtained":["TheCursedMod:CursedShiv"]},{"damage_healed":0,"gold_gain":0,"player_choice":"Success","damage_taken":7,"relics_obtained":["StrikeDummy"],"max_hp_gain":0,"max_hp_loss":0,"event_name":"Scrap Ooze","floor":5,"gold_loss":0},{"damage_healed":0,"gold_gain":0,"player_choice":"Got Potions","damage_taken":0,"max_hp_gain":0,"max_hp_loss":0,"event_name":"Lab","floor":11,"gold_loss":0},{"damage_healed":0,"gold_gain":0,"player_choice":"Damaged","damage_taken":7,"max_hp_gain":0,"max_hp_loss":0,"event_name":"Wheel of Change","floor":20,"gold_loss":0},{"damage_healed":0,"gold_gain":0,"player_choice":"Stole Relic","damage_taken":0,"relics_obtained":["Vajra"],"max_hp_gain":0,"max_hp_loss":0,"event_name":"Addict","floor":24,"gold_loss":0,"cards_obtained":["Shame"]},{"damage_healed":0,"gold_gain":0,"player_choice":"Bet on Murderer","damage_taken":0,"max_hp_gain":0,"max_hp_loss":0,"event_name":"The Joust","floor":28,"gold_loss":50}],"is_beta":false,"boss_relics":[{"not_picked":["SlaversCollar","Coffee Dripper"],"picked":"TheCursedMod:BlackMagicAdvanced"}],"items_purged_floors":[14,19],"is_endless":false,"potions_floor_spawned":[3,7,16,21,31],"killed_by":"Collector","ascension_level":10}}