{"host":"f5gffvlv6a66yqkd","time":1612687410,"event":{"mods":["2.2 Compatiblity","BaseMod","Colored Map","Custom Start","DeckTracker","Keyboard Shortcuts","Minty Spire (QoL Compilation)","Permanent Neow","Quick Restart","Relic Stats","StSLib","SuperFastMode"],"gold_per_floor":[111,111,36,36,36,79,79,114,114,114,114,114],"floor_reached":11,"language":"KOR","playtime":164,"items_purged":[],"score":254,"play_id":"0ffd29ee-a519-446d-9903-169457774a82","local_time":"20210207174330","is_ascension_mode":true,"campfire_choices":[{"data":"Eruption","floor":7.0,"key":"SMITH"},{"floor":10,"key":"DIG"}],"circlet_count":0,"master_deck":["AscendersBane","Strike_P","Strike_P","Defend_P","Defend_P","Defend_P","Defend_P","Eruption+1","Vigilance","FollowUp","Crescendo","DeusExMachina","InnerPeace"],"relics":["PureWater","NeowsBlessing","Golden Idol","Incense Burner","WingedGreaves","Ginger","Shovel","Blue Candle"],"acts_visited":["Exordium"],"potions_floor_usage":[],"damage_taken":[{"damage":0.0,"enemies":"Jaw Worm","floor":1.0,"turns":1.0},{"damage":0.0,"enemies":"Lagavulin","floor":6.0,"turns":2.0},{"damage":0.0,"enemies":"Gremlin Nob","floor":8.0,"turns":2.0},{"damage":29,"enemies":"3 Sentries","floor":11,"turns":7}],"seed_played":"491996614878759157","potions_obtained":[],"is_trial":false,"path_per_floor":["M","?","?","?","T","E","R","E","T","R","E"],"character_chosen":"WATCHER","items_purchased":[],"campfire_rested":0,"item_purchase_floors":[],"current_hp_per_floor":[61,38,38,38,38,38,38,38,38,38,9,9],"gold":114,"neow_bonus":"THREE_ENEMY_KILL","is_daily":false,"chose_seed":false,"campfire_upgraded":1,"win_rate":0.0,"timestamp":1612687410,"path_taken":["M","?","?","?","?","E","R","E","T","R","E"],"items_purchased_type":[],"build_version":"2020-12-22","purchased_purges":0,"victory":false,"max_hp_per_floor":[68,68,68,68,68,68,68,68,68,68,68,68],"relic_stats":{"Shovel":1,"counters":[4,12],"Golden Idol":16,"Blue Candle":[0],"Ginger":[0],"obtain_stats":[{"Shovel":9,"NeowsBlessing":0,"Golden Idol":2,"Blue Candle":10,"WingedGreaves":6,"Incense Burner":5,"Ginger":8,"PureWater":0},{"Shovel":3,"NeowsBlessing":0,"Golden Idol":1,"Blue Candle":3,"WingedGreaves":2,"Incense Burner":1,"Ginger":3,"PureWater":0},{"Shovel":5,"NeowsBlessing":0,"Golden Idol":1,"Blue Candle":5,"WingedGreaves":3,"Incense Burner":1,"Ginger":5,"PureWater":0}]},"card_choices":[{"not_picked":["ClearTheMind","EmptyMind"],"picked":"FollowUp","floor":1.0},{"not_picked":["EmptyFist","Evaluate"],"picked":"DeusExMachina","floor":6.0},{"not_picked":["CutThroughFate","Fasting2"],"picked":"InnerPeace","floor":8.0}],"player_experience":1694768,"relics_obtained":[{"floor":5.0,"key":"Incense Burner"},{"floor":6.0,"key":"WingedGreaves"},{"floor":8.0,"key":"Ginger"},{"floor":9,"key":"Shovel"},{"floor":10,"key":"Blue Candle"}],"event_choices":[{"damage_healed":0.0,"max_hp_gain":0.0,"max_hp_loss":0.0,"gold_gain":0.0,"event_name":"Golden Idol","player_choice":"Take Damage","floor":2.0,"gold_loss":0.0,"damage_taken":23.0,"relics_obtained":["Golden Idol"]},{"cards_removed":["Strike_P"],"damage_healed":0.0,"max_hp_gain":0.0,"max_hp_loss":0.0,"gold_gain":0.0,"event_name":"The Cleric","player_choice":"Card Removal","floor":3.0,"gold_loss":75.0,"damage_taken":0.0},{"damage_healed":0.0,"max_hp_gain":0.0,"max_hp_loss":0.0,"gold_gain":0.0,"cards_transformed":["Strike_P"],"event_name":"Living Wall","player_choice":"Change","floor":4.0,"gold_loss":0.0,"damage_taken":0.0,"cards_obtained":["Crescendo"]}],"is_beta":false,"boss_relics":[],"items_purged_floors":[],"is_endless":false,"potions_floor_spawned":[],"killed_by":"3 Sentries","ascension_level":20}}