{"host":"7l3oksimcdddoiz3","time":1612661110,"event":{"mods":["100% Spire Juice","BaseMod","Gremlin Mod","Hermit","Lobotomy","Minty Spire (QoL Compilation)","StSLib","The Cursed","The Servant 0.9.4"],"gold_per_floor":[112,128,145,37,54,79,91,91,116,133,133,165,165,240,240,344,344,362,372,372,33,47,47,67,67,67,67,67,83,94,126,126,228,228,238,251,251,20,30,30,130,150,150,179,198,198,232,252,252,252,252],"floor_reached":50,"language":"ENG","playtime":4423,"items_purged":[],"score":611,"play_id":"a5a61566-9093-4fd2-b0c8-9614332e9a59","local_time":"20210206172510","is_ascension_mode":false,"campfire_choices":[{"data":"Cloak And Dagger","floor":8.0,"key":"SMITH"},{"data":"Concentrate","floor":11.0,"key":"SMITH"},{"floor":15.0,"key":"REST"},{"floor":23,"key":"REST"},{"floor":25,"key":"REST"},{"floor":27,"key":"REST"},{"floor":32,"key":"REST"},{"floor":40,"key":"REST"},{"floor":46,"key":"REST"},{"floor":49,"key":"REST"}],"circlet_count":0,"master_deck":["Strike_G+1","Strike_G+1","Strike_G+1","Strike_G+1","Strike_G+1","Defend_G+1","Defend_G+1","Defend_G+1","Defend_G+1","Defend_G+1","Survivor","Neutralize","Cloak And Dagger+1","Backflip","Bouncing Flask","Leg Sweep","Concentrate+1","Dodge and Roll","Quick Slash","Tactician+1","Poisoned Stab","Venomology","Endless Agony+1","Slice","A Thousand Cuts","Cloak And Dagger","Well Laid Plans","Blade Dance","Blade Dance+1","Dash","Slice","Corpse Explosion","Dash","Deflect","Accuracy","Master of Strategy","Poisoned Stab+1","Cloak And Dagger","PiercingWail","Escape Plan+1","Backflip+1","Crippling Poison+1","Prepared","Dagger Throw+1"],"relics":["SlaversCollar","Gremlin Horn","Bag of Marbles","Omamori","Sozu","Vajra","Mercury Hourglass","Orichalcum","HoveringKite","Smiling Mask","Prayer Wheel","Regal Pillow"],"acts_visited":["Exordium","TheCity","TheBeyond"],"potions_floor_usage":[],"damage_taken":[{"damage":0.0,"enemies":"Jaw Worm","floor":1.0,"turns":4.0},{"damage":0.0,"enemies":"2 Louse","floor":2.0,"turns":3.0},{"damage":0.0,"enemies":"Small Slimes","floor":3.0,"turns":5.0},{"damage":6.0,"enemies":"Exordium Thugs","floor":5.0,"turns":7.0},{"damage":0.0,"enemies":"Lagavulin","floor":6.0,"turns":5.0},{"damage":1.0,"enemies":"Large Slime","floor":7.0,"turns":9.0},{"damage":0.0,"enemies":"Blue Slaver","floor":10.0,"turns":4.0},{"damage":0.0,"enemies":"3 Sentries","floor":12.0,"turns":9.0},{"damage":45.0,"enemies":"Slime Boss","floor":16.0,"turns":14.0},{"damage":40.0,"enemies":"3 Byrds","floor":18.0,"turns":6.0},{"damage":5.0,"enemies":"Spheric Guardian","floor":19.0,"turns":6.0},{"damage":5,"enemies":"Centurion and Healer","floor":22,"turns":6},{"damage":27,"enemies":"Chosen and Byrds","floor":24,"turns":7},{"damage":12,"enemies":"Snecko","floor":29,"turns":4},{"damage":18,"enemies":"Sentry and Sphere","floor":30,"turns":4},{"damage":17,"enemies":"Slavers","floor":31,"turns":4},{"damage":28,"enemies":"Automaton","floor":33,"turns":9},{"damage":9,"enemies":"3 Darklings","floor":35,"turns":4},{"damage":3,"enemies":"3 Shapes","floor":36,"turns":3},{"damage":7,"enemies":"Maw","floor":39,"turns":8},{"damage":0,"enemies":"Jaw Worm Horde","floor":42,"turns":3},{"damage":39,"enemies":"Giant Head","floor":44,"turns":8},{"damage":7,"enemies":"Sphere and 2 Shapes","floor":45,"turns":4},{"damage":6,"enemies":"Reptomancer","floor":47,"turns":6},{"damage":26,"enemies":"Maw","floor":48,"turns":7},{"damage":44,"enemies":"Awakened One","floor":50,"turns":8}],"seed_played":"-9150997134884754417","potions_obtained":[{"floor":3.0,"key":"Poison Potion"},{"floor":5.0,"key":"Poison Potion"},{"floor":7.0,"key":"FearPotion"}],"is_trial":false,"path_per_floor":["M","M","M","$","M","E","M","R","T","M","R","E","?","?","R","B",null,"M","M","?","$","M","R","M","R","T","R","?","M","M","E","R","B",null,"M","M","?","$","M","R","?","M","T","E","M","R","E","M","R","B"],"character_chosen":"THE_SILENT","items_purchased":["Bouncing Flask","Leg Sweep","Vajra","A Thousand Cuts","Cloak And Dagger","Accuracy","Master of Strategy"],"campfire_rested":8,"item_purchase_floors":[4,4,21,21,21,38,38],"current_hp_per_floor":[70,70,70,70,64,64,63,63,63,63,63,63,63,52,70,25,70,30,25,25,25,20,41,14,35,35,56,56,44,26,9,30,2,70,61,58,58,58,51,70,70,70,70,31,24,45,39,13,49,5,5],"gold":252,"neow_bonus":"BOSS_RELIC","is_daily":false,"chose_seed":false,"campfire_upgraded":2,"win_rate":0.0,"timestamp":1612661110,"path_taken":["M","M","M","$","M","E","M","R","T","M","R","E","?","?","R","BOSS","M","M","?","$","M","R","M","R","T","R","?","M","M","E","R","BOSS","M","M","?","$","M","R","?","M","T","E","M","R","E","?","R","BOSS"],"items_purchased_type":["Card","Card","Relic","Card","Card","Card","Card"],"build_version":"2020-12-22","purchased_purges":0,"victory":false,"max_hp_per_floor":[70,70,70,70,70,70,70,70,70,70,70,70,70,70,70,70,70,70,70,70,70,70,70,70,70,70,70,70,70,70,70,70,70,70,70,70,70,70,70,70,70,70,70,70,70,70,70,70,70,70,70],"card_choices":[{"not_picked":["Bouncing Flask","Slice"],"picked":"Cloak And Dagger","floor":1.0},{"not_picked":["Underhanded Strike","Concentrate"],"picked":"Backflip","floor":2.0},{"not_picked":["Finisher","Bane"],"picked":"PiercingWail","floor":3.0},{"not_picked":["Bane","Terror"],"picked":"Concentrate","floor":5.0},{"not_picked":["Catalyst","Prepared"],"picked":"Dodge and Roll","floor":6.0},{"not_picked":["Deflect","Leg Sweep"],"picked":"Quick Slash","floor":7.0},{"not_picked":["PiercingWail","Flying Knee"],"picked":"Tactician","floor":10.0},{"not_picked":["Deadly Poison","Blur"],"picked":"Poisoned Stab","floor":12.0},{"not_picked":["Doppelganger","Die Die Die"],"picked":"Venomology","floor":16.0},{"not_picked":["Backflip","Outmaneuver"],"picked":"Endless Agony+1","floor":18.0},{"not_picked":["Masterful Stab","Sucker Punch"],"picked":"Slice","floor":19.0},{"not_picked":["Riddle With Holes","Choke"],"picked":"Well Laid Plans","floor":22},{"not_picked":["Underhanded Strike","Heel Hook"],"picked":"Blade Dance","floor":24},{"not_picked":["Poisoned Stab","Flechettes"],"picked":"Blade Dance+1","floor":29},{"not_picked":["Choke","Deadly Poison+1"],"picked":"Dash","floor":30},{"not_picked":["Riddle With Holes","Distraction"],"picked":"Slice","floor":31},{"not_picked":["Burst","Phantasmal Killer"],"picked":"Corpse Explosion","floor":33},{"not_picked":["Reflex","Bane+1"],"picked":"Dash","floor":35},{"not_picked":["Quick Slash","Slice+1"],"picked":"Deflect","floor":36},{"not_picked":["Bane","Eviscerate+1"],"picked":"Poisoned Stab+1","floor":39},{"not_picked":["Backflip+1","Acrobatics+1"],"picked":"Cloak And Dagger","floor":42},{"not_picked":["Poisoned Stab","Deadly Poison"],"picked":"PiercingWail","floor":44},{"not_picked":["Backflip","Tactician"],"picked":"Escape Plan+1","floor":45},{"not_picked":["Expertise","Blade Dance+1"],"picked":"Backflip+1","floor":45},{"not_picked":["Flying Knee+1","Bullet Time"],"picked":"Crippling Poison+1","floor":47},{"not_picked":["Bouncing Flask","Sucker Punch"],"picked":"Prepared","floor":48},{"not_picked":["Reflex","Bouncing Flask+1"],"picked":"Dagger Throw+1","floor":48}],"player_experience":104201,"relics_obtained":[{"floor":6.0,"key":"Gremlin Horn"},{"floor":9.0,"key":"Bag of Marbles"},{"floor":12.0,"key":"Omamori"},{"floor":26,"key":"Mercury Hourglass"},{"floor":31,"key":"Orichalcum"},{"floor":43,"key":"Smiling Mask"},{"floor":44,"key":"Prayer Wheel"},{"floor":47,"key":"Regal Pillow"}],"event_choices":[{"damage_healed":0.0,"max_hp_gain":0.0,"max_hp_loss":0.0,"gold_gain":0.0,"event_name":"Living Wall","player_choice":"Grow","floor":13.0,"gold_loss":0.0,"damage_taken":0.0,"cards_upgraded":["Tactician"]},{"damage_healed":0.0,"max_hp_gain":0.0,"max_hp_loss":0.0,"gold_gain":75.0,"event_name":"World of Goop","player_choice":"Gather Gold","floor":14.0,"gold_loss":0.0,"damage_taken":11.0},{"damage_healed":0.0,"max_hp_gain":0.0,"max_hp_loss":0.0,"gold_gain":0.0,"event_name":"Back to Basics","player_choice":"Simplicity","floor":20.0,"gold_loss":0.0,"damage_taken":0.0,"cards_upgraded":["Strike_G","Strike_G","Strike_G","Strike_G","Strike_G","Defend_G","Defend_G","Defend_G","Defend_G","Defend_G"]},{"damage_healed":0,"gold_gain":0,"player_choice":"Ignored","damage_taken":0,"max_hp_gain":0,"max_hp_loss":0,"event_name":"Cursed Tome","floor":28,"gold_loss":0},{"cards_removed":["PiercingWail"],"damage_healed":0,"gold_gain":0,"player_choice":"Removed Skill","damage_taken":0,"max_hp_gain":0,"max_hp_loss":0,"event_name":"Falling","floor":37,"gold_loss":0},{"damage_healed":0,"gold_gain":100,"player_choice":"Pray","damage_taken":0,"max_hp_gain":0,"max_hp_loss":0,"event_name":"Golden Shrine","floor":41,"gold_loss":0}],"is_beta":false,"boss_relics":[{"not_picked":["SacredBark","Runic Pyramid"],"picked":"Sozu"},{"not_picked":["Philosopher\u0027s Stone","Runic Dome"],"picked":"HoveringKite"}],"items_purged_floors":[],"is_endless":false,"potions_floor_spawned":[3,5,7,19,22,29,31,39,42,44,47],"killed_by":"Awakened One","ascension_level":0}}