{"host":"gf6h0fjn0q83ridf","time":1612709009,"event":{"mods":["Arknights","BaseMod","Downfall","Energized Spire","Hunter ¡‘»À","KinomotoSakuraMod(ƒæ÷Æ±æ”£)","Minty Spire (QoL Compilation)","Prisma Mod","Reimu£®≤©¿ˆ¡È√Œ£©","Remilia£®¿Ÿ√◊¿Ú—«£©","RumiaBox-¬∂√◊Ê´µƒ…Ò√ÿ∫–◊”","Spicy Shops","StSLib","WarShipGirlsR/’ΩΩ¢…Ÿ≈ÆR mod","Youmu£®ªÍ∆«—˝√Œ£©"],"gold_per_floor":[112,132,92,111,186,214,226,236,236,236,236,236,264,281,281,386,386,403,28,38,48,66,99,99,134,134,134,23,23,23,23,23,120,120,138,154,2,20,70,81,81,81,131,131,149,149,180,22,22,42],"floor_reached":51,"language":"ZHS","playtime":7732,"items_purged":["Shame"],"score":825,"play_id":"89e27f36-73fe-4143-949c-306844e8e52f","local_time":"20210207224329","is_ascension_mode":false,"campfire_choices":[{"data":"rmod:openingtorpedo","floor":10.0,"key":"SMITH"},{"data":"rmod:chargemoney","floor":15.0,"key":"SMITH"},{"floor":24.0,"key":"REST"},{"data":"rmod:expedition","floor":27.0,"key":"SMITH"},{"data":"rmod:expedition+1","floor":30.0,"key":"SMITH"},{"data":"rmod:expedition+2","floor":32.0,"key":"SMITH"},{"data":"rmod:abidefaith","floor":42,"key":"SMITH"},{"data":"rmod:basicallowance","floor":44,"key":"SMITH"},{"data":"rmod:mineteam","floor":46,"key":"SMITH"},{"data":"rmod:acesubmarine","floor":49,"key":"SMITH"}],"circlet_count":0,"master_deck":["rmod:strick","rmod:strick","rmod:strick","rmod:defend","rmod:defend","rmod:defend","rmod:defend","rmod:basicallowance+1","rmod:maingunfire","rmod:openingtorpedo+1","rmod:advancebysurprise","rmod:wolves","rmod:wife+1","rmod:lonelyqueen+1","rmod:victimresponsibility+1","rmod:luckystar+1","rmod:chargemoney+1","rmod:abidefaith+1","rmod:rockthrower+1","rmod:advancebysurprise+1","rmod:lonelyqueen+1","rmod:firesupport","rmod:aluminumsupply+1","rmod:guardianhero+1","rmod:mineteam+1","rmod:circuitoustactics+1","rmod:spoils+1","rmod:victimresponsibility+1","rmod:ammunitionsupply+1","rmod:intelligenceanalysis+1","rmod:salvage+1","rmod:supportaircraftcarrier+1","rmod:ring+1","rmod:diamondstrike","rmod:firesupport+1","rmod:supportescort+1","rmod:salvage+1","rmod:expedition+3","rmod:garrisonisland","rmod:victimresponsibility+1","rmod:garrisonisland","Writhe","Decay","rmod:u235+1","rmod:supriseattacks+1","rmod:fletcher","rmod:garrisonisland+1","rmod:supportaircraftcarrier+1","rmod:openingtorpedo+1","rmod:luckystar+1","rmod:ring+1","rmod:firesupport+1","rmod:supportescort+1","rmod:victimresponsibility+1","rmod:fuelsupply+1","rmod:smokecover+1","rmod:rockthrower+1","rmod:goodsister+1","rmod:aggressivemary+1","rmod:punchline+1","rmod:unsinkable+1","rmod:fuelsupply+1","rmod:launchingtorpedo+1","rmod:highspeedmaneuver+1","rmod:steelsupply+1","rmod:aluminumsupply+1","rmod:circuitoustactics+1","rmod:firesupport","rmod:unsinkable+1","rmod:smokecover+1","rmod:acesubmarine+1","rmod:fletcherpendant"],"relics":["rmod:firstchargereward","PaintedHorse:ReiMu","Toxic Egg 2","Lantern","Pantograph","Bag of Marbles","energizedSpire:StickyHand","Regal Pillow","Gremlin Horn","Blood Vial","CaptainsWheel","Chemical X","rmod:quickrepair","SoulBox","StoneCalendar","Whetstone","Bird Faced Urn"],"acts_visited":["Exordium","TheCity","TheBeyond"],"potions_floor_usage":[38,50,50,50],"damage_taken":[{"damage":0.0,"enemies":"2 Louse","floor":1.0,"turns":3.0},{"damage":0.0,"enemies":"Cultist","floor":2.0,"turns":2.0},{"damage":0.0,"enemies":"Small Slimes","floor":4.0,"turns":2.0},{"damage":6.0,"enemies":"Gremlin Nob","floor":6.0,"turns":3.0},{"damage":0.0,"enemies":"Exordium Thugs","floor":7.0,"turns":2.0},{"damage":0.0,"enemies":"Lots of Slimes","floor":8.0,"turns":1.0},{"damage":0.0,"enemies":"Lagavulin","floor":13.0,"turns":3.0},{"damage":0.0,"enemies":"Looter","floor":14.0,"turns":2.0},{"damage":19.0,"enemies":"The Guardian","floor":16.0,"turns":8.0},{"damage":0.0,"enemies":"3 Byrds","floor":18.0,"turns":5.0},{"damage":0.0,"enemies":"Shell Parasite","floor":20.0,"turns":3.0},{"damage":21.0,"enemies":"Shelled Parasite and Fungi","floor":21.0,"turns":3.0},{"damage":11.0,"enemies":"Snecko","floor":22.0,"turns":3.0},{"damage":12.0,"enemies":"Book of Stabbing","floor":23.0,"turns":3.0},{"damage":0.0,"enemies":"Gremlin Leader","floor":25.0,"turns":2.0},{"damage":37.0,"enemies":"Automaton","floor":33.0,"turns":8.0},{"damage":8,"enemies":"3 Shapes","floor":35,"turns":2},{"damage":4,"enemies":"3 Darklings","floor":36,"turns":2},{"damage":4,"enemies":"Transient","floor":38,"turns":7},{"damage":4,"enemies":"Mind Bloom Boss Battle","floor":39,"turns":10},{"damage":18,"enemies":"Jaw Worm Horde","floor":40,"turns":3},{"damage":5,"enemies":"4 Shapes","floor":45,"turns":2},{"damage":5,"enemies":"Nemesis","floor":47,"turns":7},{"damage":30,"enemies":"Donu and Deca","floor":50,"turns":12}],"seed_played":"-7260200073458209337","potions_obtained":[{"floor":2.0,"key":"FearPotion"},{"floor":4.0,"key":"ZuzhouPotion:ReiMu"},{"floor":7.0,"key":"LiquidMemories"},{"floor":14.0,"key":"LiquidMemories"},{"floor":20.0,"key":"Block Potion"},{"floor":21.0,"key":"champ:CounterPotion"},{"floor":25.0,"key":"Energy Potion"},{"floor":33.0,"key":"Weak Potion"},{"floor":45,"key":"GamblersBrew"}],"is_trial":false,"path_per_floor":["M","M","?","M","?","E","M","M","T","R","T","?","E","M","R","B",null,"M","$","M","M","M","E","R","E","T","R","$","?","R","?","R","B",null,"M","M","$","M","?","M","?","R","T","R","M","R","E","$","R","B",null],"character_chosen":"PRAEFECT","items_purchased":["rmod:firesupport","rmod:aluminumsupply+1","rmod:guardianhero+1","rmod:mineteam","Regal Pillow","Chemical X","rmod:garrisonisland","rmod:supportescort+1","rmod:victimresponsibility+1","rmod:acesubmarine"],"campfire_rested":1,"item_purchase_floors":[19,19,19,19,19,28,28,37,37,48],"current_hp_per_floor":[82,82,82,82,74,68,68,68,68,68,68,68,68,68,68,63,82,82,82,82,61,50,38,77,77,77,77,77,77,77,77,77,45,82,74,72,72,70,78,62,62,62,62,62,59,59,56,56,56,60],"gold":42,"neow_bonus":"TEN_PERCENT_HP_BONUS","is_daily":false,"chose_seed":false,"campfire_upgraded":9,"win_rate":0.0,"timestamp":1612709009,"path_taken":["M","M","?","M","?","E","M","?","T","R","?","?","E","?","R","BOSS","M","$","M","M","M","E","R","E","T","R","?","?","R","?","R","BOSS","M","M","$","M","?","M","?","R","T","R","M","R","E","$","R","BOSS"],"items_purchased_type":["Card","Card","Card","Card","Relic","Relic","Card","Card","Card","Card"],"build_version":"2020-12-22","purchased_purges":1,"victory":true,"max_hp_per_floor":[82,82,82,82,82,82,82,82,82,82,82,82,82,82,82,82,82,82,82,82,82,82,82,82,82,82,82,82,82,82,82,82,82,82,82,82,82,82,82,82,82,82,82,82,82,82,82,82,82,82],"card_choices":[{"not_picked":["rmod:unsinkable","rmod:heivgo"],"picked":"rmod:openingtorpedo","floor":1.0},{"not_picked":["rmod:aluminumsupply","rmod:ammunitionsupply"],"picked":"rmod:advancebysurprise","floor":2.0},{"not_picked":["rmod:aviationdawn","rmod:aluminumsupply"],"picked":"rmod:wolves","floor":4.0},{"not_picked":["rmod:selfconfidence","rmod:ridicule+1"],"picked":"rmod:wife+1","floor":6.0},{"not_picked":["rmod:intelligenceanalysis","rmod:advancebysurprise+1"],"picked":"rmod:lonelyqueen+1","floor":7.0},{"not_picked":["rmod:unsinkable+1","rmod:diamondstrike"],"picked":"rmod:victimresponsibility+1","floor":8.0},{"not_picked":["rmod:steelsupply+1","rmod:fuelsupply+1"],"picked":"rmod:luckystar","floor":13.0},{"not_picked":["rmod:victimresponsibility+1","rmod:steelsupply+1"],"picked":"rmod:chargemoney","floor":14.0},{"not_picked":["rmod:saltedfish+1","rmod:windflower+1"],"picked":"rmod:abidefaith","floor":16.0},{"not_picked":["rmod:rockthrower","rmod:lonelyqueen+1"],"picked":"rmod:advancebysurprise+1","floor":18.0},{"not_picked":["rmod:circuitoustactics+1","rmod:spoils+1"],"picked":"rmod:victimresponsibility+1","floor":20.0},{"not_picked":["rmod:ammunitionsupply+1","rmod:intelligenceanalysis+1"],"picked":"rmod:salvage+1","floor":21.0},{"not_picked":["rmod:supportaircraftcarrier+1","rmod:ring+1"],"picked":"rmod:diamondstrike","floor":22.0},{"not_picked":["rmod:firesupport+1","rmod:supportescort+1"],"picked":"rmod:salvage+1","floor":23.0},{"not_picked":["rmod:expedition","rmod:garrisonisland"],"picked":"rmod:victimresponsibility+1","floor":25.0},{"not_picked":["rmod:u235+1","rmod:supriseattacks+1"],"picked":"rmod:fletcher","floor":33.0},{"not_picked":["rmod:garrisonisland+1","rmod:supportaircraftcarrier+1"],"picked":"rmod:openingtorpedo+1","floor":35},{"not_picked":["rmod:luckystar+1","rmod:firesupport+1"],"picked":"rmod:ring+1","floor":36},{"not_picked":["rmod:fuelsupply+1","rmod:smokecover+1"],"picked":"rmod:rockthrower+1","floor":38},{"not_picked":["rmod:goodsister+1","rmod:punchline+1"],"picked":"rmod:aggressivemary+1","floor":39},{"not_picked":["rmod:unsinkable+1","rmod:fuelsupply+1"],"picked":"rmod:launchingtorpedo+1","floor":40},{"not_picked":[],"picked":"rmod:highspeedmaneuver","floor":41},{"not_picked":["rmod:steelsupply+1","rmod:aluminumsupply+1"],"picked":"rmod:circuitoustactics+1","floor":45},{"not_picked":["rmod:firesupport","rmod:unsinkable+1"],"picked":"rmod:smokecover+1","floor":47}],"player_experience":152479,"relics_obtained":[{"floor":6.0,"key":"Toxic Egg 2"},{"floor":9.0,"key":"Lantern"},{"floor":11.0,"key":"Pantograph"},{"floor":13.0,"key":"Bag of Marbles"},{"floor":23.0,"key":"Gremlin Horn"},{"floor":25.0,"key":"Blood Vial"},{"floor":26.0,"key":"CaptainsWheel"},{"floor":39,"key":"StoneCalendar"},{"floor":43,"key":"Whetstone"},{"floor":47,"key":"Bird Faced Urn"}],"event_choices":[{"damage_healed":0.0,"max_hp_gain":0.0,"max_hp_loss":0.0,"gold_gain":0.0,"event_name":"yidonshenshe","player_choice":"»˚«Æ","floor":3.0,"gold_loss":40.0,"damage_taken":0.0,"relics_obtained":["PaintedHorse:ReiMu"]},{"damage_healed":0.0,"max_hp_gain":0.0,"max_hp_loss":0.0,"gold_gain":75.0,"event_name":"FaceTrader","player_choice":"Touch","floor":5.0,"gold_loss":0.0,"damage_taken":8.0},{"cards_removed":["rmod:strick"],"damage_healed":0.0,"max_hp_gain":0.0,"max_hp_loss":0.0,"gold_gain":0.0,"event_name":"Purifier","player_choice":"Purged","floor":12.0,"gold_loss":0.0,"damage_taken":0.0},{"damage_healed":0.0,"max_hp_gain":0.0,"max_hp_loss":0.0,"gold_gain":0.0,"event_name":"The Mausoleum","player_choice":"Opened","floor":29.0,"gold_loss":0.0,"damage_taken":0.0,"relics_obtained":["rmod:quickrepair"],"cards_obtained":["Writhe"]},{"damage_healed":0.0,"max_hp_gain":0.0,"max_hp_loss":0.0,"gold_gain":0.0,"event_name":"Forgotten Altar","player_choice":"Smashed Altar","floor":31.0,"gold_loss":0.0,"damage_taken":0.0,"cards_obtained":["Decay"]},{"damage_healed":0,"gold_gain":0,"player_choice":"Fight","damage_taken":0,"max_hp_gain":0,"max_hp_loss":0,"event_name":"MindBloom","floor":39,"gold_loss":0}],"is_beta":false,"boss_relics":[{"not_picked":["Snecko Eye","Velvet Choker"],"picked":"energizedSpire:StickyHand"},{"not_picked":["energizedSpire:OgreHead","energizedSpire:RedRose"],"picked":"SoulBox"}],"items_purged_floors":[37],"is_endless":false,"potions_floor_spawned":[2,4,7,14,20,21,25,33,35,36,45],"ascension_level":0}}