{"host":"39hztz5hia41w0n0","time":1612662928,"event":{"mods":["2.2 Compatiblity","AchievementEnabler","Act Like it!","AlwaysNeverKeys","Aspiration","BaseMod","Better Altar","Better Note","Better Sensory Stone","Better Skull","Better Third Choice","BetterRewards","Block Reminder","Colored Map","Colored Powertips","Conspire","Curses Come First","DeckTracker","Defuse TimeMaze Blight","Downfall","Energized Spire","GifTheSpireLib","Googly Eyes","Halation","Highlight Path","Hubris","Infinite Spire","Minty Spire (QoL Compilation)","Permanent Neow","Potion Indicator Mod","Quick Restart","RatMod","Relic Filter","Relic Sorter","Relic Stats","Replay The Spire","Reworked Bosses","Shop Mod","Spicy Shops","Spikes Relics","StSLib","Stuff the Spire","SuperFastMode","Uncapped","Unceasing Turn Reminder","UnlockEverythingMod","Username Fix","egg"],"gold_per_floor":[13,113,288,308,133,163,163,198,246,256,284,284,299,55,55,155,155,171,43,53,53,66,66,80,30,30,30,40,67,67,98,98,197,197,212,111,121,146,146,146,146,181,181,35,35,35,54,69,69,170,170,180,195,195,200,475,436,436],"floor_reached":57,"language":"ENG","playtime":2273,"items_purged":["Doubt","Defend_R","Strike_R","Strike_R","Strike_R","conspire:ExplosiveBarrier","Rampage"],"score":592,"play_id":"eb71f736-8aa8-4065-b99a-5eefa8ef8929","local_time":"20210206205528","is_ascension_mode":false,"campfire_choices":[{"data":"Whirlwind","floor":7.0,"key":"SMITH"},{"floor":12.0,"key":"REST"},{"floor":15.0,"key":"REST"},{"data":"hubris:ReadiedAction","floor":23.0,"key":"SMITH"},{"data":"Inflame","floor":27,"key":"SMITH"},{"floor":32,"key":"REST"},{"floor":40,"key":"REST"},{"floor":46,"key":"REST"},{"floor":49,"key":"REST"}],"circlet_count":0,"master_deck":["Defend_R","Bash","Ghostly Armor","hubris:ReadiedAction+1","hubris:CleavingFinish","Flex","Flex","Whirlwind+1","Inflame+1","Immolate","AscendersBane","StuffTheSpire:Innocence","Madness","Reaper","StuffTheSpire:Resist","Regret","StuffTheSpire:Ambrosia"],"relics":["Burning Blood","Smiling Mask","rat:PhantomDancer","SnailShell","Iron Hammer","Medical Kit","energizedSpire:NeverEndingSparkler","Blue Candle","StuffTheSpire:DarkSteelAnvil","hubris:Potato","ChewingGum","GiantMaggot","hubris:Towel","Replay:Arrowhead","Bag of Preparation","StuffTheSpire:Saxophone","Sandwich"],"acts_visited":["Exordium","TheCity","TheBeyond","Exordium"],"potions_floor_usage":[29,33,38,50,50,57,57,57],"damage_taken":[{"damage":5.0,"enemies":"conspire:RoseBush","floor":1.0,"turns":3.0},{"damage":0.0,"enemies":"Small Slimes","floor":4.0,"turns":3.0},{"damage":18.0,"enemies":"Replay:BlueRogue","floor":6.0,"turns":5.0},{"damage":38.0,"enemies":"Gremlin Nob","floor":8.0,"turns":5.0},{"damage":6.0,"enemies":"Jaw Worm","floor":10.0,"turns":2.0},{"damage":17.0,"enemies":"3 Sentries","floor":11.0,"turns":4.0},{"damage":5.0,"enemies":"conspire:2 RoseBushes","floor":13.0,"turns":1.0},{"damage":20.0,"enemies":"The Guardian","floor":16.0,"turns":6.0},{"damage":8.0,"enemies":"Spheric Guardian","floor":18.0,"turns":4.0},{"damage":7.0,"enemies":"Shell Parasite","floor":20.0,"turns":3.0},{"damage":8.0,"enemies":"Snake Plant","floor":22.0,"turns":3.0},{"damage":0,"enemies":"Centurion and Healer","floor":24,"turns":4},{"damage":28,"enemies":"Snecko","floor":28,"turns":5},{"damage":1,"enemies":"Replay:Snechameleon","floor":29,"turns":3},{"damage":29,"enemies":"Nightmare","floor":31,"turns":5},{"damage":21,"enemies":"hubris:MusketHawk","floor":33,"turns":4},{"damage":0,"enemies":"3 Shapes","floor":35,"turns":3},{"damage":2,"enemies":"3 Darklings","floor":37,"turns":2},{"damage":54,"enemies":"conspire:MimicChest","floor":38,"turns":5},{"damage":50,"enemies":"Nemesis","floor":42,"turns":5},{"damage":4,"enemies":"Spire Growth","floor":47,"turns":3},{"damage":0,"enemies":"4 Shapes","floor":48,"turns":1},{"damage":115,"enemies":"Replay:Hell Engine","floor":50,"turns":16},{"damage":0,"enemies":"Small Slimes","floor":52,"turns":1},{"damage":0,"enemies":"conspire:RoseBush","floor":53,"turns":1},{"damage":0,"enemies":"Cultist","floor":55,"turns":1},{"damage":106,"enemies":"Nightmare","floor":57,"turns":6}],"seed_played":"5296557973430591627","potions_obtained":[{"floor":1.0,"key":"SkillPotion"},{"floor":8.0,"key":"Elixir"},{"floor":11.0,"key":"Swift Potion"},{"floor":13.0,"key":"Fruit Juice"},{"floor":18.0,"key":"Elixir"},{"floor":28,"key":"SteroidPotion"},{"floor":31,"key":"SkillPotion"},{"floor":38,"key":"FairyPotion"},{"floor":47,"key":"Dexterity Potion"},{"floor":48,"key":"ColorlessPotion"},{"floor":50,"key":"Block Potion"},{"floor":52,"key":"Swift Potion"},{"floor":55,"key":"SpeedPotion"}],"is_trial":false,"path_per_floor":["M","?","?","M","$","E","R","E","T","M","E","R","M","$","R","B",null,"M","$","M","?","M","R","M","$","T","R","M","E","?","NM","R","B",null,"M","$","M","?","?","R","?","E","T","$","?","R","M","M","R","B",null,"M","M","?","M","?","NM"],"character_chosen":"IRONCLAD","items_purchased":["Medical Kit","Inflame","Energy Potion","StuffTheSpire:Saxophone"],"campfire_rested":6,"item_purchase_floors":[14,19,36,44],"current_hp_per_floor":[80,80,80,80,80,68,68,36,36,36,25,49,55,55,80,66,85,83,83,82,82,80,80,85,85,85,85,63,68,68,45,70,55,85,85,85,85,37,37,62,62,18,18,18,18,43,45,51,76,10,85,85,85,85,85,85,0,0],"gold":436,"neow_bonus":"TRANSFORM_TWO_CARDS","is_daily":false,"chose_seed":false,"campfire_upgraded":3,"win_rate":0.0,"timestamp":1612662928,"path_taken":["M","?","?","M","$","E","R","E","T","M","E","R","?","$","R","BOSS","M","$","M","?","M","R","M","?","T","R","M","E","?","NM","R","BOSS","M","$","M","?","?","R","?","E","T","?","?","R","M","M","R","BOSS","M","M","?","?","?","NM"],"items_purchased_type":["Relic","Card","Potion","Relic"],"build_version":"2020-12-22","purchased_purges":7,"victory":false,"max_hp_per_floor":[80,80,80,80,80,80,80,80,80,80,80,80,85,85,85,85,85,85,85,85,85,85,85,85,85,85,85,85,85,85,85,85,85,85,85,85,85,85,85,85,85,85,85,85,85,85,85,85,85,85,85,85,85,85,85,85,86,86],"relic_stats":{"counters":[67,354],"Blue Candle":[4],"Bag of Preparation":[14],"Smiling Mask":88,"Medical Kit":[19],"obtain_stats":[{"Ice Cream":141,"infinitespire:BottledMercury":4,"hubris:BallOfYels":89,"conspire:RoyalGoblet":17,"StuffTheSpire:Rhapsscallions":57,"aspiration:PoetsPen_weak":68,"Blood Vial":21,"Centennial Puzzle":107,"aspiration:EnhancedActuators":53,"halation:PrussianBluePaint":37,"Strawberry":127,"Philosopher\u0027s Stone":102,"Prayer Wheel":120,"Necronomicon":70,"Replay:Wax Seal":107,"LugNut":123,"aspiration:FaultyCoupler":40,"hubris:MobiusCoin":30,"MerchantsRug":107,"conspire:TreasureMap":107,"Ring of Hypnosis":46,"Happy Flower":95,"aspiration:Nostalgia":123,"Counterbalance":23,"infinitespire:Beetle Shell":0,"conspire:Boomerang":108,"energizedSpire:StickyHand":136,"Cables":43,"infinitespire:EvilPickle":33,"SlaversCollar":119,"energizedSpire:NeverEndingSparkler":34,"StuffTheSpire:GreaterSneckoEye":146,"Onion Ring":107,"energizedSpire:MagnifyingGlass":85,"ReplayTheSpireMod:TigerMarble":99,"Darkstone Periapt":111,"Juzu Bracelet":124,"Smiling Mask":54,"Ancient Tea Set":126,"Pet Ghost":31,"conspire:TopHat":93,"StuffTheSpire:OccultApparatus":44,"Replay:Bandana":82,"Mummified Hand":91,"infinitespire:Bottled Soul":94,"Replay:M_SmolderingBlood":123,"RollingBoulder":6,"Tiny Chest":12,"Replay:Antivirus Software":123,"Replay:Bottled Eggs":145,"Cracked Core":0,"StuffTheSpire:Tea":72,"aspiration:ChemicalBlood":143,"Potion Belt":9,"Golden Idol":46,"Replay:WaspNest":10,"aspiration:HummingbirdHeart":60,"Omamori":110,"Geode":138,"Ring of Greed":46,"hubris:Towel":8,"Frozen Egg 2":26,"Sandwich":51,"halation:EternalFortune":96,"SpikesRelics:DaevaFist":77,"Garlic":129,"Membership Card":55,"halation:AfternoonTea":128,"halation:LostSnail":24,"halation:PinkSoulGem":59,"rat:PhantomDancer":55,"infinitespire:Freezer":41,"infinitespire:Midas Blood":46},{"Ice Cream":58,"infinitespire:BottledMercury":1,"hubris:BallOfYels":37,"conspire:RoyalGoblet":6,"StuffTheSpire:Rhapsscallions":23,"aspiration:PoetsPen_weak":27,"Blood Vial":7,"Centennial Puzzle":43,"aspiration:EnhancedActuators":21,"halation:PrussianBluePaint":15,"Strawberry":51,"Philosopher\u0027s Stone":41,"Prayer Wheel":49,"Necronomicon":28,"Replay:Wax Seal":43,"LugNut":50,"aspiration:FaultyCoupler":17,"hubris:MobiusCoin":12,"MerchantsRug":43,"conspire:TreasureMap":43,"Ring of Hypnosis":18,"Happy Flower":40,"aspiration:Nostalgia":50,"Counterbalance":9,"infinitespire:Beetle Shell":0,"conspire:Boomerang":44,"energizedSpire:StickyHand":54,"Cables":18,"infinitespire:EvilPickle":13,"SlaversCollar":48,"energizedSpire:NeverEndingSparkler":13,"StuffTheSpire:GreaterSneckoEye":59,"Onion Ring":43,"energizedSpire:MagnifyingGlass":34,"ReplayTheSpireMod:TigerMarble":40,"Darkstone Periapt":45,"Juzu Bracelet":50,"Smiling Mask":21,"Ancient Tea Set":51,"Pet Ghost":12,"conspire:TopHat":39,"StuffTheSpire:OccultApparatus":18,"Replay:Bandana":33,"Mummified Hand":39,"infinitespire:Bottled Soul":39,"Replay:M_SmolderingBlood":50,"RollingBoulder":3,"Tiny Chest":5,"Replay:Antivirus Software":50,"Replay:Bottled Eggs":59,"Cracked Core":0,"StuffTheSpire:Tea":28,"aspiration:ChemicalBlood":59,"Potion Belt":4,"Golden Idol":18,"Replay:WaspNest":4,"aspiration:HummingbirdHeart":23,"Omamori":45,"Geode":55,"Ring of Greed":18,"hubris:Towel":4,"Frozen Egg 2":9,"Sandwich":63,"halation:EternalFortune":40,"SpikesRelics:DaevaFist":31,"Garlic":52,"Membership Card":21,"halation:AfternoonTea":51,"halation:LostSnail":9,"halation:PinkSoulGem":23,"rat:PhantomDancer":21,"infinitespire:Freezer":17,"infinitespire:Midas Blood":18},{"Ice Cream":315,"infinitespire:BottledMercury":3,"hubris:BallOfYels":211,"conspire:RoyalGoblet":29,"StuffTheSpire:Rhapsscallions":133,"aspiration:PoetsPen_weak":155,"Blood Vial":34,"Centennial Puzzle":247,"aspiration:EnhancedActuators":125,"halation:PrussianBluePaint":86,"Strawberry":278,"Philosopher\u0027s Stone":241,"Prayer Wheel":268,"Necronomicon":159,"Replay:Wax Seal":247,"LugNut":274,"aspiration:FaultyCoupler":101,"hubris:MobiusCoin":65,"MerchantsRug":247,"conspire:TreasureMap":247,"Ring of Hypnosis":106,"Happy Flower":232,"aspiration:Nostalgia":274,"Counterbalance":46,"infinitespire:Beetle Shell":0,"conspire:Boomerang":252,"energizedSpire:StickyHand":297,"Cables":106,"infinitespire:EvilPickle":76,"SlaversCollar":267,"energizedSpire:NeverEndingSparkler":76,"StuffTheSpire:GreaterSneckoEye":318,"Onion Ring":247,"energizedSpire:MagnifyingGlass":195,"ReplayTheSpireMod:TigerMarble":232,"Darkstone Periapt":256,"Juzu Bracelet":274,"Smiling Mask":125,"Ancient Tea Set":278,"Pet Ghost":65,"conspire:TopHat":228,"StuffTheSpire:OccultApparatus":106,"Replay:Bandana":185,"Mummified Hand":228,"infinitespire:Bottled Soul":228,"Replay:M_SmolderingBlood":274,"RollingBoulder":9,"Tiny Chest":18,"Replay:Antivirus Software":274,"Replay:Bottled Eggs":318,"Cracked Core":0,"StuffTheSpire:Tea":159,"aspiration:ChemicalBlood":318,"Potion Belt":11,"Golden Idol":106,"Replay:WaspNest":11,"aspiration:HummingbirdHeart":133,"Omamori":256,"Geode":301,"Ring of Greed":106,"hubris:Towel":11,"Frozen Egg 2":46,"Sandwich":345,"halation:EternalFortune":232,"SpikesRelics:DaevaFist":173,"Garlic":286,"Membership Card":125,"halation:AfternoonTea":278,"halation:LostSnail":46,"halation:PinkSoulGem":133,"rat:PhantomDancer":125,"infinitespire:Freezer":101,"infinitespire:Midas Blood":106}],"Burning Blood":120},"card_choices":[{"not_picked":["Life Link","Second Wind","Clash"],"picked":"SKIP","floor":1.0},{"not_picked":["Heavy Blade","Clash"],"picked":"hubris:ReadiedAction","floor":2.0},{"not_picked":["Warcry","Body Slam"],"picked":"hubris:CleavingFinish","floor":2.0},{"not_picked":["Thunderclap","Pommel Strike"],"picked":"Flex","floor":2.0},{"not_picked":["Thunderclap","Massacre"],"picked":"Flex","floor":4.0},{"not_picked":["Second Wind","StuffTheSpire:RockThrow"],"picked":"Whirlwind","floor":6.0},{"not_picked":["Second Wind","StuffTheSpire:RockThrow","Iron Wave"],"picked":"SKIP","floor":8.0},{"not_picked":["Replay:Undeath\u0027s Touch","Power Through","Run Through"],"picked":"SKIP","floor":10.0},{"not_picked":["Brutality","hubris:ReadiedAction"],"picked":"Seeing Red","floor":11.0},{"not_picked":["Shrug It Off","Armaments","Warcry"],"picked":"SKIP","floor":13.0},{"not_picked":["Thunderclap","Armaments+1","Replay:Undeath\u0027s Touch"],"picked":"SKIP","floor":18.0},{"not_picked":["Pommel Strike","Run Through+1","Fire Breathing+1"],"picked":"SKIP","floor":20.0},{"not_picked":["Defy Death","Clash+1","Wild Strike"],"picked":"SKIP","floor":22.0},{"not_picked":["Clash","Thunderclap","StuffTheSpire:Pyroclast"],"picked":"SKIP","floor":24},{"not_picked":["ReplayTheSpireMod:LeadingStrike","Thunderclap","Anger"],"picked":"SKIP","floor":28},{"not_picked":["Immolate","conspire:ExplosiveBarrier","ReplayTheSpireMod:Stacked"],"picked":"SKIP","floor":29},{"not_picked":["conspire:ExplosiveBarrier","ReplayTheSpireMod:Stacked"],"picked":"Immolate","floor":29},{"not_picked":["Cleave","Replay:Undeath\u0027s Touch+1","Havoc"],"picked":"SKIP","floor":31},{"not_picked":["Anger","Run Through+1","Havoc+1"],"picked":"SKIP","floor":35},{"not_picked":["Warcry+1","Headbutt","Abandon+1"],"picked":"SKIP","floor":37},{"not_picked":["Immolate","Pommel Strike+1","Feel No Pain"],"picked":"SKIP","floor":42},{"not_picked":["Headbutt+1","Spot Weakness","StuffTheSpire:Slingshot+1"],"picked":"SKIP","floor":47},{"not_picked":["Anger+1","Cleave","Run Through"],"picked":"SKIP","floor":48},{"not_picked":["Impervious","conspire:HitWhereItHurts"],"picked":"Reaper","floor":50},{"not_picked":["Uppercut","Shockwave","Perfected Strike"],"picked":"SKIP","floor":52},{"not_picked":["Sever Soul","Heavy Blade"],"picked":"StuffTheSpire:Resist","floor":53},{"not_picked":["Iron Wave","Havoc","Anger"],"picked":"SKIP","floor":55}],"player_experience":86403,"relics_obtained":[{"floor":6.0,"key":"Smiling Mask"},{"floor":8.0,"key":"rat:PhantomDancer"},{"floor":9.0,"key":"SnailShell"},{"floor":11.0,"key":"Iron Hammer"},{"floor":26,"key":"Blue Candle"},{"floor":29,"key":"StuffTheSpire:DarkSteelAnvil"},{"floor":31,"key":"hubris:Potato"},{"floor":38,"key":"GiantMaggot"},{"floor":42,"key":"Replay:Arrowhead"},{"floor":43,"key":"Bag of Preparation"}],"event_choices":[{"damage_healed":0.0,"max_hp_gain":0.0,"max_hp_loss":0.0,"gold_gain":175.0,"event_name":"betterThird:BetterSerpent","player_choice":"AGREE","floor":3.0,"gold_loss":0.0,"damage_taken":113.0},{"cards_removed":["Strike_R"],"damage_healed":0.0,"max_hp_gain":0.0,"max_hp_loss":0.0,"gold_gain":0.0,"event_name":"Purifier","player_choice":"Purged","floor":21.0,"gold_loss":0.0,"damage_taken":0.0},{"damage_healed":0,"gold_gain":0,"cards_transformed":["Defend_R"],"player_choice":"Transformed","damage_taken":0,"max_hp_gain":0,"max_hp_loss":0,"event_name":"Transmorgrifier","floor":30,"gold_loss":0,"cards_obtained":["Rampage"]},{"cards_removed":["Seeing Red"],"damage_healed":0,"gold_gain":0,"player_choice":"Removed Skill","damage_taken":0,"max_hp_gain":0,"max_hp_loss":0,"event_name":"Falling","floor":41,"gold_loss":0},{"damage_healed":0,"gold_gain":3,"player_choice":"3","damage_taken":0,"max_hp_gain":0,"max_hp_loss":0,"event_name":"betterStone:BetterStone","floor":45,"gold_loss":0,"cards_obtained":["Madness"]},{"damage_healed":0,"gold_gain":0,"player_choice":"Ignored","damage_taken":0,"max_hp_gain":0,"max_hp_loss":0,"event_name":"betterNote:BetterNote","floor":54,"gold_loss":0,"cards_obtained":["Neutralize"]},{"damage_healed":0,"gold_gain":275,"player_choice":"Desecrate","damage_taken":0,"max_hp_gain":0,"max_hp_loss":0,"event_name":"Golden Shrine","floor":56,"gold_loss":0,"cards_obtained":["Regret"]}],"is_beta":false,"boss_relics":[{"not_picked":["halation:SmartPhone","StuffTheSpire:RunicHypercube"],"picked":"energizedSpire:NeverEndingSparkler"},{"not_picked":["Pandora\u0027s Box","Busted Crown"],"picked":"ChewingGum"},{"not_picked":["Runic Pyramid","aspiration:RunicSpoon"],"picked":"Sandwich"}],"items_purged_floors":[5,5,14,14,19,25,36],"is_endless":true,"potions_floor_spawned":[1,8,11,13,18,28,31,38,47,48,50,52,55],"killed_by":"Nightmare","ascension_level":0}}