{"host":"epc8efk9vrywpcsw","time":1612722887,"event":{"mods":["BaseMod","Minty Spire (QoL Compilation)","Relic Stats","StSLib"],"gold_per_floor":[117,117,129,129,144,170,170,189,235,261,261,293,293,359,359,431,431,450,450,450],"floor_reached":19,"language":"ENG","playtime":558,"items_purged":[],"score":370,"play_id":"c8aca615-e016-4c8f-8351-351bcac39369","local_time":"20210207193447","is_ascension_mode":true,"campfire_choices":[{"data":"Hemokinesis","floor":7.0,"key":"SMITH"},{"data":"Bash","floor":11.0,"key":"SMITH"},{"floor":15.0,"key":"REST"}],"circlet_count":0,"master_deck":["AscendersBane","Strike_R","Strike_R","Strike_R","Strike_R","Strike_R","Defend_R","Defend_R","Defend_R","Defend_R","Bash+1","Shrug It Off","Hemokinesis+1","Pommel Strike","Limit Break","Impervious","Hemokinesis","Reaper"],"relics":["Burning Blood","NeowsBlessing","Pen Nib","CaptainsWheel","Magic Flower","Omamori","Kunai","Dream Catcher","Philosopher\u0027s Stone"],"acts_visited":["Exordium","TheCity"],"potions_floor_usage":[16],"damage_taken":[{"damage":1.0,"enemies":"Small Slimes","floor":1.0,"turns":2.0},{"damage":0.0,"enemies":"Jaw Worm","floor":3.0,"turns":1.0},{"damage":0.0,"enemies":"Cultist","floor":5.0,"turns":1.0},{"damage":23.0,"enemies":"3 Sentries","floor":6.0,"turns":7.0},{"damage":3.0,"enemies":"2 Fungi Beasts","floor":8.0,"turns":3.0},{"damage":16.0,"enemies":"Lagavulin","floor":10.0,"turns":5.0},{"damage":38.0,"enemies":"3 Sentries","floor":12.0,"turns":8.0},{"damage":47,"enemies":"Hexaghost","floor":16,"turns":9},{"damage":37,"enemies":"Shell Parasite","floor":18,"turns":4},{"damage":68,"enemies":"Masked Bandits","floor":19,"turns":5}],"seed_played":"-8090558701121690309","potions_obtained":[{"floor":3.0,"key":"Swift Potion"},{"floor":6.0,"key":"GamblersBrew"},{"floor":8.0,"key":"AttackPotion"},{"floor":10.0,"key":"Swift Potion"}],"is_trial":false,"path_per_floor":["M","?","M","T","M","E","R","M","T","E","R","E","?","?","R","B",null,"M","?"],"character_chosen":"IRONCLAD","items_purchased":[],"campfire_rested":1,"item_purchase_floors":[],"current_hp_per_floor":[73,62,68,68,74,57,57,63,63,56,56,27,27,27,49,11,59,37,0,0],"gold":450,"neow_bonus":"THREE_ENEMY_KILL","is_daily":false,"chose_seed":false,"campfire_upgraded":2,"win_rate":0.0,"timestamp":1612722887,"path_taken":["M","?","M","?","M","E","R","?","T","E","R","E","?","?","R","BOSS","M","?"],"items_purchased_type":[],"build_version":"2020-12-22","purchased_purges":0,"victory":false,"max_hp_per_floor":[75,75,75,75,75,75,75,75,75,75,75,75,75,75,75,75,75,75,75,75],"relic_stats":{"Dream Catcher":1,"counters":[10,45],"Magic Flower":[21],"Pen Nib":[8],"Kunai":[9],"obtain_stats":[{"CaptainsWheel":4,"Dream Catcher":12,"NeowsBlessing":0,"Magic Flower":6,"Philosopher\u0027s Stone":17,"Pen Nib":2,"Omamori":9,"Kunai":10,"Burning Blood":0},{"CaptainsWheel":2,"Dream Catcher":7,"NeowsBlessing":0,"Magic Flower":4,"Philosopher\u0027s Stone":8,"Pen Nib":1,"Omamori":5,"Kunai":6,"Burning Blood":0},{"CaptainsWheel":3,"Dream Catcher":27,"NeowsBlessing":0,"Magic Flower":11,"Philosopher\u0027s Stone":36,"Pen Nib":2,"Omamori":14,"Kunai":19,"Burning Blood":0}],"Burning Blood":69},"card_choices":[{"not_picked":["Heavy Blade","Sword Boomerang"],"picked":"Shrug It Off","floor":1.0},{"not_picked":["Cleave","Intimidate"],"picked":"Hemokinesis","floor":3.0},{"not_picked":["Iron Wave","Sever Soul","Carnage"],"picked":"SKIP","floor":5.0},{"not_picked":["True Grit","Headbutt","Flex"],"picked":"SKIP","floor":6.0},{"not_picked":["Armaments","Juggernaut"],"picked":"Pommel Strike","floor":8.0},{"not_picked":["Armaments","Warcry"],"picked":"Limit Break","floor":10.0},{"not_picked":["Thunderclap","Clothesline"],"picked":"Impervious","floor":12.0},{"not_picked":["Feel No Pain","Warcry"],"picked":"Hemokinesis","floor":15.0},{"not_picked":["Bludgeon","Fiend Fire"],"picked":"Reaper","floor":16},{"not_picked":["Havoc","True Grit","Hemokinesis"],"picked":"SKIP","floor":18}],"player_experience":494875,"relics_obtained":[{"floor":4.0,"key":"CaptainsWheel"},{"floor":6.0,"key":"Magic Flower"},{"floor":9.0,"key":"Omamori"},{"floor":10.0,"key":"Kunai"},{"floor":12.0,"key":"Dream Catcher"}],"event_choices":[{"damage_healed":0.0,"max_hp_gain":0.0,"max_hp_loss":0.0,"gold_gain":0.0,"event_name":"Scrap Ooze","player_choice":"Success","floor":2.0,"gold_loss":0.0,"damage_taken":11.0,"relics_obtained":["Pen Nib"]},{"damage_healed":0.0,"max_hp_gain":0.0,"max_hp_loss":0.0,"gold_gain":0.0,"event_name":"Shining Light","player_choice":"Ignored","floor":13.0,"gold_loss":0.0,"damage_taken":0.0},{"damage_healed":0.0,"max_hp_gain":0.0,"max_hp_loss":0.0,"gold_gain":66.0,"event_name":"Golden Wing","player_choice":"Gained Gold","floor":14.0,"gold_loss":0.0,"damage_taken":0.0},{"damage_healed":0,"gold_gain":0,"player_choice":"Fought Bandits","damage_taken":0,"max_hp_gain":0,"max_hp_loss":0,"event_name":"Masked Bandits","floor":19,"gold_loss":0}],"is_beta":false,"boss_relics":[{"not_picked":["Black Blood","Tiny House"],"picked":"Philosopher\u0027s Stone"}],"items_purged_floors":[],"is_endless":false,"potions_floor_spawned":[3,6,8,10,12],"killed_by":"Masked Bandits","ascension_level":20}}