{"host":"mnpd8gh7cwxsn5kh","time":1612711796,"event":{"mods":["BaseMod","Bestiary","Block Reminder","Colored Map","Colored Powertips","Highlight Path","Minty Spire (QoL Compilation)","Relic Sorter","Relic Stats"],"gold_per_floor":[218,218,50,66,66,66,66,93,93,93,124,124,153,170,170,170,170],"floor_reached":16,"language":"ENG","playtime":1705,"items_purged":[],"score":180,"play_id":"80ba80b4-2cf5-4ef5-a6f1-ed6c630e1af6","local_time":"20210207162956","is_ascension_mode":true,"campfire_choices":[{"data":"Dualcast","floor":6,"key":"SMITH"},{"floor":10,"key":"REST"},{"data":"Genetic Algorithm","floor":12,"key":"SMITH"},{"data":"Zap","floor":15,"key":"SMITH"}],"circlet_count":0,"master_deck":["AscendersBane","Strike_B","Strike_B+1","Defend_B+1","Defend_B","Defend_B+1","Defend_B","Zap+1","Dualcast+1","Leap+1","Cold Snap","Cold Snap","Genetic Algorithm+1","Streamline","Steam"],"relics":["Cracked Core","OrangePellets","War Paint","Darkstone Periapt","Strawberry","Toy Ornithopter"],"acts_visited":["Exordium"],"potions_floor_usage":[8,16],"damage_taken":[{"damage":0,"enemies":"Small Slimes","floor":1,"turns":3},{"damage":0,"enemies":"2 Louse","floor":4,"turns":2},{"damage":30,"enemies":"Gremlin Nob","floor":8,"turns":5},{"damage":6,"enemies":"3 Sentries","floor":11,"turns":12},{"damage":15,"enemies":"Lagavulin","floor":13,"turns":9},{"damage":0,"enemies":"Cultist","floor":14,"turns":3},{"damage":30,"enemies":"Hexaghost","floor":16,"turns":11}],"seed_played":"152029939236275120","potions_obtained":[{"floor":1,"key":"ColorlessPotion"},{"floor":4,"key":"DuplicationPotion"},{"floor":13,"key":"Ancient Potion"}],"is_trial":false,"path_per_floor":["M","?","$","M","?","R","?","E","T","R","E","R","E","M","R","B"],"character_chosen":"DEFECT","items_purchased":["OrangePellets","Cold Snap"],"campfire_rested":1,"item_purchase_floors":[3,3],"current_hp_per_floor":[68,53,53,53,46,46,46,16,16,38,39,39,24,24,24,0,0],"gold":170,"neow_bonus":"HUNDRED_GOLD","is_daily":false,"chose_seed":false,"campfire_upgraded":3,"win_rate":0.0,"timestamp":1612711796,"path_taken":["M","?","$","M","?","R","?","E","T","R","E","R","E","M","R","BOSS"],"items_purchased_type":["Relic","Card"],"build_version":"2020-12-22","purchased_purges":0,"victory":false,"max_hp_per_floor":[75,75,75,75,75,75,75,75,75,75,82,82,82,82,82,82,82],"relic_stats":{"Darkstone Periapt":0,"OrangePellets":[0],"counters":[7,45],"War Paint":["Defend_B","Defend_B"],"obtain_stats":[{"Darkstone Periapt":9,"OrangePellets":3,"Strawberry":11,"War Paint":8,"Cracked Core":0,"Toy Ornithopter":13},{"Darkstone Periapt":3,"OrangePellets":1,"Strawberry":4,"War Paint":3,"Cracked Core":0,"Toy Ornithopter":5},{"Darkstone Periapt":10,"OrangePellets":3,"Strawberry":22,"War Paint":10,"Cracked Core":0,"Toy Ornithopter":31}],"Toy Ornithopter":5},"card_choices":[{"not_picked":["Hello World","Turbo"],"picked":"Leap","floor":1},{"not_picked":["Consume","Redo"],"picked":"Cold Snap","floor":4},{"not_picked":["Coolheaded","Conserve Battery"],"picked":"Genetic Algorithm","floor":8},{"not_picked":["Blizzard","Gash"],"picked":"Streamline","floor":11},{"not_picked":["White Noise","Consume","Skim"],"picked":"SKIP","floor":13},{"not_picked":["Consume","Compile Driver"],"picked":"Steam","floor":14}],"player_experience":378497,"relics_obtained":[{"floor":8,"key":"War Paint"},{"floor":9,"key":"Darkstone Periapt"},{"floor":11,"key":"Strawberry"},{"floor":13,"key":"Toy Ornithopter"}],"event_choices":[{"damage_healed":0,"gold_gain":0,"player_choice":"Entered Light","damage_taken":15,"max_hp_gain":0,"max_hp_loss":0,"event_name":"Shining Light","floor":2,"gold_loss":0,"cards_upgraded":["Leap","Strike_B"]},{"cards_removed":["Strike_B"],"damage_healed":0,"gold_gain":0,"player_choice":"Card Removal","damage_taken":7,"max_hp_gain":0,"max_hp_loss":0,"event_name":"Golden Wing","floor":5,"gold_loss":0},{"cards_removed":["Strike_B"],"damage_healed":0,"gold_gain":0,"player_choice":"Offered Basic","damage_taken":0,"max_hp_gain":0,"max_hp_loss":0,"event_name":"Bonfire Elementals","floor":7,"gold_loss":0}],"is_beta":false,"boss_relics":[],"items_purged_floors":[],"is_endless":false,"potions_floor_spawned":[1,4,13],"killed_by":"Hexaghost","ascension_level":11}}