{"host":"gobyjzz6xbwq9f9i","time":1612689851,"event":{"mods":["AchievementEnabler","BaseMod","Bestiary","Colored Map","Minty Spire (QoL Compilation)","Relic Stats"],"gold_per_floor":[212,228,228,228,36,36,47,74,152,152,167,179,196,224,224,319,319,339,352,267,237,250,250,262,33,56,73,99,99,127,147,147,247,247,263,43,60,75,89,89,120,138,162,162,162,179,179,208,208,208],"floor_reached":51,"language":"ENG","playtime":2707,"items_purged":["Strike_G"],"score":1117,"play_id":"ec94ed05-3ce0-408f-8d19-e9236384aecc","local_time":"20210207012411","is_ascension_mode":true,"campfire_choices":[{"data":"Dash","floor":6,"key":"SMITH"},{"data":"Bane","floor":10,"key":"SMITH"},{"data":"Dagger Spray","floor":15,"key":"SMITH"},{"data":"Bullet Time","floor":23,"key":"SMITH"},{"data":"Footwork","floor":29,"key":"SMITH"},{"floor":32,"key":"REST"},{"floor":40,"key":"REST"},{"floor":44,"key":"REST"},{"floor":49,"key":"REST"}],"circlet_count":0,"master_deck":["AscendersBane","Strike_G","Strike_G","Strike_G","Defend_G","Defend_G","Defend_G","Defend_G","Defend_G","Survivor","Neutralize","Poisoned Stab","Bane+1","Dash+1","Dagger Spray+1","Backflip","Slice","Prepared","Doppelganger","Bullet Time+1","Deflect+1","Predator","Bouncing Flask+1","Acrobatics","Footwork+1","Dodge and Roll+1","Backflip","A Thousand Cuts","Flechettes+1","Concentrate","Sucker Punch+1","After Image","Footwork+1","Backflip+1","Prepared+1"],"relics":["Ring of the Snake","Bag of Marbles","Dream Catcher","Bottled Lightning","Vajra","Runic Pyramid","Ice Cream","OrangePellets","Nunchaku","Lantern","Kunai","Fusion Hammer","ClockworkSouvenir","Dead Branch","Gremlin Horn"],"acts_visited":["Exordium","TheCity","TheBeyond"],"potions_floor_usage":[8,14,16,16,28,33,33,42,50,50,50],"damage_taken":[{"damage":1,"enemies":"2 Louse","floor":1,"turns":5},{"damage":0,"enemies":"Small Slimes","floor":2,"turns":4},{"damage":0,"enemies":"Cultist","floor":7,"turns":2},{"damage":12,"enemies":"Lagavulin","floor":8,"turns":5},{"damage":7,"enemies":"Exordium Thugs","floor":11,"turns":5},{"damage":0,"enemies":"3 Louse","floor":12,"turns":1},{"damage":0,"enemies":"Lots of Slimes","floor":13,"turns":1},{"damage":4,"enemies":"Gremlin Nob","floor":14,"turns":4},{"damage":3,"enemies":"Slime Boss","floor":16,"turns":6},{"damage":0,"enemies":"Chosen","floor":18,"turns":3},{"damage":10,"enemies":"Spheric Guardian","floor":19,"turns":4},{"damage":9,"enemies":"Shelled Parasite and Fungi","floor":22,"turns":5},{"damage":1,"enemies":"Snake Plant","floor":24,"turns":4},{"damage":6,"enemies":"Sentry and Sphere","floor":27,"turns":5},{"damage":9,"enemies":"Slavers","floor":28,"turns":4},{"damage":24,"enemies":"Gremlin Leader","floor":30,"turns":7},{"damage":0,"enemies":"3 Cultists","floor":31,"turns":4},{"damage":14,"enemies":"Champ","floor":33,"turns":21},{"damage":0,"enemies":"3 Darklings","floor":35,"turns":5},{"damage":0,"enemies":"3 Shapes","floor":37,"turns":5},{"damage":3,"enemies":"Writhing Mass","floor":38,"turns":7},{"damage":14,"enemies":"4 Shapes","floor":39,"turns":5},{"damage":12,"enemies":"Reptomancer","floor":41,"turns":6},{"damage":0,"enemies":"3 Darklings","floor":42,"turns":5},{"damage":0,"enemies":"Sphere and 2 Shapes","floor":46,"turns":4},{"damage":4,"enemies":"Nemesis","floor":48,"turns":7},{"damage":36,"enemies":"Time Eater","floor":50,"turns":12}],"seed_played":"-1772644397689491281","potions_obtained":[{"floor":1,"key":"AttackPotion"},{"floor":4,"key":"Block Potion"},{"floor":4,"key":"Fire Potion"},{"floor":8,"key":"SneckoOil"},{"floor":14,"key":"Weak Potion"},{"floor":19,"key":"Ancient Potion"},{"floor":21,"key":"AttackPotion"},{"floor":21,"key":"GamblersBrew"},{"floor":30,"key":"PowerPotion"},{"floor":38,"key":"SkillPotion"},{"floor":39,"key":"FearPotion"},{"floor":46,"key":"Weak Potion"}],"is_trial":false,"path_per_floor":["M","M","?","?","$","R","M","E","T","R","M","M","M","E","R","B",null,"M","M","?","?","M","R","M","$","T","M","E","R","E","M","R","B",null,"M","$","M","M","M","R","E","M","T","R","?","M","?","E","R","B",null],"character_chosen":"THE_SILENT","items_purchased":["Bag of Marbles","Dash","Footwork","OrangePellets","ClockworkSouvenir"],"campfire_rested":4,"item_purchase_floors":[5,5,25,25,36],"current_hp_per_floor":[62,62,55,55,55,55,55,43,43,43,36,36,36,32,32,29,60,60,50,50,50,41,41,40,40,40,34,25,25,1,1,22,8,55,55,55,55,52,38,59,47,47,47,68,68,68,68,64,70,34],"gold":208,"neow_bonus":"HUNDRED_GOLD","is_daily":false,"chose_seed":false,"campfire_upgraded":5,"win_rate":0.0,"timestamp":1612689851,"path_taken":["M","M","?","?","$","R","M","E","T","R","M","M","?","E","R","BOSS","M","M","?","?","M","R","M","$","T","M","E","R","E","M","R","BOSS","M","?","M","M","M","R","E","M","T","R","?","M","?","E","R","BOSS"],"items_purchased_type":["Relic","Card","Card","Relic","Relic"],"build_version":"2020-12-22","purchased_purges":1,"victory":true,"max_hp_per_floor":[70,70,70,70,70,70,70,70,70,70,70,70,70,70,70,70,70,70,70,70,70,70,70,70,70,70,70,70,70,70,70,70,70,70,70,70,70,70,70,70,70,70,70,70,70,70,70,70,70,70],"relic_stats":{"OrangePellets":[4],"Dream Catcher":4,"Nunchaku":[23],"Gremlin Horn":[0,0],"counters":[27,146],"Dead Branch":[21],"Kunai":[37],"obtain_stats":[{"Ice Cream":20,"Lantern":28,"Gremlin Horn":48,"Dead Branch":41,"Vajra":14,"ClockworkSouvenir":36,"OrangePellets":25,"Dream Catcher":8,"Nunchaku":26,"Fusion Hammer":34,"Bag of Marbles":5,"Bottled Lightning":9,"Kunai":30,"Ring of the Snake":0,"Runic Pyramid":17},{"Ice Cream":11,"Lantern":15,"Gremlin Horn":26,"Dead Branch":23,"Vajra":8,"ClockworkSouvenir":19,"OrangePellets":13,"Dream Catcher":4,"Nunchaku":13,"Fusion Hammer":18,"Bag of Marbles":2,"Bottled Lightning":4,"Kunai":16,"Ring of the Snake":0,"Runic Pyramid":9},{"Ice Cream":40,"Lantern":58,"Gremlin Horn":134,"Dead Branch":118,"Vajra":27,"ClockworkSouvenir":95,"OrangePellets":49,"Dream Catcher":16,"Nunchaku":49,"Fusion Hammer":90,"Bag of Marbles":9,"Bottled Lightning":16,"Kunai":65,"Ring of the Snake":0,"Runic Pyramid":33}],"Ring of the Snake":[54]},"card_choices":[{"not_picked":["Heel Hook","Outmaneuver"],"picked":"Poisoned Stab","floor":1},{"not_picked":["Outmaneuver","Blade Dance"],"picked":"Bane","floor":2},{"not_picked":["Blade Dance","Bane"],"picked":"Dagger Spray","floor":7},{"not_picked":["Outmaneuver","Quick Slash"],"picked":"Backflip","floor":8},{"not_picked":["Backflip","Expertise"],"picked":"Slice","floor":11},{"not_picked":["Dodge and Roll","Distraction","Quick Slash"],"picked":"SKIP","floor":12},{"not_picked":["Deflect","Accuracy"],"picked":"Prepared","floor":13},{"not_picked":["Dodge and Roll","Sucker Punch"],"picked":"Doppelganger","floor":14},{"not_picked":["Phantasmal Killer","Burst"],"picked":"Bullet Time","floor":16},{"not_picked":["Slice+1","Flying Knee"],"picked":"Deflect+1","floor":18},{"not_picked":["Backflip","Sucker Punch"],"picked":"Predator","floor":19},{"not_picked":["Tactician+1","Flying Knee+1"],"picked":"Bouncing Flask+1","floor":22},{"not_picked":["Underhanded Strike","Predator"],"picked":"Acrobatics","floor":24},{"not_picked":["Underhanded Strike","Masterful Stab"],"picked":"Dodge and Roll+1","floor":27},{"not_picked":["Dagger Spray","Flechettes"],"picked":"Backflip","floor":28},{"not_picked":["Dagger Spray","Slice","Outmaneuver"],"picked":"SKIP","floor":30},{"not_picked":["Dagger Throw","Doppelganger","Poisoned Stab"],"picked":"SKIP","floor":31},{"not_picked":["Adrenaline","Malaise"],"picked":"A Thousand Cuts","floor":33},{"not_picked":["Deadly Poison","Quick Slash","Reflex+1"],"picked":"SKIP","floor":35},{"not_picked":["Cloak And Dagger","Flying Knee+1","Eviscerate"],"picked":"SKIP","floor":37},{"not_picked":["Outmaneuver","Deadly Poison"],"picked":"Flechettes+1","floor":38},{"not_picked":["Flying Knee+1","PiercingWail"],"picked":"Concentrate","floor":39},{"not_picked":["Slice","Riddle With Holes+1"],"picked":"Sucker Punch+1","floor":40},{"not_picked":["Deflect+1","PiercingWail"],"picked":"After Image","floor":41},{"not_picked":["Infinite Blades","Outmaneuver+1"],"picked":"Footwork+1","floor":42},{"not_picked":["Dagger Spray+1","Outmaneuver"],"picked":"Backflip+1","floor":46},{"not_picked":["Concentrate","Heel Hook"],"picked":"Prepared+1","floor":48}],"player_experience":1299633,"relics_obtained":[{"floor":8,"key":"Dream Catcher"},{"floor":9,"key":"Bottled Lightning"},{"floor":14,"key":"Vajra"},{"floor":26,"key":"Nunchaku"},{"floor":28,"key":"Lantern"},{"floor":30,"key":"Kunai"},{"floor":41,"key":"Dead Branch"},{"floor":48,"key":"Gremlin Horn"}],"event_choices":[{"cards_removed":["Strike_G"],"damage_healed":0,"gold_gain":0,"player_choice":"Card Removal","damage_taken":7,"max_hp_gain":0,"max_hp_loss":0,"event_name":"Golden Wing","floor":3,"gold_loss":0},{"damage_healed":0,"gold_gain":0,"player_choice":"Got Potions","damage_taken":0,"max_hp_gain":0,"max_hp_loss":0,"event_name":"Lab","floor":4,"gold_loss":0},{"damage_healed":0,"gold_gain":0,"player_choice":"Obtained Relic","damage_taken":0,"relics_obtained":["Ice Cream"],"max_hp_gain":0,"max_hp_loss":0,"event_name":"Addict","floor":20,"gold_loss":85},{"damage_healed":0,"gold_gain":0,"player_choice":"Bought 2 Potions","damage_taken":0,"max_hp_gain":0,"max_hp_loss":0,"event_name":"The Woman in Blue","floor":21,"gold_loss":0},{"damage_healed":0,"gold_gain":0,"player_choice":"Ignored","damage_taken":0,"max_hp_gain":0,"max_hp_loss":0,"event_name":"Mysterious Sphere","floor":45,"gold_loss":0},{"damage_healed":0,"gold_gain":0,"player_choice":"Memory 1","damage_taken":0,"max_hp_gain":0,"max_hp_loss":0,"event_name":"SensoryStone","floor":47,"gold_loss":0}],"is_beta":false,"boss_relics":[{"not_picked":["Philosopher\u0027s Stone","SacredBark"],"picked":"Runic Pyramid"},{"not_picked":["WristBlade","Ring of the Serpent"],"picked":"Fusion Hammer"}],"items_purged_floors":[36],"is_endless":false,"potions_floor_spawned":[1,7,8,14,19,30,38,39,41,46],"ascension_level":10}}