{"host":"yqw1zpryoutrnocq","time":1612671974,"event":{"mods":["2.2 Compatiblity","AchievementEnabler","BaseMod","Colored Map","Custom Start","DeckTracker","Minty Spire (QoL Compilation)","Replay The Spire","StSLib","SuperFastMode"],"gold_per_floor":[109,188,263,12,22,51,51,84,84,84,99,99,8,24,24,119,119,135,212,88,88,201,201,11,11,63,63,81,81,6,26,26,126,126,37,37,56,8,22,55,55,67,92,12,37,37,75,49,49,75,75,75,44,90,96,96],"floor_reached":55,"language":"KOR","playtime":1970,"items_purged":["Strike_R","Defend_R"],"score":1300,"play_id":"fac3d0ee-05cd-4387-b5dd-2051ee2f4d30","local_time":"20210206222614","is_ascension_mode":true,"campfire_choices":[{"data":"Eclipse","floor":7.0,"key":"SMITH"},{"data":"ReplayReversal","floor":10.0,"key":"SMITH"},{"data":"Exhume","floor":12.0,"key":"SMITH"},{"data":"Havoc","floor":15.0,"key":"SMITH"},{"floor":23.0,"key":"REST"},{"data":"ReplayUltimateDefense","floor":25.0,"key":"SMITH"},{"data":"Offering","floor":27.0,"key":"SMITH"},{"data":"Fire Breathing","floor":32.0,"key":"SMITH"},{"data":"1","floor":41.0,"key":"LIFT"},{"floor":46.0,"key":"REST"},{"floor":49.0,"key":"REST"}],"circlet_count":0,"master_deck":["Bash+1","Exhume+1","Pommel Strike+1","Life Link","Eclipse+1","ReplayTheSpireMod:Corrosion Curse","ReplayReversal+1","Run Through","Defy Death","Finesse","Havoc+1","Thunderclap","Offering+1","Carnage+1","Power Through+1","Body Slam","ReplayUltimateDefense+1","Panacea+1","ReplayTheSpireMod:Private Reserves","ReplayTheSpireMod:IOU","ReplayTheSpireMod:IOU","ReplayTheSpireMod:IOU","ReplayTheSpireMod:IOU","ReplayTheSpireMod:IOU","ReplayTheSpireMod:IOU","Reaper+1","Shrug It Off","Feed","Disarm","ReplayTheSpireMod:IOU","ReplayTheSpireMod:IOU","Feel No Pain","Havoc","Blood for Blood","Entrench","Fire Breathing+1","Replay:Many Hands+1","CurseOfTheBell","Exhume+1","Shrug It Off","Abandon","Fire Breathing","Rage","Feel No Pain+1","Dropkick","Eclipse","ReplayTheSpireMod:IOU","ReplayTheSpireMod:IOU","Ghostly Armor","Inflame","Shrug It Off","ReplayTheSpireMod:IOU","ReplayTheSpireMod:IOU","ReplayTheSpireMod:IOU","Abandon","Pommel Strike+1"],"relics":["Burning Blood","NeowsBlessing","Replay:Accelerometer","Regal Pillow","Replay:PocketPolymizer","Shuriken","Philosopher\u0027s Stone","Boot","ReplayTheSpireMod:ShopPack","Ring of Searing","Ring of Hypnosis","Replay:Wax Seal","War Paint","Chemical X","Pantograph","Dream Catcher","Replay:Rubber Ducky","Calling Bell","Omamori","Iron Hammer","Girya","Guide Book","Replay:Bottled Snecko","Anchor","Replay:Bandana","Chameleon Ring","ClockworkSouvenir","Membership Card","Counterbalance","Replay:Bottled Eggs"],"acts_visited":["Exordium","TheCity","TheBeyond","TheEnding"],"potions_floor_usage":[50,50,54,55],"damage_taken":[{"damage":0.0,"enemies":"Cultist","floor":1.0,"turns":1.0},{"damage":0.0,"enemies":"Small Slimes","floor":5.0,"turns":1.0},{"damage":0.0,"enemies":"Lagavulin","floor":6.0,"turns":1.0},{"damage":22.0,"enemies":"3 Sentries","floor":8.0,"turns":8.0},{"damage":6.0,"enemies":"Jaw Worm","floor":11.0,"turns":3.0},{"damage":11.0,"enemies":"3 Louse","floor":14.0,"turns":3.0},{"damage":34.0,"enemies":"Hexaghost","floor":16.0,"turns":7.0},{"damage":12.0,"enemies":"Chosen","floor":18.0,"turns":2.0},{"damage":21.0,"enemies":"Spheric Guardian","floor":28.0,"turns":6.0},{"damage":23.0,"enemies":"Chosen and Byrds","floor":31.0,"turns":4.0},{"damage":47.0,"enemies":"Champ","floor":33.0,"turns":9.0},{"damage":16.0,"enemies":"3 Darklings","floor":35.0,"turns":7.0},{"damage":36.0,"enemies":"3 Shapes","floor":37.0,"turns":2.0},{"damage":19.0,"enemies":"Maw","floor":39.0,"turns":5.0},{"damage":24.0,"enemies":"Nemesis","floor":40.0,"turns":3.0},{"damage":12.0,"enemies":"4 Shapes","floor":42.0,"turns":2.0},{"damage":18.0,"enemies":"R_Hoarder","floor":45.0,"turns":6.0},{"damage":35.0,"enemies":"Reptomancer","floor":47.0,"turns":6.0},{"damage":78,"enemies":"Awakened One","floor":50,"turns":9},{"damage":57,"enemies":"Shield and Spear","floor":54,"turns":3},{"damage":73,"enemies":"The Heart","floor":55,"turns":5}],"seed_played":"8499851261569556029","potions_obtained":[{"floor":1.0,"key":"Doom Potion"},{"floor":6.0,"key":"Regen Potion"},{"floor":11.0,"key":"Fire Potion"},{"floor":31.0,"key":"SteroidPotion"},{"floor":39.0,"key":"Languid Potion"},{"floor":40.0,"key":"SteroidPotion"},{"floor":47.0,"key":"HeartOfIron"},{"floor":52,"key":"AttackPotion"},{"floor":52,"key":"Reflective Coating"}],"is_trial":false,"path_per_floor":["M","T","?","$","M","E","R","E","T","R","M","R","$","M","R","B",null,"M","?","$","?","$","R","$","R","T","R","M","?","?","M","R","B",null,"M","?","M","$","M","E","R","M","T","$","E","R","E","$","R","B",null,"R","$","E","B"],"character_chosen":"IRONCLAD","items_purchased":["Exhume","Pommel Strike+1","Finesse","ReplayTheSpireMod:ShopPack","Replay:Wax Seal","War Paint","Reaper","Chemical X","Shrug It Off","Feed","Feel No Pain","Pantograph","Dream Catcher","Havoc","Guide Book","Rage","ClockworkSouvenir","Ghostly Armor","Membership Card","Counterbalance","Abandon"],"campfire_rested":3,"item_purchase_floors":[4,4,13,20,22,22,22,22,22,22,24,24,24,24,38,44,48,48,53,53,53],"current_hp_per_floor":[78,78,70,70,76,80,80,64,64,64,73,73,73,68,68,40,70,64,32,32,32,32,71,71,71,71,71,56,56,56,49,49,38,70,65,65,54,54,41,28,28,22,22,22,20,59,30,30,69,18,65,65,65,35,0,0],"gold":96,"neow_bonus":"THREE_ENEMY_KILL","is_daily":false,"chose_seed":false,"campfire_upgraded":7,"win_rate":0.0,"timestamp":1612671974,"path_taken":["M","?","?","$","?","E","R","E","T","R","M","R","$","M","R","BOSS","M","?","$","?","$","R","?","R","T","R","M","?","?","M","R","BOSS","M","?","M","$","M","E","R","M","T","?","E","R","E","$","R","BOSS","R","$","E","BOSS"],"items_purchased_type":["Card","Card","Card","Relic","Relic","Relic","Card","Relic","Card","Card","Card","Relic","Relic","Card","Relic","Card","Relic","Card","Relic","Relic","Card"],"build_version":"2020-12-22","purchased_purges":2,"victory":false,"max_hp_per_floor":[80,80,80,80,80,80,80,80,80,80,80,80,80,80,80,80,80,80,80,80,80,80,80,80,80,80,80,80,80,80,80,80,80,80,80,80,80,80,80,80,80,80,80,80,80,80,80,80,80,80,80,80,80,80,80,80],"card_choices":[{"not_picked":["Searing Blow","Intimidate"],"picked":"Replay:Undeath\u0027s Touch","floor":1.0},{"not_picked":["Flex","Intimidate"],"picked":"Life Link","floor":5.0},{"not_picked":["Clothesline","Heavy Blade"],"picked":"Eclipse","floor":6.0},{"not_picked":["Thunderclap","Shrug It Off"],"picked":"ReplayTheSpireMod:Corrosion Curse","floor":8.0},{"not_picked":["Dark Embrace","Heavy Blade"],"picked":"Run Through","floor":11.0},{"not_picked":["Perfected Strike","Sword Boomerang"],"picked":"Havoc","floor":14.0},{"not_picked":["Fiend Fire","Demonic Infusion"],"picked":"Offering","floor":16.0},{"not_picked":["Thunderclap","Reckless Charge"],"picked":"Carnage+1","floor":18.0},{"not_picked":["Thunderclap","Pommel Strike"],"picked":"Power Through","floor":19.0},{"not_picked":["ReplayTheSpireMod:LeadingStrike+1","Inflame"],"picked":"Body Slam","floor":19.0},{"not_picked":["Chrysalis","Thinking Ahead"],"picked":"ReplayUltimateDefense","floor":20.0},{"not_picked":["Forethought","Enlightenment"],"picked":"Panacea","floor":20.0},{"not_picked":["Impatience","Sadistic Nature"],"picked":"ReplayTheSpireMod:Private Reserves","floor":20.0},{"not_picked":["Body Slam","Disarm","Armaments"],"picked":"SKIP","floor":28.0},{"not_picked":["Bloodletting","Burning Pact+1"],"picked":"Fire Breathing","floor":31.0},{"not_picked":["Limit Break","Reaper"],"picked":"Replay:Many Hands","floor":33.0},{"not_picked":["ReplayTheSpireMod:Strike From Hell","Cleave","Clothesline"],"picked":"SKIP","floor":35.0},{"not_picked":["Sword Boomerang","Armaments"],"picked":"Shrug It Off","floor":37.0},{"not_picked":["Replay:Many Hands","Headbutt"],"picked":"Abandon","floor":39.0},{"not_picked":["Sword Boomerang","Defy Death+1"],"picked":"Fire Breathing","floor":40.0},{"not_picked":["Heavy Blade","Cleave","Bloodletting+1"],"picked":"SKIP","floor":42.0},{"not_picked":["Disarm","Shockwave+1"],"picked":"Feel No Pain+1","floor":45.0},{"not_picked":["ReplayTheSpireMod:LeadingStrike+1","Anger+1"],"picked":"Dropkick","floor":46.0},{"not_picked":["Feel No Pain+1","Flex"],"picked":"Eclipse","floor":47.0},{"not_picked":["Flex","Perfected Strike+1"],"picked":"Shrug It Off","floor":49.0},{"not_picked":["Combust+1","Evolve+1"],"picked":"Pommel Strike+1","floor":54}],"player_experience":309813,"relics_obtained":[{"floor":2.0,"key":"Replay:Accelerometer"},{"floor":6.0,"key":"Regal Pillow"},{"floor":8.0,"key":"Replay:PocketPolymizer"},{"floor":9.0,"key":"Shuriken"},{"floor":19.0,"key":"Boot"},{"floor":21.0,"key":"Ring of Searing"},{"floor":21.0,"key":"Ring of Hypnosis"},{"floor":34.0,"key":"Omamori"},{"floor":34.0,"key":"Iron Hammer"},{"floor":34.0,"key":"Girya"},{"floor":40.0,"key":"Replay:Bottled Snecko"},{"floor":43.0,"key":"Anchor"},{"floor":45.0,"key":"Replay:Bandana"},{"floor":47.0,"key":"Chameleon Ring"},{"floor":54,"key":"Replay:Bottled Eggs"}],"event_choices":[{"damage_healed":0.0,"max_hp_gain":0.0,"max_hp_loss":0.0,"gold_gain":75.0,"event_name":"FaceTrader","player_choice":"Touch","floor":3.0,"gold_loss":0.0,"damage_taken":8.0},{"cards_removed":["Defend_R"],"damage_healed":0.0,"max_hp_gain":0.0,"max_hp_loss":0.0,"gold_gain":0.0,"event_name":"Beggar","player_choice":"Gave Gold","floor":30.0,"gold_loss":75.0,"damage_taken":0.0},{"damage_healed":0.0,"max_hp_gain":0.0,"max_hp_loss":0.0,"gold_gain":0.0,"event_name":"Duplicator","player_choice":"Copied","floor":36.0,"gold_loss":0.0,"damage_taken":0.0,"cards_obtained":["Exhume"]}],"is_beta":false,"boss_relics":[{"not_picked":["Electric Blood","Runic Cube"],"picked":"Philosopher\u0027s Stone"},{"not_picked":["Black Blood","Replay:Bronze Core"],"picked":"Calling Bell"}],"items_purged_floors":[4,38],"is_endless":false,"potions_floor_spawned":[1,6,11,31,39,40,42,47],"killed_by":"The Heart","ascension_level":8}}