{"host":"lzpp66udqthct9jv","time":1612688414,"event":{"mods":["Act Like it!","BaseMod","Better-Laid Plans","Chen","Emptier Cage","Gensokyo","Highlight Path","Koishi","Marisa£®ÏF”Í°°ƒß¿Ì…≥£©","Minty Spire (QoL Compilation)","Pale of the Ancients","Quick Restart","Reimu£®≤©¿ˆ¡È√Œ£©","Remilia£®¿Ÿ√◊¿Ú—«£©","Shop Mod","StSLib","The Administrix","The Servant 0.9.4","Yakumo Yukari mod","Youmu£®ªÍ∆«—˝√Œ£©","Yuyuko","ÛÙª÷∏ƒœ"],"gold_per_floor":[111,411,425,425,438,438,472,472,472,22,41,56,56,72,72,168,168,121,171,71,91,111,111,149,149,227,265,280,155,5,21,21,116,116,140,140,83,96,121,157,157,193,193,209,209,243,261,86,86,86,86,86,86,0,31,31],"floor_reached":57,"language":"ZHS","playtime":3729,"items_purged":["Strike_R","Bash","Fiend Fire","Flex","Corruption"],"score":2749,"play_id":"01517384-f7a7-48dd-ac05-0857df5ade66","local_time":"20210207170014","is_ascension_mode":true,"campfire_choices":[{"data":"Feed","floor":6.0,"key":"SMITH"},{"data":"Shockwave","floor":8.0,"key":"SMITH"},{"data":"Body Slam","floor":15.0,"key":"SMITH"},{"floor":23.0,"key":"REST"},{"data":"Evolve","floor":25.0,"key":"SMITH"},{"data":"Demon Form","floor":32.0,"key":"SMITH"},{"data":"Barricade","floor":45.0,"key":"SMITH"},{"floor":49.0,"key":"RECALL"},{"data":"Dual Wield","floor":53.0,"key":"SMITH"}],"circlet_count":0,"master_deck":["AscendersBane","Feed+1","Shrug It Off","Disarm","Shockwave+1","Feel No Pain","Body Slam+1","Dual Wield+1","Evolve+1","Impervious","Seeing Red","Fire Breathing","Thunderclap","Second Wind","Demon Form+1","Shrug It Off","Reckless Charge","Reaper","Dark Embrace","Barricade+1","Dark Embrace+1"],"relics":["Burning Blood","Old Coin","Golden Idol","MealTicket","Turnip","Medical Kit","Pandora\u0027s Box","Oddly Smooth Stone","Question Card","Happy Flower","Busted Crown","Pantograph","Shuriken","Eternal Feather","Du-Vu Doll"],"acts_visited":["Exordium","TheCity","Gensokyo:Gensokyoest","TheEnding"],"potions_floor_usage":[56,56],"damage_taken":[{"damage":18.0,"enemies":"Jaw Worm","floor":1.0,"turns":6.0},{"damage":17.0,"enemies":"Small Slimes","floor":3.0,"turns":5.0},{"damage":1.0,"enemies":"Cultist","floor":5.0,"turns":3.0},{"damage":48.0,"enemies":"3 Sentries","floor":7.0,"turns":15.0},{"damage":10.0,"enemies":"Large Slime","floor":11.0,"turns":9.0},{"damage":11.0,"enemies":"Gremlin Gang","floor":12.0,"turns":10.0},{"damage":10.0,"enemies":"3 Louse","floor":14.0,"turns":4.0},{"damage":31.0,"enemies":"Hexaghost","floor":16.0,"turns":15.0},{"damage":16.0,"enemies":"2 Thieves","floor":18.0,"turns":5.0},{"damage":21.0,"enemies":"3 Byrds","floor":21.0,"turns":8.0},{"damage":53.0,"enemies":"Centurion and Healer","floor":22.0,"turns":10.0},{"damage":27.0,"enemies":"Slavers","floor":24.0,"turns":6.0},{"damage":23.0,"enemies":"Gremlin Leader","floor":27.0,"turns":6.0},{"damage":62.0,"enemies":"3 Cultists","floor":28.0,"turns":7.0},{"damage":46.0,"enemies":"Snecko","floor":31.0,"turns":8.0},{"damage":46.0,"enemies":"Automaton","floor":33.0,"turns":8.0},{"damage":8.0,"enemies":"Gensokyo:AncientGuardian","floor":35.0,"turns":7.0},{"damage":36.0,"enemies":"Gensokyo:3_Boulders","floor":38.0,"turns":6.0},{"damage":35.0,"enemies":"Gensokyo:SeedOfUnknown","floor":39.0,"turns":6.0},{"damage":93.0,"enemies":"Gensokyo:Kasen","floor":40.0,"turns":7.0},{"damage":43.0,"enemies":"Gensokyo:Marisa","floor":42.0,"turns":8.0},{"damage":59.0,"enemies":"Gensokyo:4_Bats","floor":44.0,"turns":6.0},{"damage":26.0,"enemies":"Gensokyo:Kasen","floor":46.0,"turns":5.0},{"damage":29.0,"enemies":"Gensokyo:3_Boulders","floor":47.0,"turns":6.0},{"damage":2.0,"enemies":"Gensokyo:Yuyuko","floor":50.0,"turns":6.0},{"damage":47.0,"enemies":"Gensokyo:Scarlet_Devils","floor":51.0,"turns":6.0},{"damage":98.0,"enemies":"Shield and Spear","floor":55.0,"turns":8.0},{"damage":51,"enemies":"The Heart","floor":56,"turns":9}],"seed_played":"-4577657116349774935","potions_obtained":[{"floor":3.0,"key":"Swift Potion"},{"floor":5.0,"key":"Block Potion"},{"floor":12.0,"key":"Regen Potion"},{"floor":16.0,"key":"Dexterity Potion"},{"floor":18.0,"key":"SneckoOil"},{"floor":21.0,"key":"Regen Potion"},{"floor":22.0,"key":"AttackPotion"},{"floor":33.0,"key":"Fruit Juice"},{"floor":35.0,"key":"Regen Potion"},{"floor":42.0,"key":"Fire Potion"},{"floor":47.0,"key":"Block Potion"}],"is_trial":false,"path_per_floor":["M","?","M","?","M","R","E","R","T","$","M","M","$","M","R","B",null,"M","?","$","M","M","R","E","R","T","E","M","$","$","M","R","B",null,"M","?","$","M","M","E","?","E","T","M","R","E","M","$","R","B","B",null,"R","$","E","B",null],"character_chosen":"IRONCLAD","items_purchased":["Feel No Pain","Body Slam","Dual Wield","Medical Kit","BlessingOfTheForge","ElixirPotion"],"campfire_rested":1,"item_purchase_floors":[10,10,10,10,37,54],"current_hp_per_floor":[59,48,37,37,45,45,7,7,7,22,22,21,36,36,36,26,74,64,55,70,63,35,65,48,48,48,57,67,82,97,79,79,81,116,118,118,131,131,127,100,100,87,87,98,98,92,106,121,133,133,110,141,151,151,123,137],"gold":31,"neow_bonus":"ONE_RANDOM_RARE_CARD","is_daily":false,"chose_seed":false,"campfire_upgraded":7,"win_rate":0.0,"timestamp":1612688414,"path_taken":["M","?","M","?","M","R","E","R","T","$","M","M","?","M","R","BOSS","M","?","$","M","M","R","E","R","T","E","M","?","$","M","R","BOSS","M","?","$","M","?","E","?","E","T","M","R","E","M","$","R","BOSS","BOSS","R","$","E","BOSS"],"items_purchased_type":["Card","Card","Card","Relic","Potion","Potion"],"build_version":"2020-12-22","purchased_purges":5,"victory":true,"max_hp_per_floor":[78,78,78,71,74,74,78,78,78,78,82,86,86,90,90,90,90,90,90,90,98,102,102,106,106,106,106,118,118,118,122,122,127,127,131,131,131,131,135,139,139,139,139,143,143,147,151,151,151,151,151,151,151,151,155,155],"card_choices":[{"not_picked":["Cleave","Sentinel","Body Slam"],"picked":"SKIP","floor":1.0},{"not_picked":["Thunderclap","True Grit"],"picked":"Shrug It Off","floor":3.0},{"not_picked":["Body Slam","Barricade"],"picked":"Disarm","floor":5.0},{"not_picked":["Iron Wave","Inflame"],"picked":"Shockwave","floor":7.0},{"not_picked":["Body Slam","Cleave"],"picked":"Evolve","floor":11.0},{"not_picked":["Metallicize","Dropkick","Reckless Charge"],"picked":"SKIP","floor":12.0},{"not_picked":["Metallicize","Dropkick","Reckless Charge"],"picked":"SKIP","floor":12.0},{"not_picked":["Sword Boomerang","Hemokinesis","Perfected Strike"],"picked":"SKIP","floor":14.0},{"not_picked":["Bludgeon","Exhume"],"picked":"Impervious","floor":16.0},{"not_picked":["Metallicize","Evolve","Clothesline+1"],"picked":"SKIP","floor":18.0},{"not_picked":["Warcry","Twin Strike+1"],"picked":"Shrug It Off","floor":21.0},{"not_picked":["Whirlwind","Fire Breathing"],"picked":"Reckless Charge","floor":22.0},{"not_picked":["Fiend Fire","Perfected Strike"],"picked":"Reaper","floor":24.0},{"not_picked":["Headbutt","Bludgeon","Iron Wave","Fiend Fire"],"picked":"SKIP","floor":27.0},{"not_picked":["Headbutt","Bludgeon","Iron Wave","Fiend Fire"],"picked":"SKIP","floor":27.0},{"not_picked":["Bloodletting","Fire Breathing","Havoc"],"picked":"Dark Embrace","floor":28.0},{"not_picked":["Searing Blow","Perfected Strike","Iron Wave","Warcry"],"picked":"SKIP","floor":31.0},{"not_picked":["Fiend Fire","Bludgeon","Feed"],"picked":"Barricade","floor":33.0},{"not_picked":["Cleave","Thunderclap+1"],"picked":"SKIP","floor":35.0},{"not_picked":["Heavy Blade","Spot Weakness"],"picked":"SKIP","floor":38.0},{"not_picked":["Clothesline","Rupture"],"picked":"SKIP","floor":39.0},{"not_picked":["Fiend Fire","Wild Strike"],"picked":"SKIP","floor":40.0},{"not_picked":["Feed","Heavy Blade"],"picked":"SKIP","floor":42.0},{"not_picked":["Heavy Blade+1","Wild Strike+1"],"picked":"SKIP","floor":44.0},{"not_picked":["Flex","Carnage"],"picked":"SKIP","floor":46.0},{"not_picked":["Twin Strike","Headbutt"],"picked":"SKIP","floor":47.0},{"not_picked":["Barricade"],"picked":"Dark Embrace+1","floor":55.0}],"player_experience":1854808,"relics_obtained":[{"floor":7.0,"key":"MealTicket"},{"floor":9.0,"key":"Turnip"},{"floor":24.0,"key":"Oddly Smooth Stone"},{"floor":26.0,"key":"Question Card"},{"floor":27.0,"key":"Happy Flower"},{"floor":40.0,"key":"Pantograph"},{"floor":42.0,"key":"Shuriken"},{"floor":46.0,"key":"Eternal Feather"},{"floor":55.0,"key":"Du-Vu Doll"}],"event_choices":[{"damage_healed":0.0,"max_hp_gain":0.0,"max_hp_loss":0.0,"gold_gain":0.0,"event_name":"Scrap Ooze","player_choice":"Success","floor":2.0,"gold_loss":0.0,"damage_taken":11.0,"relics_obtained":["Old Coin"]},{"damage_healed":0.0,"max_hp_gain":0.0,"max_hp_loss":7.0,"gold_gain":0.0,"event_name":"Golden Idol","player_choice":"Lose Max HP","floor":4.0,"gold_loss":0.0,"damage_taken":0.0,"relics_obtained":["Golden Idol"]},{"damage_healed":0.0,"max_hp_gain":0.0,"max_hp_loss":0.0,"gold_gain":50.0,"event_name":"FaceTrader","player_choice":"Touch","floor":19.0,"gold_loss":0.0,"damage_taken":9.0}],"is_beta":false,"boss_relics":[{"not_picked":["Runic Pyramid","Sozu"],"picked":"Pandora\u0027s Box"},{"not_picked":["RedLine:ReiMu","Runic Cube"],"picked":"Busted Crown"}],"items_purged_floors":[10,20,29,30,48],"is_endless":false,"potions_floor_spawned":[3,5,12,16,18,21,22,33,35,42,44,47,55],"ascension_level":20}}