{"host":"s41rn2jhghpwfrvz","time":1612676341,"event":{"mods":["BaseMod","Minty Spire (QoL Compilation)","Quick Restart","Relic Stats","SuperFastMode"],"gold_per_floor":[110,125,125,125,142,142,172,5,30,61,61,89,89,99,99,178,178,191,191,205,219,219,247,261,290,290,321,246,246,278,292,292,369,369,384,384,111,126,1,32,62,62,113,113,138,148,177,209,209,209,209,209,209,46,81,81,81],"floor_reached":56,"language":"ENG","playtime":2211,"items_purged":["Armaments","FollowUp+1","Steam"],"score":2478,"play_id":"a8b9d61f-935f-4b1a-8ca6-ca54d960c608","local_time":"20210207073901","daily_mods":["SealedDeck","Diverse","DeadlyEvents"],"is_ascension_mode":true,"campfire_choices":[{"data":"Feel No Pain","floor":6,"key":"SMITH"},{"data":"PathToVictory","floor":11,"key":"SMITH"},{"data":"Prostrate","floor":15,"key":"SMITH"},{"data":"Blade Dance","floor":32,"key":"SMITH"},{"floor":42,"key":"RECALL"},{"data":"Venomology","floor":44,"key":"SMITH"},{"data":"Evaluate","floor":49,"key":"SMITH"},{"data":"Seeing Red","floor":53,"key":"SMITH"}],"circlet_count":0,"master_deck":["AscendersBane","PathToVictory+1","Go for the Eyes+1","Evaluate+1","Seeing Red+1","Intimidate","Body Slam+1","Feel No Pain+1","Prostrate+1","Blade Dance+1","Blade Dance+1","Venomology+1"],"relics":["Burning Blood","Nunchaku","Bag of Preparation","Whetstone","Strawberry","Lizard Tail","Philosopher\u0027s Stone","Centennial Puzzle","Blue Candle","Champion Belt","PreservedInsect","Happy Flower","Cursed Key","ClockworkSouvenir","Omamori","Gambling Chip","Boot","Bird Faced Urn","Singing Bowl","Du-Vu Doll","Anchor","Eternal Feather"],"acts_visited":["Exordium","TheCity","TheBeyond","TheEnding"],"potions_floor_usage":[18,23,24,35,38,45,46,47,48,50,50,50,50,51,51,55,56],"damage_taken":[{"damage":0,"enemies":"Jaw Worm","floor":1,"turns":3},{"damage":0,"enemies":"Cultist","floor":2,"turns":3},{"damage":0,"enemies":"Small Slimes","floor":5,"turns":4},{"damage":0,"enemies":"Lagavulin","floor":7,"turns":6},{"damage":45,"enemies":"Gremlin Nob","floor":10,"turns":4},{"damage":0,"enemies":"3 Sentries","floor":12,"turns":11},{"damage":0,"enemies":"2 Fungi Beasts","floor":14,"turns":3},{"damage":1,"enemies":"Hexaghost","floor":16,"turns":8},{"damage":9,"enemies":"3 Byrds","floor":18,"turns":5},{"damage":0,"enemies":"Chosen","floor":20,"turns":4},{"damage":3,"enemies":"Snake Plant","floor":21,"turns":3},{"damage":22,"enemies":"Book of Stabbing","floor":23,"turns":5},{"damage":6,"enemies":"Cultist and Chosen","floor":24,"turns":8},{"damage":6,"enemies":"Slavers","floor":25,"turns":4},{"damage":0,"enemies":"Gremlin Leader","floor":27,"turns":5},{"damage":2,"enemies":"Book of Stabbing","floor":30,"turns":3},{"damage":21,"enemies":"Snecko","floor":31,"turns":5},{"damage":2,"enemies":"Automaton","floor":33,"turns":7},{"damage":0,"enemies":"Orb Walker","floor":35,"turns":1},{"damage":5,"enemies":"3 Darklings","floor":38,"turns":4},{"damage":38,"enemies":"Reptomancer","floor":40,"turns":6},{"damage":2,"enemies":"Nemesis","floor":41,"turns":5},{"damage":1,"enemies":"Giant Head","floor":45,"turns":3},{"damage":0,"enemies":"Writhing Mass","floor":46,"turns":4},{"damage":37,"enemies":"Reptomancer","floor":47,"turns":4},{"damage":0,"enemies":"Giant Head","floor":48,"turns":4},{"damage":7,"enemies":"Awakened One","floor":50,"turns":7},{"damage":12,"enemies":"Donu and Deca","floor":51,"turns":6},{"damage":89,"enemies":"Shield and Spear","floor":55,"turns":9},{"damage":54,"enemies":"The Heart","floor":56,"turns":3}],"seed_played":"5952272492303503325","potions_obtained":[{"floor":7,"key":"PowerPotion"},{"floor":14,"key":"Weak Potion"},{"floor":20,"key":"Block Potion"},{"floor":23,"key":"BloodPotion"},{"floor":25,"key":"FairyPotion"},{"floor":46,"key":"PowerPotion"}],"is_trial":true,"path_per_floor":["M","M","?","$","M","R","E","$","T","E","R","E","?","M","R","B",null,"M","?","M","M","?","E","M","E","T","E","$","?","E","M","R","B",null,"M","?","$","M","$","E","E","R","T","R","E","M","E","E","R","B","B",null,"R","$","E","B"],"character_chosen":"IRONCLAD","items_purchased":["Bag of Preparation","ClockworkSouvenir","Anchor"],"campfire_rested":0,"item_purchase_floors":[8,37,54],"current_hp_per_floor":[74,75,75,75,75,75,75,75,75,36,36,49,38,44,44,49,74,71,47,53,56,73,57,57,57,57,63,63,63,67,52,52,56,79,87,87,87,87,87,55,59,59,59,59,64,74,49,59,59,60,56,82,82,82,52,0,0],"gold":81,"neow_bonus":"","is_daily":false,"chose_seed":false,"campfire_upgraded":7,"win_rate":0.0,"timestamp":1612676341,"path_taken":["M","M","?","?","M","R","E","$","T","E","R","E","?","M","R","BOSS","M","?","M","M","?","E","M","E","T","E","$","?","?","M","R","BOSS","M","?","$","?","$","E","?","R","T","R","E","?","E","?","R","BOSS","BOSS","R","$","E","BOSS"],"items_purchased_type":["Relic","Relic","Relic"],"build_version":"2020-12-22","purchased_purges":3,"victory":false,"max_hp_per_floor":[75,75,75,75,75,75,75,75,75,75,75,82,82,82,82,82,82,82,87,87,87,87,87,87,87,87,87,87,87,87,87,87,87,87,87,87,87,87,87,87,87,87,87,87,87,87,89,91,91,91,91,91,91,91,93,93,93],"relic_stats":{"Happy Flower":[22],"Singing Bowl":6,"counters":[30,147],"Blue Candle":[1],"Eternal Feather":0,"PreservedInsect":550,"Bag of Preparation":[52],"Whetstone":["Go for the Eyes","FollowUp"],"Cursed Key":1,"Boot":[75],"Burning Blood":150,"Nunchaku":[61],"Lizard Tail":45,"Centennial Puzzle":[42],"Gambling Chip":[3],"Bird Faced Urn":[18],"Champion Belt":[2],"obtain_stats":[{"Happy Flower":30,"Singing Bowl":47,"Blue Candle":25,"Eternal Feather":55,"PreservedInsect":27,"Bag of Preparation":8,"Omamori":40,"Whetstone":10,"Cursed Key":34,"Boot":43,"Burning Blood":0,"ClockworkSouvenir":37,"Du-Vu Doll":48,"Nunchaku":7,"Lizard Tail":13,"Centennial Puzzle":23,"Anchor":54,"Strawberry":12,"Gambling Chip":41,"Bird Faced Urn":45,"Philosopher\u0027s Stone":17,"Champion Belt":26},{"Happy Flower":16,"Singing Bowl":25,"Blue Candle":14,"Eternal Feather":29,"PreservedInsect":15,"Bag of Preparation":4,"Omamori":21,"Whetstone":5,"Cursed Key":18,"Boot":22,"Burning Blood":0,"ClockworkSouvenir":19,"Du-Vu Doll":26,"Nunchaku":4,"Lizard Tail":6,"Centennial Puzzle":12,"Anchor":28,"Strawberry":6,"Gambling Chip":22,"Bird Faced Urn":23,"Philosopher\u0027s Stone":8,"Champion Belt":14},{"Happy Flower":79,"Singing Bowl":118,"Blue Candle":71,"Eternal Feather":144,"PreservedInsect":76,"Bag of Preparation":16,"Omamori":102,"Whetstone":20,"Cursed Key":91,"Boot":107,"Burning Blood":0,"ClockworkSouvenir":92,"Du-Vu Doll":122,"Nunchaku":16,"Lizard Tail":31,"Centennial Puzzle":59,"Anchor":135,"Strawberry":31,"Gambling Chip":107,"Bird Faced Urn":110,"Philosopher\u0027s Stone":42,"Champion Belt":71}]},"card_choices":[{"not_picked":["Deadly Poison","InnerPeace","Ball Lightning"],"picked":"SKIP","floor":1},{"not_picked":["Finisher","Vengeance","Protect"],"picked":"SKIP","floor":2},{"not_picked":["Headbutt","Blood for Blood","Crescendo"],"picked":"SKIP","floor":5},{"not_picked":["Sword Boomerang","Leg Sweep","Power Through"],"picked":"SKIP","floor":7},{"not_picked":["Evaluate","Catalyst","White Noise"],"picked":"SKIP","floor":10},{"not_picked":["Study","Outmaneuver"],"picked":"Prostrate","floor":12},{"not_picked":["Bane","Sucker Punch","Perfected Strike"],"picked":"SKIP","floor":14},{"not_picked":["Electrodynamics","Glass Knife"],"picked":"Reboot","floor":16},{"not_picked":["Ball Lightning","Acrobatics+1"],"picked":"Blade Dance+1","floor":18},{"not_picked":["BowlingBash","Thunderclap","JustLucky"],"picked":"SKIP","floor":20},{"not_picked":["Flex","Body Slam+1","Twin Strike"],"picked":"SKIP","floor":21},{"not_picked":["Rip and Tear","Doom and Gloom","Evaluate"],"picked":"SKIP","floor":23},{"not_picked":["Evaluate","Flame Barrier","ReachHeaven"],"picked":"SKIP","floor":24},{"not_picked":["Cloak And Dagger","All For One","Armaments"],"picked":"SKIP","floor":25},{"not_picked":["Underhanded Strike+1","Beam Cell","Self Repair"],"picked":"SKIP","floor":27},{"not_picked":["Iron Wave","Body Slam+1","Flex"],"picked":"SKIP","floor":30},{"not_picked":["Body Slam","Dropkick"],"picked":"Blade Dance","floor":31},{"not_picked":["Limit Break","Machine Learning"],"picked":"Venomology","floor":33},{"not_picked":["Stack","Reinforced Body","Rebound"],"picked":"SKIP","floor":35},{"not_picked":["Anger","Noxious Fumes+1","Compile Driver+1"],"picked":"SKIP","floor":38},{"not_picked":["Rupture+1","Wild Strike","Underhanded Strike"],"picked":"SKIP","floor":40},{"not_picked":["Compile Driver","Disarm+1","SandsOfTime+1"],"picked":"SKIP","floor":41},{"not_picked":["Sunder","Dash","Protect"],"picked":"SKIP","floor":45},{"not_picked":["Meteor Strike","Anger","Body Slam"],"picked":"SKIP","floor":46},{"not_picked":["Armaments","True Grit+1","Underhanded Strike"],"picked":"Singing Bowl","floor":47},{"not_picked":["Seeing Red+1","Setup","Clothesline"],"picked":"Singing Bowl","floor":48},{"not_picked":["Prostrate","SignatureMove","Redo"],"picked":"Singing Bowl","floor":55}],"player_experience":1884448,"relics_obtained":[{"floor":7,"key":"Nunchaku"},{"floor":10,"key":"Whetstone"},{"floor":12,"key":"Strawberry"},{"floor":23,"key":"Centennial Puzzle"},{"floor":25,"key":"Blue Candle"},{"floor":26,"key":"Champion Belt"},{"floor":27,"key":"PreservedInsect"},{"floor":30,"key":"Happy Flower"},{"floor":40,"key":"Omamori"},{"floor":41,"key":"Gambling Chip"},{"floor":43,"key":"Boot"},{"floor":45,"key":"Bird Faced Urn"},{"floor":47,"key":"Singing Bowl"},{"floor":48,"key":"Du-Vu Doll"},{"floor":55,"key":"Eternal Feather"}],"event_choices":[{"damage_healed":0,"gold_gain":0,"player_choice":"Forge","damage_taken":0,"max_hp_gain":0,"max_hp_loss":0,"event_name":"Accursed Blacksmith","floor":3,"gold_loss":0,"cards_upgraded":["Body Slam"]},{"damage_healed":0,"gold_gain":0,"player_choice":"Success","damage_taken":11,"relics_obtained":["Lizard Tail"],"max_hp_gain":0,"max_hp_loss":0,"event_name":"Scrap Ooze","floor":13,"gold_loss":0},{"damage_healed":0,"gold_gain":0,"player_choice":"Shed Blood","damage_taken":29,"max_hp_gain":5,"max_hp_loss":0,"event_name":"Forgotten Altar","floor":19,"gold_loss":0},{"damage_healed":17,"gold_gain":0,"player_choice":"Heal","damage_taken":0,"max_hp_gain":0,"max_hp_loss":0,"event_name":"The Library","floor":22,"gold_loss":0},{"damage_healed":0,"gold_gain":0,"player_choice":"Ignored","damage_taken":0,"max_hp_gain":0,"max_hp_loss":0,"event_name":"Ghosts","floor":29,"gold_loss":0},{"cards_removed":["Reboot"],"damage_healed":0,"gold_gain":0,"player_choice":"Removed Skill","damage_taken":0,"max_hp_gain":0,"max_hp_loss":0,"event_name":"Falling","floor":36,"gold_loss":0}],"is_beta":false,"boss_relics":[{"not_picked":["Black Blood","Tiny House"],"picked":"Philosopher\u0027s Stone"},{"not_picked":["Calling Bell","Empty Cage"],"picked":"Cursed Key"}],"items_purged_floors":[28,37,39],"is_endless":false,"potions_floor_spawned":[7,10,14,16,20,23,25,30,33,45,46,47,48],"killed_by":"The Heart","ascension_level":20}}