{"host":"je4rgfex33y123xe","time":1612733295,"event":{"mods":["BaseMod","Minty Spire (QoL Compilation)","StSLib"],"gold_per_floor":[112,127,302,302,322,347,347,376,402,431,161,261,3,31,31,131,131,146,146,146,160,170,199,210,237,263,263,295,156,71,90,90,195,195,207,207,257,35,53,53,87,99,144,144,164,164,175,188,188,188,188,188,34,67,67,67],"floor_reached":55,"language":"ENG","playtime":2331,"items_purged":["Doubt","Strike_R"],"score":1160,"play_id":"9b430ddc-e5d6-4c24-81ea-d6e62a33fc6b","local_time":"20210207152815","is_ascension_mode":true,"campfire_choices":[{"data":"Flex","floor":7.0,"key":"SMITH"},{"data":"Armaments","floor":15.0,"key":"SMITH"},{"data":"Feed","floor":27.0,"key":"SMITH"},{"data":"Hemokinesis","floor":32.0,"key":"SMITH"},{"data":"Offering","floor":40.0,"key":"SMITH"},{"floor":44.0,"key":"RECALL"},{"floor":49.0,"key":"REST"},{"data":"Power Through","floor":52.0,"key":"SMITH"}],"circlet_count":0,"master_deck":["Bash+1","Hemokinesis+1","Whirlwind+1","Flex+1","Armaments+1","Clothesline","Feed+1","Hemokinesis+1","Whirlwind+1","Inflame+1","Disarm","Double Tap","Evolve+1","Barricade+1","Shrug It Off","Bloodletting","Entrench","Searing Blow","Dropkick","Power Through+1","Offering+1","Warcry","Metallicize+1","Body Slam","Inflame+1","Rupture+1","Blood for Blood","True Grit+1","Rage","Demon Form+1"],"relics":["Burning Blood","Akabeko","Anchor","Bronze Scales","MealTicket","War Paint","Whetstone","Frozen Egg 2","Odd Mushroom","Mark of Pain","Orichalcum","Pear","Happy Flower","Gremlin Horn","Toy Ornithopter","Pandora\u0027s Box","CaptainsWheel","Toolbox","Lizard Tail","Paper Frog","Chemical X","Nunchaku"],"acts_visited":["Exordium","TheCity","TheBeyond","TheEnding"],"potions_floor_usage":[55],"damage_taken":[{"damage":18.0,"enemies":"Jaw Worm","floor":1.0,"turns":4.0},{"damage":2.0,"enemies":"Small Slimes","floor":2.0,"turns":3.0},{"damage":3.0,"enemies":"Cultist","floor":5.0,"turns":3.0},{"damage":34.0,"enemies":"Gremlin Nob","floor":6.0,"turns":4.0},{"damage":2.0,"enemies":"3 Sentries","floor":8.0,"turns":3.0},{"damage":27.0,"enemies":"Gremlin Nob","floor":10.0,"turns":4.0},{"damage":0.0,"enemies":"The Mushroom Lair","floor":14.0,"turns":2.0},{"damage":23.0,"enemies":"Slime Boss","floor":16.0,"turns":9.0},{"damage":8.0,"enemies":"3 Byrds","floor":18.0,"turns":4.0},{"damage":0.0,"enemies":"2 Thieves","floor":21.0,"turns":1.0},{"damage":0.0,"enemies":"Snake Plant","floor":22.0,"turns":2.0},{"damage":0.0,"enemies":"Slavers","floor":23.0,"turns":1.0},{"damage":19.0,"enemies":"Sentry and Sphere","floor":24.0,"turns":4.0},{"damage":2.0,"enemies":"Gremlin Leader","floor":25.0,"turns":3.0},{"damage":27.0,"enemies":"Book of Stabbing","floor":28.0,"turns":4.0},{"damage":18.0,"enemies":"Snecko","floor":31.0,"turns":4.0},{"damage":68.0,"enemies":"Champ","floor":33.0,"turns":10.0},{"damage":0.0,"enemies":"3 Darklings","floor":35.0,"turns":1.0},{"damage":35.0,"enemies":"Mind Bloom Boss Battle","floor":37.0,"turns":4.0},{"damage":5.0,"enemies":"Orb Walker","floor":39.0,"turns":3.0},{"damage":12.0,"enemies":"Giant Head","floor":41.0,"turns":6.0},{"damage":0.0,"enemies":"Sphere and 2 Shapes","floor":42.0,"turns":1.0},{"damage":37.0,"enemies":"Jaw Worm Horde","floor":45.0,"turns":4.0},{"damage":7.0,"enemies":"Spire Growth","floor":47.0,"turns":4.0},{"damage":14.0,"enemies":"Sphere and 2 Shapes","floor":48.0,"turns":1.0},{"damage":46.0,"enemies":"Awakened One","floor":50.0,"turns":9.0},{"damage":75.0,"enemies":"Shield and Spear","floor":54.0,"turns":3.0},{"damage":127,"enemies":"The Heart","floor":55,"turns":6}],"seed_played":"8385682685729930294","potions_obtained":[{"floor":6.0,"key":"Explosive Potion"},{"floor":8.0,"key":"SteroidPotion"},{"floor":16.0,"key":"SkillPotion"},{"floor":23.0,"key":"Explosive Potion"},{"floor":24.0,"key":"CultistPotion"},{"floor":31.0,"key":"LiquidMemories"},{"floor":33.0,"key":"BlessingOfTheForge"},{"floor":45.0,"key":"PowerPotion"},{"floor":48.0,"key":"DistilledChaos"}],"is_trial":false,"path_per_floor":["M","M","?","?","M","E","R","E","T","E","$","?","$","?","R","B",null,"M","?","?","M","M","E","M","E","T","R","E","$","?","M","R","B",null,"M","?","?","$","M","R","E","M","T","R","M","T","M","M","R","B",null,"R","$","E","B"],"character_chosen":"IRONCLAD","items_purchased":["Whetstone","Clothesline","Frozen Egg 2","Evolve+1","Inflame+1","Toolbox","Chemical X"],"campfire_rested":1,"item_purchase_floors":[11,11,13,29,38,38,53],"current_hp_per_floor":[76,80,80,80,83,55,55,59,59,38,53,53,68,74,74,57,80,81,81,81,87,91,91,82,100,100,100,79,94,94,82,82,20,87,93,93,64,79,84,84,78,84,84,84,53,53,57,49,82,47,97,97,112,48,0,0],"gold":67,"neow_bonus":"TEN_PERCENT_HP_BONUS","is_daily":false,"chose_seed":false,"campfire_upgraded":6,"win_rate":0.0,"timestamp":1612733295,"path_taken":["M","M","?","?","?","E","R","E","T","E","$","?","?","?","R","BOSS","M","?","?","M","M","E","?","E","T","R","E","?","?","M","R","BOSS","M","?","?","$","M","R","E","M","T","R","M","?","M","?","R","BOSS","R","$","E","BOSS"],"items_purchased_type":["Relic","Card","Relic","Card","Card","Relic","Relic"],"build_version":"2020-12-22","purchased_purges":2,"victory":false,"max_hp_per_floor":[88,88,88,88,88,88,88,88,88,88,88,88,88,88,88,88,88,91,91,91,91,91,91,95,109,109,109,109,109,109,109,109,109,109,109,109,109,109,113,113,113,113,113,113,113,113,113,113,113,113,113,113,113,113,113,113],"card_choices":[{"not_picked":["Cleave","Sword Boomerang"],"picked":"Hemokinesis","floor":1.0},{"not_picked":["Pommel Strike","Wild Strike"],"picked":"Infernal Blade","floor":2.0},{"not_picked":["Twin Strike","Carnage"],"picked":"Whirlwind","floor":5.0},{"not_picked":["Perfected Strike","Clothesline"],"picked":"Flex","floor":6.0},{"not_picked":["Corruption","Second Wind"],"picked":"Armaments","floor":8.0},{"not_picked":["Feel No Pain","Iron Wave","Havoc"],"picked":"SKIP","floor":10.0},{"not_picked":["Offering","Corruption+1"],"picked":"Feed","floor":16.0},{"not_picked":["Seeing Red","Wild Strike"],"picked":"Hemokinesis+1","floor":18.0},{"not_picked":["Whirlwind","Clash","Havoc"],"picked":"SKIP","floor":21.0},{"not_picked":["Dual Wield","Flex"],"picked":"Inflame+1","floor":22.0},{"not_picked":["Headbutt","Shrug It Off"],"picked":"Disarm","floor":23.0},{"not_picked":["Iron Wave","Bloodletting","Headbutt+1"],"picked":"SKIP","floor":24.0},{"not_picked":["Heavy Blade","Thunderclap","Dark Embrace+1"],"picked":"SKIP","floor":25.0},{"not_picked":["Bloodletting","Clash"],"picked":"Double Tap","floor":28.0},{"not_picked":["Twin Strike","Havoc","Anger"],"picked":"SKIP","floor":31.0},{"not_picked":["Fiend Fire","Berserk+1"],"picked":"Barricade+1","floor":33.0},{"not_picked":["Havoc+1","Combust+1"],"picked":"Metallicize+1","floor":35.0},{"not_picked":["Dropkick+1","Headbutt+1"],"picked":"Body Slam","floor":37.0},{"not_picked":["Headbutt+1","Heavy Blade+1","Second Wind+1"],"picked":"SKIP","floor":39.0},{"not_picked":["Battle Trance","Iron Wave"],"picked":"Rupture+1","floor":41.0},{"not_picked":["Dark Embrace+1","Pommel Strike","Clothesline"],"picked":"SKIP","floor":42.0},{"not_picked":["Iron Wave","Heavy Blade"],"picked":"Blood for Blood","floor":45.0},{"not_picked":["Cleave","Body Slam"],"picked":"True Grit+1","floor":47.0},{"not_picked":["Wild Strike+1","Headbutt+1"],"picked":"Rage","floor":48.0},{"not_picked":["Searing Blow","Feel No Pain+1"],"picked":"Demon Form+1","floor":54.0}],"player_experience":376476,"relics_obtained":[{"floor":6.0,"key":"Anchor"},{"floor":8.0,"key":"Bronze Scales"},{"floor":9.0,"key":"MealTicket"},{"floor":10.0,"key":"War Paint"},{"floor":14.0,"key":"Odd Mushroom"},{"floor":23.0,"key":"Orichalcum"},{"floor":25.0,"key":"Pear"},{"floor":26.0,"key":"Happy Flower"},{"floor":28.0,"key":"Gremlin Horn"},{"floor":37.0,"key":"CaptainsWheel"},{"floor":41.0,"key":"Lizard Tail"},{"floor":46.0,"key":"Paper Frog"},{"floor":54.0,"key":"Nunchaku"}],"event_choices":[{"damage_healed":0.0,"max_hp_gain":0.0,"max_hp_loss":0.0,"gold_gain":175.0,"event_name":"Liars Game","player_choice":"AGREE","floor":3.0,"gold_loss":0.0,"damage_taken":0.0,"cards_obtained":["Doubt"]},{"cards_removed":["Infernal Blade"],"damage_healed":0.0,"max_hp_gain":0.0,"max_hp_loss":0.0,"gold_gain":0.0,"event_name":"WeMeetAgain","player_choice":"Gave Card","floor":4.0,"gold_loss":0.0,"damage_taken":0.0,"relics_obtained":["Akabeko"]},{"damage_healed":0.0,"max_hp_gain":0.0,"max_hp_loss":0.0,"gold_gain":100.0,"event_name":"Golden Shrine","player_choice":"Pray","floor":12.0,"gold_loss":0.0,"damage_taken":0.0},{"damage_healed":0.0,"max_hp_gain":0.0,"max_hp_loss":0.0,"gold_gain":0.0,"event_name":"Mushrooms","player_choice":"Fought Mushrooms","floor":14.0,"gold_loss":0.0,"damage_taken":0.0},{"damage_healed":0.0,"max_hp_gain":0.0,"max_hp_loss":0.0,"gold_gain":0.0,"event_name":"Ghosts","player_choice":"Ignored","floor":19.0,"gold_loss":0.0,"damage_taken":0.0},{"damage_healed":0.0,"max_hp_gain":0.0,"max_hp_loss":0.0,"gold_gain":0.0,"event_name":"Duplicator","player_choice":"Copied","floor":20.0,"gold_loss":0.0,"damage_taken":0.0,"cards_obtained":["Whirlwind"]},{"damage_healed":0.0,"max_hp_gain":0.0,"max_hp_loss":0.0,"gold_gain":0.0,"event_name":"Addict","player_choice":"Obtained Relic","floor":30.0,"gold_loss":85.0,"damage_taken":0.0,"relics_obtained":["Toy Ornithopter"]},{"damage_healed":0.0,"max_hp_gain":0.0,"max_hp_loss":0.0,"gold_gain":0.0,"event_name":"Tomb of Lord Red Mask","player_choice":"Ignored","floor":36.0,"gold_loss":0.0,"damage_taken":0.0},{"damage_healed":0.0,"max_hp_gain":0.0,"max_hp_loss":0.0,"gold_gain":0.0,"event_name":"MindBloom","player_choice":"Fight","floor":37.0,"gold_loss":0.0,"damage_taken":0.0}],"is_beta":false,"boss_relics":[{"not_picked":["Runic Cube","SacredBark"],"picked":"Mark of Pain"},{"not_picked":["Runic Pyramid","Coffee Dripper"],"picked":"Pandora\u0027s Box"}],"items_purged_floors":[11,29],"is_endless":false,"potions_floor_spawned":[6,8,16,23,24,31,33,39,45,48],"killed_by":"The Heart","ascension_level":5}}