{"host":"dhlnk6yox2l1s6up","time":1612727690,"event":{"mods":["BaseMod","Minty Spire (QoL Compilation)","Relic Stats","StSLib","ojb\u0027s Info Mod"],"gold_per_floor":[110,110,123,143,143,171,188,202,228,228,262,262,41,52,52,154,154,168,178,189,104,104,132,132,164,164,176,3,18,18,18,18,18,18],"floor_reached":33,"language":"ENG","playtime":1966,"items_purged":["Pain","Strike_B"],"score":446,"play_id":"6d505fd7-4c65-47af-b2c8-b9cbf037af99","local_time":"20210207135450","is_ascension_mode":true,"campfire_choices":[{"data":"Capacitor","floor":10.0,"key":"SMITH"},{"data":"Conserve Battery","floor":12.0,"key":"SMITH"},{"data":"Compile Driver","floor":15.0,"key":"SMITH"},{"data":"Defragment","floor":24.0,"key":"SMITH"},{"data":"Self Repair","floor":30,"key":"SMITH"},{"data":"Beam Cell","floor":32,"key":"SMITH"}],"circlet_count":0,"master_deck":["AscendersBane","Strike_B+1","Defend_B+1","Defend_B+1","Defend_B+1","Zap","Dualcast","Conserve Battery+1","Cold Snap","Recycle","Glacier","Capacitor+1","Ball Lightning","Melter","Reboot","Compile Driver+1","Coolheaded","Electrodynamics","Capacitor","BootSequence+1","Defragment+1","Cold Snap","Loop","Loop+1","Go for the Eyes+1","Ball Lightning","Self Repair+1","Beam Cell+1"],"relics":["Cracked Core","NeowsBlessing","WarpedTongs","Mummified Hand","Boot","Omamori","Coffee Dripper","Juzu Bracelet","Ornamental Fan","Happy Flower","HornCleat"],"acts_visited":["Exordium","TheCity"],"potions_floor_usage":[33],"damage_taken":[{"damage":0.0,"enemies":"2 Louse","floor":1.0,"turns":1.0},{"damage":1.0,"enemies":"Cultist","floor":3.0,"turns":1.0},{"damage":1.0,"enemies":"Small Slimes","floor":4.0,"turns":1.0},{"damage":16.0,"enemies":"3 Sentries","floor":6.0,"turns":10.0},{"damage":16.0,"enemies":"3 Louse","floor":7.0,"turns":4.0},{"damage":5.0,"enemies":"Looter","floor":8.0,"turns":3.0},{"damage":9.0,"enemies":"Lagavulin","floor":11.0,"turns":7.0},{"damage":10.0,"enemies":"2 Fungi Beasts","floor":14.0,"turns":4.0},{"damage":1.0,"enemies":"Hexaghost","floor":16.0,"turns":12.0},{"damage":14.0,"enemies":"Shell Parasite","floor":18.0,"turns":3.0},{"damage":7.0,"enemies":"Spheric Guardian","floor":19.0,"turns":4.0},{"damage":2.0,"enemies":"Centurion and Healer","floor":20.0,"turns":6.0},{"damage":12.0,"enemies":"Book of Stabbing","floor":23.0,"turns":7.0},{"damage":16.0,"enemies":"Gremlin Leader","floor":25.0,"turns":5.0},{"damage":0.0,"enemies":"Snecko","floor":27.0,"turns":4.0},{"damage":0,"enemies":"Shelled Parasite and Fungi","floor":29,"turns":4},{"damage":20,"enemies":"Collector","floor":33,"turns":3}],"seed_played":"8455907108352690665","potions_obtained":[{"floor":1.0,"key":"Weak Potion"},{"floor":4.0,"key":"Dexterity Potion"},{"floor":6.0,"key":"Ancient Potion"},{"floor":11.0,"key":"PowerPotion"},{"floor":18.0,"key":"Fruit Juice"}],"is_trial":false,"path_per_floor":["M","?","M","M","?","E","M","M","T","R","E","R","$","M","R","B",null,"M","M","M","?","?","E","R","E","T","M","$","M","R","?","R","B"],"character_chosen":"DEFECT","items_purchased":["CultistPotion","Compile Driver","Self Repair"],"campfire_rested":0,"item_purchase_floors":[13,13,28],"current_hp_per_floor":[68,68,67,66,66,50,34,29,29,29,20,20,20,10,10,9,59,45,38,36,36,36,24,24,13,13,13,13,20,20,20,20,0,0],"gold":18,"neow_bonus":"THREE_ENEMY_KILL","is_daily":false,"chose_seed":false,"campfire_upgraded":6,"win_rate":0.0,"timestamp":1612727690,"path_taken":["M","?","?","?","?","E","M","?","T","R","E","R","$","M","R","BOSS","M","M","M","?","?","E","R","E","T","M","$","M","R","?","R","BOSS"],"items_purchased_type":["Potion","Card","Card"],"build_version":"2020-12-22","purchased_purges":2,"victory":false,"max_hp_per_floor":[75,75,75,75,75,75,75,75,75,75,75,75,75,75,75,75,75,75,75,75,75,75,75,75,80,80,80,80,80,80,80,80,80,80],"relic_stats":{"Happy Flower":[3],"counters":[17,79],"Mummified Hand":[33],"Ornamental Fan":[16],"Juzu Bracelet":0,"Boot":[12],"obtain_stats":[{"HornCleat":26,"NeowsBlessing":0,"Happy Flower":25,"Mummified Hand":6,"Ornamental Fan":23,"Omamori":11,"Coffee Dripper":17,"Juzu Bracelet":21,"Cracked Core":0,"Boot":9,"WarpedTongs":2},{"HornCleat":14,"NeowsBlessing":0,"Happy Flower":14,"Mummified Hand":4,"Ornamental Fan":13,"Omamori":7,"Coffee Dripper":9,"Juzu Bracelet":12,"Cracked Core":0,"Boot":6,"WarpedTongs":1},{"HornCleat":68,"NeowsBlessing":0,"Happy Flower":68,"Mummified Hand":13,"Ornamental Fan":63,"Omamori":27,"Coffee Dripper":43,"Juzu Bracelet":56,"Cracked Core":0,"Boot":20,"WarpedTongs":1}],"WarpedTongs":[77]},"card_choices":[{"not_picked":["Barrage","Chaos"],"picked":"Conserve Battery","floor":1.0},{"not_picked":["Gash","Scrape"],"picked":"Cold Snap","floor":3.0},{"not_picked":["Turbo","Hologram"],"picked":"Recycle","floor":4.0},{"not_picked":["Gash","Leap"],"picked":"Capacitor","floor":6.0},{"not_picked":["Rebound","Gash"],"picked":"Ball Lightning","floor":7.0},{"not_picked":["Skim","Streamline"],"picked":"Melter","floor":8.0},{"not_picked":["FTL","Static Discharge"],"picked":"Reboot","floor":11.0},{"not_picked":["Steam","Chill"],"picked":"Coolheaded","floor":14.0},{"not_picked":["Core Surge","Hyperbeam"],"picked":"Electrodynamics","floor":16.0},{"not_picked":["Conserve Battery","Redo+1"],"picked":"Capacitor","floor":18.0},{"not_picked":["Barrage","Hologram"],"picked":"BootSequence+1","floor":19.0},{"not_picked":["Go for the Eyes+1","Coolheaded"],"picked":"Defragment","floor":20.0},{"not_picked":["Heatsinks+1","Scrape+1"],"picked":"Loop+1","floor":23.0},{"not_picked":["Coolheaded","Storm+1"],"picked":"Go for the Eyes+1","floor":25.0},{"not_picked":["Gash","Hologram"],"picked":"Ball Lightning","floor":27.0},{"not_picked":["Ball Lightning+1","Auto Shields"],"picked":"Beam Cell","floor":29}],"player_experience":6134317,"relics_obtained":[{"floor":6.0,"key":"Mummified Hand"},{"floor":9.0,"key":"Boot"},{"floor":11.0,"key":"Omamori"},{"floor":23.0,"key":"Ornamental Fan"},{"floor":25.0,"key":"Happy Flower"},{"floor":26.0,"key":"HornCleat"}],"event_choices":[{"damage_healed":0.0,"max_hp_gain":0.0,"max_hp_loss":0.0,"gold_gain":0.0,"event_name":"Accursed Blacksmith","player_choice":"Rummage","floor":2.0,"gold_loss":0.0,"damage_taken":0.0,"relics_obtained":["WarpedTongs"],"cards_obtained":["Pain"]},{"damage_healed":0.0,"max_hp_gain":0.0,"max_hp_loss":0.0,"gold_gain":0.0,"cards_transformed":["Defend_B"],"event_name":"Transmorgrifier","player_choice":"Transformed","floor":5.0,"gold_loss":0.0,"damage_taken":0.0,"cards_obtained":["Glacier"]},{"damage_healed":0.0,"max_hp_gain":0.0,"max_hp_loss":0.0,"gold_gain":0.0,"event_name":"Addict","player_choice":"Obtained Relic","floor":21.0,"gold_loss":85.0,"damage_taken":0.0,"relics_obtained":["Juzu Bracelet"]},{"damage_healed":0.0,"max_hp_gain":0.0,"max_hp_loss":0.0,"gold_gain":0.0,"cards_transformed":["Strike_B","Strike_B"],"event_name":"Drug Dealer","player_choice":"Became Test Subject","floor":22.0,"gold_loss":0.0,"damage_taken":0.0,"cards_obtained":["Cold Snap","Loop"]},{"damage_healed":0,"gold_gain":0,"player_choice":"Simplicity","damage_taken":0,"max_hp_gain":0,"max_hp_loss":0,"event_name":"Back to Basics","floor":31,"gold_loss":0,"cards_upgraded":["Strike_B","Defend_B","Defend_B","Defend_B"]}],"is_beta":false,"boss_relics":[{"not_picked":["SlaversCollar","Velvet Choker"],"picked":"Coffee Dripper"}],"items_purged_floors":[13,28],"is_endless":false,"potions_floor_spawned":[1,4,6,11,18],"killed_by":"Collector","ascension_level":10}}