{"host":"sq533724ysd7e9og","time":1612683285,"event":{"mods":["AchievementEnabler","Act Like it!","Aspiration","Astrologer","BaseMod","Better Note","Better Third Choice","Bossed Relics","CapriCore","Colored Map","Conspire","Custom Start","Dio Mod","Dota2Spire","Friendly Minions","Gensokyo","Halation","Hermit","HololiveMod","Hubris","Infinite Spire","Koishi","KomeijiMod","Lobotomy","LobotomyExtend","Mad Scientist","Marisa????????","Minty Spire (QoL Compilation)","MostiFishMod","Replay The Spire","SOS???????","Shade Mod","Small Relic Pack","StSLib","The Administrix","The Animator","The Cursed","The Exalted","The Forsaken","The Gatherer","The Immortal","The Servant 0.9.4","The Wild Card","Waifu the Spire","Yakumo Yukari mod","Yohane!","Yuyuko","??????REMEMod"],"gold_per_floor":[118,78,91,91,91,118,118,130,130,165,115,171,26,40,40,138,138,152,152,152,152,166,496,516,570,596,613,630,530,542,613,613,765,765,781,673,685,740,759,784,784,842,842,860,887,174,252,252,252,554],"floor_reached":51,"language":"ENG","playtime":5073,"items_purged":[],"score":1188,"play_id":"32936a6f-49aa-4280-a99f-4106a6b054c5","local_time":"25640207143445","is_ascension_mode":true,"campfire_choices":[{"data":"Bromod:Foundry","floor":7.0,"key":"SMITH"},{"data":"theWildCard:Scathach","floor":15.0,"key":"SMITH"},{"floor":32,"key":"REST"},{"data":"aspiration:Lunge","floor":49,"key":"SMITH"}],"circlet_count":0,"master_deck":["Yohane:Strike_Grey","Yohane:Strike_Grey","Yohane:Strike_Grey","Yohane:Defend_Grey","Yohane:Defend_Grey","Yohane:Defend_Grey","Yohane:Little_Demon_Lily","Yohane:Well_Laid_Ambush","animator:Kira","Rewind","Regret_ego+1","Bromod:Foundry+1","MokouMod:RoaringFlare","theWildCard:Scathach+1","astrologer:MeteorShower","PurpleNeedle_purple","theWildCard:Abstinence","Hololive_DiamondStrike","animator:Tatsumaki","theForsaken:PlagueCurse","MokouMod:FlickeringFlame","RealityMarble","InTheNameOfLoveAndHate","PowerUp","conspire:SpireCoStock","conspire:SpireCoStock","SporeBomb+1","dioMod:Muda+1","dioMod:Regeneration","Gensokyo:AllTheWorldsEvil","Observe_purple_1","hermit:Purgatory","Replay:Bootleg Shield Generator","hubris:Fate","SilverBlades+1","hubris:Wrath","MadScienceMod:Sprocket+1","Koishi:UnansweredLove+1","TimeTheft+1","hermit:Headshot+1","TheCursedMod:ReleasedKnowledge+1","MadScienceMod:RadioactiveSword+1","theForsaken:PowerUp+1","PropBag+1","theWildCard:FinalHour+1","Setup+1","Doppelganger+1","aspiration:Lunge+1"],"relics":["Yohane:AngelWings","DaveBox","REME_ComplimentaryCards","BirthdayGift-Icosahedron","SynthV:TestCard","LetterFromLob","Gensokyo:Mercy","halation:RedSoulGem","Mercury Hourglass","Dota2Spire:Dagon","Blue Doll","ReplayTheSpireMod:Ninjato","hubris:RunicObelisk","ReplayTheSpireMod:Ring of Exchange","Ring of Misfortune","theForsaken:PlagueMask","Gensokyo:ConquerorOfFear","Durian","Dota2Spire:Vanguard","halation:Trompette","Bag of Preparation","Smiling Mask","Replay:Ringing Soul","ReplayTheSpireMod:SealedPack","ReplayTheSpireMod:CursedCoin","hubris:CrystalStatue","Onion Ring","Replay:Multitool","halation:EternalFortune","aspiration:SneckoTail","Toxic Egg 2","Black Star","Dota2Spire:Bloodstone","REME_PuzzleBoxRelic","infinitespire:Lychee Nut","AmplifyWand"],"acts_visited":["Gensokyo:Gensokyo","Gensokyo:Gensokyoer","Gensokyo:Gensokyoest"],"potions_floor_usage":[33,35,47,47,50],"damage_taken":[{"damage":0.0,"enemies":"Gensokyo:Gryphon","floor":1.0,"turns":3.0},{"damage":0.0,"enemies":"Gensokyo:Python","floor":3.0,"turns":2.0},{"damage":0.0,"enemies":"Gensokyo:Mamizou","floor":6.0,"turns":4.0},{"damage":0.0,"enemies":"Gensokyo:3_Fairies","floor":8.0,"turns":2.0},{"damage":7.0,"enemies":"Gensokyo:Aya","floor":10.0,"turns":3.0},{"damage":0.0,"enemies":"Gensokyo:Mamizou","floor":12.0,"turns":5.0},{"damage":0.0,"enemies":"Gensokyo:VengefulSpirit","floor":14.0,"turns":3.0},{"damage":9.0,"enemies":"Gensokyo:Reimu","floor":16.0,"turns":6.0},{"damage":5.0,"enemies":"Gensokyo:AngelMirror","floor":18.0,"turns":2.0},{"damage":0.0,"enemies":"Gensokyo:2_Gloops","floor":22.0,"turns":2.0},{"damage":22.0,"enemies":"Gensokyo:Tenshi","floor":23.0,"turns":3.0},{"damage":17.0,"enemies":"Gensokyo:Slime_Group","floor":24.0,"turns":3.0},{"damage":0.0,"enemies":"Gensokyo:Swordslinger","floor":27.0,"turns":2.0},{"damage":0.0,"enemies":"Gensokyo:3_Gloops","floor":28.0,"turns":2.0},{"damage":0,"enemies":"Gensokyo:Wraith","floor":30,"turns":4},{"damage":0,"enemies":"Gensokyo:Reisen","floor":31,"turns":4},{"damage":0,"enemies":"Gensokyo:Eiki","floor":33,"turns":6},{"damage":0,"enemies":"Gensokyo:AncientGuardian","floor":35,"turns":5},{"damage":0,"enemies":"Gensokyo:3_Boulders","floor":37,"turns":3},{"damage":0,"enemies":"Gensokyo:SeedOfUnknown","floor":39,"turns":3},{"damage":2,"enemies":"Gensokyo:Marisa","floor":40,"turns":4},{"damage":0,"enemies":"Gensokyo:Kasen","floor":42,"turns":4},{"damage":0,"enemies":"Gensokyo:4_Bats","floor":44,"turns":2},{"damage":0,"enemies":"Gensokyo:Dusk_and_Dawn","floor":45,"turns":3},{"damage":0,"enemies":"Gensokyo:Doremy","floor":47,"turns":5},{"damage":0,"enemies":"Gensokyo:Shinki","floor":50,"turns":8},{"damage":10,"enemies":"Malkuth","floor":51,"turns":11},{"damage":24,"enemies":"Netzach","floor":51,"turns":10}],"seed_played":"-1818250788247041060","potions_obtained":[{"floor":1.0,"key":"SmokeBomb"},{"floor":3.0,"key":"Dota2Spire:Clarity"},{"floor":8.0,"key":"REME_GoldPotion"},{"floor":22.0,"key":"infinitespire:BlackPotion"},{"floor":23.0,"key":"AttackPotion"},{"floor":24.0,"key":"Cursed Concoction"},{"floor":33,"key":"CalmPotion"},{"floor":37,"key":"Energy Potion"},{"floor":40,"key":"Strength Potion"},{"floor":44,"key":"LifebloodPotion"}],"is_trial":true,"path_per_floor":["M","$","M","?","?","E","R","M","T","E","$","E","COS","M","R","B",null,"M","?","?","?","M","E","M","T","T","M","M","?","M","E","R","B",null,"M","$","M","?","M","E","?","E","T","M","M","COS","E","?","R","B",null],"character_chosen":"FallenAngel","items_purchased":["Regret_ego+1","astrologer:MeteorShower","ReplayTheSpireMod:CursedCoin","hubris:CrystalStatue"],"campfire_rested":1,"item_purchase_floors":[2,11,36,36],"current_hp_per_floor":[60,60,60,60,60,60,60,60,60,54,54,55,55,56,56,48,60,56,56,56,56,62,41,25,25,25,26,27,27,28,32,52,59,74,77,80,83,86,89,91,94,98,98,101,104,107,83,86,86,86],"gold":762,"neow_bonus":"","is_daily":false,"chose_seed":false,"campfire_upgraded":3,"win_rate":0.0,"timestamp":1612683285,"path_taken":["M","$","M","?","?","E","R","?","T","E","$","E","COS","M","R","BOSS","M","?","?","?","M","E","M","?","T","?","M","?","M","E","R","BOSS","M","$","M","?","M","E","?","E","T","M","M","COS","E","?","R","BOSS"],"items_purchased_type":["Card","Card","Relic","Relic"],"build_version":"2020-12-22","purchased_purges":0,"victory":true,"max_hp_per_floor":[60,60,60,60,60,60,60,60,60,60,60,60,60,60,60,60,60,60,60,60,60,65,65,65,65,65,65,65,65,65,68,68,71,74,77,80,83,86,89,92,95,98,98,101,104,107,83,86,86,86],"card_choices":[{"not_picked":["MakuraSeki","Hightime"],"picked":"Rewind","floor":1.0},{"not_picked":["AdministrixMod:FeastOfDew","Immigrant Phantom","FourthMatchFlame","ChargeUpSpray"],"picked":"Shade:ClawBack","floor":3.0},{"not_picked":["AdministrixMod:QuietConspiracy","hermit:Misfire","AdministrixMod:Katabasis","Greenorb"],"picked":"Bromod:Foundry","floor":6.0},{"not_picked":["Yohane:Blazing","Worldmountain_purple","Dark Wind","MadScienceMod:LightOnFire"],"picked":"MokouMod:RoaringFlare","floor":8.0},{"not_picked":["Gatherer:FinishingStrike","AdministrixMod:CrackingPangu","Gatherer:PotentialSlash","Koishi:HeartStoppingHorror"],"picked":"theWildCard:Scathach","floor":10.0},{"not_picked":["animator:Hakurou","SilverBlades","Yohane:Misfortune","Hololive_IdolExercise"],"picked":"PurpleNeedle_purple","floor":12.0},{"not_picked":["AdministrixMod:ShadowPlay","Linger over Flower","Fondling of Papilio","Hololive_RevenueBasedLive"],"picked":"theWildCard:Abstinence","floor":14.0},{"not_picked":["AdministrixMod:Mastermind","Gatherer:MindSearch","theForsaken:Purification","LoveAcrossDimensions_purple"],"picked":"Hololive_DiamondStrike","floor":16.0},{"not_picked":["Song of Papilio+1","StateErode_purple","Gatherer:FruitForce","animator:Alexander"],"picked":"animator:Tatsumaki","floor":18.0},{"not_picked":["Shade:Haruspicy","Yohane:Dark_Rest","MadScienceMod:Detonate","PurpleNeedle_purple"],"picked":"MokouMod:FlickeringFlame","floor":22.0},{"not_picked":["Unstable Ward","animator:Millim","ExistenceContinue_purple","theForsaken:Eulogy"],"picked":"RealityMarble","floor":23.0},{"not_picked":["animator:TsurugaMeisai","Gatherer:EchoOfNature","Millionstab","MadScienceMod:Probe"],"picked":"InTheNameOfLoveAndHate","floor":24.0},{"not_picked":["MilkyWay","MadScienceMod:Browse+1","InstantArmor","animator:Gillette"],"picked":"PowerUp","floor":27.0},{"not_picked":["Koishi:StingingMind","Koishi:ReflexRadar+1","animator:Priestess","astrologer:TheHangedMan+1"],"picked":"MadScienceMod:Weaponize+1","floor":28.0},{"not_picked":["theWildCard:Lucifer","animator:Rider","animator:Archer","Gatherer:FlowerShield"],"picked":"SporeBomb+1","floor":30},{"not_picked":["Shade:SoulPierce","hermit:Cheat+1","Hightime","Redemption of Death"],"picked":"dioMod:Muda+1","floor":31},{"not_picked":["hermit:FatalDesire","astrologer:TheChariot","theForsaken:CorruptDeck","ContainerChange_purple"],"picked":"dioMod:Regeneration","floor":33},{"not_picked":["HpAim","MadScienceMod:PoweredStrike","Dreamy Sakura","Hololive_RecruitS"],"picked":"Observe_purple_1","floor":34},{"not_picked":["Hololive_DiamondStrike","Gatherer:BlackTea","ShanghaiNingyou","UniverseChoice_purple"],"picked":"hermit:Purgatory","floor":34},{"not_picked":["Replay:Sssssssssshield","Finesse","Blind","Jack Of All Trades"],"picked":"Replay:Bootleg Shield Generator","floor":34},{"not_picked":["infinitespire:Punishment","infinitespire:NeuralNetwork","infinitespire:Menacing","infinitespire:SevenWalls"],"picked":"hubris:Fate","floor":34},{"not_picked":["MokouMod:Sear","AdministrixMod:TrickOfTheLight+1","TheCursedMod:SpitefulStrike+1","NingyouFukuhei+1"],"picked":"SilverBlades+1","floor":35},{"not_picked":["Hololive_CallAiraniIofifteen+1","MokouMod:Fireball+1","MokouMod:AdaptivePyromancy+1","MokouMod:ScorchingColumn+1"],"picked":"MadScienceMod:Sprocket+1","floor":37},{"not_picked":["Trickster","Koishi:SpiritedAway","AdministrixMod:SeventeenArticleLaser","Spear of Papilio"],"picked":"Koishi:UnansweredLove+1","floor":38},{"not_picked":["astrologer:SpaceDust+1","theWildCard:Scathach","AdministrixMod:CrackingPangu+1","theForsaken:Parry+1"],"picked":"TimeTheft+1","floor":38},{"not_picked":["AdministrixMod:TrickOfTheLight","Soda","MadScienceMod:FlexibleSpear","TheCursedMod:RapidMovement+1"],"picked":"hermit:Headshot+1","floor":39},{"not_picked":["TheCursedMod:Evocation+1","Revive The Butterflies","StigmaNizer+1","animator:Berserker+1"],"picked":"TheCursedMod:ReleasedKnowledge+1","floor":40},{"not_picked":["theWildCard:PaleRider+1","HagoromoMizu","AdministrixMod:StarSwordSoul","Yohane:Wrath"],"picked":"MadScienceMod:RadioactiveSword+1","floor":42},{"not_picked":["Koishi:YoukaiPolygraph+1","astrologer:StarOfMisfortune+1","Sweet of Phantom+1","DemonsDinnerFork_Remiria+1"],"picked":"theForsaken:PowerUp+1","floor":44},{"not_picked":["animator:Kuribayashi","MadScienceMod:MechanicalClaw+1","MokouMod:ResonanceReactor","MokouMod:ScorchingColumn+1"],"picked":"PropBag+1","floor":45},{"not_picked":["ShootTheMoon+1","theWildCard:Safeguard+1","Bromod:FastHands+1","Koishi:PhantomBarrier+1"],"picked":"theWildCard:FinalHour+1","floor":47}],"player_experience":165036,"relics_obtained":[{"floor":1.0,"key":"SynthV:TestCard"},{"floor":1.0,"key":"LetterFromLob"},{"floor":6.0,"key":"Mercury Hourglass"},{"floor":9.0,"key":"Dota2Spire:Dagon"},{"floor":10.0,"key":"Blue Doll"},{"floor":12.0,"key":"ReplayTheSpireMod:Ninjato"},{"floor":19.0,"key":"ReplayTheSpireMod:Ring of Exchange"},{"floor":19.0,"key":"Ring of Misfortune"},{"floor":22.0,"key":"Gensokyo:ConquerorOfFear"},{"floor":23.0,"key":"Dota2Spire:Vanguard"},{"floor":25.0,"key":"Bag of Preparation"},{"floor":26.0,"key":"Smiling Mask"},{"floor":31,"key":"Replay:Ringing Soul"},{"floor":38,"key":"Onion Ring"},{"floor":40,"key":"Replay:Multitool"},{"floor":42,"key":"aspiration:SneckoTail"},{"floor":43,"key":"Toxic Egg 2"},{"floor":47,"key":"REME_PuzzleBoxRelic"},{"floor":47,"key":"infinitespire:Lychee Nut"}],"event_choices":[{"damage_healed":0.0,"max_hp_gain":0.0,"max_hp_loss":0.0,"gold_gain":0.0,"event_name":"Plague Doctor","player_choice":"Obtain Plague Curse","floor":20.0,"gold_loss":0.0,"damage_taken":0.0,"cards_obtained":["theForsaken:PlagueCurse"]},{"damage_healed":0.0,"max_hp_gain":0.0,"max_hp_loss":0.0,"gold_gain":0.0,"event_name":"conspire:Investor","player_choice":"Invest 2","floor":29.0,"gold_loss":0.0,"damage_taken":0.0}],"is_beta":false,"boss_relics":[{"not_picked":["Bromod:ArcaneGrace","hubris:HollowSoul"],"picked":"hubris:RunicObelisk"},{"not_picked":["Dota2Spire:RefresherOrb","TakeMeEscape"],"picked":"ReplayTheSpireMod:SealedPack"}],"items_purged_floors":[],"is_endless":false,"potions_floor_spawned":[1,3,8,22,23,24,33,37,40,44,45],"ascension_level":1}}