{"host":"rmsq46plbpwfbxcc","time":1612700026,"event":{"mods":["AchievementEnabler","BaseMod","Colored Map","Colored Powertips","DeckTracker","KOR Keyword Fix","Minty Spire (QoL Compilation)","Permanent Neow","Quick Restart","SuperFastMode"],"gold_per_floor":[111,127,127,202,222,222,247,59,108,8,25,35,35,54,54,133,133,143,153,28,45,45,45],"floor_reached":22,"language":"KOR","playtime":645,"items_purged":["Strike_G","Defend_G","Defend_G"],"score":310,"play_id":"83de181d-0f81-48b5-85ca-a8edad2e33f8","local_time":"20210207211346","is_ascension_mode":true,"campfire_choices":[{"data":"Blade Dance","floor":6,"key":"SMITH"},{"data":"After Image","floor":13,"key":"SMITH"},{"data":"A Thousand Cuts","floor":15,"key":"SMITH"}],"circlet_count":0,"master_deck":["AscendersBane","Strike_G","Strike_G","Strike_G","Strike_G","Defend_G","Defend_G","Defend_G","Survivor","Neutralize","Blade Dance+1","After Image+1","Cloak And Dagger","Backflip","A Thousand Cuts+1","Adrenaline","PiercingWail"],"relics":["Coffee Dripper","Bag of Preparation"],"acts_visited":["Exordium","TheCity"],"potions_floor_usage":[12,19,21],"damage_taken":[{"damage":1.0,"enemies":"2 Louse","floor":1.0,"turns":3.0},{"damage":2,"enemies":"Small Slimes","floor":2,"turns":3},{"damage":4,"enemies":"Jaw Worm","floor":5,"turns":4},{"damage":15,"enemies":"3 Sentries","floor":7,"turns":9},{"damage":0,"enemies":"Gremlin Gang","floor":11,"turns":4},{"damage":2,"enemies":"Exordium Thugs","floor":12,"turns":3},{"damage":0,"enemies":"Blue Slaver","floor":14,"turns":3},{"damage":20,"enemies":"The Guardian","floor":16,"turns":15},{"damage":0,"enemies":"Chosen","floor":18,"turns":4},{"damage":12,"enemies":"2 Thieves","floor":19,"turns":3},{"damage":29,"enemies":"Cultist and Chosen","floor":21,"turns":9},{"damage":13,"enemies":"Snecko","floor":22,"turns":5}],"seed_played":"-4432301516664614674","potions_obtained":[{"floor":7,"key":"FearPotion"},{"floor":11,"key":"SkillPotion"},{"floor":14,"key":"GamblersBrew"},{"floor":19,"key":"Dexterity Potion"},{"floor":21,"key":"BlessingOfTheForge"}],"is_trial":false,"path_per_floor":["M","M","?","?","M","R","E","$","T","$","M","M","R","M","R","B",null,"M","M","$","M","M"],"character_chosen":"THE_SILENT","items_purchased":["After Image","Cloak And Dagger"],"campfire_rested":0,"item_purchase_floors":[8,8],"current_hp_per_floor":[62,60,65,54,50,50,35,35,35,35,35,33,33,33,33,13,60,60,48,48,19,6,6],"gold":45,"neow_bonus":"BOSS_RELIC","is_daily":false,"chose_seed":false,"campfire_upgraded":3,"win_rate":0.0,"timestamp":1612700026,"path_taken":["M","M","?","?","M","R","E","?","T","$","M","?","R","M","R","BOSS","M","?","$","M","M"],"items_purchased_type":["Card","Card"],"build_version":"2020-12-22","purchased_purges":3,"victory":false,"max_hp_per_floor":[70,70,75,75,75,75,75,75,75,75,75,75,75,75,75,75,75,75,75,75,75,75,75],"card_choices":[{"not_picked":["Dagger Throw","Slice"],"picked":"Blade Dance","floor":1.0},{"not_picked":["Crippling Poison","Bane","Quick Slash"],"picked":"SKIP","floor":2},{"not_picked":["Dagger Spray","Underhanded Strike","Blade Dance"],"picked":"SKIP","floor":5},{"not_picked":["Endless Agony","Outmaneuver","Blade Dance"],"picked":"SKIP","floor":7},{"not_picked":["Prepared","Setup"],"picked":"Backflip","floor":11},{"not_picked":["Calculated Gamble","Eviscerate","Underhanded Strike"],"picked":"SKIP","floor":12},{"not_picked":["Footwork","Infinite Blades"],"picked":"A Thousand Cuts","floor":14},{"not_picked":["Glass Knife","A Thousand Cuts"],"picked":"Adrenaline","floor":16},{"not_picked":["Dagger Throw","Riddle With Holes","Poisoned Stab+1"],"picked":"SKIP","floor":18},{"not_picked":["Leg Sweep","Blur"],"picked":"PiercingWail","floor":19},{"not_picked":["Dodge and Roll","Quick Slash","Slice+1"],"picked":"SKIP","floor":21}],"player_experience":667733,"relics_obtained":[{"floor":7,"key":"Bag of Preparation"}],"event_choices":[{"damage_healed":0,"gold_gain":0,"player_choice":"Donut","damage_taken":0,"max_hp_gain":5,"max_hp_loss":0,"event_name":"Big Fish","floor":3,"gold_loss":0},{"damage_healed":0,"gold_gain":75,"player_choice":"Gather Gold","damage_taken":11,"max_hp_gain":0,"max_hp_loss":0,"event_name":"World of Goop","floor":4,"gold_loss":0}],"is_beta":false,"boss_relics":[{"not_picked":["Busted Crown","Ectoplasm","Runic Dome"]}],"items_purged_floors":[8,10,20],"is_endless":false,"potions_floor_spawned":[7,11,14,19,21],"killed_by":"Snecko","ascension_level":13}}