{"host":"by8i6f8xc0ywpsd5","time":1612719693,"event":{"mods":["BaseMod","Colored Map","Minty Spire (QoL Compilation)","Relic Stats"],"gold_per_floor":[209,222,222,10,10,10,45,45,45,78,91,111,135,160,160,258,258,271,271,292,55,55,96,96,96,96,129,149,189,22,22,22,22,22],"floor_reached":33,"language":"ENG","playtime":1391,"items_purged":["Strike_R"],"score":651,"play_id":"b7ef9aa2-9678-4d1f-b626-2f118766a23d","local_time":"20210207194133","is_ascension_mode":true,"campfire_choices":[{"floor":6.0,"key":"REST"},{"floor":8.0,"key":"REST"},{"data":"Flash of Steel","floor":15.0,"key":"SMITH"},{"data":"Rage","floor":25.0,"key":"SMITH"},{"data":"Burning Pact","floor":32.0,"key":"SMITH"}],"circlet_count":0,"master_deck":["AscendersBane","Defend_R","Defend_R","Defend_R","Defend_R","Bash","Clothesline","Anger","Flash of Steel+1","Shrug It Off","Reaper","Twin Strike","Spot Weakness","Reckless Charge","Reckless Charge","Immolate","Shrug It Off+1","Spot Weakness","Burning Pact+1","Reaper","Rage+1","Bite","Bite","Bite","Bite","Bite","Havoc+1","Dual Wield+1","Madness+1","Armaments+1"],"relics":["Burning Blood","Shuriken","Bloody Idol","Bronze Scales","Nunchaku","Bottled Flame","Coffee Dripper","MutagenicStrength","Orrery","Toxic Egg 2","Pear","Ancient Tea Set","Letter Opener"],"acts_visited":["Exordium","TheCity"],"potions_floor_usage":[33],"damage_taken":[{"damage":17.0,"enemies":"Small Slimes","floor":1.0,"turns":5.0},{"damage":4.0,"enemies":"Jaw Worm","floor":2.0,"turns":6.0},{"damage":26.0,"enemies":"Gremlin Nob","floor":7.0,"turns":4.0},{"damage":34.0,"enemies":"3 Sentries","floor":10.0,"turns":7.0},{"damage":9.0,"enemies":"2 Louse","floor":11.0,"turns":2.0},{"damage":9.0,"enemies":"Large Slime","floor":12.0,"turns":5.0},{"damage":6.0,"enemies":"3 Louse","floor":13.0,"turns":4.0},{"damage":11.0,"enemies":"2 Fungi Beasts","floor":14.0,"turns":3.0},{"damage":18.0,"enemies":"Slime Boss","floor":16.0,"turns":6.0},{"damage":13.0,"enemies":"Chosen","floor":18.0,"turns":5.0},{"damage":22.0,"enemies":"2 Thieves","floor":20.0,"turns":3.0},{"damage":31.0,"enemies":"Slavers","floor":23.0,"turns":4.0},{"damage":23.0,"enemies":"Book of Stabbing","floor":27.0,"turns":4.0},{"damage":39.0,"enemies":"Shelled Parasite and Fungi","floor":28.0,"turns":4.0},{"damage":16.0,"enemies":"Slavers","floor":29.0,"turns":5.0},{"damage":98,"enemies":"Champ","floor":33,"turns":15}],"seed_played":"-6893568457579535880","potions_obtained":[{"floor":1.0,"key":"Weak Potion"},{"floor":10.0,"key":"Strength Potion"},{"floor":14.0,"key":"EntropicBrew"},{"floor":18.0,"key":"SneckoOil"},{"floor":20.0,"key":"BloodPotion"}],"is_trial":false,"path_per_floor":["M","M","?","$","?","R","E","R","T","E","M","M","M","M","R","B",null,"M","?","M","$","?","E","?","R","T","E","M","E","$","?","R","B"],"character_chosen":"IRONCLAD","items_purchased":["Flash of Steel","Shrug It Off","PowerPotion","Orrery","Madness+1","Armaments+1"],"campfire_rested":2,"item_purchase_floors":[4,4,4,21,30,30],"current_hp_per_floor":[57,59,24,24,24,44,24,44,44,28,33,36,43,49,49,45,62,58,58,48,48,47,32,32,32,42,44,48,57,57,57,57,0,0],"gold":22,"neow_bonus":"HUNDRED_GOLD","is_daily":false,"chose_seed":false,"campfire_upgraded":3,"win_rate":0.0,"timestamp":1612719693,"path_taken":["M","M","?","$","?","R","E","R","T","E","?","M","M","M","R","BOSS","M","?","M","$","?","E","?","R","T","E","M","E","$","?","R","BOSS"],"items_purchased_type":["Card","Card","Potion","Relic","Card","Card"],"build_version":"2020-12-22","purchased_purges":1,"victory":false,"max_hp_per_floor":[75,75,75,75,68,68,68,68,68,68,68,68,68,68,68,68,68,68,68,68,68,47,47,47,47,57,57,57,57,57,57,57,57,57],"relic_stats":{"Nunchaku":[15],"counters":[16,82],"Shuriken":[29],"Bloody Idol":0,"Bronze Scales":[150],"Letter Opener":[0],"obtain_stats":[{"Pear":26,"Golden Idol":5,"Letter Opener":29,"Ancient Tea Set":27,"Burning Blood":0,"Nunchaku":9,"Bottled Flame":10,"Shuriken":3,"Bronze Scales":7,"MutagenicStrength":19,"Bloody Idol":31,"Orrery":21,"Coffee Dripper":17,"Toxic Egg 2":23},{"Pear":12,"Golden Idol":2,"Letter Opener":15,"Ancient Tea Set":13,"Burning Blood":0,"Nunchaku":3,"Bottled Flame":4,"Shuriken":2,"Bronze Scales":3,"MutagenicStrength":10,"Bloody Idol":15,"Orrery":11,"Coffee Dripper":9,"Toxic Egg 2":12},{"Pear":54,"Golden Idol":11,"Letter Opener":67,"Ancient Tea Set":58,"Burning Blood":0,"Nunchaku":15,"Bottled Flame":22,"Shuriken":11,"Bronze Scales":15,"MutagenicStrength":47,"Bloody Idol":67,"Orrery":50,"Coffee Dripper":42,"Toxic Egg 2":54}],"Burning Blood":87},"card_choices":[{"not_picked":["Reckless Charge","Rupture"],"picked":"Clothesline","floor":1.0},{"not_picked":["Armaments","True Grit"],"picked":"Anger","floor":2.0},{"not_picked":["Combust","Clash"],"picked":"Reaper","floor":7.0},{"not_picked":["Perfected Strike","Shrug It Off"],"picked":"Twin Strike","floor":10.0},{"not_picked":["Twin Strike","Sentinel"],"picked":"Spot Weakness","floor":11.0},{"not_picked":["Spot Weakness","Havoc"],"picked":"Reckless Charge","floor":12.0},{"not_picked":["Warcry","Armaments"],"picked":"Reckless Charge","floor":13.0},{"not_picked":["Headbutt","Anger","Perfected Strike"],"picked":"SKIP","floor":14.0},{"not_picked":["Corruption","Offering"],"picked":"Immolate","floor":16.0},{"not_picked":["Twin Strike","Perfected Strike+1","Wild Strike"],"picked":"SKIP","floor":18.0},{"not_picked":["Dark Embrace","Cleave"],"picked":"Shrug It Off+1","floor":20.0},{"not_picked":["Pommel Strike","True Grit"],"picked":"Spot Weakness","floor":21.0},{"not_picked":["Reckless Charge","Rupture"],"picked":"Burning Pact","floor":21.0},{"not_picked":["Havoc","Feel No Pain"],"picked":"Reaper","floor":21.0},{"not_picked":["Shockwave","Heavy Blade"],"picked":"Rage","floor":21.0},{"not_picked":["Infernal Blade+1","Rupture"],"picked":"Havoc+1","floor":23.0},{"not_picked":["Iron Wave","Flex+1"],"picked":"Dual Wield+1","floor":27.0},{"not_picked":["Heavy Blade+1","Wild Strike","Iron Wave"],"picked":"SKIP","floor":28.0},{"not_picked":["Uppercut","Thunderclap","Immolate"],"picked":"SKIP","floor":29.0}],"player_experience":1777807,"relics_obtained":[{"floor":7.0,"key":"Bronze Scales"},{"floor":9.0,"key":"Nunchaku"},{"floor":10.0,"key":"Bottled Flame"},{"floor":23.0,"key":"Toxic Egg 2"},{"floor":26.0,"key":"Pear"},{"floor":27.0,"key":"Ancient Tea Set"},{"floor":29.0,"key":"Letter Opener"}],"event_choices":[{"damage_healed":0.0,"max_hp_gain":0.0,"max_hp_loss":0.0,"gold_gain":0.0,"event_name":"Scrap Ooze","player_choice":"Success","floor":3.0,"gold_loss":0.0,"damage_taken":35.0,"relics_obtained":["Shuriken"]},{"damage_healed":0.0,"max_hp_gain":0.0,"max_hp_loss":7.0,"gold_gain":0.0,"event_name":"Golden Idol","player_choice":"Lose Max HP","floor":5.0,"gold_loss":0.0,"damage_taken":0.0,"relics_obtained":["Golden Idol"]},{"damage_healed":0.0,"max_hp_gain":0.0,"max_hp_loss":0.0,"gold_gain":0.0,"event_name":"Drug Dealer","player_choice":"Inject Mutagens","floor":19.0,"gold_loss":0.0,"damage_taken":0.0,"relics_obtained":["MutagenicStrength"]},{"damage_healed":0.0,"max_hp_gain":0.0,"max_hp_loss":21.0,"gold_gain":0.0,"event_name":"Vampires","player_choice":"Became a vampire","floor":22.0,"gold_loss":0.0,"damage_taken":0.0,"cards_obtained":["Bite","Bite","Bite","Bite","Bite"]},{"damage_healed":0.0,"max_hp_gain":0.0,"max_hp_loss":0.0,"gold_gain":0.0,"event_name":"The Mausoleum","player_choice":"Ignored","floor":24.0,"gold_loss":0.0,"damage_taken":0.0},{"damage_healed":0.0,"max_hp_gain":0.0,"max_hp_loss":0.0,"gold_gain":0.0,"event_name":"Forgotten Altar","player_choice":"Gave Idol","floor":31.0,"relics_lost":["Golden Idol"],"gold_loss":0.0,"damage_taken":0.0,"relics_obtained":["Bloody Idol"]}],"is_beta":false,"boss_relics":[{"not_picked":["Tiny House","Busted Crown"],"picked":"Coffee Dripper"}],"items_purged_floors":[21],"is_endless":false,"potions_floor_spawned":[1,10,14,18,20],"killed_by":"Champ","ascension_level":20}}