{"host":"ao4lxi9bhtts409i","time":1612732264,"event":{"mods":["AchievementEnabler","BaseMod","Colored Map","Colored Powertips","Minty Spire (QoL Compilation)","SuperFastMode"],"gold_per_floor":[119,49,1,20,20,20,64,88,115,115,156,170,195,208,208,338,338,361,375,144,144,144,182,207,207,207,221,242,157,177,177,177,177,177],"floor_reached":33,"language":"ENG","playtime":1456,"items_purged":["Grand Finale"],"score":390,"play_id":"fc314e0d-4ba3-448a-9f4e-00064cd8a4c0","local_time":"20210207221104","is_ascension_mode":true,"campfire_choices":[{"data":"Neutralize","floor":6,"key":"SMITH"},{"floor":15,"key":"REST"},{"floor":25,"key":"REST"},{"floor":32,"key":"REST"}],"circlet_count":0,"master_deck":["Survivor","Neutralize+1","Finisher","Accuracy","Blade Dance","Backflip","Crippling Poison","PiercingWail","Noxious Fumes","Acrobatics","Accuracy","Finisher","A Thousand Cuts","Tactician","Wraith Form v2","Backstab","Burst","Infinite Blades","Concentrate","Sucker Punch","Blur","Poisoned Stab","Deflect","Blade Dance","Leg Sweep","PiercingWail","Dash","Dodge and Roll","Bite","Bite","Bite","Bite","Bite"],"relics":["Ring of the Snake","NeowsBlessing","Golden Idol","Oddly Smooth Stone","Orichalcum","War Paint","Paper Crane","Pandora\u0027s Box","Sling","Enchiridion","Bottled Tornado","Bag of Marbles","Art of War","Omamori"],"acts_visited":["Exordium","TheCity"],"potions_floor_usage":[16,16,16,28,30,33],"damage_taken":[{"damage":0,"enemies":"Cultist","floor":1,"turns":1},{"damage":0,"enemies":"Small Slimes","floor":4,"turns":1},{"damage":0,"enemies":"Gremlin Nob","floor":7,"turns":1},{"damage":0,"enemies":"Jaw Worm","floor":8,"turns":1},{"damage":11,"enemies":"3 Sentries","floor":11,"turns":8},{"damage":2,"enemies":"Red Slaver","floor":12,"turns":5},{"damage":34,"enemies":"Exordium Thugs","floor":13,"turns":6},{"damage":6,"enemies":"2 Fungi Beasts","floor":14,"turns":5},{"damage":11,"enemies":"The Guardian","floor":16,"turns":10},{"damage":0,"enemies":"3 Byrds","floor":18,"turns":4},{"damage":21,"enemies":"Spheric Guardian","floor":19,"turns":4},{"damage":19,"enemies":"Slavers","floor":23,"turns":5},{"damage":4,"enemies":"Shelled Parasite and Fungi","floor":24,"turns":7},{"damage":0,"enemies":"Snecko","floor":27,"turns":4},{"damage":15,"enemies":"Sentry and Sphere","floor":28,"turns":4},{"damage":4,"enemies":"Snake Plant","floor":30,"turns":6},{"damage":18,"enemies":"Automaton","floor":33,"turns":2}],"seed_played":"-3261977843689225627","potions_obtained":[{"floor":7,"key":"SneckoOil"},{"floor":8,"key":"Poison Potion"},{"floor":12,"key":"EssenceOfSteel"},{"floor":18,"key":"Weak Potion"},{"floor":23,"key":"Energy Potion"},{"floor":28,"key":"Ancient Potion"}],"is_trial":false,"path_per_floor":["M","$","$","M","?","R","E","M","T","?","E","M","M","M","R","B",null,"M","M","$","?","T","E","M","R","T","M","M","?","M","?","R","B"],"character_chosen":"THE_SILENT","items_purchased":["Accuracy","Blade Dance","Sling"],"campfire_rested":3,"item_purchase_floors":[2,3,20],"current_hp_per_floor":[70,70,70,70,65,65,65,65,65,65,54,52,18,12,31,20,65,65,44,44,28,28,9,5,24,24,24,9,9,5,5,18,0,0],"gold":177,"neow_bonus":"THREE_ENEMY_KILL","is_daily":false,"chose_seed":false,"campfire_upgraded":1,"win_rate":0.0,"timestamp":1612732264,"path_taken":["M","?","$","M","?","R","E","M","T","?","E","M","M","?","R","BOSS","M","M","$","?","?","E","M","R","T","M","M","?","M","?","R","BOSS"],"items_purchased_type":["Card","Card","Relic"],"build_version":"2020-12-22","purchased_purges":1,"victory":false,"max_hp_per_floor":[70,70,70,70,65,65,65,65,65,65,65,65,65,65,65,65,65,65,65,65,65,65,65,65,65,65,65,65,65,65,45,45,45,45],"card_choices":[{"not_picked":["Sucker Punch","Endless Agony"],"picked":"Finisher","floor":1},{"not_picked":["Bane","Dagger Throw"],"picked":"Backflip","floor":4},{"not_picked":["Underhanded Strike","Deadly Poison"],"picked":"Crippling Poison","floor":7},{"not_picked":["Expertise","Calculated Gamble"],"picked":"PiercingWail","floor":8},{"not_picked":["Dash","Flying Knee"],"picked":"Noxious Fumes","floor":11},{"not_picked":["Grand Finale","Slice"],"picked":"Acrobatics","floor":12},{"not_picked":["Dagger Spray","Calculated Gamble"],"picked":"Accuracy","floor":13},{"not_picked":["Expertise","Masterful Stab"],"picked":"Finisher","floor":14},{"not_picked":["Bullet Time","Grand Finale"],"picked":"A Thousand Cuts","floor":16},{"not_picked":["Acrobatics+1","Quick Slash"],"picked":"Deflect","floor":18},{"not_picked":["Slice+1","Prepared"],"picked":"Blade Dance","floor":19},{"not_picked":["Eviscerate+1","Noxious Fumes"],"picked":"Leg Sweep","floor":23},{"not_picked":["Sucker Punch","Prepared+1"],"picked":"PiercingWail","floor":24},{"not_picked":["Expertise+1","Slice"],"picked":"Dash","floor":27},{"not_picked":["Dagger Spray+1","Concentrate"],"picked":"Dodge and Roll","floor":28},{"not_picked":["Predator","Flechettes+1","Crippling Poison"],"picked":"SKIP","floor":30}],"player_experience":282991,"relics_obtained":[{"floor":7,"key":"Oddly Smooth Stone"},{"floor":9,"key":"Orichalcum"},{"floor":11,"key":"Paper Crane"},{"floor":21,"key":"Enchiridion"},{"floor":22,"key":"Bottled Tornado"},{"floor":23,"key":"Bag of Marbles"},{"floor":26,"key":"Art of War"}],"event_choices":[{"damage_healed":0,"gold_gain":0,"player_choice":"Lose Max HP","damage_taken":0,"relics_obtained":["Golden Idol"],"max_hp_gain":0,"max_hp_loss":5,"event_name":"Golden Idol","floor":5,"gold_loss":0},{"damage_healed":0,"gold_gain":0,"player_choice":"Searched \u00271\u0027 times","damage_taken":0,"relics_obtained":["War Paint"],"max_hp_gain":0,"max_hp_loss":0,"event_name":"Dead Adventurer","floor":10,"gold_loss":0},{"damage_healed":0,"gold_gain":0,"player_choice":"Obtained Book","damage_taken":16,"max_hp_gain":0,"max_hp_loss":0,"event_name":"Cursed Tome","floor":21,"gold_loss":0},{"damage_healed":0,"gold_gain":0,"player_choice":"Obtained Relic","damage_taken":0,"relics_obtained":["Omamori"],"max_hp_gain":0,"max_hp_loss":0,"event_name":"Addict","floor":29,"gold_loss":85},{"damage_healed":0,"gold_gain":0,"player_choice":"Became a vampire","damage_taken":0,"max_hp_gain":0,"max_hp_loss":20,"event_name":"Vampires","floor":31,"gold_loss":0,"cards_obtained":["Bite","Bite","Bite","Bite","Bite"]}],"is_beta":false,"boss_relics":[{"not_picked":["Ring of the Serpent","Runic Dome"],"picked":"Pandora\u0027s Box"}],"items_purged_floors":[20],"is_endless":false,"potions_floor_spawned":[7,8,12,13,18,23,28],"killed_by":"Automaton","ascension_level":4}}