{"host":"7wi4qgm5yw4j7oz0","time":1612702666,"event":{"mods":["AchievementEnabler","BaseMod","Block Reminder","Colored Map","Colored Powertips","Highlight Path","Minty Spire (QoL Compilation)","Permanent Neow","Quick Restart","Random Character Button","Rare Cards Sparkle","StSLib","everything is the same but u backflip on backflip"],"gold_per_floor":[117,136,136,150,54,54,54,89,89,107,124,134,134,169,169,169,169],"floor_reached":16,"language":"KOR","playtime":1132,"items_purged":[],"score":146,"play_id":"137b0cfd-fdfe-4fe9-a65d-51ad2607d4d8","local_time":"20210207215746","is_ascension_mode":true,"campfire_choices":[{"data":"Armaments","floor":6,"key":"SMITH"},{"data":"Armaments","floor":13,"key":"SMITH"},{"floor":15,"key":"REST"}],"circlet_count":0,"master_deck":["Strike_R","Strike_R","Strike_R","Defend_R","Defend_R","Defend_R","Defend_R","Bash","Impervious","Sword Boomerang","Dropkick","Rage","Cleave","Armaments+1","Power Through","Body Slam","Armaments+1","Dark Embrace","Burning Pact"],"relics":["Burning Blood","Bottled Flame","Peace Pipe","MealTicket"],"acts_visited":["Exordium"],"potions_floor_usage":[14],"damage_taken":[{"damage":4,"enemies":"2 Louse","floor":1,"turns":3},{"damage":6,"enemies":"Cultist","floor":2,"turns":3},{"damage":14,"enemies":"Small Slimes","floor":4,"turns":3},{"damage":29,"enemies":"Lagavulin","floor":8,"turns":10},{"damage":9,"enemies":"Red Slaver","floor":10,"turns":3},{"damage":1,"enemies":"3 Louse","floor":11,"turns":3},{"damage":0,"enemies":"Large Slime","floor":12,"turns":6},{"damage":27,"enemies":"3 Sentries","floor":14,"turns":9},{"damage":67,"enemies":"Slime Boss","floor":16,"turns":11}],"seed_played":"8157482895591168420","potions_obtained":[{"floor":8,"key":"PowerPotion"},{"floor":11,"key":"GamblersBrew"},{"floor":14,"key":"Weak Potion"}],"is_trial":false,"path_per_floor":["M","M","?","M","$","R","?","E","T","M","M","M","R","E","R","B"],"character_chosen":"IRONCLAD","items_purchased":["Cleave","Armaments"],"campfire_rested":1,"item_purchase_floors":[5,5],"current_hp_per_floor":[74,74,74,66,66,66,66,43,43,40,45,51,51,30,54,0,0],"gold":169,"neow_bonus":"ONE_RANDOM_RARE_CARD","is_daily":false,"chose_seed":false,"campfire_upgraded":2,"win_rate":0.0,"timestamp":1612702666,"path_taken":["M","M","?","?","?","R","?","E","T","M","M","M","R","E","R","BOSS"],"items_purchased_type":["Card","Card"],"build_version":"2020-12-22","purchased_purges":0,"victory":false,"max_hp_per_floor":[80,80,80,80,80,80,80,80,80,80,80,80,80,80,80,80,80],"card_choices":[{"not_picked":["Havoc","Perfected Strike"],"picked":"Sword Boomerang","floor":1},{"not_picked":["Heavy Blade","Dark Embrace"],"picked":"Dropkick","floor":2},{"not_picked":["Perfected Strike","Warcry"],"picked":"Rage","floor":4},{"not_picked":["Battle Trance","Headbutt"],"picked":"Body Slam","floor":8},{"not_picked":["Ghostly Armor","Sword Boomerang"],"picked":"Armaments","floor":10},{"not_picked":["Cleave","Berserk","Body Slam"],"picked":"SKIP","floor":11},{"not_picked":["Anger","Body Slam"],"picked":"Dark Embrace","floor":12},{"not_picked":["Sentinel","Thunderclap"],"picked":"Burning Pact","floor":14}],"player_experience":251065,"relics_obtained":[{"floor":8,"key":"Bottled Flame"},{"floor":9,"key":"Peace Pipe"},{"floor":14,"key":"MealTicket"}],"event_choices":[{"cards_removed":["Strike_R"],"damage_healed":0,"gold_gain":0,"player_choice":"Offered Basic","damage_taken":0,"max_hp_gain":0,"max_hp_loss":0,"event_name":"Bonfire Elementals","floor":3,"gold_loss":0},{"damage_healed":0,"gold_gain":0,"cards_transformed":["Strike_R"],"player_choice":"Change","damage_taken":0,"max_hp_gain":0,"max_hp_loss":0,"event_name":"Living Wall","floor":7,"gold_loss":0,"cards_obtained":["Power Through"]}],"is_beta":false,"boss_relics":[],"items_purged_floors":[],"is_endless":false,"potions_floor_spawned":[8,11,14],"killed_by":"Slime Boss","ascension_level":6}}