{"host":"bzdetxjlj4j9z4ce","time":1612712832,"event":{"mods":["BaseMod","Bestiary","Colored Map","Colored Powertips","DeckTracker","Minty Spire (QoL Compilation)"],"gold_per_floor":[114,114,130,100,115,40,58,158,158,174,174,213,238,253,253,383,446,465,465,94,94,108,108,121,121,121,121,46,46,60,60,60,186,186,200,200,200],"floor_reached":36,"language":"ENG","playtime":2262,"items_purged":["Defend_G","Writhe"],"score":364,"play_id":"f959a400-7a42-4d20-ab39-a6defd932ec7","local_time":"20210207174712","is_ascension_mode":false,"campfire_choices":[{"floor":11,"key":"REST"},{"data":"Noxious Fumes","floor":15,"key":"SMITH"},{"data":"Apotheosis","floor":23,"key":"SMITH"},{"data":"Strike_G","floor":25,"key":"PURGE"},{"floor":32,"key":"REST"}],"circlet_count":0,"master_deck":["Strike_G","Strike_G+1","Strike_G","Defend_G","Defend_G","Defend_G","Defend_G","Survivor","Neutralize","Phantasmal Killer","Deadly Poison","Backflip","Noxious Fumes+1","Calculated Gamble","Escape Plan","Envenom","Flying Knee","Bane+1","Bouncing Flask","Apotheosis+1","Dagger Spray","Corpse Explosion","CurseOfTheBell"],"relics":["Ring of the Snake","Golden Idol","Kunai","Meat on the Bone","Tiny House","Peace Pipe","Torii","Calling Bell","Bag of Marbles","Eternal Feather","Bird Faced Urn"],"acts_visited":["Exordium","TheCity","TheBeyond"],"potions_floor_usage":[16,22,30],"damage_taken":[{"damage":9,"enemies":"Jaw Worm","floor":1,"turns":6},{"damage":2,"enemies":"2 Louse","floor":3,"turns":3},{"damage":0,"enemies":"Cultist","floor":5,"turns":3},{"damage":10,"enemies":"Large Slime","floor":7,"turns":6},{"damage":8,"enemies":"Lots of Slimes","floor":10,"turns":6},{"damage":8,"enemies":"Lagavulin","floor":12,"turns":6},{"damage":1,"enemies":"Red Slaver","floor":13,"turns":4},{"damage":4,"enemies":"Exordium Wildlife","floor":14,"turns":3},{"damage":28,"enemies":"Hexaghost","floor":16,"turns":10},{"damage":19,"enemies":"3 Byrds","floor":18,"turns":5},{"damage":16,"enemies":"Chosen","floor":22,"turns":5},{"damage":36,"enemies":"Shelled Parasite and Fungi","floor":24,"turns":6},{"damage":19,"enemies":"Centurion and Healer","floor":30,"turns":5},{"damage":78,"enemies":"Champ","floor":33,"turns":13},{"damage":26,"enemies":"3 Shapes","floor":35,"turns":5},{"damage":82,"enemies":"2 Orb Walkers","floor":36,"turns":4}],"seed_played":"3841867614861004063","potions_obtained":[{"floor":3,"key":"Dexterity Potion"},{"floor":4,"key":"FairyPotion"},{"floor":4,"key":"GamblersBrew"},{"floor":17,"key":"Regen Potion"},{"floor":21,"key":"FairyPotion"},{"floor":24,"key":"DistilledChaos"},{"floor":33,"key":"Poison Potion"}],"is_trial":false,"path_per_floor":["M","?","M","?","M","$","M","?","T","M","R","E","M","M","R","B",null,"M","?","$","?","M","R","M","R","T","$","?","$","M","$","R","B",null,"M","?"],"character_chosen":"THE_SILENT","items_purchased":["Bouncing Flask","Apotheosis"],"campfire_rested":2,"item_purchase_floors":[20,20],"current_hp_per_floor":[61,44,42,42,42,42,32,32,32,24,45,37,36,44,44,28,75,56,56,56,56,55,55,31,31,31,31,31,31,24,24,46,16,75,49,0,0],"gold":200,"neow_bonus":"ONE_RANDOM_RARE_CARD","is_daily":false,"chose_seed":false,"campfire_upgraded":2,"win_rate":0.0,"timestamp":1612712832,"path_taken":["M","?","M","?","?","$","M","?","T","M","R","E","M","?","R","BOSS","M","?","$","?","?","R","M","R","T","?","?","$","M","$","R","BOSS","M","?"],"items_purchased_type":["Card","Card"],"build_version":"2020-12-22","purchased_purges":2,"victory":false,"max_hp_per_floor":[70,70,70,70,70,70,70,70,70,70,70,70,70,70,70,70,75,75,75,75,75,75,75,75,75,75,75,75,75,75,75,75,75,75,75,75,75],"card_choices":[{"not_picked":["Flying Knee","Sucker Punch"],"picked":"Deadly Poison","floor":1},{"not_picked":["Eviscerate","Dash"],"picked":"Backflip","floor":3},{"not_picked":["Sucker Punch","PiercingWail"],"picked":"Noxious Fumes","floor":5},{"not_picked":["Underhanded Strike","Slice","Heel Hook"],"picked":"SKIP","floor":7},{"not_picked":["Quick Slash","Endless Agony","Backflip"],"picked":"SKIP","floor":10},{"not_picked":["Riddle With Holes","Blade Dance"],"picked":"Calculated Gamble","floor":12},{"not_picked":["Dagger Throw","Quick Slash","Dagger Spray"],"picked":"SKIP","floor":13},{"not_picked":["Sucker Punch","Acrobatics"],"picked":"Escape Plan","floor":14},{"not_picked":["After Image","Burst"],"picked":"Envenom","floor":16},{"not_picked":["Escape Plan","Riddle With Holes"],"picked":"Flying Knee","floor":17},{"not_picked":["Escape Plan+1","Endless Agony"],"picked":"Bane+1","floor":18},{"not_picked":["PiercingWail","Flying Knee"],"picked":"Dagger Spray","floor":22},{"not_picked":["Backstab","Poisoned Stab+1","Outmaneuver"],"picked":"SKIP","floor":24},{"not_picked":["Prepared","Eviscerate","All Out Attack"],"picked":"SKIP","floor":30},{"not_picked":["Phantasmal Killer","Envenom"],"picked":"Corpse Explosion","floor":33},{"not_picked":["Underhanded Strike","Acrobatics","Flechettes"],"picked":"SKIP","floor":35}],"player_experience":3769,"relics_obtained":[{"floor":9,"key":"Kunai"},{"floor":12,"key":"Meat on the Bone"},{"floor":26,"key":"Torii"},{"floor":34,"key":"Bag of Marbles"},{"floor":34,"key":"Eternal Feather"},{"floor":34,"key":"Bird Faced Urn"}],"event_choices":[{"damage_healed":0,"gold_gain":0,"player_choice":"Take Damage","damage_taken":17,"relics_obtained":["Golden Idol"],"max_hp_gain":0,"max_hp_loss":0,"event_name":"Golden Idol","floor":2,"gold_loss":0},{"damage_healed":0,"gold_gain":0,"player_choice":"Bought 2 Potions","damage_taken":0,"max_hp_gain":0,"max_hp_loss":0,"event_name":"The Woman in Blue","floor":4,"gold_loss":0},{"damage_healed":0,"gold_gain":100,"player_choice":"Pray","damage_taken":0,"max_hp_gain":0,"max_hp_loss":0,"event_name":"Golden Shrine","floor":8,"gold_loss":0},{"damage_healed":0,"gold_gain":0,"player_choice":"Opened","damage_taken":0,"relics_obtained":["Peace Pipe"],"max_hp_gain":0,"max_hp_loss":0,"event_name":"The Mausoleum","floor":19,"gold_loss":0,"cards_obtained":["Writhe"]},{"damage_healed":0,"gold_gain":0,"player_choice":"Got Potions","damage_taken":0,"max_hp_gain":0,"max_hp_loss":0,"event_name":"Lab","floor":21,"gold_loss":0},{"cards_removed":["Strike_G"],"damage_healed":0,"gold_gain":0,"player_choice":"Gave Gold","damage_taken":0,"max_hp_gain":0,"max_hp_loss":0,"event_name":"Beggar","floor":28,"gold_loss":75},{"damage_healed":0,"gold_gain":0,"player_choice":"Fight","damage_taken":0,"max_hp_gain":0,"max_hp_loss":0,"event_name":"Mysterious Sphere","floor":36,"gold_loss":0}],"is_beta":false,"boss_relics":[{"not_picked":["Runic Pyramid","Velvet Choker"],"picked":"Tiny House"},{"not_picked":["WristBlade","Runic Dome"],"picked":"Calling Bell"}],"items_purged_floors":[6,20],"is_endless":false,"potions_floor_spawned":[3,10,13,24,33],"killed_by":"2 Orb Walkers","ascension_level":0}}