{"host":"neeznpvpgo0qgfkd","time":1612656658,"event":{"mods":["AchievementEnabler","BaseMod","BetterRewards","Colored Map","Colored Powertips","Exacting","Minty Spire (QoL Compilation)","Permanent Neow","Quick Restart","Shop Mod"],"gold_per_floor":[115,115,115,128,142,218,218,237,237,237,276,276,332,362,362,490,490,514,439,439,459,459,459,497,497,497,538,219,259,287,287,287,417,417,436,436,436,436,436,471,471,534,534,534,578,608,677,716,716,716,716],"floor_reached":50,"language":"ENG","playtime":2767,"items_purged":[],"score":1055,"play_id":"2d01a645-b113-4878-aacc-730d5452bad0","local_time":"20210206191058","is_ascension_mode":true,"campfire_choices":[{"floor":7,"key":"REST"},{"floor":12,"key":"REST"},{"floor":15,"key":"REST"},{"floor":23,"key":"REST"},{"floor":25,"key":"REST"},{"data":"Static Discharge","floor":32,"key":"SMITH"},{"floor":41,"key":"RECALL"},{"data":"Biased Cognition","floor":44,"key":"SMITH"},{"data":"Static Discharge","floor":49,"key":"SMITH"}],"circlet_count":0,"master_deck":["Strike_B","Strike_B","Defend_B","Defend_B","Defend_B","Zap","Dualcast","Static Discharge+1","Sweeping Beam","Rebound","Streamline","Sunder","Leap","Force Field","Conserve Battery","Ball Lightning","Core Surge","Thunder Strike","Rebound+1","Genetic Algorithm+1","FTL+1","Ball Lightning+1","Streamline+1","BootSequence+1","Self Repair","Sweeping Beam","Writhe","Biased Cognition+1","Rebound","Tempest","Dramatic Entrance","Static Discharge+1","Lockon+1","Auto Shields+1","Static Discharge"],"relics":["Cracked Core","DataDisk","Meat on the Bone","Torii","OrangePellets","Golden Idol","Darkstone Periapt","Mummified Hand","Akabeko","Astrolabe","Happy Flower","PreservedInsect","Anchor","Dead Branch","Eternal Feather","Letter Opener","Dream Catcher","Snecko Eye","Juzu Bracelet","Bottled Flame","Gambling Chip","HornCleat","Vajra","Thread and Needle","Regal Pillow"],"acts_visited":["Exordium","TheCity","TheBeyond"],"potions_floor_usage":[6,11,27,33,33,50,50],"damage_taken":[{"damage":2,"enemies":"Jaw Worm","floor":1,"turns":3},{"damage":1,"enemies":"Small Slimes","floor":4,"turns":3},{"damage":1,"enemies":"Cultist","floor":5,"turns":3},{"damage":21,"enemies":"3 Sentries","floor":6,"turns":4},{"damage":7,"enemies":"2 Fungi Beasts","floor":8,"turns":3},{"damage":36,"enemies":"Lagavulin","floor":11,"turns":6},{"damage":11,"enemies":"3 Sentries","floor":13,"turns":5},{"damage":12,"enemies":"Gremlin Gang","floor":14,"turns":2},{"damage":59,"enemies":"Hexaghost","floor":16,"turns":8},{"damage":33,"enemies":"Shell Parasite","floor":18,"turns":5},{"damage":1,"enemies":"Spheric Guardian","floor":21,"turns":3},{"damage":59,"enemies":"Book of Stabbing","floor":24,"turns":5},{"damage":1,"enemies":"Slavers","floor":27,"turns":4},{"damage":32,"enemies":"Book of Stabbing","floor":29,"turns":4},{"damage":17,"enemies":"Centurion and Healer","floor":30,"turns":3},{"damage":51,"enemies":"Champ","floor":33,"turns":8},{"damage":0,"enemies":"3 Shapes","floor":35,"turns":3},{"damage":0,"enemies":"Nemesis","floor":40,"turns":3},{"damage":37,"enemies":"Mind Bloom Boss Battle","floor":42,"turns":6},{"damage":31,"enemies":"Giant Head","floor":45,"turns":6},{"damage":0,"enemies":"Orb Walker","floor":46,"turns":2},{"damage":22,"enemies":"2 Orb Walkers","floor":47,"turns":4},{"damage":28,"enemies":"Nemesis","floor":48,"turns":6},{"damage":75,"enemies":"Awakened One","floor":50,"turns":8}],"seed_played":"7055651521315482639","potions_obtained":[{"floor":5,"key":"Energy Potion"},{"floor":6,"key":"Weak Potion"},{"floor":14,"key":"FearPotion"},{"floor":16,"key":"LiquidBronze"},{"floor":18,"key":"SteroidPotion"},{"floor":29,"key":"Swift Potion"},{"floor":35,"key":"EssenceOfDarkness"},{"floor":40,"key":"SpeedPotion"},{"floor":48,"key":"Weak Potion"}],"is_trial":false,"path_per_floor":["M","?","?","M","M","E","R","M","T","?","E","R","E","M","R","B",null,"M","?","?","M","T","R","E","R","T","E","$","E","M","?","R","B",null,"M","?","?","?","?","E","R","?","T","R","E","M","?","E","R","B"],"character_chosen":"DEFECT","items_purchased":["DataDisk","Meat on the Bone","OrangePellets","Static Discharge","Eternal Feather","Self Repair"],"campfire_rested":5,"item_purchase_floors":[0,0,0,0,28,28],"current_hp_per_floor":[73,73,73,72,71,50,72,65,65,65,41,63,52,40,62,15,75,42,42,36,47,47,69,22,44,44,43,43,30,32,38,53,21,81,81,81,81,81,81,81,81,58,58,76,52,52,49,52,73,0,0],"gold":716,"neow_bonus":"","is_daily":false,"chose_seed":false,"campfire_upgraded":3,"win_rate":0.0,"timestamp":1612656658,"path_taken":["M","?","?","M","M","E","R","M","T","?","E","R","E","M","R","BOSS","M","?","?","?","?","R","E","R","T","E","$","E","?","?","R","BOSS","M","?","?","?","?","E","R","?","T","R","E","M","?","E","R","BOSS"],"items_purchased_type":["Relic","Relic","Relic","Card","Relic","Card"],"build_version":"2020-12-22","purchased_purges":0,"victory":false,"max_hp_per_floor":[75,75,75,75,75,75,75,75,75,75,75,75,75,75,75,75,75,75,75,75,75,75,75,75,75,75,75,75,75,75,81,81,81,81,81,81,81,81,81,81,81,81,81,81,81,81,81,81,81,81,81],"card_choices":[{"not_picked":["Beam Cell","Compile Driver"],"picked":"Sweeping Beam","floor":1},{"not_picked":["Chaos","Stack"],"picked":"Rebound","floor":4},{"not_picked":["Turbo","Compile Driver"],"picked":"Streamline","floor":5},{"not_picked":["Static Discharge","Hologram"],"picked":"Sunder","floor":6},{"not_picked":["Darkness","Gash"],"picked":"Leap","floor":8},{"not_picked":["Hello World","Chill"],"picked":"Conserve Battery","floor":11},{"not_picked":["Scrape","BootSequence"],"picked":"Ball Lightning","floor":13},{"not_picked":["Compile Driver","Redo"],"picked":"Core Surge","floor":14},{"not_picked":["Buffer","Core Surge"],"picked":"Thunder Strike","floor":16},{"not_picked":["Beam Cell+1","Streamline"],"picked":"Ball Lightning+1","floor":18},{"not_picked":["Cold Snap+1","Chaos+1"],"picked":"Streamline+1","floor":21},{"not_picked":["Go for the Eyes","Skim","Aggregate+1"],"picked":"SKIP","floor":24},{"not_picked":["Blizzard","Beam Cell"],"picked":"BootSequence+1","floor":27},{"not_picked":["Reboot","Seek"],"picked":"Sweeping Beam","floor":29},{"not_picked":["Chaos","Redo"],"picked":"Leap","floor":30},{"not_picked":["Rainbow","Meteor Strike"],"picked":"Biased Cognition","floor":33},{"not_picked":["Cold Snap+1","Double Energy+1"],"picked":"Rebound","floor":35},{"not_picked":["Leap","Darkness+1"],"picked":"Tempest","floor":35},{"not_picked":["Bandage Up","Trip"],"picked":"Dramatic Entrance","floor":38},{"not_picked":["Cold Snap","Hologram+1","Turbo"],"picked":"SKIP","floor":40},{"not_picked":["Undo+1","Beam Cell"],"picked":"Static Discharge","floor":45},{"not_picked":["Beam Cell+1","Seek"],"picked":"Lockon+1","floor":46},{"not_picked":["Force Field+1","Streamline+1"],"picked":"Auto Shields+1","floor":47},{"not_picked":["Darkness+1","Stack+1"],"picked":"Static Discharge","floor":48}],"player_experience":1323879,"relics_obtained":[{"floor":6,"key":"Darkstone Periapt"},{"floor":11,"key":"Mummified Hand"},{"floor":13,"key":"Akabeko"},{"floor":22,"key":"Happy Flower"},{"floor":24,"key":"PreservedInsect"},{"floor":26,"key":"Anchor"},{"floor":27,"key":"Dead Branch"},{"floor":29,"key":"Letter Opener"},{"floor":40,"key":"Bottled Flame"},{"floor":42,"key":"Gambling Chip"},{"floor":43,"key":"HornCleat"},{"floor":45,"key":"Vajra"},{"floor":47,"key":"Thread and Needle"},{"floor":48,"key":"Regal Pillow"}],"event_choices":[{"damage_healed":0,"gold_gain":0,"player_choice":"Take Wound","damage_taken":0,"relics_obtained":["Golden Idol"],"max_hp_gain":0,"max_hp_loss":0,"event_name":"Golden Idol","floor":2,"gold_loss":0,"cards_obtained":["Injury"]},{"damage_healed":0,"gold_gain":0,"player_choice":"Ignored","damage_taken":0,"max_hp_gain":0,"max_hp_loss":0,"event_name":"Golden Wing","floor":3,"gold_loss":0},{"damage_healed":0,"gold_gain":0,"player_choice":"1 cards matched","damage_taken":0,"max_hp_gain":0,"max_hp_loss":0,"event_name":"Match and Keep!","floor":10,"gold_loss":0,"cards_obtained":["Force Field"]},{"cards_removed":["Injury"],"damage_healed":0,"gold_gain":0,"player_choice":"Gave Gold","damage_taken":0,"max_hp_gain":0,"max_hp_loss":0,"event_name":"Beggar","floor":19,"gold_loss":75},{"damage_healed":0,"gold_gain":0,"player_choice":"","damage_taken":6,"max_hp_gain":0,"max_hp_loss":0,"event_name":"Knowing Skull","floor":20,"potions_obtained":[],"gold_loss":0,"cards_obtained":[]},{"damage_healed":0,"gold_gain":0,"player_choice":"Opened","damage_taken":0,"relics_obtained":["Dream Catcher"],"max_hp_gain":0,"max_hp_loss":0,"event_name":"The Mausoleum","floor":31,"gold_loss":0,"cards_obtained":["Writhe"]},{"damage_healed":0,"gold_gain":0,"player_choice":"Ignored","damage_taken":0,"max_hp_gain":0,"max_hp_loss":0,"event_name":"Tomb of Lord Red Mask","floor":36,"gold_loss":0},{"damage_healed":0,"gold_gain":0,"player_choice":"Gave Potion","damage_taken":0,"relics_obtained":["Juzu Bracelet"],"max_hp_gain":0,"max_hp_loss":0,"event_name":"WeMeetAgain","floor":37,"gold_loss":0},{"damage_healed":0,"gold_gain":0,"player_choice":"Memory 1","damage_taken":0,"max_hp_gain":0,"max_hp_loss":0,"event_name":"SensoryStone","floor":38,"gold_loss":0},{"cards_removed":["Leap"],"damage_healed":0,"gold_gain":0,"player_choice":"Removed Skill","damage_taken":0,"max_hp_gain":0,"max_hp_loss":0,"event_name":"Falling","floor":39,"gold_loss":0},{"damage_healed":0,"gold_gain":0,"player_choice":"Fight","damage_taken":0,"max_hp_gain":0,"max_hp_loss":0,"event_name":"MindBloom","floor":42,"gold_loss":0},{"damage_healed":0,"gold_gain":0,"player_choice":"Fight","damage_taken":0,"max_hp_gain":0,"max_hp_loss":0,"event_name":"Mysterious Sphere","floor":47,"gold_loss":0}],"is_beta":false,"boss_relics":[{"not_picked":["Coffee Dripper","FrozenCore"],"picked":"Astrolabe"},{"not_picked":["Empty Cage","Runic Dome"],"picked":"Snecko Eye"}],"items_purged_floors":[],"is_endless":false,"potions_floor_spawned":[5,6,14,16,18,29,35,40,48],"killed_by":"Awakened One","ascension_level":4}}