{"host":"9n6i2vl93jt4o42q","time":1612739055,"event":{"mods":["BaseMod","Minty Spire (QoL Compilation)","Relic Stats"],"gold_per_floor":[119,135,135,150,170,202,202,235,247,279,10,10,44,57,57,131,131,147,197,211,48,68,97,97,97,143,143,143,143,156,187,187,262,262,281,281,281,296,296,296,321,339,339,356,19,19,19,30,30,30,30,30,30,30,58,58],"floor_reached":57,"language":"ENG","playtime":7445,"items_purged":["Strike_R"],"score":2680,"play_id":"65560539-8e6e-429a-9b7c-2684c928edd2","local_time":"20210208000415","is_ascension_mode":true,"campfire_choices":[{"data":"Fire Breathing","floor":7.0,"key":"SMITH"},{"data":"True Grit","floor":12,"key":"SMITH"},{"data":"Evolve","floor":15,"key":"SMITH"},{"floor":24,"key":"REST"},{"data":"Armaments","floor":27,"key":"SMITH"},{"floor":29,"key":"REST"},{"data":"Dual Wield","floor":32,"key":"SMITH"},{"data":"Second Wind","floor":40,"key":"SMITH"},{"floor":47,"key":"RECALL"},{"data":"Feel No Pain","floor":49,"key":"SMITH"},{"data":"Second Wind","floor":53,"key":"SMITH"}],"circlet_count":0,"master_deck":["AscendersBane","Strike_R","Strike_R","Strike_R","Strike_R","Defend_R","Defend_R","Defend_R","Defend_R","Bash","True Grit+1","Carnage","Offering","Second Wind+1","Shockwave","Fire Breathing+1","Wild Strike","Ghostly Armor","Feel No Pain+1","Evolve+1","Reckless Charge","Burning Pact","Pommel Strike","Barricade","Feel No Pain","Dual Wield+1","Armaments+1","True Grit+1","Clothesline","Body Slam","Power Through","Shockwave","Second Wind+1","Second Wind+1","Second Wind+1","Armaments+1","Sentinel+1","Second Wind+1"],"relics":["Burning Blood","TungstenRod","Centennial Puzzle","MawBank","MealTicket","Oddly Smooth Stone","Pear","Snecko Eye","PreservedInsect","Happy Flower","Dead Branch","Coffee Dripper","Toxic Egg 2","Bag of Marbles","Mummified Hand","Boot"],"acts_visited":["Exordium","TheCity","TheBeyond","TheEnding"],"potions_floor_usage":[8,16,23,48,56],"damage_taken":[{"damage":3.0,"enemies":"2 Louse","floor":1.0,"turns":3.0},{"damage":0.0,"enemies":"Cultist","floor":2.0,"turns":4.0},{"damage":5.0,"enemies":"Small Slimes","floor":4.0,"turns":3.0},{"damage":5.0,"enemies":"Exordium Thugs","floor":5.0,"turns":4.0},{"damage":43.0,"enemies":"Lagavulin","floor":6.0,"turns":7.0},{"damage":12,"enemies":"Gremlin Nob","floor":8,"turns":3},{"damage":5,"enemies":"Looter","floor":10,"turns":2},{"damage":19,"enemies":"Lagavulin","floor":13,"turns":4},{"damage":5,"enemies":"Exordium Wildlife","floor":14,"turns":4},{"damage":26,"enemies":"Slime Boss","floor":16,"turns":6},{"damage":25,"enemies":"Shell Parasite","floor":18,"turns":7},{"damage":5,"enemies":"Chosen","floor":20,"turns":3},{"damage":8,"enemies":"Snake Plant","floor":22,"turns":6},{"damage":54,"enemies":"Gremlin Leader","floor":23,"turns":9},{"damage":0,"enemies":"Cultist and Chosen","floor":30,"turns":5},{"damage":24,"enemies":"Slavers","floor":31,"turns":5},{"damage":8,"enemies":"Automaton","floor":33,"turns":10},{"damage":5,"enemies":"Orb Walker","floor":35,"turns":4},{"damage":22,"enemies":"3 Darklings","floor":38,"turns":9},{"damage":51,"enemies":"Reptomancer","floor":41,"turns":7},{"damage":0,"enemies":"4 Shapes","floor":42,"turns":5},{"damage":0,"enemies":"Maw","floor":44,"turns":7},{"damage":22,"enemies":"3 Darklings","floor":48,"turns":4},{"damage":9,"enemies":"Donu and Deca","floor":50,"turns":8},{"damage":10,"enemies":"Awakened One","floor":51,"turns":10},{"damage":39,"enemies":"Shield and Spear","floor":55,"turns":5},{"damage":4,"enemies":"The Heart","floor":56,"turns":11}],"seed_played":"6117919696389844288","potions_obtained":[{"floor":1.0,"key":"CultistPotion"},{"floor":2.0,"key":"EntropicBrew"},{"floor":6.0,"key":"Weak Potion"},{"floor":16,"key":"Fire Potion"},{"floor":18,"key":"SteroidPotion"},{"floor":33,"key":"BloodPotion"},{"floor":55,"key":"LiquidMemories"}],"is_trial":false,"path_per_floor":["M","M","?","M","M","E","R","E","T","M","$","R","E","M","R","B",null,"M","?","M","$","M","E","R","?","T","R","?","R","M","E","R","B",null,"M","?","?","M","T","R","E","M","T","M","$","?","R","M","R","B","B",null,"R","$","E","B",null],"character_chosen":"IRONCLAD","items_purchased":["Evolve","Reckless Charge","Oddly Smooth Stone","Dual Wield","Mummified Hand","Armaments+1"],"campfire_rested":2,"item_purchase_floors":[11,11,11,21,45,45],"current_hp_per_floor":[68,68,68,68,68,31,31,25,25,26,41,41,38,39,39,19,63,44,44,45,60,58,10,33,33,33,33,33,56,62,44,44,42,69,70,70,70,54,54,54,9,15,15,21,36,36,36,34,34,31,27,62,62,74,41,43],"gold":58,"neow_bonus":"ONE_RARE_RELIC","is_daily":false,"chose_seed":false,"campfire_upgraded":8,"win_rate":0.0,"timestamp":1612739055,"path_taken":["M","M","?","M","M","E","R","E","T","M","?","R","E","M","R","BOSS","M","?","M","$","M","E","R","?","T","R","?","R","M","E","R","BOSS","M","?","?","?","?","R","E","M","T","M","$","?","R","M","R","BOSS","BOSS","R","$","E","BOSS"],"items_purchased_type":["Card","Card","Relic","Card","Relic","Card"],"build_version":"2020-12-22","purchased_purges":1,"victory":true,"max_hp_per_floor":[68,68,68,68,68,68,68,68,68,68,68,68,78,78,78,78,78,78,78,78,78,78,78,78,78,78,78,78,78,78,78,78,78,78,78,78,74,74,74,74,74,74,74,74,74,74,74,74,74,74,74,74,74,74,74,74],"relic_stats":{"Happy Flower":[30],"counters":[27,155],"Dead Branch":[225],"PreservedInsect":190,"MawBank":36,"Boot":[0],"Burning Blood":151,"Centennial Puzzle":[57],"Mummified Hand":[87],"Snecko Eye":[229,234,218,236],"MealTicket":57,"obtain_stats":[{"Pear":13,"Happy Flower":26,"Dead Branch":31,"Oddly Smooth Stone":11,"PreservedInsect":23,"MawBank":8,"Boot":55,"Burning Blood":0,"Centennial Puzzle":6,"Mummified Hand":45,"Snecko Eye":17,"MealTicket":9,"Coffee Dripper":34,"Bag of Marbles":41,"Toxic Egg 2":39,"TungstenRod":0},{"Pear":8,"Happy Flower":14,"Dead Branch":16,"Oddly Smooth Stone":7,"PreservedInsect":14,"MawBank":6,"Boot":26,"Burning Blood":0,"Centennial Puzzle":5,"Mummified Hand":22,"Snecko Eye":10,"MealTicket":6,"Coffee Dripper":17,"Bag of Marbles":20,"Toxic Egg 2":19,"TungstenRod":0},{"Pear":30,"Happy Flower":65,"Dead Branch":75,"Oddly Smooth Stone":26,"PreservedInsect":65,"MawBank":24,"Boot":144,"Burning Blood":0,"Centennial Puzzle":21,"Mummified Hand":117,"Snecko Eye":40,"MealTicket":24,"Coffee Dripper":85,"Bag of Marbles":105,"Toxic Egg 2":98,"TungstenRod":0}],"TungstenRod":69},"card_choices":[{"not_picked":["Rupture","Clash"],"picked":"True Grit","floor":1.0},{"not_picked":["Headbutt","Searing Blow"],"picked":"Carnage","floor":2.0},{"not_picked":["Twin Strike","Pommel Strike"],"picked":"Shockwave","floor":4.0},{"not_picked":["Uppercut","Juggernaut"],"picked":"Fire Breathing","floor":5.0},{"not_picked":["Shrug It Off","Exhume"],"picked":"Wild Strike","floor":6.0},{"not_picked":["Burning Pact","Sword Boomerang"],"picked":"Ghostly Armor","floor":8},{"not_picked":["Wild Strike","Searing Blow"],"picked":"Feel No Pain","floor":10},{"not_picked":["Clash","Sever Soul"],"picked":"Burning Pact","floor":13},{"not_picked":["Fire Breathing","Body Slam"],"picked":"Pommel Strike","floor":14},{"not_picked":["Fiend Fire","Berserk"],"picked":"Barricade","floor":16},{"not_picked":["Anger","Warcry","Rampage"],"picked":"SKIP","floor":18},{"not_picked":["True Grit","Perfected Strike"],"picked":"Feel No Pain","floor":20},{"not_picked":["Whirlwind","Perfected Strike"],"picked":"Armaments","floor":22},{"not_picked":["Iron Wave","Impervious"],"picked":"True Grit+1","floor":23},{"not_picked":["Sword Boomerang","Cleave+1"],"picked":"Body Slam","floor":30},{"not_picked":["Pummel","Searing Blow"],"picked":"Power Through","floor":31},{"not_picked":["Reaper","Offering"],"picked":"Bludgeon","floor":33},{"not_picked":["Twin Strike","Infernal Blade"],"picked":"Shockwave","floor":35},{"not_picked":["Dual Wield","Spot Weakness"],"picked":"Second Wind","floor":38},{"not_picked":["Twin Strike","Anger"],"picked":"Second Wind+1","floor":41},{"not_picked":["Warcry+1","Infernal Blade+1"],"picked":"Second Wind+1","floor":42},{"not_picked":["Combust+1","Uppercut","Warcry+1"],"picked":"SKIP","floor":44},{"not_picked":["Anger+1","Ghostly Armor+1"],"picked":"Sentinel+1","floor":48},{"not_picked":["Twin Strike+1","Brutality"],"picked":"Second Wind+1","floor":55}],"player_experience":2522898,"relics_obtained":[{"floor":6.0,"key":"Centennial Puzzle"},{"floor":8,"key":"MawBank"},{"floor":9,"key":"MealTicket"},{"floor":13,"key":"Pear"},{"floor":23,"key":"PreservedInsect"},{"floor":26,"key":"Happy Flower"},{"floor":31,"key":"Dead Branch"},{"floor":39,"key":"Toxic Egg 2"},{"floor":41,"key":"Bag of Marbles"},{"floor":55,"key":"Boot"}],"event_choices":[{"damage_healed":0.0,"max_hp_gain":0.0,"max_hp_loss":0.0,"gold_gain":0.0,"event_name":"Match and Keep!","player_choice":"2 cards matched","floor":3.0,"gold_loss":0.0,"damage_taken":0.0,"cards_obtained":["Offering","Second Wind"]},{"damage_healed":0,"gold_gain":50,"player_choice":"Stole From Cult","damage_taken":0,"max_hp_gain":0,"max_hp_loss":0,"event_name":"Nest","floor":19,"gold_loss":0},{"damage_healed":0,"gold_gain":0,"player_choice":"Read","damage_taken":0,"max_hp_gain":0,"max_hp_loss":0,"event_name":"The Library","floor":25,"gold_loss":0,"cards_obtained":["Clothesline"]},{"damage_healed":0,"gold_gain":0,"player_choice":"Ignored","damage_taken":0,"max_hp_gain":0,"max_hp_loss":0,"event_name":"The Mausoleum","floor":28,"gold_loss":0},{"damage_healed":0,"gold_gain":0,"player_choice":"Ignored","damage_taken":0,"max_hp_gain":0,"max_hp_loss":0,"event_name":"Tomb of Lord Red Mask","floor":36,"gold_loss":0},{"damage_healed":0,"gold_gain":0,"player_choice":"Max HP","damage_taken":0,"max_hp_gain":0,"max_hp_loss":4,"event_name":"Winding Halls","floor":37,"gold_loss":0},{"cards_removed":["Bludgeon"],"damage_healed":0,"gold_gain":0,"player_choice":"Removed Attack","damage_taken":0,"max_hp_gain":0,"max_hp_loss":0,"event_name":"Falling","floor":46,"gold_loss":0}],"is_beta":false,"boss_relics":[{"not_picked":["Fusion Hammer","Runic Pyramid"],"picked":"Snecko Eye"},{"not_picked":["Astrolabe","Calling Bell"],"picked":"Coffee Dripper"}],"items_purged_floors":[21],"is_endless":false,"potions_floor_spawned":[1,2,6,16,18,20,33,35,55],"ascension_level":20}}