{"host":"7fomwthvpaeu368e","time":1612712141,"event":{"mods":["ATMod(∞¢Ë™Mod)","AchievementEnabler","Act Like it!","Arknights","Aspiration","Astrologer","BaseMod","Downfall","Gensokyo","Highlight Path","KinomotoSakuraMod(ƒæ÷Æ±æ”£)","KomeijiMod","Marisa£®ÏF”Í°°ƒß¿Ì…≥£©","Marked Mod","Minty Spire (QoL Compilation)","Remilia£®¿Ÿ√◊¿Ú—«£©","Shop Mod","Spicy Shops","StSLib","The Administrix","The Alterego","The Bug Knight","The Cursed","The Gatherer","The Hierophant","The Mystic","The Runesmith","The Servant 0.9.4","WarShipGirlsR/’ΩΩ¢…Ÿ≈ÆR mod","Youmu£®ªÍ∆«—˝√Œ£©","Yuri Mod","[IsaacMod]“‘»ˆº‚À˛"],"gold_per_floor":[99,111,123,141,151,151,151,51,36,36,66,84,69,69,69,69],"floor_reached":14,"language":"ZHS","playtime":1113,"items_purged":[],"score":115,"play_id":"50fa8c26-e63b-4db7-8e0e-8baeca8e002d","local_time":"20210207233541","is_ascension_mode":false,"campfire_choices":[{"data":"champ:Taunt","floor":1,"key":"SMITH"},{"floor":8,"key":"RECALL"},{"data":"champ:EnragedBash","floor":10,"key":"SMITH"}],"circlet_count":0,"master_deck":["champ:Strike","champ:Strike","champ:Strike","champ:Strike","champ:Defend","champ:Defend","champ:Defend","champ:Defend","champ:Execute","champ:Taunt+1","EpicFetus","Bomb","champ:EnGarde","champ:EnragedBash+1","champ:DeathBlow","champ:Duel","champ:ShieldWall","champ:FanOfKnives","champ:TripleStrike"],"relics":["champ:ChampionCrown","AT_ATBox","HushsDoor","GuppysTail","downfall:HeartBlessingBlue","Omamori"],"acts_visited":["Exordium"],"potions_floor_usage":[11,11],"damage_taken":[{"damage":14,"enemies":"Cultist","floor":2,"turns":4},{"damage":13,"enemies":"2 Louse","floor":3,"turns":3},{"damage":8,"enemies":"Jaw Worm","floor":4,"turns":3},{"damage":40,"enemies":"Lots of Slimes","floor":5,"turns":5},{"damage":5,"enemies":"downfall:FleeingMerchant","floor":9,"turns":4},{"damage":98,"enemies":"Lagavulin","floor":11,"turns":5},{"damage":53,"enemies":"Exordium Thugs","floor":12,"turns":5},{"damage":19,"enemies":"downfall:FleeingMerchant","floor":13,"turns":4},{"damage":37,"enemies":"3 Sentries","floor":14,"turns":3}],"seed_played":"-251269203526827184","potions_obtained":[{"floor":2,"key":"champ:TechniquePotion"},{"floor":5,"key":"Weak Potion"}],"is_trial":false,"path_per_floor":["R","M","M","M","M","?","T","R","$","R","E","M","$","E"],"character_chosen":"THE_CHAMP","items_purchased":[],"campfire_rested":0,"item_purchase_floors":[],"current_hp_per_floor":[99,95,92,84,74,74,74,84,94,94,66,38,29,0,0,0],"gold":69,"neow_bonus":"TEN_PERCENT_HP_BONUS","is_daily":false,"chose_seed":false,"campfire_upgraded":2,"win_rate":0.0,"timestamp":1612712141,"path_taken":["R","?","M","M","M","?","T","R","?","R","E","M","$","E"],"items_purchased_type":[],"build_version":"2020-12-22","purchased_purges":0,"victory":false,"max_hp_per_floor":[99,99,99,99,99,99,99,109,109,109,109,109,109,109,109,109],"card_choices":[{"not_picked":[],"picked":"EpicFetus","floor":0},{"not_picked":["champ:AdrenalArmor","champ:EnragedBash"],"picked":"Bomb","floor":2},{"not_picked":["champ:TornadoPunch","champ:Haymaker"],"picked":"champ:EnGarde","floor":3},{"not_picked":["champ:ShieldWall","champ:FocusedDefense"],"picked":"champ:EnragedBash","floor":4},{"not_picked":["champ:PreciseThrust","Bomb"],"picked":"champ:DeathBlow","floor":5},{"not_picked":["champ:GutPunch","champ:PerfectedStrike"],"picked":"champ:Duel","floor":9},{"not_picked":["champ:SkillfulDodge","champ:EnGarde"],"picked":"champ:ShieldWall","floor":11},{"not_picked":["champ:PerfectedStrike","champ:EndlessRage"],"picked":"champ:FanOfKnives","floor":12},{"not_picked":["champ:BerserkersShout","champ:RisingSlash"],"picked":"champ:TripleStrike","floor":13}],"player_experience":46540,"relics_obtained":[{"floor":11,"key":"Omamori"}],"event_choices":[],"is_beta":false,"boss_relics":[],"items_purged_floors":[],"is_endless":false,"potions_floor_spawned":[2,5],"killed_by":"3 Sentries","ascension_level":0}}