{"host":"z5bn7jsck728mmiq","time":1612668197,"event":{"mods":["BaseMod","Bestiary","DeckTracker","Minty Spire (QoL Compilation)","Permanent Neow","StSLib","Trackpad","Wide Potions"],"gold_per_floor":[109,34,34,44,56,91,104,104,127,127,141,141,155,176,176,302,302,320,320,320],"floor_reached":19,"language":"ENG","playtime":566,"items_purged":["Strike_R"],"score":180,"play_id":"5cb290e2-ca86-49a6-a645-39770f3694b2","local_time":"20210206192317","is_ascension_mode":true,"campfire_choices":[{"floor":12,"key":"REST"},{"data":"Inflame","floor":15,"key":"SMITH"}],"circlet_count":0,"master_deck":["Strike_R","Strike_R","Defend_R","Defend_R","Defend_R","Bash","Thunderclap","Armaments","Cleave","Dropkick","Wild Strike","Headbutt","Injury","Twin Strike","Bash","Bludgeon","Inflame+1","Limit Break","Armaments+1"],"relics":["Black Blood","Red Skull","Golden Idol","Ancient Tea Set"],"acts_visited":["Exordium","TheCity"],"potions_floor_usage":[13,16],"damage_taken":[{"damage":6,"enemies":"2 Louse","floor":1,"turns":3},{"damage":10,"enemies":"Cultist","floor":4,"turns":4},{"damage":2,"enemies":"Small Slimes","floor":5,"turns":2},{"damage":40,"enemies":"3 Sentries","floor":6,"turns":8},{"damage":10,"enemies":"Gremlin Gang","floor":7,"turns":3},{"damage":12,"enemies":"Exordium Wildlife","floor":11,"turns":3},{"damage":3,"enemies":"Red Slaver","floor":13,"turns":3},{"damage":7,"enemies":"Blue Slaver","floor":14,"turns":2},{"damage":42,"enemies":"Hexaghost","floor":16,"turns":6},{"damage":29,"enemies":"Chosen","floor":18,"turns":5},{"damage":60,"enemies":"3 Byrds","floor":19,"turns":5}],"seed_played":"3151684476656486615","potions_obtained":[{"floor":11,"key":"Regen Potion"},{"floor":13,"key":"PowerPotion"},{"floor":18,"key":"Dexterity Potion"}],"is_trial":false,"path_per_floor":["M","$","?","M","M","E","M","?","T","?","M","R","M","M","R","B",null,"M","M"],"character_chosen":"IRONCLAD","items_purchased":[],"campfire_rested":1,"item_purchase_floors":[],"current_hp_per_floor":[72,72,72,68,72,38,34,34,34,34,28,49,57,56,56,20,72,55,0,0],"gold":320,"neow_bonus":"REMOVE_TWO","is_daily":false,"chose_seed":false,"campfire_upgraded":1,"win_rate":0.0,"timestamp":1612668197,"path_taken":["M","$","?","?","M","E","M","?","T","?","M","R","M","M","R","BOSS","M","?"],"items_purchased_type":[],"build_version":"2020-12-22","purchased_purges":1,"victory":false,"max_hp_per_floor":[72,72,72,72,72,72,72,72,72,72,72,72,72,72,72,72,72,72,72,72],"card_choices":[{"not_picked":["Warcry","Sentinel"],"picked":"Thunderclap","floor":1},{"not_picked":["Heavy Blade","Body Slam"],"picked":"Cleave","floor":4},{"not_picked":["Warcry","True Grit"],"picked":"Dropkick","floor":5},{"not_picked":["Sentinel","Cleave"],"picked":"Wild Strike","floor":6},{"not_picked":["Cleave","Combust"],"picked":"Headbutt","floor":7},{"not_picked":["Havoc","Clash"],"picked":"Inflame","floor":11},{"not_picked":["Wild Strike","Sentinel","Second Wind"],"picked":"SKIP","floor":13},{"not_picked":["Cleave","Havoc","Anger"],"picked":"SKIP","floor":14},{"not_picked":["Berserk","Brutality"],"picked":"Limit Break","floor":16},{"not_picked":["Thunderclap","Pommel Strike"],"picked":"Armaments+1","floor":18}],"player_experience":106674,"relics_obtained":[{"floor":6,"key":"Red Skull"},{"floor":9,"key":"Ancient Tea Set"}],"event_choices":[{"damage_healed":0,"gold_gain":0,"cards_transformed":["Strike_R"],"player_choice":"Transformed","damage_taken":0,"max_hp_gain":0,"max_hp_loss":0,"event_name":"Transmorgrifier","floor":3,"gold_loss":0,"cards_obtained":["Armaments"]},{"damage_healed":0,"gold_gain":0,"player_choice":"Take Wound","damage_taken":0,"relics_obtained":["Golden Idol"],"max_hp_gain":0,"max_hp_loss":0,"event_name":"Golden Idol","floor":8,"gold_loss":0,"cards_obtained":["Injury"]},{"damage_healed":0,"gold_gain":0,"player_choice":"3 cards matched","damage_taken":0,"max_hp_gain":0,"max_hp_loss":0,"event_name":"Match and Keep!","floor":10,"gold_loss":0,"cards_obtained":["Twin Strike","Bash","Bludgeon"]}],"is_beta":false,"boss_relics":[{"not_picked":["SlaversCollar","Pandora\u0027s Box"],"picked":"Black Blood"}],"items_purged_floors":[2],"is_endless":false,"potions_floor_spawned":[11,13,18],"killed_by":"3 Byrds","ascension_level":1}}