{"host":"tr12w2fixbnujl15","time":1612729487,"event":{"mods":["100% Spire Juice","2.2 Compatiblity","A Penny For Your Troubles","BaseMod","Better Skull","Better Vampires","BetterRewards","CapriCore","Clockwork Mod","Colored Powertips","Evolution","Gremlin Skip","Hermit","Hubris","Infinite Spire","JesterMod","Kalas","KinomotoSakuraMod(????)","Koishi","Mad Scientist","Magitek Elite","Mathematician","Minty Spire (QoL Compilation)","Permanent Neow","Quick Restart","Reimu??????","Relic Filter","Remilia_Scarlet Moed?????·?????3.3.5","Replay The Spire","Shop Mod","StSLib","SuperFastMode","The Accelerator","The Bug Knight","The Construct","The Cursed","The Hayseed","The Hierophant","The Immortal","The Mystic","The Necromancer","The Runesmith","The Sage","The Senshi","The Servant 0.9.4","The Spell Scribe","The Vixen","TheFirefly","TheSwordswoman","TheVelvet","Transform Curses","WarShipGirlsR/????R mod","Yakumo Yukari mod","[IsaacMod]????"],"gold_per_floor":[114,84,84,9,9,39,39,39,39,82,107,126,99,113,113,208,208,245,256,256,273,273,289,289,349,375,434,453,453,453,464,464,584,584,599,674,674,686,763,773,773,773,773,783,783,783,819,830,830,850,850,850,850],"floor_reached":52,"language":"ENG","playtime":1752,"items_purged":["Languid"],"score":549,"play_id":"e457394c-1a40-432c-8c38-01663a78b968","local_time":"20210207152447","is_ascension_mode":false,"campfire_choices":[{"data":"BettingIsNotGood","floor":7,"key":"SMITH"},{"data":"ClowCardThePower","floor":15,"key":"SMITH"},{"data":"ClowCardTheDark","floor":24,"key":"SMITH"},{"data":"ClowCardTheArrow","floor":30,"key":"SMITH"},{"floor":32,"key":"REST"},{"data":"hubris:Fate","floor":46,"key":"SMITH"},{"floor":49,"key":"REST"},{"floor":51,"key":"REST"}],"circlet_count":0,"master_deck":["SakuraCardThePower+","SakuraCardTheMist+","ClowCardTheShot","ClowCardTheShot","ClowCardTheShot","ClowCardTheShot","ClowCardTheShield","ClowCardTheShield","ClowCardTheShield","ClowCardTheShield","SpellCardSeal+1","SpellCardRelease","BettingIsNotGood+1","ClowCardTheDark+1","ClowCardTheLock","ClowCardTheShot","ClowCardTheThrough","ClowCardTheDream","ClowCardTheRain+1","ClowCardTheFloat+1","ClowCardTheWood","ClowCardTheArrow+1","ClowCardTheFight","ClowCardTheLittle","ClowCardTheDream","infinitespire:UltimateForm","hubris:Rewind","ClowCardTheSong","ClowCardTheTwin","hubris:Fate+1","ClowCardTheErase","ClowCardTheMirror","ClowCardTheRain+1","ClowCardTheJump+1"],"relics":["KSMOD_SealedBook","KSMOD_SealedWand","EVO:Axolotl","HushsDoor","HowToJump","NeowsBlessing","Ring of Fury","Replay:Rubber Ducky","Replay:Kaleidoscope","Bag of Marbles","hubris:ScarierMask","hubris:BottledRain","Quantum Egg","hubris:TenFootPole","TuHaoJin","Blue Doll","Philosopher\u0027s Stone","GuppysTail","KSMOD_SwordJade","construct:ClawGrip","SharpPlug","hubris:Metronome"],"acts_visited":["Exordium","TheCity","TheBeyond"],"potions_floor_usage":[6,16,16,16,27,27,27,33,33,33,36,48],"damage_taken":[{"damage":0,"enemies":"2 Louse","floor":1,"turns":1},{"damage":0,"enemies":"3 Sentries","floor":6,"turns":1},{"damage":0,"enemies":"Cultist","floor":10,"turns":1},{"damage":7,"enemies":"Jaw Worm","floor":12,"turns":2},{"damage":0,"enemies":"2 Fungi Beasts","floor":14,"turns":2},{"damage":29,"enemies":"The Guardian","floor":16,"turns":5},{"damage":6,"enemies":"3 Byrds","floor":18,"turns":3},{"damage":0,"enemies":"Chosen","floor":19,"turns":1},{"damage":0,"enemies":"3 Cultists","floor":21,"turns":3},{"damage":2,"enemies":"Snake Plant","floor":23,"turns":3},{"damage":3,"enemies":"Nightmare","floor":27,"turns":7},{"damage":11,"enemies":"Chosen and Byrds","floor":28,"turns":3},{"damage":1,"enemies":"Centurion and Healer","floor":31,"turns":4},{"damage":18,"enemies":"Automaton","floor":33,"turns":7},{"damage":0,"enemies":"3 Shapes","floor":35,"turns":1},{"damage":0,"enemies":"Mind Bloom Boss Battle","floor":36,"turns":4},{"damage":0,"enemies":"3 Darklings","floor":38,"turns":1},{"damage":5,"enemies":"Sphere and 2 Shapes","floor":40,"turns":2},{"damage":6,"enemies":"Maw","floor":44,"turns":5},{"damage":17,"enemies":"Transient","floor":47,"turns":5},{"damage":29,"enemies":"Writhing Mass","floor":48,"turns":5},{"damage":26,"enemies":"Spire Growth","floor":50,"turns":4},{"damage":77,"enemies":"Replay:Hell Engine","floor":52,"turns":7}],"seed_played":"-5978248137334104366","potions_obtained":[{"floor":1,"key":"SteroidPotion"},{"floor":2,"key":"LiquidMemories"},{"floor":2,"key":"PanachePotion"},{"floor":14,"key":"Energy Potion"},{"floor":18,"key":"EntropicBrew"},{"floor":25,"key":"Regen Potion"},{"floor":27,"key":"Weak Potion"},{"floor":33,"key":"Block Potion"},{"floor":38,"key":"PowerPotion"},{"floor":44,"key":"Milkshake"},{"floor":47,"key":"FairyPotion"}],"is_trial":false,"path_per_floor":["M","?","?","$","?","E","R","?","T","M","T","M","$","M","R","B",null,"M","M","AVR","M","?","M","R","?","T","NM","M","?","R","M","R","B",null,"M","?","AVR","M","T","M","?","PTL","PTL","M","T","R","M","M","R","M","R","B"],"character_chosen":"KINOMOTOSAKURA","items_purchased":["ClowCardTheShot"],"campfire_rested":3,"item_purchase_floors":[13],"current_hp_per_floor":[70,70,70,70,70,70,70,75,75,75,75,68,68,68,68,46,75,69,69,69,69,69,67,67,49,49,71,60,60,60,59,75,57,75,75,75,75,75,75,70,61,61,61,55,55,55,38,9,31,15,37,0,0],"gold":850,"neow_bonus":"THREE_ENEMY_KILL","is_daily":false,"chose_seed":false,"campfire_upgraded":5,"win_rate":0.0,"timestamp":1612729487,"path_taken":["M","?","?","$","?","E","R","?","T","?","?","M","$","M","R","BOSS","M","M","AVR","M","?","?","R","?","T","NM","M","?","R","?","R","BOSS","M","?","AVR","M","?","M","?","PTL","PTL","M","T","R","M","M","R","M","R","BOSS"],"items_purchased_type":["Card"],"build_version":"2020-12-22","purchased_purges":1,"victory":false,"max_hp_per_floor":[70,70,70,70,70,70,70,75,75,75,75,75,75,75,75,75,75,75,75,75,75,75,75,75,75,75,75,75,75,75,75,75,75,75,75,75,75,75,75,75,75,75,75,75,75,75,75,75,75,75,75,75,75],"card_choices":[{"not_picked":[],"picked":"BettingIsNotGood","floor":0},{"not_picked":["ClowCardTheFly","ClowCardTheSong"],"picked":"ClowCardTheMist","floor":1},{"not_picked":["ClowCardTheErase","ClowCardTheIllusion"],"picked":"ClowCardTheDark","floor":6},{"not_picked":["ClowCardTheFlower","ClowCardTheEarthy"],"picked":"ClowCardThePower","floor":10},{"not_picked":["ClowCardTheShadow","ClowCardTheFlower"],"picked":"ClowCardTheLock","floor":12},{"not_picked":["ClowCardTheLoop","ClowCardTheCloud"],"picked":"Bomb","floor":14},{"not_picked":["ClowCardTheDash","ClowCardTheReturn"],"picked":"ClowCardTheThrough","floor":16},{"not_picked":["ClowCardTheEarthy+1","ClowCardTheShadow"],"picked":"ClowCardTheDream","floor":18},{"not_picked":["ClowCardTheFreeze","ClowCardTheFly"],"picked":"ClowCardTheRain+1","floor":19},{"not_picked":["ClowCardTheWindy","ClowCardTheLibra"],"picked":"ClowCardTheFloat","floor":21},{"not_picked":["ClowCardTheLock","ClowCardTheDream"],"picked":"ClowCardTheCreate","floor":23},{"not_picked":["ClowCardTheSilent","ClowCardTheChange+1"],"picked":"ClowCardTheFloat+1","floor":25},{"not_picked":["ClowCardTheWatery+1","ClowCardTheShot"],"picked":"ClowCardTheWood","floor":27},{"not_picked":["ClowCardTheIllusion","ClowCardTheShadow"],"picked":"ClowCardTheArrow","floor":28},{"not_picked":["ClowCardTheChange","ClowCardTheIllusion","ClowCardTheSilent"],"picked":"SKIP","floor":31},{"not_picked":["ClowCardTheThrough","ClowCardTheThunder"],"picked":"ClowCardTheFight","floor":33},{"not_picked":["ClowCardTheChange+1","ClowCardTheSilent"],"picked":"ClowCardTheLittle","floor":35},{"not_picked":["ClowCardTheMist","ClowCardTheMaze+1"],"picked":"ClowCardTheDream","floor":36},{"not_picked":["ClowCardTheIllusion","ClowCardTheBubbles"],"picked":"ClowCardTheSong","floor":38},{"not_picked":["ClowCardTheLibra","ClowCardTheArrow"],"picked":"ClowCardTheTwin","floor":40},{"not_picked":["infinitespire:Collect","infinitespire:FutureSight"],"picked":"hubris:Fate","floor":41},{"not_picked":["ClowCardTheArrow+1","ClowCardTheSilent"],"picked":"ClowCardTheErase","floor":44},{"not_picked":["ClowCardTheSilent+1","ClowCardTheWave"],"picked":"ClowCardTheMirror","floor":47},{"not_picked":["ClowCardTheArrow","ClowCardTheShot+1"],"picked":"ClowCardTheRain+1","floor":48},{"not_picked":["ClowCardTheSong","ClowCardTheMirror"],"picked":"ClowCardTheJump+1","floor":50}],"player_experience":97101,"relics_obtained":[{"floor":3,"key":"Ring of Fury"},{"floor":6,"key":"Replay:Rubber Ducky"},{"floor":9,"key":"Replay:Kaleidoscope"},{"floor":11,"key":"Bag of Marbles"},{"floor":25,"key":"Quantum Egg"},{"floor":26,"key":"hubris:TenFootPole"},{"floor":27,"key":"TuHaoJin"},{"floor":31,"key":"Blue Doll"},{"floor":36,"key":"GuppysTail"},{"floor":39,"key":"SharpPlug"},{"floor":45,"key":"hubris:Metronome"}],"event_choices":[{"damage_healed":0,"gold_gain":0,"player_choice":"Bought 2 Potions","damage_taken":0,"max_hp_gain":0,"max_hp_loss":0,"event_name":"The Woman in Blue","floor":2,"gold_loss":0},{"damage_healed":0,"gold_gain":0,"player_choice":"Donut","damage_taken":0,"max_hp_gain":5,"max_hp_loss":0,"event_name":"Big Fish","floor":8,"gold_loss":0},{"cards_removed":["ClowCardTheFloat"],"damage_healed":0,"gold_gain":0,"player_choice":"Elegance","damage_taken":0,"max_hp_gain":0,"max_hp_loss":0,"event_name":"Back to Basics","floor":29,"gold_loss":0},{"damage_healed":0,"gold_gain":0,"player_choice":"Fight","damage_taken":0,"max_hp_gain":0,"max_hp_loss":0,"event_name":"MindBloom","floor":36,"gold_loss":0}],"is_beta":false,"boss_relics":[{"not_picked":["Coffee Dripper","construct:WeddingRing"],"picked":"hubris:ScarierMask"},{"not_picked":[]},{"not_picked":["Black Star","hubris:BlackHole"],"picked":"Philosopher\u0027s Stone"},{"not_picked":[]}],"items_purged_floors":[4],"is_endless":false,"potions_floor_spawned":[1,14,18,27,33,38,44,47],"killed_by":"Replay:Hell Engine","ascension_level":0}}