{"host":"bakf0s4odzu8z5xt","time":1612659675,"event":{"mods":["2.2 Compatiblity","BaseMod","Downfall","Friendly Minions","Minty Spire (QoL Compilation)","StSLib"],"gold_per_floor":[99,110,120,133,308,121,170,170,211,211,278,303,203,227,250,358,358,358,374,389,389,416,416,461,361,386,60,100,100,100,100,117,117,117,117],"floor_reached":33,"language":"ENG","playtime":2571,"items_purged":["Doubt","Slimebound:Tackle"],"score":303,"play_id":"d4061538-7b28-46e7-92d4-2d5591453a90","local_time":"20210206190115","is_ascension_mode":true,"campfire_choices":[{"floor":1,"key":"RECALL"},{"floor":13,"key":"REST"},{"data":"Slimebound:Grow","floor":18,"key":"SMITH"},{"data":"Slimebound:LeadByExample","floor":25,"key":"SMITH"},{"floor":29,"key":"REST"}],"circlet_count":0,"master_deck":["Slimebound:Defend_Slimebound+1","Slimebound:Defend_Slimebound","Slimebound:Defend_Slimebound","Slimebound:Defend_Slimebound+1","Slimebound:Split","Slimebound:CorrosiveSpit","Slimebound:OozeBath","Slimebound:ComboTackle+1","Slimebound:SplitBruiser","Slimebound:RollThrough","Slimebound:SlimeTap","Slimebound:Grow+1","Slimebound:LivingWall","Slimebound:SplitSpecialist","Slimebound:SlimeTap","Slimebound:LeadByExample","Slimebound:SplitAcid","Slimebound:LeadByExample+1","Slimebound:RallyTheTroops","Slimebound:Tackle+1","Slimebound:Tackle+1","Slimebound:Tackle+1","Slimebound:ForwardTackle","Slimebound:MinionMaster","Slimebound:SplitSpecialist","Slimebound:Replication+1"],"relics":["Slimebound:AbsorbEndCombat","CeramicFish","Anchor","Whetstone","downfall:HeartBlessingRed","Velvet Choker","Nunchaku","downfall:HeartBlessingBlue","DollysMirror","Vajra","War Paint"],"acts_visited":["Exordium","TheCity"],"potions_floor_usage":[28,33,33],"damage_taken":[{"damage":0,"enemies":"Small Slimes","floor":2,"turns":3},{"damage":3,"enemies":"2 Louse","floor":3,"turns":2},{"damage":9,"enemies":"Jaw Worm","floor":4,"turns":3},{"damage":5,"enemies":"downfall:FleeingMerchant","floor":6,"turns":4},{"damage":39,"enemies":"Lagavulin","floor":9,"turns":5},{"damage":17,"enemies":"Gremlin Nob","floor":11,"turns":4},{"damage":0,"enemies":"Blue Slaver","floor":12,"turns":4},{"damage":0,"enemies":"Exordium Wildlife","floor":14,"turns":3},{"damage":3,"enemies":"2 Fungi Beasts","floor":15,"turns":2},{"damage":37,"enemies":"DF_ARCHETYPE_STREAMLINE","floor":16,"turns":7},{"damage":0,"enemies":"Shell Parasite","floor":19,"turns":5},{"damage":3,"enemies":"Chosen","floor":20,"turns":4},{"damage":33,"enemies":"Snake Plant","floor":26,"turns":4},{"damage":16,"enemies":"downfall:FleeingMerchant","floor":27,"turns":4},{"damage":5,"enemies":"Slavers","floor":28,"turns":5},{"damage":9,"enemies":"Centurion and Healer","floor":32,"turns":8},{"damage":66,"enemies":"IC_MUSHROOM_ARCHETYPE","floor":33,"turns":7}],"seed_played":"264349754551091753","potions_obtained":[{"floor":11,"key":"FearPotion"},{"floor":14,"key":"Explosive Potion"},{"floor":15,"key":"Slimebound:SlimyTonguePotion"},{"floor":20,"key":"Energy Potion"},{"floor":28,"key":"Guardian:BlockOnCardUsePotion"},{"floor":32,"key":"ColorlessPotion"}],"is_trial":false,"path_per_floor":["R","M","M","M","?","$","T","?","E","?","?","M","R","M","M","B",null,"R","M","M","?","?","T","T","R","M","$","E","R","?","?","M","B"],"character_chosen":"SLIMEBOUND","items_purchased":["Slimebound:Grow","Slimebound:LivingWall","DollysMirror","Guardian:BlockOnCardUsePotion"],"campfire_rested":2,"item_purchase_floors":[6,6,27,27],"current_hp_per_floor":[65,65,64,59,59,58,58,63,30,30,17,23,44,44,43,12,70,70,70,69,69,69,69,69,79,47,31,30,54,54,54,53,0,0,0],"gold":117,"neow_bonus":"TRANSFORM_CARD","is_daily":false,"chose_seed":false,"campfire_upgraded":2,"win_rate":0.0,"timestamp":1612659675,"path_taken":["R","M","M","M","?","$","T","?","E","?","?","M","R","M","M","BOSS","R","M","M","?","?","?","T","R","?","$","E","R","?","?","M","BOSS"],"items_purchased_type":["Card","Card","Relic","Potion"],"build_version":"2020-12-22","purchased_purges":2,"victory":false,"max_hp_per_floor":[65,65,65,65,65,65,65,70,70,70,70,70,70,70,70,70,70,70,70,70,70,70,70,70,80,80,80,80,80,80,80,80,80,80,80],"card_choices":[{"not_picked":["Slimebound:Prepare","Slimebound:Dissolve"],"picked":"Slimebound:ComboTackle","floor":2},{"not_picked":["Slimebound:DisruptingSlam","Slimebound:Replication"],"picked":"Slimebound:SplitBruiser","floor":3},{"not_picked":["Slimebound:HauntingLick","Slimebound:SplitLeeching"],"picked":"Slimebound:RollThrough","floor":4},{"not_picked":["Slimebound:TagTeam","Slimebound:ComboTackle"],"picked":"Slimebound:SlimeTap","floor":6},{"not_picked":["Slimebound:PressTheAttack","Slimebound:LeadByExample"],"picked":"Slimebound:SplitSpecialist","floor":9},{"not_picked":["Slimebound:FinishingTackle","Slimebound:ItLooksTasty"],"picked":"Slimebound:SlimeTap","floor":11},{"not_picked":["Slimebound:SlimeSpikes","Slimebound:LivingWall"],"picked":"Slimebound:LeadByExample","floor":12},{"not_picked":["Slimebound:RollThrough","Slimebound:LivingWall"],"picked":"Slimebound:SplitAcid","floor":14},{"not_picked":["Slimebound:LevelUp","Slimebound:DisruptingSlam"],"picked":"Slimebound:LeadByExample","floor":15},{"not_picked":["Slimebound:LeechLife","Slimebound:SlimeSlap"],"picked":"Slimebound:RallyTheTroops","floor":16},{"not_picked":["Slimebound:SplitAcid","Slimebound:SlimeSpikes","Slimebound:ItLooksTasty"],"picked":"SKIP","floor":19},{"not_picked":["Slimebound:ItLooksTasty","Slimebound:MegaLick","Slimebound:DisruptingSlam"],"picked":"SKIP","floor":20},{"not_picked":["Slimebound:Dissolve","Slimebound:FinishingTackle"],"picked":"Slimebound:ForwardTackle","floor":26},{"not_picked":["Slimebound:HauntingLick","Slimebound:RainOfGoop"],"picked":"Slimebound:MinionMaster","floor":27},{"not_picked":["Slimebound:LivingWall","Slimebound:RejuvenatingLick+1"],"picked":"Slimebound:Replication+1","floor":28},{"not_picked":["Slimebound:GoopSpray","Slimebound:Schlurp","Slimebound:SplitLeeching"],"picked":"SKIP","floor":32}],"player_experience":2101618,"relics_obtained":[{"floor":7,"key":"CeramicFish"},{"floor":9,"key":"Anchor"},{"floor":11,"key":"Whetstone"},{"floor":24,"key":"Nunchaku"},{"floor":28,"key":"Vajra"}],"event_choices":[{"damage_healed":0,"gold_gain":0,"player_choice":"Donut","damage_taken":0,"max_hp_gain":5,"max_hp_loss":0,"event_name":"Big Fish","floor":8,"gold_loss":0},{"damage_healed":0,"gold_gain":0,"player_choice":"Ignored","damage_taken":0,"max_hp_gain":0,"max_hp_loss":0,"event_name":"Ghosts","floor":21,"gold_loss":0}],"is_beta":false,"boss_relics":[{"not_picked":["Snecko Eye","SacredBark"],"picked":"Velvet Choker"}],"items_purged_floors":[6,27],"is_endless":false,"potions_floor_spawned":[11,14,15,16,20,28,32],"killed_by":"IC_MUSHROOM_ARCHETYPE","ascension_level":1}}