{"host":"p1xsuo25udtrkbq2","time":1612731597,"event":{"mods":["BaseMod","Colored Map","Googly Eyes","Highlight Path","Minty Spire (QoL Compilation)","Quick Restart","Rare Cards Sparkle","Relic Stats","Slay the Relics Exporter","StSLib","everything is the same but u backflip on backflip"],"gold_per_floor":[109,34,109,134,134,164,164,203,228,253,82,82,103,137,137,236,236,261,241,241,241,241,241,259,298,298,298,332,332,351,371,371,462,462,481,501,532,532,548,588,619,619,619,637,165,165,185,204,204,204,204,204,42,73,73,73],"floor_reached":55,"language":"ENG","playtime":6650,"items_purged":["Strike_G","Pain"],"score":1629,"play_id":"b4126eb0-3221-4766-a1cf-2a48913c51eb","local_time":"20210207155957","is_ascension_mode":true,"campfire_choices":[{"data":"Bouncing Flask","floor":12.0,"key":"SMITH"},{"data":"Footwork","floor":15.0,"key":"SMITH"},{"data":"Corpse Explosion","floor":23.0,"key":"SMITH"},{"floor":27.0,"key":"REST"},{"data":"Terror","floor":29.0,"key":"SMITH"},{"floor":32.0,"key":"REST"},{"data":"Apotheosis","floor":42.0,"key":"SMITH"},{"floor":49.0,"key":"RECALL"},{"data":"After Image","floor":52.0,"key":"SMITH"}],"circlet_count":0,"master_deck":["AscendersBane","Defend_G","Defend_G+1","Defend_G","Defend_G","Defend_G","Survivor+1","Footwork+1","Corpse Explosion+1","Poisoned Stab","Bouncing Flask+1","Quick Slash","Blade Dance","Die Die Die+1","Deflect+1","Bite","Bite","Bite","Bite","Bite+1","Terror+1","Blade Dance+1","Backflip","Calculated Gamble","Wraith Form v2","Dodge and Roll","Apotheosis+1","Dark Shackles","Crippling Poison","PiercingWail","Prepared","Dash+1","After Image+1","Cloak And Dagger","Acrobatics","Footwork","Die Die Die"],"relics":["Ring of the Snake","NeowsBlessing","Orichalcum","War Paint","Golden Idol","Tiny Chest","Regal Pillow","Happy Flower","Juzu Bracelet","SlaversCollar","Whetstone","Nunchaku","WingedGreaves","Pocketwatch","Cursed Key","Prayer Wheel","Anchor","InkBottle","Mango","Lantern"],"acts_visited":["Exordium","TheCity","TheBeyond","TheEnding"],"potions_floor_usage":[],"damage_taken":[{"damage":0.0,"enemies":"Small Slimes","floor":1.0,"turns":1.0},{"damage":0.0,"enemies":"3 Sentries","floor":6.0,"turns":2.0},{"damage":0.0,"enemies":"Lagavulin","floor":8.0,"turns":1.0},{"damage":5.0,"enemies":"Jaw Worm","floor":10.0,"turns":5.0},{"damage":4.0,"enemies":"Cultist","floor":13.0,"turns":4.0},{"damage":0.0,"enemies":"Gremlin Nob","floor":14.0,"turns":3.0},{"damage":18.0,"enemies":"Hexaghost","floor":16.0,"turns":9.0},{"damage":7.0,"enemies":"Chosen","floor":18.0,"turns":4.0},{"damage":0.0,"enemies":"3 Byrds","floor":24.0,"turns":2.0},{"damage":33.0,"enemies":"Gremlin Leader","floor":25.0,"turns":8.0},{"damage":21.0,"enemies":"Slavers","floor":28.0,"turns":4.0},{"damage":0.0,"enemies":"3 Cultists","floor":30.0,"turns":2.0},{"damage":2.0,"enemies":"Snecko","floor":31.0,"turns":4.0},{"damage":47.0,"enemies":"Collector","floor":33.0,"turns":8.0},{"damage":6.0,"enemies":"Orb Walker","floor":35.0,"turns":3.0},{"damage":4.0,"enemies":"3 Shapes","floor":36.0,"turns":5.0},{"damage":9.0,"enemies":"Mind Bloom Boss Battle","floor":37.0,"turns":6.0},{"damage":11.0,"enemies":"Writhing Mass","floor":39.0,"turns":7.0},{"damage":20.0,"enemies":"Nemesis","floor":40.0,"turns":7.0},{"damage":21.0,"enemies":"Reptomancer","floor":41.0,"turns":6.0},{"damage":14.0,"enemies":"Maw","floor":44.0,"turns":8.0},{"damage":6.0,"enemies":"Jaw Worm Horde","floor":47.0,"turns":3.0},{"damage":0.0,"enemies":"3 Darklings","floor":48.0,"turns":1.0},{"damage":31.0,"enemies":"Donu and Deca","floor":50.0,"turns":9.0},{"damage":57.0,"enemies":"Shield and Spear","floor":54.0,"turns":9.0},{"damage":35,"enemies":"The Heart","floor":55,"turns":9}],"seed_played":"7363741856133779947","potions_obtained":[{"floor":6.0,"key":"Dexterity Potion"},{"floor":10.0,"key":"EntropicBrew"},{"floor":13.0,"key":"LiquidMemories"},{"floor":18.0,"key":"Explosive Potion"},{"floor":19.0,"key":"Block Potion"},{"floor":25.0,"key":"SteroidPotion"},{"floor":36.0,"key":"BlessingOfTheForge"},{"floor":39.0,"key":"AttackPotion"},{"floor":40.0,"key":"Explosive Potion"},{"floor":44.0,"key":"AttackPotion"},{"floor":47.0,"key":"FairyPotion"}],"is_trial":false,"path_per_floor":["M","$","?","T","$","E","?","E","T","M","$","R","M","E","R","B",null,"M","?","?","T","?","R","M","E","T","R","E","R","M","M","R","B",null,"M","M","?","?","M","E","E","R","T","M","$","T","M","M","R","B",null,"R","$","E","B"],"character_chosen":"THE_SILENT","items_purchased":["Happy Flower","Mango","Block Potion","Acrobatics","Footwork","Weak Potion"],"campfire_rested":2,"item_purchase_floors":[11,45,45,53,53,53],"current_hp_per_floor":[59,59,48,48,48,48,48,48,48,43,43,43,39,39,39,21,50,43,43,42,42,42,42,42,16,16,42,23,23,23,21,42,11,34,31,35,37,32,41,36,32,32,32,35,49,49,51,53,53,38,52,52,52,16,0,0],"gold":73,"neow_bonus":"THREE_ENEMY_KILL","is_daily":false,"chose_seed":false,"campfire_upgraded":6,"win_rate":0.0,"timestamp":1612731597,"path_taken":["M","$","?","?","?","E","?","E","T","M","?","R","M","E","R","BOSS","M","?","?","?","?","R","M","E","T","R","E","R","M","M","R","BOSS","M","M","?","?","M","E","E","R","T","M","$","?","M","M","R","BOSS","R","$","E","BOSS"],"items_purchased_type":["Relic","Relic","Potion","Card","Card","Potion"],"build_version":"2020-12-22","purchased_purges":2,"victory":false,"max_hp_per_floor":[66,66,66,66,66,66,60,60,60,60,60,60,60,60,60,60,60,60,60,42,42,42,42,42,42,42,42,42,42,42,42,42,42,42,42,42,42,42,42,42,42,42,42,42,56,56,56,56,56,56,56,56,56,56,56,56],"relic_stats":{"Regal Pillow":23,"Happy Flower":[40],"counters":[26,130],"Golden Idol":162,"Juzu Bracelet":1,"Whetstone":["Bite","Die Die Die"],"Orichalcum":[204],"War Paint":["Survivor","Defend_G"],"Cursed Key":1,"Nunchaku":[24],"Tiny Chest":2,"Prayer Wheel":4,"obtain_stats":[{"Regal Pillow":9,"Lantern":54,"NeowsBlessing":0,"Happy Flower":11,"Golden Idol":7,"Mango":45,"Juzu Bracelet":14,"Whetstone":21,"Orichalcum":4,"War Paint":6,"Cursed Key":34,"SlaversCollar":17,"Nunchaku":25,"Anchor":40,"Tiny Chest":8,"Prayer Wheel":37,"WingedGreaves":26,"InkBottle":41,"Ring of the Snake":0,"Pocketwatch":28},{"Regal Pillow":3,"Lantern":25,"NeowsBlessing":0,"Happy Flower":4,"Golden Idol":2,"Mango":21,"Juzu Bracelet":6,"Whetstone":8,"Orichalcum":1,"War Paint":2,"Cursed Key":14,"SlaversCollar":7,"Nunchaku":10,"Anchor":19,"Tiny Chest":3,"Prayer Wheel":17,"WingedGreaves":10,"InkBottle":20,"Ring of the Snake":0,"Pocketwatch":11},{"Regal Pillow":4,"Lantern":121,"NeowsBlessing":0,"Happy Flower":9,"Golden Idol":3,"Mango":99,"Juzu Bracelet":16,"Whetstone":29,"Orichalcum":1,"War Paint":3,"Cursed Key":57,"SlaversCollar":25,"Nunchaku":39,"Anchor":85,"Tiny Chest":4,"Prayer Wheel":71,"WingedGreaves":39,"InkBottle":91,"Ring of the Snake":0,"Pocketwatch":43}],"InkBottle":[24],"Ring of the Snake":[52],"Pocketwatch":[42]},"card_choices":[{"not_picked":["PiercingWail","Deflect"],"picked":"Footwork","floor":1.0},{"not_picked":["Dash","Sucker Punch"],"picked":"Corpse Explosion","floor":6.0},{"not_picked":["Blur","Cloak And Dagger"],"picked":"Poisoned Stab","floor":8.0},{"not_picked":["Bane","Blur"],"picked":"Bouncing Flask","floor":10.0},{"not_picked":["Outmaneuver","Deadly Poison"],"picked":"Quick Slash","floor":13.0},{"not_picked":["Unload","Dodge and Roll"],"picked":"Blade Dance","floor":14.0},{"not_picked":["Night Terror","Bullet Time"],"picked":"Die Die Die","floor":16.0},{"not_picked":["Skewer","Flechettes"],"picked":"Deflect+1","floor":18.0},{"not_picked":["Eviscerate","Dagger Spray"],"picked":"Terror","floor":24.0},{"not_picked":["Distraction","Skewer"],"picked":"Blade Dance+1","floor":25.0},{"not_picked":["Setup+1","Eviscerate+1"],"picked":"Backflip","floor":28.0},{"not_picked":["Sucker Punch","Poisoned Stab"],"picked":"Calculated Gamble","floor":30.0},{"not_picked":["Eviscerate","Dagger Spray","Blade Dance"],"picked":"SKIP","floor":31.0},{"not_picked":["Burst","Bullet Time"],"picked":"Wraith Form v2","floor":33.0},{"not_picked":["Poisoned Stab","Deadly Poison","Reflex"],"picked":"SKIP","floor":35.0},{"not_picked":["Poisoned Stab","Outmaneuver","Flying Knee"],"picked":"SKIP","floor":36.0},{"not_picked":["Dash","Deadly Poison"],"picked":"Dodge and Roll","floor":37.0},{"not_picked":["PanicButton","Purity"],"picked":"Apotheosis","floor":38.0},{"not_picked":["Mind Blast","Sadistic Nature"],"picked":"Dark Shackles","floor":38.0},{"not_picked":["Calculated Gamble","Cloak And Dagger"],"picked":"Crippling Poison","floor":39.0},{"not_picked":["Distraction","Slice","Blade Dance+1"],"picked":"SKIP","floor":39.0},{"not_picked":["Flechettes","Masterful Stab"],"picked":"PiercingWail","floor":40.0},{"not_picked":["Outmaneuver","PiercingWail"],"picked":"Prepared","floor":41.0},{"not_picked":["Choke","Sucker Punch"],"picked":"Dash+1","floor":44.0},{"not_picked":["Distraction","Dagger Spray","Endless Agony"],"picked":"SKIP","floor":44.0},{"not_picked":["Concentrate","Masterful Stab+1"],"picked":"After Image","floor":47.0},{"not_picked":["Underhanded Strike","Quick Slash","Reflex"],"picked":"SKIP","floor":47.0},{"not_picked":["Expertise","Blade Dance"],"picked":"Cloak And Dagger","floor":48.0},{"not_picked":["Quick Slash","Riddle With Holes+1","PiercingWail"],"picked":"SKIP","floor":48.0},{"not_picked":["Infinite Blades","Dash"],"picked":"Die Die Die","floor":54.0}],"player_experience":1020507,"relics_obtained":[{"floor":4.0,"key":"Orichalcum"},{"floor":6.0,"key":"War Paint"},{"floor":8.0,"key":"Tiny Chest"},{"floor":9.0,"key":"Regal Pillow"},{"floor":14.0,"key":"Juzu Bracelet"},{"floor":21.0,"key":"Whetstone"},{"floor":25.0,"key":"Nunchaku"},{"floor":26.0,"key":"WingedGreaves"},{"floor":28.0,"key":"Pocketwatch"},{"floor":37.0,"key":"Prayer Wheel"},{"floor":40.0,"key":"Anchor"},{"floor":41.0,"key":"InkBottle"},{"floor":54.0,"key":"Lantern"}],"event_choices":[{"damage_healed":0.0,"max_hp_gain":0.0,"max_hp_loss":0.0,"gold_gain":75.0,"event_name":"World of Goop","player_choice":"Gather Gold","floor":3.0,"gold_loss":0.0,"damage_taken":11.0},{"damage_healed":0.0,"max_hp_gain":0.0,"max_hp_loss":6.0,"gold_gain":0.0,"event_name":"Golden Idol","player_choice":"Lose Max HP","floor":7.0,"gold_loss":0.0,"damage_taken":0.0,"relics_obtained":["Golden Idol"]},{"damage_healed":0.0,"max_hp_gain":0.0,"max_hp_loss":0.0,"gold_gain":0.0,"event_name":"The Woman in Blue","player_choice":"Bought 1 Potion","floor":19.0,"gold_loss":0.0,"damage_taken":0.0},{"damage_healed":0.0,"max_hp_gain":0.0,"max_hp_loss":18.0,"gold_gain":0.0,"event_name":"Vampires","player_choice":"Became a vampire","floor":20.0,"gold_loss":0.0,"damage_taken":0.0,"cards_obtained":["Bite","Bite","Bite","Bite","Bite"]},{"cards_removed":["Neutralize"],"damage_healed":0.0,"max_hp_gain":0.0,"max_hp_loss":0.0,"gold_gain":0.0,"event_name":"Purifier","player_choice":"Purged","floor":22.0,"gold_loss":0.0,"damage_taken":0.0},{"damage_healed":0.0,"max_hp_gain":0.0,"max_hp_loss":0.0,"gold_gain":0.0,"event_name":"MindBloom","player_choice":"Fight","floor":37.0,"gold_loss":0.0,"damage_taken":0.0},{"damage_healed":0.0,"max_hp_gain":0.0,"max_hp_loss":0.0,"gold_gain":0.0,"event_name":"SensoryStone","player_choice":"Memory 2","floor":38.0,"gold_loss":0.0,"damage_taken":5.0}],"is_beta":false,"boss_relics":[{"not_picked":["Empty Cage","WristBlade"],"picked":"SlaversCollar"},{"not_picked":["HoveringKite","Astrolabe"],"picked":"Cursed Key"}],"items_purged_floors":[2,45],"is_endless":false,"potions_floor_spawned":[6,10,13,18,24,25,36,39,40,44,47],"killed_by":"The Heart","ascension_level":18}}