{"host":"vyiqbz5w606ur92t","time":1612675499,"event":{"mods":["BaseMod","Downfall","Minty Spire (QoL Compilation)","StSLib"],"gold_per_floor":[0,18,18,33,46,81,129,162,173,206,106,106,206,238,255,356,356,356,406,556,606,623,673,673,687,720,735,761,761,811,830,847,943,943,943,958,972,421,438,456,504,554,574,593,393,421,224,259,274,274,274,300,43,43,43,43],"floor_reached":57,"language":"ENG","playtime":9064,"items_purged":["Slimebound:Tackle"],"score":1886,"play_id":"eba9680b-732e-472e-b312-e77c48a7ee58","local_time":"20210207052459","is_ascension_mode":true,"campfire_choices":[{"data":"Slimebound:OozeBath","floor":1,"key":"SMITH"},{"data":"Slimebound:MassFeed","floor":11,"key":"SMITH"},{"data":"Slimebound:SlimeBrawl","floor":18,"key":"SMITH"},{"data":"Slimebound:OneTwoCombo","floor":29,"key":"SMITH"},{"floor":35,"key":"RECALL"},{"data":"Slimebound:SelfFormingGoo","floor":45,"key":"SMITH"},{"floor":54,"key":"REST"}],"circlet_count":0,"master_deck":["AscendersBane","Slimebound:CorrosiveSpit","Slimebound:OozeBath+1","Slimebound:MassFeed+1","Slimebound:SplitSpecialist","Slimebound:GrowthPunch+1","Slimebound:GoopSpray","Slimebound:SplitSpecialist","Slimebound:SlimeBrawl+1","Slimebound:Dissolve","Slimebound:Replication","Slimebound:MassRepurpose","Slimebound:SplitLeeching","Slimebound:ViciousTackle","Slimebound:MegaLick","Slimebound:Teamwork","Slimebound:SplitMire+1","J.A.X.","Slimebound:OneTwoCombo+1","Slimebound:RallyTheTroops","Slimebound:HauntingLick+1","Slimebound:LeechingTouch","Slimebound:LeechEnergy","Slimebound:WasteNot","Slimebound:PressTheAttack+1","Slimebound:MegaLick+1","Slimebound:MinionMaster","Slimebound:SlimeBarrage+1","Slimebound:Repurpose","Slimebound:SplitLeeching+1","Slimebound:MegaLick+1","Slimebound:HungryTackle+1","Slimebound:SelfFormingGoo+1","Slimebound:FirmFortitude","Slimebound:Nibble+1","Slimebound:Overexert","Slimebound:Equalize","Slimebound:Replication","Slimebound:LivingWall+1","Slimebound:AcidTongue","Slimebound:LevelUp+1","Slimebound:RainOfGoop","Slimebound:LeechEnergy+1"],"relics":["Slimebound:AbsorbEndCombat","Slimebound:AggressiveSlimeRelic","Centennial Puzzle","Juzu Bracelet","Vajra","downfall:HeartBlessingGreen","downfall:CloakOfManyFaces","CultistMask","FaceOfCleric","NlothsMask","GremlinMask","SsserpentHead","Oddly Smooth Stone","Pandora\u0027s Box","MutagenicStrength","Orichalcum","Peace Pipe","Philosopher\u0027s Stone","Orrery","Whetstone","Bronze Scales","downfall:HeartBlessingRed","downfall:HeartBlessingBlue","bronze:BronzeIdol","Guardian:PocketSentry","Slimebound:SelfDamagePreventRelic","Letter Opener","Nunchaku","Bottled Flame"],"acts_visited":["Exordium","TheCity","TheBeyond","TheEnding"],"potions_floor_usage":[6,8,15,16,33,38,39,43,46,46,48],"damage_taken":[{"damage":5,"enemies":"Small Slimes","floor":2,"turns":4},{"damage":12,"enemies":"Cultist","floor":4,"turns":5},{"damage":11,"enemies":"Jaw Worm","floor":5,"turns":4},{"damage":35,"enemies":"Gremlin Nob","floor":6,"turns":4},{"damage":4,"enemies":"Lagavulin","floor":8,"turns":6},{"damage":2,"enemies":"2 Fungi Beasts","floor":9,"turns":3},{"damage":18,"enemies":"Gremlin Nob","floor":10,"turns":5},{"damage":10,"enemies":"downfall:FaceTrader","floor":13,"turns":8},{"damage":8,"enemies":"Lagavulin","floor":14,"turns":6},{"damage":10,"enemies":"Exordium Thugs","floor":15,"turns":4},{"damage":21,"enemies":"DF_ARCHETYPE_STREAMLINE","floor":16,"turns":9},{"damage":9,"enemies":"downfall:Augmenter","floor":20,"turns":6},{"damage":11,"enemies":"Spheric Guardian","floor":22,"turns":5},{"damage":5,"enemies":"Chosen","floor":25,"turns":7},{"damage":18,"enemies":"Book of Stabbing","floor":26,"turns":4},{"damage":15,"enemies":"3 Cultists","floor":27,"turns":4},{"damage":3,"enemies":"Gremlin Leader","floor":28,"turns":4},{"damage":6,"enemies":"Centurion and Healer","floor":31,"turns":5},{"damage":5,"enemies":"Chosen and Byrds","floor":32,"turns":3},{"damage":16,"enemies":"SI_MIRROR_ARCHETYPE","floor":33,"turns":10},{"damage":23,"enemies":"3 Darklings","floor":36,"turns":3},{"damage":28,"enemies":"3 Shapes","floor":37,"turns":4},{"damage":6,"enemies":"downfall:FleeingMerchant","floor":38,"turns":4},{"damage":14,"enemies":"Writhing Mass","floor":39,"turns":5},{"damage":9,"enemies":"Transient","floor":40,"turns":5},{"damage":18,"enemies":"Spire Growth","floor":43,"turns":3},{"damage":3,"enemies":"3 Darklings","floor":44,"turns":2},{"damage":28,"enemies":"Giant Head","floor":46,"turns":6},{"damage":0,"enemies":"downfall:FleeingMerchant","floor":47,"turns":1},{"damage":15,"enemies":"Reptomancer","floor":48,"turns":5},{"damage":10,"enemies":"Maw","floor":49,"turns":5},{"damage":125,"enemies":"WA_ARCHETYPE_DIVINITY","floor":50,"turns":6},{"damage":71,"enemies":"downfall:CharBossMerchant","floor":52,"turns":6},{"damage":8,"enemies":"downfall:NeowBoss","floor":55,"turns":12},{"damage":87,"enemies":"downfall:NeowBossFinal","floor":56,"turns":10}],"seed_played":"-141723954252463714","potions_obtained":[{"floor":2,"key":"SkillPotion"},{"floor":6,"key":"Energy Potion"},{"floor":8,"key":"Block Potion"},{"floor":10,"key":"Fire Potion"},{"floor":14,"key":"PowerPotion"},{"floor":16,"key":"hexamod:SoulburnPotion"},{"floor":20,"key":"Guardian:BlockOnCardUsePotion"},{"floor":25,"key":"Slimebound:SlimyTonguePotion"},{"floor":32,"key":"PowerPotion"},{"floor":33,"key":"EssenceOfSteel"},{"floor":39,"key":"hexamod:SoulburnPotion"},{"floor":40,"key":"Slimebound:SlimyTonguePotion"},{"floor":44,"key":"BlessingOfTheForge"},{"floor":48,"key":"Weak Potion"},{"floor":49,"key":"FairyPotion"}],"is_trial":false,"path_per_floor":["R","M","?","M","M","E","T","E","M","E","R","?","?","E","M","B",null,"R","?","?","?","M","?","T","M","E","M","E","R","?","M","M","B",null,"R","M","M","$","M","M","T","?","M","M","R","E","$","E","M","B",null,"E","$","R","B","B",null],"character_chosen":"SLIMEBOUND","items_purchased":["Orrery","Whetstone","Bronze Scales","Guardian:PocketSentry","Slimebound:SelfDamagePreventRelic","FairyPotion","GamblersBrew","Slimebound:AcidTongue","Bottled Flame"],"campfire_rested":1,"item_purchase_floors":[38,38,38,47,47,47,47,47,53],"current_hp_per_floor":[59,60,60,57,57,33,33,40,46,32,32,57,55,60,65,57,86,86,86,90,90,90,90,90,96,87,93,103,103,103,114,122,119,142,142,132,121,124,119,119,119,119,110,114,124,113,116,118,125,9,140,94,94,149,154,76],"gold":43,"neow_bonus":"THREE_RARE_CARDS","is_daily":false,"chose_seed":false,"campfire_upgraded":5,"win_rate":0.0,"timestamp":1612675499,"path_taken":["R","M","?","M","?","E","T","E","M","E","R","?","?","E","M","BOSS","R","?","?","?","M","?","T","M","E","M","E","R","?","M","M","BOSS","R","M","M","$","M","M","T","?","M","M","R","E","$","E","M","BOSS","E","$","R","BOSS","BOSS"],"items_purchased_type":["Relic","Relic","Relic","Relic","Relic","Potion","Potion","Card","Relic"],"build_version":"2020-12-22","purchased_purges":1,"victory":true,"max_hp_per_floor":[65,65,65,68,71,74,74,77,77,77,77,77,77,82,91,96,96,96,96,101,101,106,106,106,111,112,125,130,130,130,139,144,149,149,149,154,163,164,165,166,166,166,167,168,178,179,180,181,182,183,183,184,184,184,185,186],"card_choices":[{"not_picked":["Slimebound:FirmFortitude","Slimebound:SlimeSlap"],"picked":"Slimebound:OozeBath","floor":0},{"not_picked":["Slimebound:ForwardTackle","Slimebound:GoopTackle"],"picked":"Slimebound:Gluttony","floor":2},{"not_picked":["Slimebound:ProtectTheBoss","Slimebound:SlimeSpikes","Slimebound:SlimeBrawl"],"picked":"SKIP","floor":4},{"not_picked":["Slimebound:LeechingTouch","Slimebound:DouseInSlime"],"picked":"Slimebound:SplitSpecialist","floor":5},{"not_picked":["Slimebound:SplitMire","Slimebound:PressTheAttack"],"picked":"Slimebound:GrowthPunch","floor":6},{"not_picked":["Slimebound:PressTheAttack","Slimebound:ComboTackle"],"picked":"Slimebound:GoopSpray","floor":8},{"not_picked":["Slimebound:LivingWall","Slimebound:HauntingLick","Slimebound:ForwardTackle"],"picked":"SKIP","floor":9},{"not_picked":["Slimebound:ComboTackle","Slimebound:Overexert"],"picked":"Slimebound:SplitSpecialist","floor":10},{"not_picked":["Slimebound:Chomp","Slimebound:ViciousTackle"],"picked":"Slimebound:SlimeBrawl","floor":13},{"not_picked":["Slimebound:Prepare","Slimebound:Schlurp"],"picked":"Slimebound:Dissolve","floor":14},{"not_picked":["Slimebound:RollThrough","Slimebound:Gluttony"],"picked":"Slimebound:Replication","floor":15},{"not_picked":["Slimebound:Darklings","Slimebound:SlimeSlap"],"picked":"Slimebound:MassRepurpose","floor":16},{"not_picked":["Slimebound:SplitAcid","Slimebound:GoopTackle+1"],"picked":"Slimebound:SplitMire+1","floor":20},{"not_picked":[],"picked":"J.A.X.","floor":20},{"not_picked":["Slimebound:AcidTongue+1","Slimebound:ServeAndProtect"],"picked":"Slimebound:HauntingLick+1","floor":22},{"not_picked":["Slimebound:FlameTackle","Slimebound:RollThrough","Slimebound:Schlurp"],"picked":"SKIP","floor":25},{"not_picked":["Slimebound:RejuvenatingLick","Slimebound:HungryTackle"],"picked":"Slimebound:LeechingTouch","floor":26},{"not_picked":["Slimebound:Dissolve","Slimebound:Prepare"],"picked":"Slimebound:LeechEnergy","floor":27},{"not_picked":["Slimebound:SamplingLick","Slimebound:ViciousTackle"],"picked":"Slimebound:WasteNot","floor":28},{"not_picked":["Slimebound:ItLooksTasty+1","Slimebound:GoopSpray"],"picked":"Slimebound:PressTheAttack","floor":31},{"not_picked":["Slimebound:LeadByExample","Slimebound:PressTheAttack"],"picked":"Slimebound:MegaLick+1","floor":32},{"not_picked":["Slimebound:MassRepurpose","Slimebound:SelfFormingGoo"],"picked":"Slimebound:MinionMaster","floor":33},{"not_picked":["Slimebound:GoopTackle+1","Slimebound:SlimeSpikes+1"],"picked":"Slimebound:SlimeBarrage+1","floor":36},{"not_picked":["Slimebound:AcidTongue+1","Slimebound:Replication+1"],"picked":"Slimebound:Repurpose","floor":37},{"not_picked":["Slimebound:TongueLash+1","Slimebound:Schlurp"],"picked":"Slimebound:SplitLeeching+1","floor":38},{"not_picked":["Slimebound:ProtectTheBoss+1","Slimebound:ComboTackle"],"picked":"Slimebound:MegaLick+1","floor":38},{"not_picked":["Slimebound:Prepare+1","Slimebound:SplitMire+1"],"picked":"Slimebound:HungryTackle+1","floor":38},{"not_picked":["Slimebound:SlimeBrawl+1","Slimebound:LeechEnergy"],"picked":"Slimebound:SelfFormingGoo","floor":38},{"not_picked":["Slimebound:SpikyOuterGoop","Slimebound:Grow+1"],"picked":"Slimebound:FirmFortitude","floor":38},{"not_picked":["Slimebound:SplitSpecialist","Slimebound:FinishingTackle+1","Slimebound:PressTheAttack+1"],"picked":"SKIP","floor":39},{"not_picked":["Slimebound:ItLooksTasty+1","Slimebound:LeechingTouch+1"],"picked":"Slimebound:Nibble+1","floor":40},{"not_picked":["Slimebound:Prepare","Slimebound:TongueLash","Slimebound:ServeAndProtect+1"],"picked":"SKIP","floor":43},{"not_picked":["Slimebound:TongueLash","Slimebound:SamplingLick"],"picked":"Slimebound:Equalize","floor":44},{"not_picked":["Slimebound:SplitLeeching","Slimebound:LeechingTouch+1"],"picked":"Slimebound:Replication","floor":46},{"not_picked":["Slimebound:SlimeBrawl","Slimebound:SplitLeeching"],"picked":"Slimebound:LivingWall+1","floor":47},{"not_picked":["Slimebound:LeechingTouch+1","Slimebound:SlimeTap"],"picked":"Slimebound:LevelUp+1","floor":48},{"not_picked":["Slimebound:Grow+1","Slimebound:MegaLick"],"picked":"Slimebound:RainOfGoop","floor":49},{"not_picked":["Slimebound:Overexert","Slimebound:ComboTackle"],"picked":"Slimebound:LeechEnergy+1","floor":52}],"player_experience":1580851,"relics_obtained":[{"floor":6,"key":"Slimebound:AggressiveSlimeRelic"},{"floor":7,"key":"Centennial Puzzle"},{"floor":8,"key":"Juzu Bracelet"},{"floor":10,"key":"Vajra"},{"floor":13,"key":"downfall:CloakOfManyFaces"},{"floor":14,"key":"Oddly Smooth Stone"},{"floor":20,"key":"MutagenicStrength"},{"floor":26,"key":"Orichalcum"},{"floor":28,"key":"Peace Pipe"},{"floor":46,"key":"bronze:BronzeIdol"},{"floor":48,"key":"Letter Opener"},{"floor":52,"key":"Nunchaku"}],"event_choices":[{"damage_healed":25,"gold_gain":0,"player_choice":"Banana","damage_taken":0,"max_hp_gain":0,"max_hp_loss":0,"event_name":"Big Fish","floor":12,"gold_loss":0}],"is_beta":false,"boss_relics":[{"not_picked":["Sozu","Tiny House"],"picked":"Pandora\u0027s Box"},{"not_picked":["Slimebound:AbsorbEndCombatUpgraded","Empty Cage"],"picked":"Philosopher\u0027s Stone"}],"items_purged_floors":[38],"is_endless":false,"potions_floor_spawned":[2,6,8,10,13,14,16,20,25,31,32,33,36,39,40,44,48,49],"ascension_level":11}}