{"host":"j4g6ia6asvpyu2b0","time":1612713564,"event":{"mods":["BaseMod","Colored Map","Downfall","Minty Spire (QoL Compilation)","Permanent Neow","Quick Restart","Relic Stats","StSLib","Unceasing Turn Reminder"],"gold_per_floor":[199,218,229,247,267,300,323,334,334,372,397,431,431,431,453,453,453,453],"floor_reached":16,"language":"ENG","playtime":958,"items_purged":[],"score":124,"play_id":"04e25f5e-7839-4c7e-b74a-f0b5ebf0ee68","local_time":"20210207085924","is_ascension_mode":false,"campfire_choices":[{"data":"hexamod:Sear","floor":1,"key":"SMITH"},{"data":"hexamod:CatchUp","floor":9,"key":"SMITH"},{"data":"hexamod:HeatShield","floor":13,"key":"SMITH"}],"circlet_count":0,"master_deck":["hexamod:Strike","hexamod:Strike","hexamod:Strike","hexamod:Strike+1","hexamod:Defend","hexamod:Defend","hexamod:Defend","hexamod:Defend","hexamod:Sear+1","hexamod:Float","hexamod:ThermalTransfer+1","hexamod:ChargedBarrage","hexamod:CatchUp+1","hexamod:EtherealExpedition","hexamod:HeatShield+1","hexamod:GhostflameBarrier","hexamod:NightmareGuise","hexamod:HeatMetal","hexamod:HauntingEcho","hexamod:ExtraCrispy"],"relics":["hexamod:SpiritBrand","Whetstone","Smiling Mask","CeramicFish","MealTicket"],"acts_visited":["Exordium"],"potions_floor_usage":[6],"damage_taken":[{"damage":0,"enemies":"Cultist","floor":2,"turns":3},{"damage":0,"enemies":"Small Slimes","floor":3,"turns":3},{"damage":1,"enemies":"Jaw Worm","floor":4,"turns":3},{"damage":4,"enemies":"Blue Slaver","floor":5,"turns":4},{"damage":26,"enemies":"3 Sentries","floor":6,"turns":8},{"damage":6,"enemies":"Lots of Slimes","floor":8,"turns":5},{"damage":13,"enemies":"Lagavulin","floor":10,"turns":7},{"damage":2,"enemies":"3 Louse","floor":11,"turns":5},{"damage":3,"enemies":"3 Sentries","floor":12,"turns":8},{"damage":7,"enemies":"Blue Slaver","floor":15,"turns":3},{"damage":14,"enemies":"IC_STATUS_ARCHETYPE","floor":16,"turns":8}],"seed_played":"-6433517585830223666","potions_obtained":[{"floor":5,"key":"Swift Potion"},{"floor":6,"key":"SmokeBomb"},{"floor":8,"key":"AttackPotion"},{"floor":12,"key":"SkillPotion"},{"floor":15,"key":"hexamod:DoubleChargePotion"}],"is_trial":false,"path_per_floor":["R","M","M","M","M","E","T","M","R","E","M","E","R","?","M","B"],"character_chosen":"THE_SPIRIT","items_purchased":[],"campfire_rested":0,"item_purchase_floors":[],"current_hp_per_floor":[70,70,70,69,65,39,39,33,33,20,18,15,15,20,13,0,0,0],"gold":453,"neow_bonus":"HUNDRED_GOLD","is_daily":false,"chose_seed":false,"campfire_upgraded":3,"win_rate":0.0,"timestamp":1612713564,"path_taken":["R","M","M","M","M","E","T","M","R","E","?","E","R","?","M","BOSS"],"items_purchased_type":[],"build_version":"2020-12-22","purchased_purges":0,"victory":false,"max_hp_per_floor":[70,70,70,70,70,70,70,70,70,70,70,70,70,75,75,75,75,75],"relic_stats":{"counters":[11,57],"CeramicFish":36,"MealTicket":0,"Whetstone":["hexamod:Strike","hexamod:ThermalTransfer"],"Smiling Mask":0,"obtain_stats":[{"CeramicFish":10,"MealTicket":12,"Whetstone":6,"Smiling Mask":7,"hexamod:SpiritBrand":0},{"CeramicFish":7,"MealTicket":9,"Whetstone":5,"Smiling Mask":5,"hexamod:SpiritBrand":0},{"CeramicFish":33,"MealTicket":46,"Whetstone":21,"Smiling Mask":21,"hexamod:SpiritBrand":0}]},"card_choices":[{"not_picked":["hexamod:HeatMetal","hexamod:HauntingEcho"],"picked":"hexamod:ThermalTransfer","floor":2},{"not_picked":["hexamod:FlamesFromBeyond","hexamod:GhostOfSpirePast"],"picked":"hexamod:ChargedBarrage","floor":3},{"not_picked":["hexamod:ThermalTransfer","hexamod:NightmareStrike"],"picked":"hexamod:CatchUp","floor":4},{"not_picked":["hexamod:GhostOfSpirePresent","hexamod:ThermalTransfer"],"picked":"hexamod:EtherealExpedition","floor":5},{"not_picked":["hexamod:FirstSeal","hexamod:TurnItUp"],"picked":"hexamod:HeatShield","floor":6},{"not_picked":["hexamod:RecurringNightmare","hexamod:NightmareStrike"],"picked":"hexamod:GhostflameBarrier","floor":8},{"not_picked":["hexamod:FastForward","hexamod:AdvancingGuard"],"picked":"hexamod:NightmareGuise","floor":10},{"not_picked":["hexamod:SwordOfDarkness","hexamod:SpectersWail"],"picked":"hexamod:HeatMetal","floor":11},{"not_picked":["hexamod:GhostShield","hexamod:FirstSeal"],"picked":"hexamod:HauntingEcho","floor":12},{"not_picked":["hexamod:InspiringFlames","hexamod:ChargedBarrage"],"picked":"hexamod:ExtraCrispy","floor":15}],"player_experience":1196098,"relics_obtained":[{"floor":6,"key":"Whetstone"},{"floor":7,"key":"Smiling Mask"},{"floor":10,"key":"CeramicFish"},{"floor":12,"key":"MealTicket"}],"event_choices":[{"damage_healed":0,"gold_gain":0,"player_choice":"Donut","damage_taken":0,"max_hp_gain":5,"max_hp_loss":0,"event_name":"Big Fish","floor":14,"gold_loss":0}],"is_beta":false,"boss_relics":[],"items_purged_floors":[],"is_endless":false,"potions_floor_spawned":[5,6,8,12,15],"killed_by":"IC_STATUS_ARCHETYPE","ascension_level":0}}