{"host":"w9njud19qyl0lpz1","time":1612660538,"event":{"mods":["BaseMod","Infinite Spire","Minty Spire (QoL Compilation)","StSLib"],"gold_per_floor":[118,129,54,74,88,88,88,123,123,139,151,1,1,1,1,96,96,112,112,11,11,11,39,49,49,49,49,49,49,59,74,74,174,174,192,208,220,220,240,240,240,18,67,77,90,90,90,104,104,104],"floor_reached":51,"language":"ENG","playtime":8722,"items_purged":["Defend_R","Strike_R","Strike_R"],"score":744,"play_id":"01187eca-45f9-43c3-8dd9-3de9f34ee3d3","local_time":"20210206201538","is_ascension_mode":false,"campfire_choices":[{"floor":6,"key":"REST"},{"data":"Spot Weakness","floor":15,"key":"SMITH"},{"floor":25,"key":"REST"},{"floor":28,"key":"REST"},{"data":"Uppercut","floor":32,"key":"SMITH"},{"data":"Heavy Blade","floor":40,"key":"SMITH"},{"floor":49,"key":"REST"}],"circlet_count":0,"master_deck":["Strike_R","Strike_R","Defend_R","Defend_R","Defend_R","Bash","Flame Barrier","Flex","Rupture","Anger","Battle Trance","Spot Weakness+1","Limit Break+1","Carnage","Pommel Strike+1","Twin Strike+1","Necronomicurse","Armaments+1","Uppercut+1","Feed","Heavy Blade+1","Thunderclap","Fire Breathing+1","Intimidate"],"relics":["Burning Blood","WingedGreaves","Champion Belt","infinitespire:Eraser","Eternal Feather","Vajra","Boot","SacredBark","PreservedInsect","Matryoshka","Necronomicon","Busted Crown","infinitespire:FocusingShard","Strawberry"],"acts_visited":["Exordium","TheCity","TheBeyond"],"potions_floor_usage":[2,5,23,23,31,33,37,39,44,45,48],"damage_taken":[{"damage":7,"enemies":"2 Louse","floor":1,"turns":3},{"damage":0,"enemies":"Jaw Worm","floor":2,"turns":3},{"damage":0,"enemies":"Small Slimes","floor":4,"turns":3},{"damage":20,"enemies":"Exordium Thugs","floor":5,"turns":6},{"damage":29,"enemies":"Gremlin Nob","floor":8,"turns":5},{"damage":8,"enemies":"Blue Slaver","floor":10,"turns":4},{"damage":2,"enemies":"2 Fungi Beasts","floor":11,"turns":4},{"damage":26,"enemies":"Hexaghost","floor":16,"turns":7},{"damage":15,"enemies":"Shell Parasite","floor":18,"turns":4},{"damage":22,"enemies":"Gremlin Leader","floor":23,"turns":7},{"damage":23,"enemies":"2 Thieves","floor":24,"turns":4},{"damage":24,"enemies":"Centurion and Healer","floor":30,"turns":4},{"damage":0,"enemies":"Cultist and Chosen","floor":31,"turns":4},{"damage":82,"enemies":"Automaton","floor":33,"turns":11},{"damage":5,"enemies":"Orb Walker","floor":35,"turns":2},{"damage":16,"enemies":"3 Shapes","floor":36,"turns":5},{"damage":6,"enemies":"Maw","floor":37,"turns":5},{"damage":5,"enemies":"Jaw Worm Horde","floor":39,"turns":4},{"damage":0,"enemies":"Sphere and 2 Shapes","floor":44,"turns":2},{"damage":14,"enemies":"3 Darklings","floor":45,"turns":2},{"damage":28,"enemies":"Transient","floor":48,"turns":5},{"damage":82,"enemies":"Awakened One","floor":50,"turns":8}],"seed_played":"3047487043394076427","potions_obtained":[{"floor":1,"key":"FearPotion"},{"floor":4,"key":"HeartOfIron"},{"floor":8,"key":"FairyPotion"},{"floor":30,"key":"SpeedPotion"},{"floor":31,"key":"Block Potion"},{"floor":35,"key":"Fruit Juice"},{"floor":36,"key":"Dexterity Potion"},{"floor":37,"key":"SpeedPotion"}],"is_trial":false,"path_per_floor":["M","M","$","M","M","R","?","E","T","M","M","$","?","T","R","B",null,"M","?","$","?","$","E","M","R","T","?","R","AVR","M","M","R","B",null,"M","M","M","?","M","R","?","$","T","M","M","?","?","M","R","B",null],"character_chosen":"IRONCLAD","items_purchased":["Vajra","AttackPotion","Block Potion","Fire Potion","SteroidPotion","Thunderclap"],"campfire_rested":4,"item_purchase_floors":[12,20,20,42,42,42],"current_hp_per_floor":[71,72,72,72,58,72,72,49,49,47,51,51,44,44,53,33,72,63,63,63,63,63,47,30,60,60,44,72,72,54,60,72,67,72,75,68,68,68,72,81,77,77,84,84,76,76,76,64,94,18],"gold":104,"neow_bonus":"ONE_RARE_RELIC","is_daily":false,"chose_seed":false,"campfire_upgraded":3,"win_rate":0.0,"timestamp":1612660538,"path_taken":["M","M","$","M","M","R","?","E","T","M","M","$","?","?","R","BOSS","M","?","?","?","$","E","M","R","T","?","R","AVR","M","M","R","BOSS","M","M","M","?","M","R","?","$","T","M","M","?","?","M","R","BOSS"],"items_purchased_type":["Relic","Potion","Potion","Potion","Potion","Card"],"build_version":"2020-12-22","purchased_purges":3,"victory":true,"max_hp_per_floor":[72,72,72,72,72,72,72,72,72,72,72,72,72,72,72,72,72,72,72,72,72,72,72,72,72,72,72,72,72,72,72,72,72,72,75,78,78,78,81,81,77,77,84,84,84,84,84,94,94,94],"card_choices":[{"not_picked":["Headbutt","Cleave"],"picked":"Flame Barrier","floor":1},{"not_picked":["Body Slam","Shrug It Off"],"picked":"Flex","floor":2},{"not_picked":["Pommel Strike","Inflame"],"picked":"Rupture","floor":4},{"not_picked":["Sword Boomerang","Clash"],"picked":"Anger","floor":5},{"not_picked":["Wild Strike","Thunderclap"],"picked":"Battle Trance","floor":8},{"not_picked":["Sword Boomerang","Wild Strike","Reckless Charge"],"picked":"SKIP","floor":10},{"not_picked":["Impervious","Burning Pact"],"picked":"Spot Weakness","floor":11},{"not_picked":["Exhume","Reaper"],"picked":"Limit Break","floor":16},{"not_picked":["Headbutt","Iron Wave"],"picked":"Carnage","floor":18},{"not_picked":["Perfected Strike+1","Warcry"],"picked":"Pommel Strike+1","floor":23},{"not_picked":["Pummel","Entrench"],"picked":"Twin Strike+1","floor":24},{"not_picked":["Clothesline+1","Disarm"],"picked":"Armaments+1","floor":30},{"not_picked":["Metallicize","Pummel"],"picked":"Uppercut","floor":31},{"not_picked":["Corruption","Exhume"],"picked":"Feed","floor":33},{"not_picked":["Dropkick"],"picked":"SKIP","floor":35},{"not_picked":["Perfected Strike"],"picked":"SKIP","floor":36},{"not_picked":[],"picked":"Heavy Blade","floor":37},{"not_picked":["Rupture"],"picked":"SKIP","floor":39},{"not_picked":[],"picked":"Fire Breathing+1","floor":44},{"not_picked":["Thunderclap"],"picked":"SKIP","floor":45},{"not_picked":[],"picked":"Intimidate","floor":48}],"player_experience":2352759,"relics_obtained":[{"floor":8,"key":"infinitespire:Eraser"},{"floor":9,"key":"Eternal Feather"},{"floor":14,"key":"Boot"},{"floor":23,"key":"PreservedInsect"},{"floor":26,"key":"Matryoshka"},{"floor":27,"key":"Necronomicon"},{"floor":43,"key":"infinitespire:FocusingShard"},{"floor":43,"key":"Strawberry"}],"event_choices":[{"damage_healed":0,"gold_gain":0,"player_choice":"Box","damage_taken":0,"relics_obtained":["Champion Belt"],"max_hp_gain":0,"max_hp_loss":0,"event_name":"Big Fish","floor":7,"gold_loss":0,"cards_obtained":["Regret"]},{"cards_removed":["Regret"],"damage_healed":0,"gold_gain":0,"player_choice":"Card Removal","damage_taken":7,"max_hp_gain":0,"max_hp_loss":0,"event_name":"Golden Wing","floor":13,"gold_loss":0},{"damage_healed":0,"gold_gain":0,"player_choice":"Forge","damage_taken":0,"max_hp_gain":0,"max_hp_loss":0,"event_name":"Accursed Blacksmith","floor":19,"gold_loss":0,"cards_upgraded":["Limit Break"]},{"damage_healed":0,"gold_gain":0,"player_choice":"Ignored","damage_taken":0,"max_hp_gain":0,"max_hp_loss":0,"event_name":"Ghosts","floor":21,"gold_loss":0},{"damage_healed":0,"gold_gain":0,"player_choice":"Obtained Book","damage_taken":16,"max_hp_gain":0,"max_hp_loss":0,"event_name":"Cursed Tome","floor":27,"gold_loss":0},{"cards_removed":["Strike_R"],"damage_healed":0,"gold_gain":0,"player_choice":"Removed Attack","damage_taken":0,"max_hp_gain":0,"max_hp_loss":0,"event_name":"Falling","floor":38,"gold_loss":0},{"damage_healed":0,"gold_gain":0,"player_choice":"Max HP","damage_taken":0,"max_hp_gain":0,"max_hp_loss":4,"event_name":"Winding Halls","floor":41,"gold_loss":0},{"damage_healed":0,"gold_gain":0,"player_choice":"Ignored","damage_taken":0,"max_hp_gain":0,"max_hp_loss":0,"event_name":"Tomb of Lord Red Mask","floor":46,"gold_loss":0}],"is_beta":false,"boss_relics":[{"not_picked":["Philosopher\u0027s Stone","Cursed Key"],"picked":"SacredBark"},{"not_picked":["Sozu","Runic Pyramid"],"picked":"Busted Crown"}],"items_purged_floors":[3,29,42],"is_endless":false,"potions_floor_spawned":[1,4,8,30,31,35,36,37],"ascension_level":0}}