{"host":"7w1f7px7r26mario","time":1612684820,"event":{"mods":["Act Like it!","BaseMod","Conspire","Energized Spire","Gensokyo","Lobotomy","LobotomyExtend","Minty Spire (QoL Compilation)","Pale of the Ancients","Quick Restart","Relic Stats","Replay The Spire","Robot Space Explorer","StSLib","TestMod","[IsaacMod]ÒÔÈö¼âËþ","¡¾ÒÅÎï¿¨ÅÆ¡¿REMEMod"],"gold_per_floor":[117,117,117,117,182,217,217,252,279,295,311,311,327,385,385,487,487,509,527,527,270,270,314,371,418,441,366,418,418,480,480,480,620,620,654,523,523,578,712,791,860,703,703,510,577,635,698,749,749,803,871,925,925,1075,1075,1172,1172,1172,1172,1379],"floor_reached":61,"language":"ZHS","playtime":5495,"items_purged":["Defend_B","Clumsy","Defend_B"],"score":1524,"play_id":"553c0659-95d7-4013-ae6d-43b48cf7bf57","local_time":"20210207160020","is_ascension_mode":true,"campfire_choices":[{"data":"ReplayTheSpireMod:Dual Polarity","floor":7.0,"key":"SMITH"},{"data":"ReplayTheSpireMod:Dual Polarity","floor":12.0,"key":"SMITH"},{"floor":15.0,"key":"RECALL"},{"data":"Creative AI","floor":29.0,"key":"SMITH"},{"data":"Turbo","floor":32.0,"key":"SMITH"},{"data":"Defragment","floor":49.0,"key":"SMITH"},{"data":"Electrodynamics","floor":55,"key":"SMITH"},{"data":"Meteor Strike","floor":57,"key":"SMITH"}],"circlet_count":0,"master_deck":["Strike_B","Strike_B","Defend_B","Defend_B","Zap","Dualcast","ReplayTheSpireMod:Dual Polarity+1","ReplayTheSpireMod:Dual Polarity+1","Turbo","Static Discharge","Compile Driver","LongBird","Mirror Shield+1","Defragment+1","Turbo+1","Pulse","Turbo","Creative AI+1","Variant","Defragment+1","testmod-Dream+1","ReplayTheSpireMod:Reroute Power","BlackSwan","Defragment+1","Sweeping Beam+1","SnowQueen","BasicCrystalCard","ReplayTheSpireMod:Repulse+1","Electrodynamics+1","SilentOrchestra","Pot Of Greed","Pot Of Greed","Pot Of Greed","ReplayTheSpireMod:Dual Polarity+1","Pulse+1","Rainbow","Meteor Strike+1","Pot Of Greed"],"relics":["Cracked Core","testmod-TestBox","HushsDoor","REME_ComplimentaryCards","testmod-D_4","PokeGo","CogitoBucket","RabbitCall","LetterFromLob","Oddly Smooth Stone","PreservedInsect","Geode","AspirationHeart","conspire:DecoderRing","testmod-DeterminationOfClimber","Membership Card","Replay:Bandana","testmod-IndustrialRevolution","GuppysPaw","FleshIdol","Juzu Bracelet","testmod-Justice","energizedSpire:MagnifyingGlass","GuppysTail","Prayer Wheel","BackwardClock","AtMidnight","ReplayTheSpireMod:Shallot","Leech","Shuriken","testmod-Muramasa","Bottled Tornado","Guide Book","conspire:DeflatedDodgeball","Blue Doll","SteamSale","Grinning Jar","paleoftheancients:Timepiece","paleoftheancients:KeyRelic","Bronze Scales","paleoftheancients:SoulOfTheSilent","ReplayTheSpireMod:CursedCoin","SalivaCoin","Garlic","REME_CardOfGreed","testmod-TurbochargingSystem","testmod-Antiphasic"],"acts_visited":["Exordium","TheCity","TheBeyond","paleoftheancients:PaleOfTheAncients"],"potions_floor_usage":[],"damage_taken":[{"damage":0.0,"enemies":"Jaw Worm","floor":1.0,"turns":3.0},{"damage":1.0,"enemies":"Lagavulin","floor":6.0,"turns":6.0},{"damage":10.0,"enemies":"Gremlin Nob","floor":8.0,"turns":3.0},{"damage":0.0,"enemies":"Small Slimes","floor":10.0,"turns":2.0},{"damage":0.0,"enemies":"2 Louse","floor":11.0,"turns":3.0},{"damage":6.0,"enemies":"Exordium Thugs","floor":13.0,"turns":4.0},{"damage":11.0,"enemies":"Replay:BlueRogue","floor":14.0,"turns":4.0},{"damage":8.0,"enemies":"The Guardian","floor":16.0,"turns":7.0},{"damage":0.0,"enemies":"2 Thieves","floor":18.0,"turns":2.0},{"damage":0.0,"enemies":"3 Byrds","floor":19.0,"turns":3.0},{"damage":0.0,"enemies":"conspire:Head Lice","floor":23.0,"turns":4.0},{"damage":53.0,"enemies":"Centurion and Healer","floor":24.0,"turns":3.0},{"damage":0.0,"enemies":"Book of Stabbing","floor":25.0,"turns":3.0},{"damage":0.0,"enemies":"Gremlin Leader","floor":28.0,"turns":1.0},{"damage":14.0,"enemies":"Cultist and Chosen","floor":30.0,"turns":2.0},{"damage":8.0,"enemies":"Champ","floor":33.0,"turns":4.0},{"damage":18.0,"enemies":"3 Darklings","floor":35.0,"turns":8.0},{"damage":14.0,"enemies":"Orb Walker","floor":38.0,"turns":2.0},{"damage":0.0,"enemies":"Mind Bloom Boss Battle","floor":39.0,"turns":2.0},{"damage":28.0,"enemies":"Reptomancer","floor":40.0,"turns":2.0},{"damage":0.0,"enemies":"Jaw Worm Horde","floor":41.0,"turns":2.0},{"damage":15.0,"enemies":"R_Hoarder","floor":46.0,"turns":10.0},{"damage":21.0,"enemies":"4 Shapes","floor":47.0,"turns":2.0},{"damage":4.0,"enemies":"Giant Head","floor":48.0,"turns":4.0},{"damage":84.0,"enemies":"Donu and Deca","floor":50.0,"turns":7.0},{"damage":73.0,"enemies":"Donu and Deca","floor":51.0,"turns":3.0},{"damage":8.0,"enemies":"Donu and Deca","floor":52.0,"turns":4.0},{"damage":492,"enemies":"Donu and Deca","floor":56,"turns":3},{"damage":124,"enemies":"Delirium","floor":60,"turns":7}],"seed_played":"-5182603437424063862","potions_obtained":[{"floor":6.0,"key":"Energy Potion"},{"floor":8.0,"key":"REME_GoldPotion"},{"floor":10.0,"key":"SpeedPotion"},{"floor":18.0,"key":"ColorlessPotion"},{"floor":24.0,"key":"SteroidPotion"},{"floor":28.0,"key":"FearPotion"},{"floor":35.0,"key":"Explosive Potion"},{"floor":40.0,"key":"AttackPotion"},{"floor":46.0,"key":"testmod-TestPotion"},{"floor":51.0,"key":"Fire Potion"}],"is_trial":false,"path_per_floor":["M","?","?","?","?","E","R","E","T","M","M","R","M","E","R","B",null,"M","M","?","$","?","E","M","E","T","?","E","R","M","?","R","B",null,"M","$","?","M","?","E","M","$","T","$","?","E","M","E","R","B","M","M","?","$","R","M","R","$","?","B",null],"character_chosen":"DEFECT","items_purchased":["Membership Card","Replay:Bandana","GuppysTail","ReplayTheSpireMod:Shallot","testmod-Muramasa","Guide Book","conspire:DeflatedDodgeball","ReplayTheSpireMod:CursedCoin","SalivaCoin","Garlic","Rainbow","Meteor Strike","REME_CardOfGreed","testmod-TurbochargingSystem","testmod-Antiphasic"],"campfire_rested":0,"item_purchase_floors":[21,21,34,36,42,44,44,54,54,54,54,54,58,58,58],"current_hp_per_floor":[75,75,75,75,60,59,59,49,49,49,49,49,53,42,42,34,85,85,85,69,69,54,64,21,37,37,37,56,56,66,66,66,78,80,71,71,71,80,80,72,80,80,80,80,80,80,80,80,80,84,54,82,82,82,82,84,84,84,84,2],"gold":1379,"neow_bonus":"","is_daily":false,"chose_seed":false,"campfire_upgraded":7,"win_rate":0.0,"timestamp":1612684820,"path_taken":["M","?","?","?","?","E","R","E","T","?","M","R","M","E","R","BOSS","M","M","?","$","?","E","?","E","T","?","E","R","M","?","R","BOSS","M","$","?","M","?","E","M","$","T","$","?","E","M","E","R","BOSS","M","M","?","$","R","M","R","$","?","BOSS"],"items_purchased_type":["Relic","Relic","Relic","Relic","Relic","Relic","Relic","Relic","Relic","Relic","Card","Card","Relic","Relic","Relic"],"build_version":"2020-12-22","purchased_purges":3,"victory":true,"max_hp_per_floor":[75,75,75,75,75,75,75,75,75,75,75,75,85,85,85,85,85,85,85,90,90,90,90,90,90,90,90,90,90,90,90,90,90,80,80,80,80,80,80,80,80,80,80,80,80,80,80,80,80,84,84,84,84,84,84,84,84,84,84,89],"relic_stats":{"counters":[33,114],"Shuriken":[19],"Bronze Scales":[57],"Prayer Wheel":7,"PreservedInsect":408,"Juzu Bracelet":1,"obtain_stats":[{"RabbitCall":0,"GuppysTail":34,"GuppysPaw":23,"FleshIdol":24,"Blue Doll":45,"Juzu Bracelet":25,"Bottled Tornado":43,"Leech":39,"CogitoBucket":0,"Replay:Bandana":21,"PokeGo":0,"conspire:DecoderRing":14,"Prayer Wheel":35,"testmod-DeterminationOfClimber":17,"Cracked Core":0,"KeepersGift":0,"BackwardClock":35,"testmod-Muramasa":42,"paleoftheancients:KeyRelic":50,"testmod-TestBox":0,"ReplayTheSpireMod:CursedCoin":54,"Guide Book":44,"Oddly Smooth Stone":6,"AspirationHeart":13,"PreservedInsect":8,"Geode":9,"testmod-TurbochargingSystem":58,"testmod-Justice":28,"testmod-IndustrialRevolution":22,"SteamSale":46,"paleoftheancients:Timepiece":50,"testmod-Antiphasic":58,"testmod-D_4":0,"ReplayTheSpireMod:Shallot":36,"Shuriken":40,"Bronze Scales":50,"AtMidnight":35,"LetterFromLob":1,"energizedSpire:MagnifyingGlass":34,"paleoftheancients:SoulOfTheSilent":51,"SalivaCoin":54,"Garlic":54,"Membership Card":21,"REME_CardOfGreed":58,"conspire:DeflatedDodgeball":44,"Grinning Jar":48,"HushsDoor":0,"REME_ComplimentaryCards":0},{"RabbitCall":0,"GuppysTail":18,"GuppysPaw":12,"FleshIdol":14,"Blue Doll":24,"Juzu Bracelet":15,"Bottled Tornado":24,"Leech":22,"CogitoBucket":0,"Replay:Bandana":11,"PokeGo":0,"conspire:DecoderRing":8,"Prayer Wheel":20,"testmod-DeterminationOfClimber":9,"Cracked Core":0,"KeepersGift":0,"BackwardClock":20,"testmod-Muramasa":24,"paleoftheancients:KeyRelic":29,"testmod-TestBox":0,"ReplayTheSpireMod:CursedCoin":31,"Guide Book":24,"Oddly Smooth Stone":2,"AspirationHeart":7,"PreservedInsect":3,"Geode":3,"testmod-TurbochargingSystem":32,"testmod-Justice":16,"testmod-IndustrialRevolution":11,"SteamSale":25,"paleoftheancients:Timepiece":29,"testmod-Antiphasic":32,"testmod-D_4":0,"ReplayTheSpireMod:Shallot":20,"Shuriken":23,"Bronze Scales":29,"AtMidnight":20,"LetterFromLob":1,"energizedSpire:MagnifyingGlass":18,"paleoftheancients:SoulOfTheSilent":30,"SalivaCoin":31,"Garlic":31,"Membership Card":11,"REME_CardOfGreed":32,"conspire:DeflatedDodgeball":24,"Grinning Jar":27,"HushsDoor":0,"REME_ComplimentaryCards":0},{"RabbitCall":0,"GuppysTail":56,"GuppysPaw":42,"FleshIdol":46,"Blue Doll":73,"Juzu Bracelet":49,"Bottled Tornado":73,"Leech":69,"CogitoBucket":0,"Replay:Bandana":38,"PokeGo":0,"conspire:DecoderRing":26,"Prayer Wheel":58,"testmod-DeterminationOfClimber":33,"Cracked Core":0,"KeepersGift":0,"BackwardClock":65,"testmod-Muramasa":73,"paleoftheancients:KeyRelic":97,"testmod-TestBox":0,"ReplayTheSpireMod:CursedCoin":104,"Guide Book":73,"Oddly Smooth Stone":9,"AspirationHeart":22,"PreservedInsect":12,"Geode":12,"testmod-TurbochargingSystem":107,"testmod-Justice":50,"testmod-IndustrialRevolution":38,"SteamSale":83,"paleoftheancients:Timepiece":97,"testmod-Antiphasic":107,"testmod-D_4":0,"ReplayTheSpireMod:Shallot":65,"Shuriken":71,"Bronze Scales":97,"AtMidnight":65,"LetterFromLob":3,"energizedSpire:MagnifyingGlass":56,"paleoftheancients:SoulOfTheSilent":100,"SalivaCoin":104,"Garlic":104,"Membership Card":38,"REME_CardOfGreed":107,"conspire:DeflatedDodgeball":73,"Grinning Jar":89,"HushsDoor":0,"REME_ComplimentaryCards":0}]},"card_choices":[{"not_picked":["Tempest","Coolheaded"],"picked":"ReplayTheSpireMod:Dual Polarity","floor":1.0},{"not_picked":["Auto Shields","Hologram"],"picked":"Turbo","floor":6.0},{"not_picked":["Ball Lightning","Auto Shields"],"picked":"Static Discharge","floor":8.0},{"not_picked":["Scrape","Undo","Ball Lightning"],"picked":"SKIP","floor":10.0},{"not_picked":["Beam Cell","Gash"],"picked":"Compile Driver","floor":11.0},{"not_picked":["Wellcheers","WallGazer"],"picked":"LongBird","floor":13.0},{"not_picked":["Beam Cell","Blizzard","Gash"],"picked":"SKIP","floor":13.0},{"not_picked":["REME_ForAll","Leap","Ball Lightning"],"picked":"SKIP","floor":14.0},{"not_picked":["Seek","Amplify"],"picked":"Mirror Shield","floor":16.0},{"not_picked":["REME_Whirling+1","Leap"],"picked":"Defragment+1","floor":18.0},{"not_picked":["Sweeping Beam","Chaos"],"picked":"Turbo","floor":19.0},{"not_picked":["Redo","Undo+1"],"picked":"Pulse","floor":23.0},{"not_picked":["Conserve Battery","Thunder Strike"],"picked":"Turbo","floor":24.0},{"not_picked":["BootSequence","Conserve Battery"],"picked":"Creative AI","floor":25.0},{"not_picked":["QueenOfHatred","WallGazer"],"picked":"Variant","floor":28.0},{"not_picked":["conspire:SharedLibrary","ReplayGash","REME_Shoggoth"],"picked":"SKIP","floor":28.0},{"not_picked":["ReplaySolidLightProjector","Coolheaded+1","Leap"],"picked":"SKIP","floor":30.0},{"not_picked":["Thunder Strike","Mirror Shield"],"picked":"ReplayTheSpireMod:Fabricate Wheel","floor":33.0},{"not_picked":["Undo+1","Loop"],"picked":"Defragment","floor":35.0},{"not_picked":["Beam Cell","Barrage","Compile Driver+1"],"picked":"SKIP","floor":35.0},{"not_picked":["testmod-SubstituteBySubterfuge","Purity"],"picked":"testmod-Dream","floor":37.0},{"not_picked":["Conserve Battery+1","Steam+1"],"picked":"ReplayTheSpireMod:Reroute Power","floor":38.0},{"not_picked":["Conserve Battery+1","Rebound","REME_DataAnalysis"],"picked":"SKIP","floor":38.0},{"not_picked":["HeroicMonk","BodiesMountain"],"picked":"BlackSwan","floor":39.0},{"not_picked":["Barrage","Gash","Sweeping Beam+1"],"picked":"Defragment+1","floor":39.0},{"not_picked":["Reprogram","Steam"],"picked":"Sweeping Beam+1","floor":40.0},{"not_picked":["FieryBird","HappyTeddy"],"picked":"SnowQueen","floor":41.0},{"not_picked":["Beam Cell","REME_Whirling+1"],"picked":"BasicCrystalCard","floor":41.0},{"not_picked":["Beam Cell+1","Machine Learning","Panic Button"],"picked":"SKIP","floor":41.0},{"not_picked":["Ball Lightning+1","ReplaySort"],"picked":"ReplayTheSpireMod:Repulse+1","floor":45.0},{"not_picked":["Force Field+1","Meteor Strike"],"picked":"Electrodynamics","floor":46.0},{"not_picked":["DreamingCurrent","RedShoes"],"picked":"SilentOrchestra","floor":47.0},{"not_picked":["ReplaySort","Leap+1","Hologram+1"],"picked":"SKIP","floor":47.0},{"not_picked":["ReplayGash+1","Hologram","Pulse"],"picked":"SKIP","floor":47.0},{"not_picked":["Steam+1","Redo+1","Force Field","Compile Driver"],"picked":"SKIP","floor":48.0},{"not_picked":["Gash+1","Streamline+1"],"picked":"ReplayTheSpireMod:Dual Polarity+1","floor":51.0},{"not_picked":["Streamline","Go for the Eyes","Cold Snap"],"picked":"SKIP","floor":51.0},{"not_picked":["Conserve Battery+1","Machine Learning"],"picked":"Pulse+1","floor":52},{"not_picked":["Fan+1","Compile Driver+1","Panic Button"],"picked":"SKIP","floor":52}],"player_experience":256843,"relics_obtained":[{"floor":1.0,"key":"LetterFromLob"},{"floor":6.0,"key":"Oddly Smooth Stone"},{"floor":8.0,"key":"PreservedInsect"},{"floor":9.0,"key":"Geode"},{"floor":14.0,"key":"conspire:DecoderRing"},{"floor":23.0,"key":"GuppysPaw"},{"floor":25.0,"key":"Juzu Bracelet"},{"floor":28.0,"key":"testmod-Justice"},{"floor":35.0,"key":"AtMidnight"},{"floor":39.0,"key":"Leech"},{"floor":40.0,"key":"Shuriken"},{"floor":43.0,"key":"Bottled Tornado"},{"floor":45.0,"key":"Blue Doll"},{"floor":46.0,"key":"SteamSale"},{"floor":48.0,"key":"Grinning Jar"},{"floor":51.0,"key":"paleoftheancients:SoulOfTheSilent"}],"event_choices":[{"cards_removed":["Strike_B"],"damage_healed":0.0,"max_hp_gain":0.0,"max_hp_loss":0.0,"gold_gain":0.0,"event_name":"Bonfire Elementals","player_choice":"Offered Basic","floor":3.0,"gold_loss":0.0,"damage_taken":0.0},{"damage_healed":0.0,"max_hp_gain":0.0,"max_hp_loss":0.0,"gold_gain":0.0,"event_name":"conspire:Investor","player_choice":"Leave","floor":4.0,"gold_loss":0.0,"damage_taken":0.0},{"damage_healed":0.0,"max_hp_gain":5.0,"max_hp_loss":0.0,"gold_gain":0.0,"event_name":"Forgotten Altar","player_choice":"Shed Blood","floor":20.0,"gold_loss":0.0,"damage_taken":21.0},{"cards_removed":["Strike_B"],"damage_healed":0.0,"max_hp_gain":0.0,"max_hp_loss":0.0,"gold_gain":0.0,"event_name":"Beggar","player_choice":"Gave Gold","floor":27.0,"gold_loss":75.0,"damage_taken":0.0},{"damage_healed":0.0,"max_hp_gain":0.0,"max_hp_loss":0.0,"gold_gain":0.0,"event_name":"SensoryStone","player_choice":"Memory 1","floor":37.0,"gold_loss":0.0,"damage_taken":0.0},{"damage_healed":0.0,"max_hp_gain":0.0,"max_hp_loss":0.0,"gold_gain":0.0,"event_name":"MindBloom","player_choice":"Fight","floor":39.0,"gold_loss":0.0,"damage_taken":0.0}],"is_beta":false,"boss_relics":[{"not_picked":["Coffee Dripper","ChewingGum"],"picked":"testmod-DeterminationOfClimber"},{"not_picked":[]},{"not_picked":["testmod-Recursion","testmod-CardMagician"],"picked":"energizedSpire:MagnifyingGlass"},{"not_picked":[]}],"items_purged_floors":[21,54,58],"is_endless":false,"potions_floor_spawned":[6,8,10,18,24,28,35,40,46,47,51],"ascension_level":2}}