{"host":"md0dejzd6k70gl1f","time":1612736691,"event":{"mods":["BaseMod","Bestiary","Minty Spire (QoL Compilation)","Quick Restart"],"gold_per_floor":[119,130,80,90,90,126,126,145,168,168,206,206,222,34,34,158,158,172,1,1,21,44,44,78,97,97,97,97],"floor_reached":27,"language":"ENG","playtime":889,"items_purged":["Strike_B"],"score":365,"play_id":"8785323a-be6a-4788-beec-9540499b3cce","local_time":"20210207232451","is_ascension_mode":true,"campfire_choices":[{"data":"Zap","floor":7,"key":"SMITH"},{"floor":15,"key":"REST"},{"data":"Hologram","floor":23,"key":"SMITH"}],"circlet_count":0,"master_deck":["AscendersBane","Strike_B","Strike_B","Defend_B","Defend_B","Defend_B","Defend_B","Zap+1","Dualcast","Barrage+1","Ball Lightning","Steam","Cold Snap","Echo Form+1","Conserve Battery","Core Surge","Go for the Eyes+1","Hologram+1","Static Discharge+1","Leap","Ball Lightning+1"],"relics":["Cracked Core","Golden Idol","MealTicket","Regal Pillow","Pen Nib","Membership Card","Nuclear Battery","Runic Capacitor","Blood Vial","Tiny Chest"],"acts_visited":["Exordium","TheCity"],"potions_floor_usage":[6,18,24,27],"damage_taken":[{"damage":1,"enemies":"Cultist","floor":1,"turns":3},{"damage":0,"enemies":"Small Slimes","floor":2,"turns":3},{"damage":0,"enemies":"2 Louse","floor":4,"turns":2},{"damage":24,"enemies":"Lagavulin","floor":6,"turns":5},{"damage":5,"enemies":"Looter","floor":8,"turns":2},{"damage":30,"enemies":"Gremlin Nob","floor":11,"turns":5},{"damage":1,"enemies":"2 Fungi Beasts","floor":13,"turns":3},{"damage":33,"enemies":"The Guardian","floor":16,"turns":12},{"damage":18,"enemies":"2 Thieves","floor":18,"turns":4},{"damage":0,"enemies":"3 Byrds","floor":21,"turns":4},{"damage":3,"enemies":"Centurion and Healer","floor":22,"turns":3},{"damage":36,"enemies":"Gremlin Leader","floor":24,"turns":4},{"damage":5,"enemies":"Snake Plant","floor":25,"turns":4},{"damage":26,"enemies":"Slavers","floor":27,"turns":4}],"seed_played":"-2028138908283718921","potions_obtained":[{"floor":0,"key":"LiquidBronze"},{"floor":0,"key":"PotionOfCapacity"},{"floor":0,"key":"FocusPotion"},{"floor":1,"key":"Regen Potion"},{"floor":11,"key":"FearPotion"},{"floor":18,"key":"BlessingOfTheForge"}],"is_trial":false,"path_per_floor":["M","M","?","M","?","E","R","M","T","?","E","?","M","$","R","B",null,"M","$","?","M","M","R","E","M","T","E"],"character_chosen":"DEFECT","items_purchased":["Membership Card","Runic Capacitor","Blood Vial","Hologram"],"campfire_rested":1,"item_purchase_floors":[14,19,19,19],"current_hp_per_floor":[67,67,67,67,67,43,43,38,38,38,8,8,7,22,57,24,58,40,55,55,57,56,56,34,31,31,7,7],"gold":97,"neow_bonus":"THREE_SMALL_POTIONS","is_daily":false,"chose_seed":false,"campfire_upgraded":2,"win_rate":0.0,"timestamp":1612736691,"path_taken":["M","?","?","M","?","E","R","M","T","?","E","?","M","$","R","BOSS","M","$","?","M","?","R","E","M","T","E"],"items_purchased_type":["Relic","Relic","Relic","Card"],"build_version":"2020-12-22","purchased_purges":1,"victory":false,"max_hp_per_floor":[75,75,75,75,69,69,69,69,69,69,69,69,69,69,69,69,69,69,69,69,69,69,69,69,69,69,69,69],"card_choices":[{"not_picked":["Leap","Double Energy"],"picked":"Barrage","floor":1},{"not_picked":["Loop","Auto Shields"],"picked":"Ball Lightning","floor":2},{"not_picked":["Melter","Reprogram"],"picked":"Steam","floor":4},{"not_picked":["Rainbow","Scrape"],"picked":"Cold Snap","floor":6},{"not_picked":["Gash","Barrage","Sunder"],"picked":"SKIP","floor":8},{"not_picked":["Rip and Tear","Hologram"],"picked":"Echo Form","floor":11},{"not_picked":["Compile Driver","Doom and Gloom"],"picked":"Conserve Battery","floor":13},{"not_picked":["Meteor Strike","All For One"],"picked":"Core Surge","floor":16},{"not_picked":["Static Discharge","Sweeping Beam+1"],"picked":"Go for the Eyes+1","floor":18},{"not_picked":["Stack","Compile Driver"],"picked":"Static Discharge+1","floor":21},{"not_picked":["Turbo+1","Double Energy"],"picked":"Leap","floor":22},{"not_picked":["Beam Cell","Hyperbeam","Cold Snap"],"picked":"SKIP","floor":24},{"not_picked":["Barrage","Melter+1"],"picked":"Ball Lightning+1","floor":25}],"player_experience":495595,"relics_obtained":[{"floor":6,"key":"MealTicket"},{"floor":9,"key":"Regal Pillow"},{"floor":11,"key":"Pen Nib"},{"floor":24,"key":"Tiny Chest"}],"event_choices":[{"cards_removed":["Strike_B"],"damage_healed":0,"gold_gain":0,"player_choice":"Card Removal","damage_taken":0,"max_hp_gain":0,"max_hp_loss":0,"event_name":"The Cleric","floor":3,"gold_loss":50},{"damage_healed":0,"gold_gain":0,"player_choice":"Lose Max HP","damage_taken":0,"relics_obtained":["Golden Idol"],"max_hp_gain":0,"max_hp_loss":6,"event_name":"Golden Idol","floor":5,"gold_loss":0},{"damage_healed":0,"gold_gain":0,"player_choice":"Ignored","damage_taken":0,"max_hp_gain":0,"max_hp_loss":0,"event_name":"Liars Game","floor":10,"gold_loss":0},{"damage_healed":0,"gold_gain":0,"player_choice":"Grow","damage_taken":0,"max_hp_gain":0,"max_hp_loss":0,"event_name":"Living Wall","floor":12,"gold_loss":0,"cards_upgraded":["Echo Form"]},{"damage_healed":0,"gold_gain":0,"player_choice":"Upgraded","damage_taken":0,"max_hp_gain":0,"max_hp_loss":0,"event_name":"Upgrade Shrine","floor":20,"gold_loss":0,"cards_upgraded":["Barrage"]}],"is_beta":false,"boss_relics":[{"not_picked":["Cursed Key","Pandora\u0027s Box"],"picked":"Nuclear Battery"}],"items_purged_floors":[14],"is_endless":false,"potions_floor_spawned":[1,2,11,13,18,21],"killed_by":"Slavers","ascension_level":10}}