{"host":"94llj6gteolxpmtb","time":1612727578,"event":{"mods":["BaseMod","Better Match","Better Note","BetterRewards","Colored Powertips","Googly Eyes","Minty Spire (QoL Compilation)","Quick Restart","StSLib"],"gold_per_floor":[117,117,42,54,4,34,47,47,47,80,80,100,130,130,130,225,225,245,258,269,269,124,124,124,124,124,124,124],"floor_reached":27,"language":"ENG","playtime":1199,"items_purged":["Defend_G","Infinite Blades+1"],"score":254,"play_id":"ed0d7226-c0b7-427b-9b27-d908e812cadf","local_time":"20210207125258","is_ascension_mode":false,"campfire_choices":[{"data":"Noxious Fumes","floor":8,"key":"SMITH"},{"floor":11,"key":"REST"},{"floor":15,"key":"REST"},{"floor":23,"key":"REST"},{"data":"Bouncing Flask","floor":25,"key":"SMITH"}],"circlet_count":0,"master_deck":["Defend_G","Defend_G","Defend_G","Survivor","Neutralize","Caltrops","Noxious Fumes","Infinite Blades","Endless Agony","Noxious Fumes+1","Accuracy","Blade Dance","Bouncing Flask+1","After Image","Leg Sweep+1","Corpse Explosion+1","Endless Agony","Bouncing Flask+1","Deadly Poison","Writhe"],"relics":["Ring of the Snake","NeowsBlessing","Ginger","Meat on the Bone","Pocketwatch","Regal Pillow","Astrolabe","Paper Crane","Matryoshka"],"acts_visited":["Exordium","TheCity"],"potions_floor_usage":[],"damage_taken":[{"damage":0,"enemies":"2 Louse","floor":1,"turns":1},{"damage":0,"enemies":"Small Slimes","floor":4,"turns":1},{"damage":0,"enemies":"Lagavulin","floor":6,"turns":1},{"damage":0,"enemies":"Cultist","floor":7,"turns":3},{"damage":23,"enemies":"3 Sentries","floor":10,"turns":5},{"damage":7,"enemies":"Looter","floor":12,"turns":4},{"damage":8,"enemies":"Lagavulin","floor":13,"turns":6},{"damage":36,"enemies":"Hexaghost","floor":16,"turns":7},{"damage":20,"enemies":"3 Byrds","floor":18,"turns":3},{"damage":17,"enemies":"Spheric Guardian","floor":19,"turns":4},{"damage":31,"enemies":"Snake Plant","floor":20,"turns":4},{"damage":30,"enemies":"Slavers","floor":27,"turns":3}],"seed_played":"326993889241473308","potions_obtained":[{"floor":7,"key":"SteroidPotion"},{"floor":10,"key":"Energy Potion"},{"floor":12,"key":"Swift Potion"},{"floor":13,"key":"DistilledChaos"},{"floor":16,"key":"PowerPotion"}],"is_trial":false,"path_per_floor":["M","?","$","M","?","E","M","R","T","E","R","M","E","?","R","B",null,"M","M","M","?","$","R","?","R","T","E"],"character_chosen":"THE_SILENT","items_purchased":["Deadly Poison"],"campfire_rested":3,"item_purchase_floors":[22],"current_hp_per_floor":[70,70,70,70,70,70,70,70,70,47,68,61,53,46,70,46,70,50,45,26,26,26,62,62,62,62,32,32],"gold":124,"neow_bonus":"THREE_ENEMY_KILL","is_daily":false,"chose_seed":false,"campfire_upgraded":2,"win_rate":0.0,"timestamp":1612727578,"path_taken":["M","?","$","M","?","E","M","R","T","E","R","M","E","?","R","BOSS","M","M","M","?","$","R","?","R","T","E"],"items_purchased_type":["Card"],"build_version":"2020-12-22","purchased_purges":2,"victory":false,"max_hp_per_floor":[70,70,70,70,70,70,70,70,70,70,70,70,70,70,70,70,70,70,70,70,70,70,70,70,70,70,70,70],"card_choices":[{"not_picked":["Deflect","Poisoned Stab"],"picked":"Caltrops","floor":1},{"not_picked":["Dagger Throw","Bane"],"picked":"Infinite Blades","floor":4},{"not_picked":["Backflip","Outmaneuver"],"picked":"Endless Agony","floor":6},{"not_picked":["Backflip","Deflect"],"picked":"Noxious Fumes","floor":7},{"not_picked":["Underhanded Strike","Terror"],"picked":"Accuracy","floor":10},{"not_picked":["PiercingWail","Eviscerate"],"picked":"Blade Dance","floor":12},{"not_picked":["Bane","Slice"],"picked":"Bouncing Flask","floor":13},{"not_picked":["Phantasmal Killer","Malaise"],"picked":"After Image","floor":16},{"not_picked":["Flying Knee","Acrobatics"],"picked":"Endless Agony","floor":18},{"not_picked":["Prepared","Riddle With Holes+1"],"picked":"Bouncing Flask+1","floor":19},{"not_picked":["Infinite Blades+1","Reflex","Dodge and Roll"],"picked":"SKIP","floor":20}],"player_experience":41161,"relics_obtained":[{"floor":6,"key":"Ginger"},{"floor":9,"key":"Meat on the Bone"},{"floor":10,"key":"Pocketwatch"},{"floor":13,"key":"Regal Pillow"},{"floor":26,"key":"Matryoshka"}],"event_choices":[{"damage_healed":0,"gold_gain":0,"cards_transformed":["Defend_G"],"player_choice":"Change","damage_taken":0,"max_hp_gain":0,"max_hp_loss":0,"event_name":"Living Wall","floor":2,"gold_loss":0,"cards_obtained":["Noxious Fumes"]},{"cards_removed":["Strike_G"],"damage_healed":0,"gold_gain":0,"player_choice":"Card Removal","damage_taken":0,"max_hp_gain":0,"max_hp_loss":0,"event_name":"The Cleric","floor":5,"gold_loss":50},{"cards_removed":["Strike_G"],"damage_healed":0,"gold_gain":0,"player_choice":"Card Removal","damage_taken":7,"max_hp_gain":0,"max_hp_loss":0,"event_name":"Golden Wing","floor":14,"gold_loss":0},{"cards_removed":["Infinite Blades"],"damage_healed":0,"gold_gain":0,"player_choice":"Give","damage_taken":0,"max_hp_gain":0,"max_hp_loss":0,"event_name":"betterNote:BetterNote","floor":21,"gold_loss":0,"cards_obtained":["Strike_G"]},{"damage_healed":0,"gold_gain":0,"player_choice":"Opened","damage_taken":0,"relics_obtained":["Paper Crane"],"max_hp_gain":0,"max_hp_loss":0,"event_name":"The Mausoleum","floor":24,"gold_loss":0,"cards_obtained":["Writhe"]}],"is_beta":false,"boss_relics":[{"not_picked":["Fusion Hammer","HoveringKite"],"picked":"Astrolabe"}],"items_purged_floors":[3,22],"is_endless":false,"potions_floor_spawned":[7,10,12,13,16,19],"killed_by":"Slavers","ascension_level":0}}