{"host":"wi1dz5t8299iil0b","time":1612715278,"event":{"mods":["2.2 Compatiblity","Act Like it!","Aspiration","Astrologer","BaseMod","Beaked The Cultist","Better Debug","Better Match","Better Note","Better Sensory Stone","Better Synergies","Better Third Choice","BetterRewards","Bossed Relics","Colored Map","Colored Powertips","Communication Mod","Conjunction","Conspire","Downfall","Evolution","Fiend Mod","Fox Events","Friendly Minions","GifTheSpireLib","GungeonMod","Halation","Hallownest","Highlight Path","Hubris","Infinite Spire","Jedi Mod","Lobotomy","Mad Scientist","Minty Spire (QoL Compilation)","Permanent Neow","RNG Fix","Reliquary","Replay The Spire","Shade Mod","Shop Mod","Spikes Relics","Spire Arcade","StS++","StSLib","Stuff the Spire","The Blackbeard","The Blue Laboratory","The Bug Knight","The Construct","The Cursed","The Death Knight","The Dragonkin","The Druid","The Necromancer","The Problem Sleuth","The Sage","TheHeartMod","TheSurvivalist","Trackpad","Wandering Minibosses","????"],"gold_per_floor":[118,118,118,137,161,161,193,193,193,193,109,125,135,150,150,248,248,259,359,329,73,73,88,120,137,187,187,201,201,201,216,216,318,318,335,246,263,263,263,293,293,304,328,328,328,328,328,354,354,354],"floor_reached":51,"language":"ENG","playtime":4238,"items_purged":[],"score":743,"play_id":"b46a9da9-ccbc-49e9-9697-751a36037437","local_time":"20210207112758","is_ascension_mode":false,"campfire_choices":[{"data":"survmod:DeadlyAim","floor":6,"key":"SMITH"},{"floor":15,"key":"DIG"},{"floor":30,"key":"REST"},{"data":"survmod:FlareQuiver","floor":32,"key":"SMITH"},{"floor":41,"key":"REST"},{"data":"infinitespire:Gouge","floor":49,"key":"SMITH"}],"circlet_count":0,"master_deck":["survmod:Strike","survmod:Strike","survmod:Strike","survmod:Strike","survmod:Defend","survmod:Defend","survmod:Defend","survmod:Defend+1","survmod:VersatileOffense","survmod:Sprint","survmod:ConcussiveShot","survmod:FlashbangShot+1","survmod:DeadlyAim+1","survmod:PinningSnipe","survmod:TrapTrap+1","survmod:FlashbangTrap","survmod:AimForTheLiver+1","survmod:TacticalManeuver+1","survmod:PoisonTrap+1","survmod:FlareQuiver+1","survmod:Marksmanship+1","survmod:CloseCombat+1","infinitespire:Gouge+1"],"relics":["survmod:InnateMutation","EVO:Axolotl","halation:EternalFortune","StuffTheSpire:HeavyRock","hubris:Spice","DemoMod:PartiallyEatenCheese","MerchantsRug","aspiration:SecretTechniqueScroll","Orichalcum","trackpad:AdjectivePendant","StuffTheSpire:Experiment12","infinitespire:Lucky Rock","Nunchaku","DemoMod:GreenGuonStone","hubris:Metronome","StSpp:BrokenTotem","DemoMod:WhiteGuonStone","hubris:PeanutButter","hubris:Towel","Juzu Bracelet"],"acts_visited":["Exordium","TheCity","TheBeyond"],"potions_floor_usage":[12,31],"damage_taken":[{"damage":2,"enemies":"Jaw Worm","floor":1,"turns":4},{"damage":0,"enemies":"Cultist","floor":4,"turns":4},{"damage":0,"enemies":"Lagavulin","floor":7,"turns":5},{"damage":0,"enemies":"Small Slimes","floor":12,"turns":1},{"damage":11,"enemies":"2 Fungi Beasts","floor":13,"turns":6},{"damage":0,"enemies":"3 Louse","floor":14,"turns":5},{"damage":0,"enemies":"Slime Boss","floor":16,"turns":3},{"damage":5,"enemies":"Shell Parasite","floor":18,"turns":5},{"damage":7,"enemies":"2 Thieves","floor":20,"turns":5},{"damage":3,"enemies":"conspire:HollyBat","floor":23,"turns":10},{"damage":0,"enemies":"HollowMod:Nosk","floor":24,"turns":6},{"damage":0,"enemies":"Shelled Parasite and Fungi","floor":25,"turns":9},{"damage":0,"enemies":"Snecko","floor":28,"turns":6},{"damage":0,"enemies":"Centurion and Healer","floor":31,"turns":4},{"damage":27,"enemies":"Automaton","floor":33,"turns":11},{"damage":4,"enemies":"3 Shapes","floor":35,"turns":7},{"damage":4,"enemies":"Orb Walker","floor":37,"turns":4},{"damage":11,"enemies":"Reptomancer","floor":40,"turns":4},{"damage":2,"enemies":"Jaw Worm Horde","floor":42,"turns":5},{"damage":0,"enemies":"conspire:MimicChest","floor":48,"turns":5},{"damage":25,"enemies":"Replay:Hell Engine","floor":50,"turns":15}],"seed_played":"-1082104825235009476","potions_obtained":[{"floor":4,"key":"blueLaboratory:HorrorPotion"},{"floor":12,"key":"Fire Potion"},{"floor":23,"key":"blueLaboratory:PhilterOfMotion"},{"floor":24,"key":"DeathKnight:RimePotion"},{"floor":40,"key":"PlaceholderMod:PlaceholderPotion"}],"is_trial":false,"path_per_floor":["M","?","?","M","T","R","E","$","T","?","$","M","M","M","R_BF","B",null,"M","?","M","$","?","M","E","M","T","AVR","M","?","R","M","R","B",null,"M","$","M","?","?","E","R","M","T","?","AVR","?","?","?","R","B",null],"character_chosen":"THE_SURVIVOR","items_purchased":["MerchantsRug","Orichalcum","trackpad:AdjectivePendant","hubris:Metronome"],"campfire_rested":2,"item_purchase_floors":[11,21,21,36],"current_hp_per_floor":[48,51,51,51,51,51,51,51,51,51,51,51,40,40,40,40,53,51,51,44,44,44,41,41,41,41,41,41,41,56,56,56,29,56,52,60,56,56,56,45,64,63,63,48,48,54,54,54,54,35],"gold":354,"neow_bonus":"ONE_RANDOM_RARE_CARD","is_daily":false,"chose_seed":false,"campfire_upgraded":3,"win_rate":0.0,"timestamp":1612715278,"path_taken":["M","?","?","M","?","R","E","?","T","?","$","M","?","M","R_BF","BOSS","M","?","M","?","?","M","E","M","T","AVR","M","?","R","M","R","BOSS","M","$","M","?","?","E","R","?","T","?","AVR","?","?","?","R","BOSS"],"items_purchased_type":["Relic","Relic","Relic","Relic"],"build_version":"2020-12-22","purchased_purges":0,"victory":true,"max_hp_per_floor":[50,53,53,53,53,53,53,53,53,53,53,53,53,53,53,53,53,56,56,56,56,56,56,56,56,56,56,56,56,56,56,56,56,56,56,64,64,64,64,64,64,64,64,64,64,64,64,64,64,64],"card_choices":[{"not_picked":["survmod:FenceTrap","survmod:MarkedFromAfar"],"picked":"survmod:FlashbangShot","floor":1},{"not_picked":["survmod:QuickDash","survmod:QuickThinking"],"picked":"survmod:DeadlyAim","floor":4},{"not_picked":["survmod:AcidTrap","survmod:SimpleMutation","survmod:Adaptability"],"picked":"SKIP","floor":7},{"not_picked":["survmod:OverexertingShot","survmod:FlareBarrage"],"picked":"survmod:PinningSnipe","floor":12},{"not_picked":["survmod:FindCover","survmod:AcidTrap","survmod:TwinShot"],"picked":"SKIP","floor":13},{"not_picked":["survmod:QuickDash","survmod:HiddenTactic","survmod:HailOfArrows"],"picked":"SKIP","floor":14},{"not_picked":["survmod:Detonation","survmod:NeedleShot"],"picked":"survmod:TrapTrap","floor":16},{"not_picked":["survmod:GoForFace","survmod:DuckAndFlare"],"picked":"survmod:FlashbangTrap","floor":18},{"not_picked":["survmod:SurpriseTrap","survmod:LongShot"],"picked":"survmod:AimForTheLiver+1","floor":20},{"not_picked":["survmod:PersonalMark","survmod:TwinShot"],"picked":"survmod:TacticalManeuver+1","floor":23},{"not_picked":["survmod:PersonalMark","survmod:LongShot"],"picked":"survmod:PoisonTrap+1","floor":24},{"not_picked":["survmod:LongShot+1","survmod:ExplosiveTrap"],"picked":"survmod:FlareQuiver","floor":25},{"not_picked":["survmod:TwinShot+1","survmod:QuickDash+1"],"picked":"survmod:Marksmanship+1","floor":28},{"not_picked":["survmod:SimpleMutation","survmod:MarkedShot","survmod:VersatileDefense+1"],"picked":"SKIP","floor":31},{"not_picked":["survmod:DeadlyAim","survmod:PerfectPosition"],"picked":"survmod:CloseCombat","floor":33},{"not_picked":["survmod:FocusedFire+1","survmod:BearTrap+1","survmod:ShrapnelTraps+1"],"picked":"SKIP","floor":35},{"not_picked":["survmod:HailOfArrows","survmod:Decoy","survmod:WalledOffTraps+1"],"picked":"SKIP","floor":37},{"not_picked":["survmod:GoForFace","survmod:FocusedFire","survmod:AcidTrap+1"],"picked":"SKIP","floor":40},{"not_picked":["survmod:QuickDash+1","survmod:NockAnArrow","survmod:BearTrap"],"picked":"SKIP","floor":42},{"not_picked":["infinitespire:Punishment","ReplayTheSpireMod:Chaos Vortex"],"picked":"infinitespire:Gouge","floor":44}],"player_experience":184264,"relics_obtained":[{"floor":5,"key":"StuffTheSpire:HeavyRock"},{"floor":7,"key":"DemoMod:WeirdEgg"},{"floor":9,"key":"reliquary:FeatherDuster"},{"floor":10,"key":"DemoMod:PartiallyEatenCheese"},{"floor":15,"key":"Dream Catcher"},{"floor":18,"key":"halation:EternalFortune"},{"floor":24,"key":"StuffTheSpire:Experiment12"},{"floor":26,"key":"infinitespire:Lucky Rock"},{"floor":40,"key":"StSpp:BrokenTotem"},{"floor":43,"key":"DemoMod:WhiteGuonStone"},{"floor":48,"key":"Juzu Bracelet"}],"event_choices":[{"damage_healed":0,"gold_gain":0,"player_choice":"Forge","damage_taken":0,"max_hp_gain":0,"max_hp_loss":0,"event_name":"Accursed Blacksmith","floor":3,"gold_loss":0,"cards_upgraded":["survmod:FlashbangShot"]},{"damage_healed":0,"gold_gain":100,"player_choice":"Pray","damage_taken":0,"max_hp_gain":0,"max_hp_loss":0,"event_name":"Golden Shrine","floor":19,"gold_loss":0},{"damage_healed":0,"gold_gain":0,"player_choice":"Upgraded","damage_taken":0,"max_hp_gain":0,"max_hp_loss":0,"event_name":"Upgrade Shrine","floor":22,"gold_loss":0,"cards_upgraded":["survmod:TrapTrap"]},{"damage_healed":0,"gold_gain":0,"player_choice":"Gave Potion","damage_taken":0,"relics_obtained":["Gremlin Food"],"max_hp_gain":0,"max_hp_loss":0,"event_name":"WeMeetAgain","floor":29,"gold_loss":0}],"is_beta":false,"boss_relics":[{"not_picked":["aspiration:SilentSkillbook","conspire:SeveredTorchhead"],"picked":"aspiration:SecretTechniqueScroll"},{"not_picked":["halation:Yufonium","halation:PinkAlligatorPlush"],"picked":"hubris:Backtick"}],"items_purged_floors":[],"is_endless":false,"potions_floor_spawned":[4,12,23,24,28,40],"ascension_level":0}}