{"host":"szp1d6dso4pv7ddl","time":1612669384,"event":{"mods":["AchievementEnabler","Alarm Clock","BaseMod","Bestiary","Block Reminder","Colored Map","Colored Powertips","Curses Come First","Dark Map","Displayed Cursed Tome","Highlight Path","Minty Spire (QoL Compilation)","Permanent Neow","Quick Restart","Relic Sorter","Relic Stats","StSLib","Synergy Search"],"gold_per_floor":[116,186,24,36,86,86,97,97,97,97,122,122,122,145,145,234,234,258,258,258,21,40,40,40],"floor_reached":23,"language":"ENG","playtime":947,"items_purged":["Injury"],"score":340,"play_id":"51e42b20-97cb-4740-9ad8-1c8a5085f375","local_time":"20210206194304","is_ascension_mode":true,"campfire_choices":[{"data":"Hemokinesis","floor":6,"key":"SMITH"},{"data":"Uppercut","floor":8,"key":"SMITH"},{"data":"Bash","floor":12,"key":"SMITH"},{"floor":15,"key":"REST"}],"circlet_count":0,"master_deck":["AscendersBane","Strike_R","Strike_R","Strike_R","Strike_R","Strike_R","Defend_R","Defend_R","Defend_R","Defend_R","Bash+1","Hemokinesis+1","Dropkick","Uppercut+1","Reaper","Berserk","True Grit","J.A.X.","Ghostly","Ghostly","Ghostly","Blade Dance"],"relics":["Runic Cube","MealTicket","Centennial Puzzle","Golden Idol","Velvet Choker","PrismaticShard"],"acts_visited":["Exordium","TheCity"],"potions_floor_usage":[16,18,23],"damage_taken":[{"damage":3,"enemies":"Small Slimes","floor":1,"turns":3},{"damage":9,"enemies":"Jaw Worm","floor":4,"turns":3},{"damage":3,"enemies":"Cultist","floor":7,"turns":3},{"damage":2,"enemies":"Large Slime","floor":11,"turns":2},{"damage":14,"enemies":"Blue Slaver","floor":14,"turns":3},{"damage":56,"enemies":"Hexaghost","floor":16,"turns":8},{"damage":31,"enemies":"Shell Parasite","floor":18,"turns":6},{"damage":32,"enemies":"3 Byrds","floor":22,"turns":7},{"damage":20,"enemies":"Book of Stabbing","floor":23,"turns":4}],"seed_played":"4255195711169706672","potions_obtained":[{"floor":1,"key":"AttackPotion"},{"floor":7,"key":"Energy Potion"},{"floor":22,"key":"FearPotion"}],"is_trial":false,"path_per_floor":["M","?","$","M","?","R","M","R","T","?","M","R","?","M","R","B",null,"M","?","?","$","M","E"],"character_chosen":"IRONCLAD","items_purchased":["MealTicket","PrismaticShard"],"campfire_rested":1,"item_purchase_floors":[3,21],"current_hp_per_floor":[65,65,65,56,56,56,53,53,53,53,51,51,51,37,59,9,59,34,34,34,37,11,0,0],"gold":40,"neow_bonus":"BOSS_RELIC","is_daily":false,"chose_seed":false,"campfire_upgraded":3,"win_rate":0.0,"timestamp":1612669384,"path_taken":["M","?","$","M","?","R","?","R","T","?","M","R","?","M","R","BOSS","M","?","?","?","?","E"],"items_purchased_type":["Relic","Relic"],"build_version":"2020-12-22","purchased_purges":1,"victory":false,"max_hp_per_floor":[75,75,75,75,75,75,75,75,75,75,75,75,75,75,75,75,75,75,75,37,37,37,37,37],"relic_stats":{"Centennial Puzzle":[18],"counters":[9,39],"Golden Idol":37,"MealTicket":3,"obtain_stats":[{"Centennial Puzzle":9,"Golden Idol":10,"Velvet Choker":17,"MealTicket":3,"PrismaticShard":21,"Burning Blood":0,"Runic Cube":0},{"Centennial Puzzle":3,"Golden Idol":3,"Velvet Choker":6,"MealTicket":1,"PrismaticShard":7,"Burning Blood":0,"Runic Cube":0},{"Centennial Puzzle":9,"Golden Idol":9,"Velvet Choker":22,"MealTicket":3,"PrismaticShard":28,"Burning Blood":0,"Runic Cube":0}],"Runic Cube":[46]},"card_choices":[{"not_picked":["Twin Strike","Armaments"],"picked":"Hemokinesis","floor":1},{"not_picked":["Clash","Flex"],"picked":"Dropkick","floor":4},{"not_picked":["Fire Breathing","Headbutt"],"picked":"Uppercut","floor":7},{"not_picked":["Metallicize","Clothesline"],"picked":"Reaper","floor":11},{"not_picked":["Warcry","Clash","Wild Strike"],"picked":"SKIP","floor":14},{"not_picked":["Demon Form","Bludgeon"],"picked":"Berserk","floor":16},{"not_picked":["Flex","Pommel Strike+1"],"picked":"True Grit","floor":18},{"not_picked":["Masterful Stab","Choke"],"picked":"Blade Dance","floor":22}],"player_experience":1383136,"relics_obtained":[{"floor":9,"key":"Centennial Puzzle"}],"event_choices":[{"damage_healed":0,"gold_gain":70,"player_choice":"Gained Gold","damage_taken":0,"max_hp_gain":0,"max_hp_loss":0,"event_name":"Golden Wing","floor":2,"gold_loss":0},{"damage_healed":0,"gold_gain":50,"player_choice":"Pray","damage_taken":0,"max_hp_gain":0,"max_hp_loss":0,"event_name":"Golden Shrine","floor":5,"gold_loss":0},{"damage_healed":0,"gold_gain":0,"player_choice":"Take Wound","damage_taken":0,"relics_obtained":["Golden Idol"],"max_hp_gain":0,"max_hp_loss":0,"event_name":"Golden Idol","floor":10,"gold_loss":0,"cards_obtained":["Injury"]},{"damage_healed":0,"gold_gain":0,"player_choice":"Ignored","damage_taken":0,"max_hp_gain":0,"max_hp_loss":0,"event_name":"Shining Light","floor":13,"gold_loss":0},{"damage_healed":0,"gold_gain":0,"player_choice":"Obtain J.A.X.","damage_taken":0,"max_hp_gain":0,"max_hp_loss":0,"event_name":"Drug Dealer","floor":19,"gold_loss":0,"cards_obtained":["J.A.X."]},{"damage_healed":0,"gold_gain":0,"player_choice":"Became a Ghost","damage_taken":0,"max_hp_gain":0,"max_hp_loss":38,"event_name":"Ghosts","floor":20,"gold_loss":0,"cards_obtained":["Ghostly","Ghostly","Ghostly"]}],"is_beta":false,"boss_relics":[{"not_picked":["Runic Pyramid","SlaversCollar"],"picked":"Velvet Choker"}],"items_purged_floors":[21],"is_endless":false,"potions_floor_spawned":[1,7,22],"killed_by":"Book of Stabbing","ascension_level":18}}