{"host":"mydft8i2zzydgggw","time":1612671775,"event":{"mods":["AchievementEnabler","BaseMod","Colored Map","Colored Powertips","DeckTracker","Keyboard Shortcuts","Minty Spire (QoL Compilation)","Rare Cards Sparkle","StSLib","SuperFastMode","everything is the same but u backflip on backflip"],"gold_per_floor":[18,31,42,42,42,42,59,59,113,113,113,146,159,177,177,177,177],"floor_reached":16,"language":"KOR","playtime":300,"items_purged":[],"score":148,"play_id":"e1089266-d91d-4c00-ae73-7ec8a9ed7501","local_time":"20210207132255","is_ascension_mode":true,"campfire_choices":[{"data":"Body Slam","floor":6,"key":"SMITH"},{"data":"Power Through","floor":8,"key":"SMITH"},{"data":"Corruption","floor":15,"key":"SMITH"}],"circlet_count":0,"master_deck":["Strike_R","Strike_R","Strike_R+1","Defend_R","Defend_R+1","Defend_R+1","Defend_R+1","Bash","Wild Strike","Body Slam+1","Power Through+1","Corruption+1","Feel No Pain","Ghostly Armor"],"relics":["Burning Blood","FossilizedHelix","Strawberry","War Paint"],"acts_visited":["Exordium"],"potions_floor_usage":[12,16,16],"damage_taken":[{"damage":0,"enemies":"Cultist","floor":1,"turns":5},{"damage":0,"enemies":"Small Slimes","floor":2,"turns":3},{"damage":0,"enemies":"Jaw Worm","floor":3,"turns":2},{"damage":0,"enemies":"3 Louse","floor":7,"turns":4},{"damage":27,"enemies":"3 Sentries","floor":12,"turns":12},{"damage":2,"enemies":"Gremlin Gang","floor":13,"turns":5},{"damage":0,"enemies":"2 Fungi Beasts","floor":14,"turns":4},{"damage":73,"enemies":"Slime Boss","floor":16,"turns":15}],"seed_played":"-3979177081635758296","potions_obtained":[{"floor":2,"key":"Energy Potion"},{"floor":3,"key":"PowerPotion"},{"floor":13,"key":"FearPotion"},{"floor":14,"key":"Block Potion"}],"is_trial":false,"path_per_floor":["M","M","M","?","?","R","M","R","T","?","?","E","M","M","R","B"],"character_chosen":"IRONCLAD","items_purchased":[],"campfire_rested":0,"item_purchase_floors":[],"current_hp_per_floor":[78,80,80,64,64,64,70,70,77,77,77,56,60,66,66,0,0],"gold":177,"neow_bonus":"ONE_RARE_RELIC","is_daily":false,"chose_seed":false,"campfire_upgraded":3,"win_rate":0.0,"timestamp":1612671775,"path_taken":["M","M","M","?","?","R","?","R","T","?","?","E","M","?","R","BOSS"],"items_purchased_type":[],"build_version":"2020-12-22","purchased_purges":0,"victory":false,"max_hp_per_floor":[80,80,80,80,80,80,80,80,87,87,87,87,87,87,87,87,87],"card_choices":[{"not_picked":["Anger","Power Through"],"picked":"Wild Strike","floor":1},{"not_picked":["True Grit","Evolve"],"picked":"Body Slam","floor":2},{"not_picked":["Metallicize","Twin Strike","Iron Wave"],"picked":"SKIP","floor":3},{"not_picked":["Bloodletting","Thunderclap"],"picked":"Power Through","floor":7},{"not_picked":["Perfected Strike","Armaments"],"picked":"Feel No Pain","floor":12},{"not_picked":["Heavy Blade","Sever Soul","Pommel Strike"],"picked":"SKIP","floor":13},{"not_picked":["Metallicize","Sword Boomerang"],"picked":"Ghostly Armor","floor":14}],"player_experience":245377,"relics_obtained":[{"floor":9,"key":"Strawberry"},{"floor":12,"key":"War Paint"}],"event_choices":[{"damage_healed":0,"gold_gain":0,"player_choice":"Entered Light","damage_taken":16,"max_hp_gain":0,"max_hp_loss":0,"event_name":"Shining Light","floor":4,"gold_loss":0,"cards_upgraded":["Defend_R","Strike_R"]},{"cards_removed":["Strike_R"],"damage_healed":0,"gold_gain":0,"player_choice":"Offered Basic","damage_taken":0,"max_hp_gain":0,"max_hp_loss":0,"event_name":"Bonfire Elementals","floor":5,"gold_loss":0},{"damage_healed":0,"gold_gain":0,"player_choice":"Ignored","damage_taken":0,"max_hp_gain":0,"max_hp_loss":0,"event_name":"Liars Game","floor":10,"gold_loss":0},{"damage_healed":0,"gold_gain":0,"cards_transformed":["Strike_R"],"player_choice":"Transformed","damage_taken":0,"max_hp_gain":0,"max_hp_loss":0,"event_name":"Transmorgrifier","floor":11,"gold_loss":0,"cards_obtained":["Corruption"]}],"is_beta":false,"boss_relics":[],"items_purged_floors":[],"is_endless":false,"potions_floor_spawned":[2,3,13,14],"killed_by":"Slime Boss","ascension_level":9}}