{"host":"np4f5reu8f2vit8r","time":1612699986,"event":{"mods":["BaseMod","Bestiary","Curses Come First","Minty Spire (QoL Compilation)","Permanent Neow","Relic Stats","StSLib"],"gold_per_floor":[117,135,147,147,147,181,181,201,201,44,44,44,76,87,87,161,161,161,161,161,161,161,161,161,161,161,161,161,161,161,161,161,161,161,161,161,161,161,161,161,161,161,161,161,161,161,161,161,161,161,161,161,161,53,53,53],"floor_reached":57,"language":"ENG","playtime":4265,"items_purged":[],"score":3392,"play_id":"6468c0e1-e36f-4cbb-aef4-29b324b8a6b0","local_time":"20210208011306","is_ascension_mode":true,"campfire_choices":[{"data":"Go for the Eyes","floor":7,"key":"SMITH"},{"floor":11,"key":"REST"},{"data":"Undo","floor":15,"key":"SMITH"},{"data":"Buffer","floor":24,"key":"SMITH"},{"data":"Buffer","floor":32,"key":"SMITH"},{"floor":41,"key":"RECALL"},{"data":"Doom and Gloom","floor":45,"key":"SMITH"},{"data":"Genetic Algorithm","floor":49,"key":"SMITH"},{"data":"Cold Snap","floor":53,"key":"SMITH"}],"circlet_count":0,"master_deck":["AscendersBane","Strike_B+1","Strike_B+1","Defend_B","Defend_B+1","Zap","Dualcast","Genetic Algorithm+1","Go for the Eyes+1","Ball Lightning","Undo+1","Genetic Algorithm+1","Reinforced Body+1","Buffer+1","Consume+1","Coolheaded+1","Conserve Battery+1","Barrage+1","Rip and Tear","Doom and Gloom+1","Cold Snap+1","Buffer+1","Coolheaded+1","Hologram+1","Rainbow+1","Genetic Algorithm+1","Hologram+1","Ball Lightning","Dark Shackles+1"],"relics":["Empty Cage","Pocketwatch","Calipers","Runic Capacitor","Toxic Egg 2","Whetstone","Ectoplasm","Anchor","Du-Vu Doll","Velvet Choker","CaptainsWheel","Pen Nib","Eternal Feather","Boot","Ginger","Pantograph"],"acts_visited":["Exordium","TheCity","TheBeyond","TheEnding"],"potions_floor_usage":[13,21,23,27,38,55,56],"damage_taken":[{"damage":4,"enemies":"Small Slimes","floor":1,"turns":4},{"damage":3,"enemies":"2 Louse","floor":2,"turns":3},{"damage":12,"enemies":"Cultist","floor":3,"turns":5},{"damage":17,"enemies":"Lagavulin","floor":6,"turns":7},{"damage":3,"enemies":"Looter","floor":8,"turns":3},{"damage":15,"enemies":"3 Sentries","floor":13,"turns":7},{"damage":2,"enemies":"Red Slaver","floor":14,"turns":4},{"damage":12,"enemies":"The Guardian","floor":16,"turns":13},{"damage":0,"enemies":"3 Byrds","floor":18,"turns":7},{"damage":0,"enemies":"Shell Parasite","floor":19,"turns":6},{"damage":0,"enemies":"Shelled Parasite and Fungi","floor":21,"turns":10},{"damage":0,"enemies":"Chosen and Byrds","floor":22,"turns":7},{"damage":0,"enemies":"Gremlin Leader","floor":23,"turns":11},{"damage":0,"enemies":"Book of Stabbing","floor":27,"turns":7},{"damage":0,"enemies":"Centurion and Healer","floor":28,"turns":8},{"damage":0,"enemies":"3 Cultists","floor":29,"turns":6},{"damage":0,"enemies":"Cultist and Chosen","floor":31,"turns":7},{"damage":0,"enemies":"Automaton","floor":33,"turns":13},{"damage":0,"enemies":"Orb Walker","floor":35,"turns":7},{"damage":0,"enemies":"3 Shapes","floor":36,"turns":6},{"damage":0,"enemies":"Writhing Mass","floor":37,"turns":9},{"damage":0,"enemies":"Maw","floor":38,"turns":9},{"damage":0,"enemies":"2 Orb Walkers","floor":39,"turns":8},{"damage":5,"enemies":"Nemesis","floor":40,"turns":7},{"damage":0,"enemies":"Giant Head","floor":44,"turns":13},{"damage":0,"enemies":"Spire Growth","floor":46,"turns":7},{"damage":0,"enemies":"4 Shapes","floor":47,"turns":8},{"damage":0,"enemies":"Nemesis","floor":48,"turns":11},{"damage":0,"enemies":"Awakened One","floor":50,"turns":20},{"damage":0,"enemies":"Time Eater","floor":51,"turns":18},{"damage":0,"enemies":"Shield and Spear","floor":55,"turns":11},{"damage":70,"enemies":"The Heart","floor":56,"turns":13}],"seed_played":"8502719005524266489","potions_obtained":[{"floor":1,"key":"Swift Potion"},{"floor":8,"key":"Energy Potion"},{"floor":14,"key":"Fire Potion"},{"floor":21,"key":"AttackPotion"},{"floor":23,"key":"Energy Potion"},{"floor":28,"key":"Swift Potion"},{"floor":38,"key":"FocusPotion"}],"is_trial":false,"path_per_floor":["M","M","M","?","?","E","R","M","T","$","R","?","E","M","R","B",null,"M","M","?","M","M","E","R","?","T","E","M","M","?","M","R","B",null,"M","M","M","M","?","E","R","?","T","E","R","M","M","E","R","B","B",null,"R","$","E","B",null],"character_chosen":"DEFECT","items_purchased":["Runic Capacitor","Dark Shackles+1"],"campfire_rested":1,"item_purchase_floors":[10,54],"current_hp_per_floor":[60,57,45,24,47,30,30,27,27,27,48,48,33,31,31,19,58,58,58,51,51,51,51,51,51,51,51,51,51,51,51,51,51,66,66,66,66,66,66,61,61,61,61,61,71,71,71,71,71,71,71,71,71,71,71,1],"gold":53,"neow_bonus":"BOSS_RELIC","is_daily":false,"chose_seed":false,"campfire_upgraded":7,"win_rate":0.0,"timestamp":1612699986,"path_taken":["M","M","M","?","?","E","R","M","T","$","R","?","E","?","R","BOSS","M","M","?","?","M","E","R","?","T","E","M","M","?","M","R","BOSS","M","M","M","M","?","E","R","?","T","E","R","?","M","E","R","BOSS","BOSS","R","$","E","BOSS"],"items_purchased_type":["Relic","Card"],"build_version":"2020-12-22","purchased_purges":0,"victory":true,"max_hp_per_floor":[71,71,71,71,71,71,71,71,71,71,71,71,71,71,71,71,71,71,71,71,71,71,71,71,71,71,71,71,71,71,71,71,71,71,71,71,71,71,71,71,71,71,71,71,71,71,71,71,71,71,71,71,71,71,71,71],"relic_stats":{"counters":[32,275],"Pantograph":0,"Eternal Feather":10,"Ectoplasm":631,"Pen Nib":[7],"Whetstone":["Strike_B","Strike_B"],"Ginger":[5],"Boot":[17],"obtain_stats":[{"Calipers":9,"Velvet Choker":34,"Eternal Feather":43,"Pen Nib":40,"Runic Capacitor":10,"Whetstone":13,"Ginger":48,"Empty Cage":0,"Boot":44,"Du-Vu Doll":27,"Anchor":23,"CaptainsWheel":39,"Pantograph":55,"Ectoplasm":17,"Toxic Egg 2":12,"Cracked Core":0,"Pocketwatch":6},{"Calipers":5,"Velvet Choker":18,"Eternal Feather":24,"Pen Nib":24,"Runic Capacitor":5,"Whetstone":6,"Ginger":28,"Empty Cage":0,"Boot":25,"Du-Vu Doll":14,"Anchor":13,"CaptainsWheel":23,"Pantograph":31,"Ectoplasm":8,"Toxic Egg 2":5,"Cracked Core":0,"Pocketwatch":4},{"Calipers":22,"Velvet Choker":128,"Eternal Feather":174,"Pen Nib":174,"Runic Capacitor":22,"Whetstone":29,"Ginger":213,"Empty Cage":0,"Boot":187,"Du-Vu Doll":94,"Anchor":87,"CaptainsWheel":167,"Pantograph":262,"Ectoplasm":46,"Toxic Egg 2":22,"Cracked Core":0,"Pocketwatch":19}],"Pocketwatch":[492]},"card_choices":[{"not_picked":["Skim","Go for the Eyes"],"picked":"Gash","floor":1},{"not_picked":["Turbo","Hologram"],"picked":"Genetic Algorithm","floor":2},{"not_picked":["Leap","Blizzard"],"picked":"Go for the Eyes","floor":3},{"not_picked":["Lockon","Doom and Gloom"],"picked":"Ball Lightning","floor":6},{"not_picked":["Leap","Beam Cell"],"picked":"Undo","floor":8},{"not_picked":["Steam+1","Aggregate+1"],"picked":"Genetic Algorithm+1","floor":13},{"not_picked":["Capacitor","Genetic Algorithm+1"],"picked":"Reinforced Body+1","floor":14},{"not_picked":["Machine Learning","Creative AI"],"picked":"Buffer","floor":16},{"not_picked":["Barrage","Go for the Eyes+1"],"picked":"Consume+1","floor":18},{"not_picked":["Steam+1","Redo+1"],"picked":"Coolheaded+1","floor":19},{"not_picked":["BootSequence+1","Leap+1","Rip and Tear"],"picked":"SKIP","floor":21},{"not_picked":["Hello World","Tempest+1"],"picked":"Conserve Battery+1","floor":22},{"not_picked":["Leap+1","Aggregate+1"],"picked":"Barrage+1","floor":23},{"not_picked":["Beam Cell","Rebound"],"picked":"Cold Snap","floor":27},{"not_picked":["Sweeping Beam","Stack+1","Barrage"],"picked":"SKIP","floor":28},{"not_picked":["Leap+1","Go for the Eyes"],"picked":"Buffer","floor":29},{"not_picked":["Barrage","White Noise+1"],"picked":"Hologram+1","floor":31},{"not_picked":["Machine Learning","Echo Form"],"picked":"Rainbow+1","floor":33},{"not_picked":["Static Discharge","Sweeping Beam","FTL"],"picked":"SKIP","floor":35},{"not_picked":["Beam Cell","Gash","Redo+1"],"picked":"SKIP","floor":36},{"not_picked":["Streamline","Rebound","Sunder"],"picked":"SKIP","floor":37},{"not_picked":["Streamline","Rebound","Sunder"],"picked":"SKIP","floor":37},{"not_picked":["Stack+1","Conserve Battery+1","Steam+1"],"picked":"SKIP","floor":38},{"not_picked":["Turbo+1","Blizzard","Rip and Tear"],"picked":"SKIP","floor":40},{"not_picked":["Sweeping Beam+1","Static Discharge","Core Surge"],"picked":"SKIP","floor":44},{"not_picked":["BootSequence+1","Steam+1"],"picked":"Hologram+1","floor":46},{"not_picked":["Consume+1","Coolheaded+1"],"picked":"Ball Lightning","floor":47},{"not_picked":["Hello World","Steam Power+1","Sweeping Beam"],"picked":"SKIP","floor":48},{"not_picked":["Auto Shields+1","Compile Driver","Rip and Tear"],"picked":"SKIP","floor":55}],"player_experience":931059,"relics_obtained":[{"floor":6,"key":"Pocketwatch"},{"floor":9,"key":"Calipers"},{"floor":13,"key":"Whetstone"},{"floor":23,"key":"Anchor"},{"floor":27,"key":"Du-Vu Doll"},{"floor":39,"key":"CaptainsWheel"},{"floor":40,"key":"Pen Nib"},{"floor":43,"key":"Eternal Feather"},{"floor":44,"key":"Boot"},{"floor":48,"key":"Ginger"},{"floor":55,"key":"Pantograph"}],"event_choices":[{"damage_healed":0,"gold_gain":0,"player_choice":"Entered Light","damage_taken":21,"max_hp_gain":0,"max_hp_loss":0,"event_name":"Shining Light","floor":4,"gold_loss":0,"cards_upgraded":["Strike_B","Defend_B"]},{"damage_healed":23,"gold_gain":0,"player_choice":"Banana","damage_taken":0,"max_hp_gain":0,"max_hp_loss":0,"event_name":"Big Fish","floor":5,"gold_loss":0},{"cards_removed":["Gash"],"damage_healed":0,"gold_gain":0,"player_choice":"Gave Card","damage_taken":0,"relics_obtained":["Toxic Egg 2"],"max_hp_gain":0,"max_hp_loss":0,"event_name":"WeMeetAgain","floor":12,"gold_loss":0},{"damage_healed":0,"gold_gain":50,"player_choice":"Touch","damage_taken":7,"max_hp_gain":0,"max_hp_loss":0,"event_name":"FaceTrader","floor":20,"gold_loss":0},{"damage_healed":0,"gold_gain":0,"cards_transformed":["Defend_B","Strike_B"],"player_choice":"Became Test Subject","damage_taken":0,"max_hp_gain":0,"max_hp_loss":0,"event_name":"Drug Dealer","floor":25,"gold_loss":0,"cards_obtained":["Rip and Tear","Doom and Gloom"]},{"damage_healed":0,"gold_gain":0,"player_choice":"Read","damage_taken":0,"max_hp_gain":0,"max_hp_loss":0,"event_name":"The Library","floor":30,"gold_loss":0,"cards_obtained":["Coolheaded"]},{"damage_healed":0,"gold_gain":0,"player_choice":"Fight","damage_taken":0,"max_hp_gain":0,"max_hp_loss":0,"event_name":"Mysterious Sphere","floor":39,"gold_loss":0},{"damage_healed":0,"gold_gain":0,"player_choice":"Copied","damage_taken":0,"max_hp_gain":0,"max_hp_loss":0,"event_name":"Duplicator","floor":42,"gold_loss":0,"cards_obtained":["Genetic Algorithm"]}],"is_beta":false,"boss_relics":[{"not_picked":["Tiny House","Pandora\u0027s Box"],"picked":"Ectoplasm"},{"not_picked":["Black Star","Runic Dome"],"picked":"Velvet Choker"}],"items_purged_floors":[],"is_endless":false,"potions_floor_spawned":[1,8,14,21,23,28,29,36,37,38,40,47],"ascension_level":20}}