{"host":"ao4lxi9bhtts409i","time":1612737738,"event":{"mods":["AchievementEnabler","BaseMod","Colored Map","Colored Powertips","Minty Spire (QoL Compilation)","SuperFastMode"],"gold_per_floor":[117,79,79,154,154,185,185,204,204,134,134,84,118,136,136,240,240,250,250,215,196,196,229,0,0,23,57,57,71,71,71,71,171,221,236,252,105,0,0,18,44,44,44],"floor_reached":42,"language":"ENG","playtime":1599,"items_purged":[],"score":617,"play_id":"d6ca7b3b-aa50-4526-9117-3891c9b20f86","local_time":"20210207234218","is_ascension_mode":true,"campfire_choices":[{"floor":7,"key":"REST"},{"data":"Burst","floor":11,"key":"SMITH"},{"floor":15,"key":"REST"},{"floor":25,"key":"REST"},{"data":"Caltrops","floor":30,"key":"SMITH"},{"data":"Bouncing Flask","floor":32,"key":"SMITH"}],"circlet_count":0,"master_deck":["Defend_G+1","Defend_G+1","Defend_G+1","Defend_G+1","Defend_G+1","Survivor","Neutralize","Dagger Spray","Footwork","Burst+1","PiercingWail+1","Backflip","Crippling Poison","Noxious Fumes","Venomology","Dodge and Roll+1","Bite","Bite","Bite","Bite+1","Bite","Caltrops+1","Bouncing Flask+1","Corpse Explosion+1","Deadly Poison+1","Caltrops+1","After Image","Well Laid Plans","Noxious Fumes+1","PiercingWail","Dodge and Roll"],"relics":["Velvet Choker","Pen Nib","Bag of Marbles","Snake Skull","Akabeko","Philosopher\u0027s Stone","Ancient Tea Set","War Paint","Lizard Tail","Tiny House","Orrery","Red Mask","Vajra"],"acts_visited":["Exordium","TheCity","TheBeyond"],"potions_floor_usage":[16,16,21,21,33,33,33,36,41,41,41,42],"damage_taken":[{"damage":0,"enemies":"Cultist","floor":1,"turns":4},{"damage":33,"enemies":"Lagavulin","floor":6,"turns":10},{"damage":0,"enemies":"Small Slimes","floor":8,"turns":4},{"damage":21,"enemies":"3 Sentries","floor":13,"turns":12},{"damage":0,"enemies":"Jaw Worm","floor":14,"turns":2},{"damage":15,"enemies":"Slime Boss","floor":16,"turns":8},{"damage":4,"enemies":"Spheric Guardian","floor":18,"turns":5},{"damage":22,"enemies":"2 Thieves","floor":21,"turns":4},{"damage":24,"enemies":"Slavers","floor":23,"turns":4},{"damage":0,"enemies":"Gremlin Leader","floor":27,"turns":6},{"damage":5,"enemies":"Shelled Parasite and Fungi","floor":29,"turns":3},{"damage":58,"enemies":"Automaton","floor":33,"turns":9},{"damage":4,"enemies":"Orb Walker","floor":35,"turns":3},{"damage":19,"enemies":"3 Darklings","floor":36,"turns":3},{"damage":36,"enemies":"Spire Growth","floor":40,"turns":5},{"damage":47,"enemies":"Reptomancer","floor":41,"turns":8},{"damage":3,"enemies":"4 Shapes","floor":42,"turns":1}],"seed_played":"6597931247007280016","potions_obtained":[{"floor":6,"key":"Ancient Potion"},{"floor":13,"key":"Strength Potion"},{"floor":29,"key":"SteroidPotion"},{"floor":34,"key":"Energy Potion"},{"floor":35,"key":"SteroidPotion"},{"floor":41,"key":"Fire Potion"}],"is_trial":false,"path_per_floor":["M","$","$","?","?","E","R","M","T","$","R","?","E","M","R","B",null,"M","?","$","M","?","E","?","R","T","E","$","M","R","$","R","B",null,"M","M","$","?","?","M","E","M"],"character_chosen":"THE_SILENT","items_purchased":["Footwork","Poisoned Stab","Backflip","Caltrops","Orrery"],"campfire_rested":3,"item_purchase_floors":[2,10,10,20,37],"current_hp_per_floor":[70,70,70,59,56,23,44,44,44,44,44,44,23,23,44,29,70,66,49,49,31,31,15,15,29,29,43,43,44,44,44,44,7,54,54,37,37,37,37,7,2,0,0],"gold":44,"neow_bonus":"BOSS_RELIC","is_daily":false,"chose_seed":false,"campfire_upgraded":3,"win_rate":0.0,"timestamp":1612737738,"path_taken":["M","?","$","?","?","E","R","?","T","$","R","?","E","M","R","BOSS","M","?","$","M","?","E","?","R","T","E","?","?","R","$","R","BOSS","M","M","$","?","?","M","E","M"],"items_purchased_type":["Card","Card","Card","Card","Relic"],"build_version":"2020-12-22","purchased_purges":0,"victory":false,"max_hp_per_floor":[70,70,70,70,70,70,70,70,70,70,70,70,70,70,70,70,70,70,49,49,49,49,49,49,49,49,49,49,49,49,49,49,49,54,54,54,54,54,54,54,54,54,54],"card_choices":[{"not_picked":["Outmaneuver","PiercingWail"],"picked":"Dagger Spray","floor":1},{"not_picked":["Choke","Dodge and Roll"],"picked":"Burst","floor":6},{"not_picked":["Distraction","Deflect"],"picked":"PiercingWail","floor":8},{"not_picked":["Flying Knee","Dagger Throw"],"picked":"Crippling Poison","floor":13},{"not_picked":["Outmaneuver","Bane"],"picked":"Noxious Fumes","floor":14},{"not_picked":["Phantasmal Killer","A Thousand Cuts"],"picked":"Venomology","floor":16},{"not_picked":["Blade Dance","Prepared+1"],"picked":"Dodge and Roll+1","floor":18},{"not_picked":["Prepared+1","Masterful Stab"],"picked":"Bouncing Flask","floor":21},{"not_picked":["Underhanded Strike+1","Accuracy"],"picked":"Corpse Explosion","floor":23},{"not_picked":["PiercingWail","Tactician"],"picked":"Deadly Poison+1","floor":27},{"not_picked":["Quick Slash","Heel Hook"],"picked":"Caltrops+1","floor":29},{"not_picked":["Unload","Storm of Steel"],"picked":"After Image","floor":33},{"not_picked":["Riddle With Holes","Bouncing Flask+1"],"picked":"Well Laid Plans","floor":35},{"not_picked":["Infinite Blades","Outmaneuver","Blade Dance+1"],"picked":"SKIP","floor":36},{"not_picked":["Cloak And Dagger","Tools of the Trade"],"picked":"Noxious Fumes+1","floor":37},{"not_picked":["Quick Slash","Outmaneuver"],"picked":"PiercingWail","floor":37},{"not_picked":["Flying Knee+1","Deflect"],"picked":"Dodge and Roll","floor":37},{"not_picked":["Eviscerate","Masterful Stab","PiercingWail"],"picked":"SKIP","floor":40},{"not_picked":["PiercingWail","Flying Knee","Poisoned Stab+1"],"picked":"SKIP","floor":41}],"player_experience":288144,"relics_obtained":[{"floor":6,"key":"Bag of Marbles"},{"floor":9,"key":"Snake Skull"},{"floor":13,"key":"Akabeko"},{"floor":23,"key":"Ancient Tea Set"},{"floor":26,"key":"War Paint"},{"floor":27,"key":"Lizard Tail"},{"floor":41,"key":"Vajra"}],"event_choices":[{"damage_healed":0,"gold_gain":75,"player_choice":"Gather Gold","damage_taken":11,"max_hp_gain":0,"max_hp_loss":0,"event_name":"World of Goop","floor":4,"gold_loss":0},{"damage_healed":0,"gold_gain":0,"player_choice":"Success","damage_taken":3,"relics_obtained":["Pen Nib"],"max_hp_gain":0,"max_hp_loss":0,"event_name":"Scrap Ooze","floor":5,"gold_loss":0},{"cards_removed":["Strike_G"],"damage_healed":0,"gold_gain":0,"player_choice":"Card Removal","damage_taken":0,"max_hp_gain":0,"max_hp_loss":0,"event_name":"The Cleric","floor":12,"gold_loss":50},{"damage_healed":0,"gold_gain":0,"player_choice":"Became a vampire","damage_taken":0,"max_hp_gain":0,"max_hp_loss":21,"event_name":"Vampires","floor":19,"gold_loss":0,"cards_obtained":["Bite","Bite","Bite","Bite","Bite"]},{"damage_healed":0,"gold_gain":0,"player_choice":"Simplicity","damage_taken":0,"max_hp_gain":0,"max_hp_loss":0,"event_name":"Back to Basics","floor":22,"gold_loss":0,"cards_upgraded":["Defend_G","Defend_G","Defend_G","Defend_G","Defend_G"]},{"damage_healed":0,"gold_gain":0,"player_choice":"Paid Fearfully","damage_taken":0,"max_hp_gain":0,"max_hp_loss":0,"event_name":"Masked Bandits","floor":24,"gold_loss":229},{"damage_healed":0,"gold_gain":0,"player_choice":"Paid","damage_taken":0,"relics_obtained":["Red Mask"],"max_hp_gain":0,"max_hp_loss":0,"event_name":"Tomb of Lord Red Mask","floor":38,"gold_loss":105},{"cards_removed":["Poisoned Stab"],"damage_healed":0,"gold_gain":0,"player_choice":"Purged","damage_taken":0,"max_hp_gain":0,"max_hp_loss":0,"event_name":"Purifier","floor":39,"gold_loss":0}],"is_beta":false,"boss_relics":[{"not_picked":["WristBlade","Sozu"],"picked":"Philosopher\u0027s Stone"},{"not_picked":["SacredBark","Cursed Key"],"picked":"Tiny House"}],"items_purged_floors":[],"is_endless":false,"potions_floor_spawned":[6,13,29,35,41],"killed_by":"4 Shapes","ascension_level":4}}