{"host":"zksvs3x2ysy9npnz","time":1612664563,"event":{"mods":["Aspiration","BaseMod","Beaked The Cultist","BetterRewards","Clockwork Mod","Colored Map","Conspire","Downfall","Duelist Mod","Halation","Highlight Path","Hubris","Infinite Spire","Jedi Mod","Magitek Elite","Minty Spire (QoL Compilation)","Permanent Neow","Quick Restart","Relic Stats","Shop Mod","StSLib","The Runesmith","The Witch"],"gold_per_floor":[118,118,118,134,59,87,87,116,191,209,209,243,243,256,256,327,327,341,354,364,383,393,393,427,427,453,453,168,13,33,179,179,179,179,179,179,179,179,179,179,89,89,89,89,89,89],"floor_reached":45,"language":"FRA","playtime":15923,"items_purged":["Pain","Writhe","Strike_Witch"],"score":794,"play_id":"f08d8150-8c5b-4d96-9337-09d510d820fd","local_time":"20210207032243","is_ascension_mode":true,"campfire_choices":[{"floor":7.0,"key":"REST"},{"floor":13.0,"key":"REST"},{"data":"GrimVengeance","floor":15.0,"key":"SMITH"},{"floor":23.0,"key":"REST"},{"floor":25.0,"key":"REST"},{"floor":32.0,"key":"REST"},{"data":"StrangeBrew","floor":40.0,"key":"SMITH"},{"data":"RoilingBarrier","floor":42.0,"key":"SMITH"}],"circlet_count":0,"master_deck":["AscendersBane","Strike_Witch","Defend_Witch","Defend_Witch+1","Defend_Witch","Defend_Witch","Hexguard","ZombieSpit+1","Demonfyre","RoilingBarrier+1","GrimVengeance+1","SaltCircle","DarkProcession","BleedOut","Malady","RoilingBarrier+1","Schadenfreude","Panache","StrangeBrew+1","MercuryWand+1","Neutralize"],"relics":["BlackCat","hubris:Towel","WarpedTongs","hubris:PeanutButter","Letter Opener","Matryoshka","hubris:SlimyHat","Cursed Key","PreservedInsect","hexamod:BolsterEngine","Guard_Bracelet","hubris:Icosahedron","MerchantsRug","jedi:ominousloannote","Omamori","aspiration:RitualDagger","ToyHorse","Torii","Nunchaku","Bronze Scales"],"acts_visited":["Exordium","TheCity","TheBeyond"],"potions_floor_usage":[44],"damage_taken":[{"damage":2.0,"enemies":"Small Slimes","floor":1.0,"turns":4.0},{"damage":5.0,"enemies":"Jaw Worm","floor":4.0,"turns":4.0},{"damage":36.0,"enemies":"3 Sentries","floor":6.0,"turns":15.0},{"damage":7.0,"enemies":"Lagavulin","floor":8.0,"turns":10.0},{"damage":0.0,"enemies":"Cultist","floor":10.0,"turns":5.0},{"damage":16.0,"enemies":"3 Sentries","floor":12.0,"turns":14.0},{"damage":0.0,"enemies":"Red Slaver","floor":14.0,"turns":5.0},{"damage":5.0,"enemies":"Hexaghost","floor":16.0,"turns":8.0},{"damage":3.0,"enemies":"Spheric Guardian","floor":18.0,"turns":6.0},{"damage":0.0,"enemies":"3 Byrds","floor":19.0,"turns":4.0},{"damage":15.0,"enemies":"conspire:HollyBat","floor":20.0,"turns":8.0},{"damage":10.0,"enemies":"Snake Plant","floor":21.0,"turns":6.0},{"damage":11.0,"enemies":"Snecko","floor":22.0,"turns":6.0},{"damage":10.0,"enemies":"Book of Stabbing","floor":24.0,"turns":9.0},{"damage":28.0,"enemies":"Centurion and Healer","floor":30.0,"turns":10.0},{"damage":34.0,"enemies":"Automaton","floor":33.0,"turns":16.0},{"damage":31.0,"enemies":"3 Darklings","floor":35.0,"turns":9.0},{"damage":18.0,"enemies":"3 Shapes","floor":38.0,"turns":8.0},{"damage":49.0,"enemies":"Transient","floor":39.0,"turns":5.0},{"damage":61,"enemies":"Reptomancer","floor":44,"turns":7},{"damage":21,"enemies":"3 Darklings","floor":45,"turns":3}],"seed_played":"-3452647740865527657","potions_obtained":[{"floor":4.0,"key":"Energy Potion"},{"floor":8.0,"key":"Ancient Potion"},{"floor":14.0,"key":"Regen Potion"},{"floor":18.0,"key":"ColorlessPotion"},{"floor":20.0,"key":"PowerPotion"},{"floor":21.0,"key":"Swift Potion"},{"floor":24.0,"key":"infinitespire:BlackPotion"},{"floor":30.0,"key":"hexamod:SoulburnPotion"}],"is_trial":false,"path_per_floor":["M","?","?","M","$","E","R","E","T","M","?","E","R","M","R","B",null,"M","M","M","M","M","R","E","R","T","?","$","$","M","$","R","B",null,"M","?","T","M","M","R","?","R","T","E","M"],"character_chosen":"WITCH","items_purchased":["Panache","MerchantsRug","jedi:ominousloannote","Omamori"],"campfire_rested":5,"item_purchase_floors":[28,29,31,31],"current_hp_per_floor":[58,58,58,53,53,17,37,30,30,30,30,14,34,34,34,44,61,58,58,43,33,22,42,32,52,52,52,52,52,34,34,54,20,55,24,24,24,6,52,52,52,52,52,11,0,0],"gold":89,"neow_bonus":"UPGRADE_CARD","is_daily":false,"chose_seed":false,"campfire_upgraded":3,"win_rate":0.0,"timestamp":1612664563,"path_taken":["M","?","?","?","?","E","R","E","T","?","?","E","R","M","R","BOSS","M","?","M","M","M","R","E","R","T","?","?","$","M","$","R","BOSS","M","?","?","M","M","R","?","R","T","E","M"],"items_purchased_type":["Card","Relic","Relic","Relic"],"build_version":"2020-12-22","purchased_purges":3,"victory":false,"max_hp_per_floor":[67,67,67,67,67,67,67,67,67,67,67,67,67,67,67,67,67,67,67,67,67,67,67,67,67,67,67,67,67,67,67,67,67,67,67,67,67,67,67,67,67,67,67,67,67,67],"relic_stats":{"Nunchaku":[1],"Torii":4,"counters":[21,162],"Bronze Scales":[24],"PreservedInsect":62,"Letter Opener":[185],"Cursed Key":3,"obtain_stats":[{"MerchantsRug":29,"ToyHorse":37,"Torii":37,"PreservedInsect":24,"hubris:SlimyHat":12,"Omamori":31,"Letter Opener":8,"hubris:Towel":2,"Cursed Key":17,"BlackCat":0,"WarpedTongs":3,"Nunchaku":43,"Matryoshka":9,"hubris:Icosahedron":27,"jedi:ominousloannote":31,"Bronze Scales":44,"hubris:PeanutButter":6,"aspiration:RitualDagger":34,"hexamod:BolsterEngine":26,"Guard_Bracelet":26},{"MerchantsRug":14,"ToyHorse":17,"Torii":17,"PreservedInsect":14,"hubris:SlimyHat":6,"Omamori":15,"Letter Opener":4,"hubris:Towel":1,"Cursed Key":8,"BlackCat":0,"WarpedTongs":1,"Nunchaku":19,"Matryoshka":4,"hubris:Icosahedron":14,"jedi:ominousloannote":15,"Bronze Scales":20,"hubris:PeanutButter":3,"aspiration:RitualDagger":16,"hexamod:BolsterEngine":14,"Guard_Bracelet":14},{"MerchantsRug":104,"ToyHorse":139,"Torii":139,"PreservedInsect":104,"hubris:SlimyHat":52,"Omamori":114,"Letter Opener":33,"hubris:Towel":4,"Cursed Key":65,"BlackCat":0,"WarpedTongs":4,"Nunchaku":152,"Matryoshka":33,"hubris:Icosahedron":104,"jedi:ominousloannote":114,"Bronze Scales":159,"hubris:PeanutButter":23,"aspiration:RitualDagger":130,"hexamod:BolsterEngine":104,"Guard_Bracelet":104}],"WarpedTongs":[146]},"card_choices":[{"not_picked":["RiteOfAutumn","Thundercloud"],"picked":"Demonfyre","floor":1.0},{"not_picked":["GnarledBody","Atonement"],"picked":"RoilingBarrier","floor":4.0},{"not_picked":["BlackBolt","WickedThoughts"],"picked":"GrimVengeance","floor":6.0},{"not_picked":["RiteOfAutumn","Decrepify"],"picked":"SaltCircle","floor":8.0},{"not_picked":["GrimVengeance","MercuryWand","BlackBolt"],"picked":"SKIP","floor":10.0},{"not_picked":["IllOmen","BlackShield","WretchedNails"],"picked":"SKIP","floor":12.0},{"not_picked":["WretchedNails","RiteOfWinter","Foresight"],"picked":"SKIP","floor":14.0},{"not_picked":["EvilEye","Graveburst"],"picked":"DarkProcession","floor":16.0},{"not_picked":["SummonBatFamiliar","SaltCircle"],"picked":"BleedOut","floor":18.0},{"not_picked":["Thundercloud+1","Harmlessness"],"picked":"Malady","floor":19.0},{"not_picked":["CursedBlade","Intelligence"],"picked":"RoilingBarrier+1","floor":20.0},{"not_picked":["RoilingBarrier","SkullFlask+1","Decrepify+1"],"picked":"SKIP","floor":21.0},{"not_picked":["Shrooms","KarmaDrain"],"picked":"Schadenfreude","floor":22.0},{"not_picked":["RiteOfSummer","PainBolt+1","Pillage"],"picked":"SKIP","floor":24.0},{"not_picked":["BlackShield","SaltCircle","MementoMori+1"],"picked":"SKIP","floor":30.0},{"not_picked":["UnluckySeven","TrollsBlood"],"picked":"StrangeBrew","floor":33.0},{"not_picked":["Atonement","Broomstick+1"],"picked":"MercuryWand+1","floor":35.0},{"not_picked":["Atonement+1","Decrepify","MercuryWand"],"picked":"SKIP","floor":38.0},{"not_picked":["SoulBarrier","RustWall","MercuryWand"],"picked":"SKIP","floor":39.0},{"not_picked":["BleedOut","Decrepify","Malady"],"picked":"SKIP","floor":44}],"player_experience":2127697,"relics_obtained":[{"floor":6.0,"key":"hubris:PeanutButter"},{"floor":8.0,"key":"Letter Opener"},{"floor":9.0,"key":"Matryoshka"},{"floor":12.0,"key":"hubris:SlimyHat"},{"floor":24.0,"key":"PreservedInsect"},{"floor":26.0,"key":"hexamod:BolsterEngine"},{"floor":26.0,"key":"Guard_Bracelet"},{"floor":37.0,"key":"ToyHorse"},{"floor":37.0,"key":"Torii"},{"floor":43.0,"key":"Nunchaku"},{"floor":44,"key":"Bronze Scales"}],"event_choices":[{"damage_healed":0.0,"max_hp_gain":0.0,"max_hp_loss":0.0,"gold_gain":0.0,"event_name":"Accursed Blacksmith","player_choice":"Rummage","floor":3.0,"gold_loss":0.0,"damage_taken":0.0,"relics_obtained":["WarpedTongs"],"cards_obtained":["Pain"]},{"damage_healed":0.0,"max_hp_gain":0.0,"max_hp_loss":0.0,"gold_gain":0.0,"event_name":"The Woman in Blue","player_choice":"Bought 0 Potions","floor":11.0,"gold_loss":0.0,"damage_taken":0.0},{"cards_removed":["Strike_Witch"],"damage_healed":0.0,"max_hp_gain":0.0,"max_hp_loss":0.0,"gold_gain":0.0,"event_name":"Falling","player_choice":"Removed Attack","floor":36.0,"gold_loss":0.0,"damage_taken":0.0},{"cards_removed":["Strike_Witch"],"damage_healed":0.0,"max_hp_gain":0.0,"max_hp_loss":0.0,"gold_gain":0.0,"event_name":"Designer","player_choice":"Upgrade and Remove","floor":41.0,"gold_loss":90.0,"damage_taken":0.0,"cards_upgraded":["Defend_Witch"]}],"is_beta":false,"boss_relics":[{"not_picked":["hubris:Stopwatch","jedi:battlestandard"],"picked":"Cursed Key"},{"not_picked":["Fusion Hammer","halation:PlatinumPhoenix"],"picked":"aspiration:RitualDagger"}],"items_purged_floors":[5,28,31],"is_endless":false,"potions_floor_spawned":[4,8,14,18,20,21,24,30,35,38],"killed_by":"3 Darklings","ascension_level":13}}