{"host":"kzpuingyul43kz0j","time":1612717603,"event":{"mods":["2.2 Compatiblity","BaseMod","Bestiary","Better Skull","BetterRewards","Colored Map","Colored Powertips","Curses Come First","Displayed Cursed Tome","Gold Saver","Highlight Path","Keyboard Shortcuts","Minty Spire (QoL Compilation)","Relic Stats","Remove Card Discount Mod","StSLib","Uncapped","Yuri Mod"],"gold_per_floor":[688,707,882,901,901,901,917,17,40,54,80,80,99,115,115,115,115],"floor_reached":16,"language":"ENG","playtime":881,"items_purged":["yuri:yuriStrike","yuri:yuriStrike","yuri:yuriDefend","yuri:yuriDefend"],"score":104,"play_id":"a1c29ade-1e93-40df-bfe3-21b5227e0a3e","local_time":"20210207180643","is_ascension_mode":false,"campfire_choices":[{"data":"yuri:Oolong","floor":6,"key":"SMITH"},{"data":"yuri:MPose","floor":15,"key":"SMITH"}],"circlet_count":0,"master_deck":["yuri:yuriStrike","yuri:yuriStrike","yuri:yuriStrike","yuri:yuriDefend","yuri:yuriDefend","yuri:yuriDefend","yuri:Oolong+1","yuri:yuriStab","yuri:SelfHarm","yuri:ThrowBook","yuri:TPose","yuri:MPose+1","yuri:TeaSet","yuri:SturdyUniform","Master of Strategy","yuri:Spin","yuri:Stalk","yuri:yuriHeavyStrike","yuri:GrowingInsanity+1","yuri:HeavierStrike"],"relics":["yuri:yuriKnife","NeowsBlessing","Frozen Egg 2","Toy Ornithopter","TheAbacus","Orichalcum"],"acts_visited":["Exordium"],"potions_floor_usage":[7,13],"damage_taken":[{"damage":0,"enemies":"2 Louse","floor":1,"turns":1},{"damage":0,"enemies":"Small Slimes","floor":2,"turns":1},{"damage":0,"enemies":"Jaw Worm","floor":4,"turns":1},{"damage":4,"enemies":"Lots of Slimes","floor":7,"turns":4},{"damage":1,"enemies":"Looter","floor":10,"turns":3},{"damage":29,"enemies":"Lagavulin","floor":11,"turns":5},{"damage":5,"enemies":"Gremlin Gang","floor":13,"turns":3},{"damage":1,"enemies":"Red Slaver","floor":14,"turns":2},{"damage":0,"enemies":"Hexaghost","floor":16,"turns":1}],"seed_played":"3504964376758379581","potions_obtained":[{"floor":1,"key":"Strength Potion"},{"floor":2,"key":"Strength Potion"},{"floor":11,"key":"FearPotion"}],"is_trial":false,"path_per_floor":["M","M","?","M","?","R","M","$","T","M","E","?","M","M","R","B"],"character_chosen":"YURI","items_purchased":["yuri:TeaSet","yuri:SturdyUniform","Frozen Egg 2","Toy Ornithopter","TheAbacus","Master of Strategy","yuri:Spin"],"campfire_rested":0,"item_purchase_floors":[8,8,8,8,8,8,8],"current_hp_per_floor":[80,80,80,80,73,73,76,76,76,79,56,80,79,78,78,78,78],"gold":115,"neow_bonus":"THREE_ENEMY_KILL","is_daily":false,"chose_seed":false,"campfire_upgraded":2,"win_rate":0.0,"timestamp":1612717603,"path_taken":["M","M","?","M","?","R","M","$","T","M","E","?","M","M","R","BOSS"],"items_purchased_type":["Card","Card","Relic","Relic","Relic","Card","Card"],"build_version":"2020-12-22","purchased_purges":4,"victory":false,"max_hp_per_floor":[80,80,80,80,80,80,80,80,80,80,80,80,80,80,80,80,80],"relic_stats":{"TheAbacus":[24],"counters":[9,21],"Orichalcum":[0],"obtain_stats":[{"TheAbacus":8,"NeowsBlessing":0,"yuri:yuriKnife":0,"Frozen Egg 2":8,"Orichalcum":11,"Toy Ornithopter":8},{"TheAbacus":4,"NeowsBlessing":0,"yuri:yuriKnife":0,"Frozen Egg 2":4,"Orichalcum":6,"Toy Ornithopter":4},{"TheAbacus":7,"NeowsBlessing":0,"yuri:yuriKnife":0,"Frozen Egg 2":7,"Orichalcum":15,"Toy Ornithopter":7}],"Toy Ornithopter":0},"card_choices":[{"not_picked":["yuri:GrowingInsanity","yuri:GreenTea"],"picked":"yuri:SelfHarm","floor":1},{"not_picked":["yuri:RepairCode","yuri:UnstableStrike"],"picked":"yuri:ThrowBook","floor":2},{"not_picked":["yuri:NerfBat","yuri:WickedSlash"],"picked":"yuri:TPose","floor":4},{"not_picked":["yuri:HeavierStrike","yuri:BrokenCode"],"picked":"yuri:MPose","floor":7},{"not_picked":["yuri:ReactiveMadness","yuri:Spin"],"picked":"yuri:Stalk","floor":10},{"not_picked":["yuri:JumpScare","yuri:Skip"],"picked":"yuri:yuriHeavyStrike","floor":11},{"not_picked":["yuri:Stalk","yuri:yuriHeavyStrike"],"picked":"yuri:GrowingInsanity+1","floor":13},{"not_picked":["yuri:yuriHeavyStrike","yuri:Stalk"],"picked":"yuri:HeavierStrike","floor":14}],"player_experience":94885,"relics_obtained":[{"floor":11,"key":"Orichalcum"}],"event_choices":[{"damage_healed":0,"gold_gain":175,"player_choice":"AGREE","damage_taken":0,"max_hp_gain":0,"max_hp_loss":0,"event_name":"Liars Game","floor":3,"gold_loss":0,"cards_obtained":["Doubt"]},{"cards_removed":["Doubt"],"damage_healed":0,"gold_gain":0,"player_choice":"Card Removal","damage_taken":7,"max_hp_gain":0,"max_hp_loss":0,"event_name":"Golden Wing","floor":5,"gold_loss":0},{"damage_healed":26,"gold_gain":0,"player_choice":"Banana","damage_taken":0,"max_hp_gain":0,"max_hp_loss":0,"event_name":"Big Fish","floor":12,"gold_loss":0}],"is_beta":false,"boss_relics":[],"items_purged_floors":[8,8,8,8],"is_endless":false,"potions_floor_spawned":[1,2,11],"killed_by":"Hexaghost","ascension_level":0}}