{"host":"ilhhjx796p2x2wmd","time":1612682312,"event":{"mods":["AchievementEnabler","BaseMod","BetterRewards","Colored Map","Colored Powertips","DeckTracker","Highlight Path","Minty Spire (QoL Compilation)","Permanent Neow","Rare Cards Sparkle","Shop Mod"],"gold_per_floor":[119,131,6,18,35,35,65,128,155,183,183,196,196,216,216,312,312,329,31,31,31,31],"floor_reached":21,"language":"KOR","playtime":716,"items_purged":["Regret"],"score":255,"play_id":"65936de5-ae73-4770-b5be-f4807e975f63","local_time":"20210207161832","is_ascension_mode":true,"campfire_choices":[{"data":"Apotheosis","floor":6.0,"key":"SMITH"},{"data":"Quick Slash","floor":13,"key":"SMITH"},{"data":"Blur","floor":15,"key":"SMITH"}],"circlet_count":0,"master_deck":["Strike_G+1","Strike_G","Strike_G","Strike_G+1","Defend_G","Defend_G","Defend_G","Defend_G","Defend_G","Survivor","Neutralize","Apotheosis+1","All Out Attack","Deadly Poison","Deadly Poison","Blur+1","Quick Slash+1","Acrobatics","Eviscerate","Dagger Throw","Venomology","Underhanded Strike","Bane"],"relics":["Ring of the Snake","Bag of Preparation","Lantern","Whetstone","Happy Flower","HoveringKite","HornCleat"],"acts_visited":["Exordium","TheCity"],"potions_floor_usage":[7,10,16],"damage_taken":[{"damage":5.0,"enemies":"2 Louse","floor":1.0,"turns":3.0},{"damage":8.0,"enemies":"Cultist","floor":2.0,"turns":5.0},{"damage":9.0,"enemies":"Small Slimes","floor":4.0,"turns":3.0},{"damage":0.0,"enemies":"Exordium Wildlife","floor":5.0,"turns":5.0},{"damage":11,"enemies":"Gremlin Nob","floor":7,"turns":3},{"damage":8,"enemies":"Lagavulin Event","floor":8,"turns":5},{"damage":7,"enemies":"Lagavulin","floor":10,"turns":5},{"damage":0,"enemies":"Large Slime","floor":12,"turns":4},{"damage":0,"enemies":"2 Fungi Beasts","floor":14,"turns":2},{"damage":13,"enemies":"Hexaghost","floor":16,"turns":7},{"damage":14,"enemies":"Spheric Guardian","floor":18,"turns":4},{"damage":0,"enemies":"Shell Parasite","floor":21,"turns":1}],"seed_played":"-1094649037411549749","potions_obtained":[{"floor":1.0,"key":"DistilledChaos"},{"floor":2.0,"key":"BlessingOfTheForge"},{"floor":4.0,"key":"Block Potion"},{"floor":8,"key":"Strength Potion"},{"floor":12,"key":"AttackPotion"}],"is_trial":false,"path_per_floor":["M","M","$","M","M","R","E","?","T","E","?","M","R","M","R","B",null,"M","$","?","M"],"character_chosen":"THE_SILENT","items_purchased":["Deadly Poison","HornCleat","Bane"],"campfire_rested":0,"item_purchase_floors":[3,19,19],"current_hp_per_floor":[58,50,50,41,41,41,30,22,22,15,38,38,38,38,38,25,59,45,45,45,45,45],"gold":31,"neow_bonus":"RANDOM_COLORLESS_2","is_daily":false,"chose_seed":false,"campfire_upgraded":3,"win_rate":0.0,"timestamp":1612682312,"path_taken":["M","M","$","M","M","R","E","?","T","E","?","M","R","M","R","BOSS","M","$","?","?"],"items_purchased_type":["Card","Relic","Card"],"build_version":"2020-12-22","purchased_purges":1,"victory":false,"max_hp_per_floor":[70,70,70,70,70,70,70,70,70,70,70,70,70,70,70,70,70,70,70,70,70,70],"card_choices":[{"not_picked":["Magnetism","Secret Weapon"],"picked":"Apotheosis","floor":0.0},{"not_picked":["PiercingWail","Dagger Throw"],"picked":"All Out Attack","floor":1.0},{"not_picked":["Dagger Throw","Flying Knee"],"picked":"Deadly Poison","floor":2.0},{"not_picked":["Deflect","Endless Agony"],"picked":"Blur","floor":4.0},{"not_picked":["Blade Dance","Prepared"],"picked":"Quick Slash","floor":5.0},{"not_picked":["Underhanded Strike","Heel Hook"],"picked":"Acrobatics","floor":7},{"not_picked":["Prepared","Underhanded Strike"],"picked":"Eviscerate","floor":8},{"not_picked":["A Thousand Cuts","Dodge and Roll"],"picked":"Dagger Throw","floor":10},{"not_picked":["Deflect","Dodge and Roll","Finisher"],"picked":"SKIP","floor":12},{"not_picked":["Skewer","Flying Knee","Deflect"],"picked":"SKIP","floor":14},{"not_picked":["Tools of the Trade","Malaise"],"picked":"Venomology","floor":16},{"not_picked":["Deflect+1","Blade Dance"],"picked":"Underhanded Strike","floor":18}],"player_experience":334625,"relics_obtained":[{"floor":7,"key":"Bag of Preparation"},{"floor":9,"key":"Whetstone"},{"floor":10,"key":"Happy Flower"}],"event_choices":[{"damage_healed":0,"gold_gain":0,"player_choice":"Searched \u00273\u0027 times","damage_taken":0,"relics_obtained":["Lantern"],"max_hp_gain":0,"max_hp_loss":0,"event_name":"Dead Adventurer","floor":8,"gold_loss":0},{"damage_healed":23,"gold_gain":0,"player_choice":"Banana","damage_taken":0,"max_hp_gain":0,"max_hp_loss":0,"event_name":"Big Fish","floor":11,"gold_loss":0},{"cards_removed":["Strike_G"],"damage_healed":0,"gold_gain":0,"player_choice":"Purged","damage_taken":0,"max_hp_gain":0,"max_hp_loss":0,"event_name":"Purifier","floor":20,"gold_loss":0}],"is_beta":false,"boss_relics":[{"not_picked":["Velvet Choker","Black Star"],"picked":"HoveringKite"}],"items_purged_floors":[3],"is_endless":false,"potions_floor_spawned":[1,2,4,8,12],"killed_by":"Shell Parasite","ascension_level":7}}