{"host":"sian7qp8a9pc9xwd","time":1612727179,"event":{"mods":["BaseMod","Minty Spire (QoL Compilation)","StSLib","SuperFastMode"],"gold_per_floor":[99,99,99,112,131,131,306,381,381,401,425,425,165,183,183,183,183],"floor_reached":16,"language":"ENG","playtime":1487,"items_purged":["Doubt"],"score":97,"play_id":"76d7a2e4-41ed-4df8-ba9b-6776455ef88b","local_time":"20210207144619","is_ascension_mode":true,"campfire_choices":[{"data":"Neutralize","floor":6,"key":"SMITH"},{"floor":12,"key":"REST"},{"data":"Cloak And Dagger","floor":15,"key":"SMITH"}],"circlet_count":0,"master_deck":["Strike_G","Strike_G","Strike_G","Strike_G","Strike_G","Defend_G","Defend_G","Defend_G","Defend_G","Survivor","Neutralize+1","Backflip","Infinite Blades","PiercingWail","Quick Slash","Accuracy","Cloak And Dagger+1","Flash of Steel"],"relics":["Ring of the Snake","FossilizedHelix","Golden Idol","Unceasing Top"],"acts_visited":["Exordium"],"potions_floor_usage":[5],"damage_taken":[{"damage":7,"enemies":"Jaw Worm","floor":1,"turns":5},{"damage":0,"enemies":"Small Slimes","floor":4,"turns":3},{"damage":7,"enemies":"2 Louse","floor":5,"turns":4},{"damage":0,"enemies":"Blue Slaver","floor":10,"turns":5},{"damage":7,"enemies":"3 Louse","floor":11,"turns":7},{"damage":0,"enemies":"2 Fungi Beasts","floor":14,"turns":4},{"damage":38,"enemies":"Hexaghost","floor":16,"turns":9}],"seed_played":"4805046939891857549","potions_obtained":[{"floor":5,"key":"Fruit Juice"}],"is_trial":false,"path_per_floor":["M","?","?","M","M","R","?","?","T","M","M","R","$","M","R","B"],"character_chosen":"THE_SILENT","items_purchased":["Accuracy","Cloak And Dagger","Flash of Steel"],"campfire_rested":1,"item_purchase_floors":[13,13,13],"current_hp_per_floor":[42,42,35,35,33,33,33,22,22,22,15,36,36,36,36,0,0],"gold":183,"neow_bonus":"ONE_RARE_RELIC","is_daily":false,"chose_seed":false,"campfire_upgraded":2,"win_rate":0.0,"timestamp":1612727179,"path_taken":["M","?","?","M","M","R","?","?","T","?","M","R","$","M","R","BOSS"],"items_purchased_type":["Card","Card","Card"],"build_version":"2020-12-22","purchased_purges":1,"victory":false,"max_hp_per_floor":[70,65,65,65,70,70,70,70,70,70,70,70,70,70,70,70,70],"card_choices":[{"not_picked":["Dagger Spray","Bane"],"picked":"Backflip","floor":1},{"not_picked":["Dagger Throw","Bane"],"picked":"Infinite Blades","floor":4},{"not_picked":["Concentrate","Dagger Throw"],"picked":"PiercingWail","floor":5},{"not_picked":["Prepared","Poisoned Stab","Flying Knee"],"picked":"SKIP","floor":10},{"not_picked":["Calculated Gamble","Choke"],"picked":"Quick Slash","floor":11},{"not_picked":["Riddle With Holes","Skewer","Bouncing Flask"],"picked":"SKIP","floor":14}],"player_experience":930528,"relics_obtained":[{"floor":9,"key":"Unceasing Top"}],"event_choices":[{"damage_healed":0,"gold_gain":0,"player_choice":"Lose Max HP","damage_taken":0,"relics_obtained":["Golden Idol"],"max_hp_gain":0,"max_hp_loss":5,"event_name":"Golden Idol","floor":2,"gold_loss":0},{"cards_removed":["Defend_G"],"damage_healed":0,"gold_gain":0,"player_choice":"Card Removal","damage_taken":7,"max_hp_gain":0,"max_hp_loss":0,"event_name":"Golden Wing","floor":3,"gold_loss":0},{"damage_healed":0,"gold_gain":175,"player_choice":"AGREE","damage_taken":0,"max_hp_gain":0,"max_hp_loss":0,"event_name":"Liars Game","floor":7,"gold_loss":0,"cards_obtained":["Doubt"]},{"damage_healed":0,"gold_gain":75,"player_choice":"Gather Gold","damage_taken":11,"max_hp_gain":0,"max_hp_loss":0,"event_name":"World of Goop","floor":8,"gold_loss":0}],"is_beta":false,"boss_relics":[],"items_purged_floors":[13],"is_endless":false,"potions_floor_spawned":[5],"killed_by":"Hexaghost","ascension_level":1}}