{"host":"gaqyve1328ta0etl","time":1612724391,"event":{"mods":["BaseMod","Colored Map","Colored Powertips","Duelist Mod","Googly Eyes","Hero for Fun","Minty Spire (QoL Compilation)","Shop Mod","StSLib","SuperFastMode","The Hierophant","The Runesmith"],"gold_per_floor":[117,130,130,140,25,25,55,65,65,65,31,31,31,51,51,51,51],"floor_reached":16,"language":"ENG","playtime":333,"items_purged":["Strike_R"],"score":160,"play_id":"504ac7d8-0f50-4a80-9396-d14d55e52f01","local_time":"20210207105951","is_ascension_mode":true,"campfire_choices":[{"data":"Entrench","floor":6,"key":"SMITH"},{"data":"Pummel","floor":10,"key":"SMITH"},{"data":"Iron Wave","floor":13,"key":"SMITH"},{"data":"Body Slam","floor":15,"key":"SMITH"}],"circlet_count":0,"master_deck":["AscendersBane","Strike_R","Strike_R","Strike_R","Strike_R","Defend_R","Defend_R","Defend_R","Defend_R","Bash","Iron Wave+1","Entrench+1","Iron Wave","Fire Breathing","Pummel+1","Body Slam+1"],"relics":["Burning Blood","PreservedInsect","Lantern","Smiling Mask","Pantograph"],"acts_visited":["Exordium"],"potions_floor_usage":[7,8],"damage_taken":[{"damage":20,"enemies":"Cultist","floor":1,"turns":5},{"damage":0,"enemies":"Small Slimes","floor":2,"turns":3},{"damage":0,"enemies":"2 Louse","floor":4,"turns":3},{"damage":10,"enemies":"3 Sentries","floor":7,"turns":5},{"damage":20,"enemies":"Exordium Thugs","floor":8,"turns":6},{"damage":15,"enemies":"Looter","floor":14,"turns":4},{"damage":86,"enemies":"Slime Boss","floor":16,"turns":11}],"seed_played":"7042754306057518603","potions_obtained":[{"floor":1,"key":"SpeedPotion"},{"floor":4,"key":"LiquidBronze"},{"floor":7,"key":"Regen Potion"}],"is_trial":false,"path_per_floor":["M","M","T","M","$","R","E","M","T","R","?","?","R","M","R","B"],"character_chosen":"IRONCLAD","items_purchased":["Fire Breathing"],"campfire_rested":0,"item_purchase_floors":[5],"current_hp_per_floor":[58,64,64,70,70,70,66,67,67,67,67,72,72,63,63,0,0],"gold":51,"neow_bonus":"RANDOM_COMMON_RELIC","is_daily":false,"chose_seed":false,"campfire_upgraded":4,"win_rate":0.0,"timestamp":1612724391,"path_taken":["M","?","?","M","$","R","E","?","T","R","?","?","R","M","R","BOSS"],"items_purchased_type":["Card"],"build_version":"2020-12-22","purchased_purges":1,"victory":false,"max_hp_per_floor":[80,80,80,80,80,80,80,80,80,80,80,85,85,85,85,85,85],"card_choices":[{"not_picked":["Burning Pact","Warcry"],"picked":"Iron Wave","floor":1},{"not_picked":["Sever Soul","Feel No Pain"],"picked":"Entrench","floor":2},{"not_picked":["Warcry","Infernal Blade"],"picked":"Iron Wave","floor":4},{"not_picked":["Thunderclap","Shockwave"],"picked":"Pummel","floor":7},{"not_picked":["Heavy Blade","Havoc","Anger"],"picked":"SKIP","floor":8},{"not_picked":["Inflame","Havoc"],"picked":"Body Slam","floor":14}],"player_experience":2102236,"relics_obtained":[{"floor":3,"key":"Lantern"},{"floor":7,"key":"Smiling Mask"},{"floor":9,"key":"Pantograph"}],"event_choices":[{"damage_healed":0,"gold_gain":0,"player_choice":"Left Gold","damage_taken":0,"max_hp_gain":0,"max_hp_loss":0,"event_name":"World of Goop","floor":11,"gold_loss":34},{"damage_healed":0,"gold_gain":0,"player_choice":"Donut","damage_taken":0,"max_hp_gain":5,"max_hp_loss":0,"event_name":"Big Fish","floor":12,"gold_loss":0}],"is_beta":false,"boss_relics":[],"items_purged_floors":[5],"is_endless":false,"potions_floor_spawned":[1,4,7],"killed_by":"Slime Boss","ascension_level":12}}