{"host":"kig4ty9d1aubg29s","time":1612709187,"event":{"mods":["BaseMod","Minty Spire (QoL Compilation)","READ ME - Guardian Mod","READ ME - Snecko Mod","StSLib","The Cursed","The Gatherer","The Hierophant","The Runesmith"],"gold_per_floor":[110,124,124,274,286,286,137,170,197,210,220,220,220,220,220],"floor_reached":14,"language":"KOR","playtime":404,"items_purged":["Regret"],"score":180,"play_id":"e507717e-d750-4e61-8a10-baaf35deed4b","local_time":"20210207234627","is_ascension_mode":true,"campfire_choices":[{"data":"Defragment","floor":6,"key":"SMITH"},{"floor":12,"key":"REST"},{"floor":13,"key":"REST"}],"circlet_count":0,"master_deck":["AscendersBane","Strike_B","Strike_B","Strike_B","Strike_B","Defend_B","Defend_B","Defend_B","Defend_B","Zap","Dualcast","Coolheaded","Auto Shields","Doubt","Defragment+1","Storm","Echo Form","Glacier"],"relics":["Cracked Core","Bird Faced Urn","Happy Flower","WingedGreaves","Bag of Preparation"],"acts_visited":["Exordium"],"potions_floor_usage":[10,10,10,10],"damage_taken":[{"damage":0,"enemies":"Small Slimes","floor":1,"turns":2},{"damage":9,"enemies":"Jaw Worm","floor":2,"turns":4},{"damage":8,"enemies":"Cultist","floor":5,"turns":5},{"damage":14,"enemies":"Lagavulin","floor":8,"turns":7},{"damage":30,"enemies":"Exordium Thugs","floor":10,"turns":4},{"damage":9,"enemies":"3 Louse","floor":11,"turns":4},{"damage":23,"enemies":"Gremlin Nob","floor":14,"turns":4}],"seed_played":"5364692250460908017","potions_obtained":[{"floor":5,"key":"SteroidPotion"},{"floor":8,"key":"EntropicBrew"}],"is_trial":false,"path_per_floor":["M","M","?","?","M","R","$","E","T","M","M","R","R","E"],"character_chosen":"DEFECT","items_purchased":["Storm"],"campfire_rested":2,"item_purchase_floors":[7],"current_hp_per_floor":[64,55,55,55,47,47,47,37,37,13,8,27,46,27,27],"gold":220,"neow_bonus":"ONE_RARE_RELIC","is_daily":false,"chose_seed":false,"campfire_upgraded":1,"win_rate":0.0,"timestamp":1612709187,"path_taken":["M","M","?","?","M","R","?","E","T","M","?","R","R","E"],"items_purchased_type":["Card"],"build_version":"2020-12-22","purchased_purges":1,"victory":false,"max_hp_per_floor":[64,64,64,64,64,64,64,64,64,64,64,64,64,64,64],"card_choices":[{"not_picked":["Fusion","Skim"],"picked":"Coolheaded","floor":1},{"not_picked":["Sweeping Beam","Go for the Eyes"],"picked":"Auto Shields","floor":2},{"not_picked":["Go for the Eyes","FTL"],"picked":"Defragment","floor":5},{"not_picked":["Compile Driver","Beam Cell"],"picked":"Echo Form","floor":8},{"not_picked":["Streamline","Redo","Hello World"],"picked":"SKIP","floor":10},{"not_picked":["Auto Shields","Chill"],"picked":"Glacier","floor":11}],"player_experience":1965825,"relics_obtained":[{"floor":8,"key":"WingedGreaves"},{"floor":9,"key":"Bag of Preparation"}],"event_choices":[{"damage_healed":0,"gold_gain":0,"player_choice":"Box","damage_taken":0,"relics_obtained":["Happy Flower"],"max_hp_gain":0,"max_hp_loss":0,"event_name":"Big Fish","floor":3,"gold_loss":0,"cards_obtained":["Regret"]},{"damage_healed":0,"gold_gain":150,"player_choice":"AGREE","damage_taken":0,"max_hp_gain":0,"max_hp_loss":0,"event_name":"Liars Game","floor":4,"gold_loss":0,"cards_obtained":["Doubt"]}],"is_beta":false,"boss_relics":[],"items_purged_floors":[7],"is_endless":false,"potions_floor_spawned":[5,8],"killed_by":"Gremlin Nob","ascension_level":20}}