{"host":"3y2rtlgteqp2nuo3","time":1612697415,"event":{"mods":["2.2 Compatiblity","AchievementEnabler","BaseMod","Colored Map","DeckTracker","Highlight Path","Keyboard Shortcuts","Minty Spire (QoL Compilation)","Permanent Neow","Quick Restart","StSLib","SuperFastMode","everything is the same but u backflip on backflip"],"gold_per_floor":[115,30,42,42,58,58,71,71,117,117,128,128,162,175,175,175,175],"floor_reached":16,"language":"KOR","playtime":337,"items_purged":[],"score":204,"play_id":"c8d4b44f-d644-4a30-8b5b-328875c14d92","local_time":"20210207203015","is_ascension_mode":true,"campfire_choices":[{"data":"Eruption","floor":6.0,"key":"SMITH"},{"data":"FearNoEvil","floor":10.0,"key":"SMITH"},{"data":"Adaptation","floor":12.0,"key":"SMITH"},{"floor":15,"key":"REST"}],"circlet_count":0,"master_deck":["AscendersBane","Strike_P","Strike_P","Defend_P","Defend_P","Defend_P","Eruption+1","Vigilance","Doubt","FearNoEvil+1","Brilliance","InnerPeace","Adaptation+1","WaveOfTheHand"],"relics":["PureWater","Nunchaku","Bag of Preparation"],"acts_visited":["Exordium"],"potions_floor_usage":[],"damage_taken":[{"damage":9.0,"enemies":"2 Louse","floor":1.0,"turns":3.0},{"damage":6.0,"enemies":"Cultist","floor":3.0,"turns":4.0},{"damage":0.0,"enemies":"Jaw Worm","floor":5.0,"turns":2.0},{"damage":6.0,"enemies":"Exordium Wildlife","floor":7.0,"turns":3.0},{"damage":0.0,"enemies":"Large Slime","floor":11.0,"turns":4.0},{"damage":34,"enemies":"Lagavulin","floor":13,"turns":6},{"damage":2,"enemies":"Lots of Slimes","floor":14,"turns":4},{"damage":36,"enemies":"Slime Boss","floor":16,"turns":7}],"seed_played":"2993594409068764794","potions_obtained":[{"floor":7.0,"key":"EssenceOfSteel"}],"is_trial":false,"path_per_floor":["M","$","M","?","M","R","M","$","T","R","M","R","E","M","R","B"],"character_chosen":"WATCHER","items_purchased":["Adaptation"],"campfire_rested":1,"item_purchase_floors":[2],"current_hp_per_floor":[52,52,46,46,46,46,40,40,40,40,40,40,6,4,24,0,0],"gold":175,"neow_bonus":"TRANSFORM_TWO_CARDS","is_daily":false,"chose_seed":false,"campfire_upgraded":3,"win_rate":0.0,"timestamp":1612697415,"path_taken":["M","$","M","?","M","R","M","$","T","R","M","R","E","?","R","BOSS"],"items_purchased_type":["Card"],"build_version":"2020-12-22","purchased_purges":0,"victory":false,"max_hp_per_floor":[68,68,68,68,68,68,68,68,68,68,68,68,68,68,68,68,68],"card_choices":[{"not_picked":["Meditate","Indignation"],"picked":"InnerPeace","floor":1.0},{"not_picked":["Protect","FollowUp","SashWhip"],"picked":"SKIP","floor":3.0},{"not_picked":["Crescendo","Halt","InnerPeace"],"picked":"SKIP","floor":5.0},{"not_picked":["Evaluate","SashWhip","EmptyFist"],"picked":"SKIP","floor":7.0},{"not_picked":["PathToVictory","ClearTheMind","Blasphemy"],"picked":"SKIP","floor":11.0},{"not_picked":["EmptyMind","Sanctity","Wallop"],"picked":"SKIP","floor":13},{"not_picked":["WindmillStrike","FearNoEvil","Wireheading"],"picked":"SKIP","floor":14}],"player_experience":769496,"relics_obtained":[{"floor":9.0,"key":"Nunchaku"},{"floor":13,"key":"Bag of Preparation"}],"event_choices":[{"damage_healed":0.0,"max_hp_gain":0.0,"max_hp_loss":0.0,"gold_gain":0.0,"cards_transformed":["Strike_P"],"event_name":"Transmorgrifier","player_choice":"Transformed","floor":4.0,"gold_loss":0.0,"damage_taken":0.0,"cards_obtained":["WaveOfTheHand"]}],"is_beta":false,"boss_relics":[],"items_purged_floors":[],"is_endless":false,"potions_floor_spawned":[7],"killed_by":"Slime Boss","ascension_level":20}}