{"host":"lly094a91h6n5nv5","time":1612683498,"event":{"mods":["AchievementEnabler","BaseMod","Block Reminder","Colored Map","Minty Spire (QoL Compilation)"],"gold_per_floor":[109,109,109,122,48,79,79,112,112,112,131,144,144,65,65,170,170,181,209,229,243,260,291,41,61,61,61,97,97,126,147,147,147,147],"floor_reached":33,"language":"ENG","playtime":2167,"items_purged":[],"score":435,"play_id":"ca8cc071-2ee2-4578-9f73-165a73a0991e","local_time":"20210207013818","is_ascension_mode":true,"campfire_choices":[{"data":"Eruption","floor":7,"key":"SMITH"},{"data":"Wallop","floor":10,"key":"SMITH"},{"data":"ClearTheMind","floor":13,"key":"SMITH"},{"data":"WaveOfTheHand","floor":15,"key":"SMITH"},{"data":"Vault","floor":29,"key":"SMITH"},{"data":"Scrawl","floor":32,"key":"SMITH"}],"circlet_count":0,"master_deck":["Strike_P","Strike_P","Strike_P","Strike_P","Defend_P","Defend_P","Defend_P","Defend_P","Eruption+1","Vigilance","Wallop+1","Protect","Nirvana+1","BowlingBash","JustLucky","ClearTheMind+1","WaveOfTheHand+1","Tantrum","Scrawl+1","Indignation+1","Vault+1","CutThroughFate","EmptyBody","SpiritShield","LikeWater+1","Halt+1","ClearTheMind+1","Crescendo+1"],"relics":["PureWater","NeowsBlessing","Frozen Egg 2","StrikeDummy","Bag of Marbles","Matryoshka","Coffee Dripper","Red Mask","Gambling Chip","Toxic Egg 2","Lantern","Anchor","CeramicFish"],"acts_visited":["Exordium","TheCity"],"potions_floor_usage":[18,18,19,21,23,28,28],"damage_taken":[{"damage":0,"enemies":"Jaw Worm","floor":1,"turns":1},{"damage":0,"enemies":"Small Slimes","floor":4,"turns":1},{"damage":0,"enemies":"Gremlin Nob","floor":6,"turns":1},{"damage":11,"enemies":"3 Sentries","floor":8,"turns":8},{"damage":0,"enemies":"2 Louse","floor":11,"turns":1},{"damage":1,"enemies":"Looter","floor":12,"turns":4},{"damage":13,"enemies":"Slime Boss","floor":16,"turns":8},{"damage":0,"enemies":"2 Thieves","floor":18,"turns":4},{"damage":18,"enemies":"Masked Bandits","floor":19,"turns":3},{"damage":31,"enemies":"Spheric Guardian","floor":20,"turns":7},{"damage":0,"enemies":"Snake Plant","floor":21,"turns":2},{"damage":0,"enemies":"Snecko","floor":22,"turns":3},{"damage":5,"enemies":"Slavers","floor":23,"turns":4},{"damage":0,"enemies":"3 Cultists","floor":25,"turns":5},{"damage":1,"enemies":"Book of Stabbing","floor":28,"turns":6},{"damage":0,"enemies":"Chosen and Byrds","floor":30,"turns":4},{"damage":0,"enemies":"Snake Plant","floor":31,"turns":2},{"damage":8,"enemies":"Champ","floor":33,"turns":4}],"seed_played":"3508577437152527196","potions_obtained":[{"floor":1,"key":"Strength Potion"},{"floor":8,"key":"DistilledChaos"},{"floor":11,"key":"SpeedPotion"},{"floor":19,"key":"Energy Potion"},{"floor":20,"key":"DuplicationPotion"},{"floor":23,"key":"Block Potion"},{"floor":25,"key":"Weak Potion"}],"is_trial":false,"path_per_floor":["M","?","$","M","$","E","R","E","T","R","M","M","R","$","R","B",null,"M","?","M","M","M","E","$","M","T","?","E","R","M","M","R","B"],"character_chosen":"WATCHER","items_purchased":["Nirvana+1","Tantrum","Toxic Egg 2"],"campfire_rested":0,"item_purchase_floors":[5,14,24],"current_hp_per_floor":[65,58,58,58,58,58,58,47,47,47,47,46,46,46,46,33,62,62,44,13,13,13,8,8,8,8,8,7,7,7,7,7,0,0],"gold":147,"neow_bonus":"THREE_ENEMY_KILL","is_daily":false,"chose_seed":false,"campfire_upgraded":6,"win_rate":0.0,"timestamp":1612683498,"path_taken":["M","?","?","M","$","E","R","E","T","R","M","M","R","?","R","BOSS","M","?","M","M","M","E","$","M","T","?","E","R","M","M","R","BOSS"],"items_purchased_type":["Card","Card","Relic"],"build_version":"2020-12-22","purchased_purges":0,"victory":false,"max_hp_per_floor":[72,72,72,72,72,72,72,72,72,72,72,72,72,72,72,72,72,72,72,72,72,72,72,72,72,72,72,72,72,72,72,72,72,72],"card_choices":[{"not_picked":["TalkToTheHand","ThirdEye"],"picked":"Wallop","floor":1},{"not_picked":["FlyingSleeves","SashWhip"],"picked":"Protect","floor":4},{"not_picked":["FlyingSleeves","WreathOfFlame"],"picked":"BowlingBash","floor":6},{"not_picked":["Evaluate","Fasting2+1"],"picked":"JustLucky","floor":8},{"not_picked":["Halt","CrushJoints"],"picked":"ClearTheMind","floor":11},{"not_picked":["Prostrate","ClearTheMind"],"picked":"WaveOfTheHand","floor":12},{"not_picked":["MasterReality+1","Omniscience"],"picked":"Scrawl","floor":16},{"not_picked":["FlyingSleeves","FlurryOfBlows"],"picked":"Indignation+1","floor":18},{"not_picked":["EmptyBody","ClearTheMind"],"picked":"Vault","floor":20},{"not_picked":["SashWhip","EmptyFist"],"picked":"CutThroughFate","floor":21},{"not_picked":["ClearTheMind","Prostrate"],"picked":"EmptyBody","floor":22},{"not_picked":["Pray","EmptyMind"],"picked":"SpiritShield","floor":23},{"not_picked":["Nirvana+1","Protect+1"],"picked":"LikeWater+1","floor":25},{"not_picked":["SashWhip","FearNoEvil"],"picked":"Halt+1","floor":28},{"not_picked":["FlurryOfBlows","Worship+1"],"picked":"ClearTheMind+1","floor":30},{"not_picked":["Weave","SashWhip"],"picked":"Crescendo+1","floor":31}],"player_experience":184148,"relics_obtained":[{"floor":6,"key":"StrikeDummy"},{"floor":8,"key":"Bag of Marbles"},{"floor":9,"key":"Matryoshka"},{"floor":19,"key":"Red Mask"},{"floor":23,"key":"Gambling Chip"},{"floor":26,"key":"Lantern"},{"floor":26,"key":"Anchor"},{"floor":28,"key":"CeramicFish"}],"event_choices":[{"damage_healed":0,"gold_gain":0,"player_choice":"Success","damage_taken":7,"relics_obtained":["Frozen Egg 2"],"max_hp_gain":0,"max_hp_loss":0,"event_name":"Scrap Ooze","floor":2,"gold_loss":0},{"damage_healed":0,"gold_gain":0,"player_choice":"Fought Bandits","damage_taken":0,"max_hp_gain":0,"max_hp_loss":0,"event_name":"Masked Bandits","floor":19,"gold_loss":0},{"damage_healed":0,"gold_gain":0,"player_choice":"Ignored","damage_taken":0,"max_hp_gain":0,"max_hp_loss":0,"event_name":"The Mausoleum","floor":27,"gold_loss":0}],"is_beta":false,"boss_relics":[{"not_picked":["VioletLotus","Pandora\u0027s Box"],"picked":"Coffee Dripper"}],"items_purged_floors":[],"is_endless":false,"potions_floor_spawned":[1,8,11,16,19,20,23,25],"killed_by":"Champ","ascension_level":7}}