{"host":"tfp298o0a6uof1l0","time":1612688176,"event":{"mods":["BaseMod","Colored Powertips","Friendly Minions","Lobotomy","LobotomyExtend","Minty Spire (QoL Compilation)","StSLib"],"gold_per_floor":[216,233,246,256,256,287,298,298,324,367,379,419,431,458,486,170,170,28,63,63,63,95,95,95,94,94,197,197,212,223,223,241,57,57,57],"floor_reached":23,"language":"KOR","playtime":2718,"items_purged":[],"score":265,"play_id":"9b0cf7d6-6fb0-4526-87ae-faad3ccf9219","local_time":"20210207175616","is_ascension_mode":true,"campfire_choices":[],"circlet_count":0,"master_deck":["SpecialBullet","SpecialBullet","SpecialBullet","SpecialBullet","SpecialBullet","SpecialBullet","SpecialBullet","InformationCode","SecurityCode","CentralCode","Bloodbath","WristCuter","MeatLantern","RapturousDream","PunishingBird","Scorched","Pleasure","WallGazer","OSAHOGD","Tough","BlueStar","Freischutz","Enlightenment","GoldRush+1","Spore+1","Twilight","Gaze+1","UniverseFragment","RapturousDream+1","WelfareCode","TheSmile+1","SpecialBullet","DespairKnight","SpecialBullet","WristCuter+1","Lamp+1"],"relics":["CogitoBucket","Pen Nib","AspirationHeart","MawBank","Regal Pillow","LetterFromLob","Toxic Egg 2","Pantograph","Calipers","PreservedInsect","AdjustmentMirror","Cursed Key","Whetstone"],"acts_visited":["Exordium","TheCity"],"potions_floor_usage":[6,6,7,7,7,14],"damage_taken":[{"damage":14,"enemies":"2 Louse","floor":1,"turns":2},{"damage":6,"enemies":"Cultist","floor":2,"turns":3},{"damage":5,"enemies":"Small Slimes","floor":3,"turns":2},{"damage":6,"enemies":"Exordium Wildlife","floor":4,"turns":3},{"damage":3,"enemies":"Lagavulin","floor":6,"turns":4},{"damage":5,"enemies":"Looter","floor":7,"turns":2},{"damage":20,"enemies":"3 Sentries","floor":10,"turns":4},{"damage":0,"enemies":"Cultist","floor":1,"turns":2},{"damage":0,"enemies":"Small Slimes","floor":3,"turns":1},{"damage":7,"enemies":"Jaw Worm","floor":4,"turns":2},{"damage":4,"enemies":"3 Sentries","floor":8,"turns":2},{"damage":8,"enemies":"Lagavulin","floor":11,"turns":3},{"damage":0,"enemies":"Large Slime","floor":14,"turns":3},{"damage":16,"enemies":"Hexaghost","floor":16,"turns":7},{"damage":0,"enemies":"Shell Parasite","floor":18,"turns":4},{"damage":2,"enemies":"Spheric Guardian","floor":19,"turns":4},{"damage":2,"enemies":"Chosen and Byrds","floor":21,"turns":3}],"seed_played":"1421239091257989831","potions_obtained":[{"floor":1,"key":"Ancient Potion"},{"floor":2,"key":"Block Potion"},{"floor":5,"key":"Energy Potion"},{"floor":5,"key":"DuplicationPotion"},{"floor":6,"key":"EntropicBrew"},{"floor":7,"key":"FairyPotion"},{"floor":1,"key":"LiquidBronze"},{"floor":14,"key":"FearPotion"},{"floor":19,"key":"Fire Potion"},{"floor":21,"key":"DuplicationPotion"}],"is_trial":false,"path_per_floor":["M","M","M","M","?","E","M","R","T","E","R","?","M","?","M","M","$","R","$","E","T","R","E","?","R","M","R","B",null,"M","M","?","M","$","E"],"character_chosen":"Angela","items_purchased":["Toxic Egg 2","Spore+1","Twilight","Lamp","Whetstone"],"campfire_rested":0,"item_purchase_floors":[5,5,7,22,22],"current_hp_per_floor":[64,67,70,70,70,70,80,80,80,71,71,70,70,70,70,70,70,70,74,74,74,74,74,74,74,74,74,74,78,78,78,78,78,0,0],"gold":57,"neow_bonus":"HUNDRED_GOLD","is_daily":false,"chose_seed":false,"campfire_upgraded":0,"win_rate":0.0,"timestamp":1612688176,"path_taken":["M","M","M","M","?","E","?","R","T","E","R","?","M","?","?","M","$","R","$","E","T","R","E","?","R","M","R","BOSS","M","M","?","M","$","E"],"items_purchased_type":["Relic","Card","Card","Card","Relic"],"build_version":"2020-12-22","purchased_purges":0,"victory":false,"max_hp_per_floor":[70,70,70,70,70,70,80,80,80,80,80,70,70,70,70,70,70,70,74,74,74,74,74,74,74,74,74,74,78,78,78,78,78,78,78],"card_choices":[{"not_picked":["CherryBlossoms","Laetitia"],"picked":"Bloodbath","floor":1},{"not_picked":["Noise","Regret_ego"],"picked":"SKIP","floor":1},{"not_picked":["SomewhereSpear"],"picked":"WristCuter","floor":2},{"not_picked":["Freischutz","LaLuna"],"picked":"MeatLantern","floor":2},{"not_picked":["BearPaw"],"picked":"RapturousDream","floor":3},{"not_picked":["LongBird","Funeral"],"picked":"PunishingBird","floor":3},{"not_picked":["ShyLook","BeautyBeast"],"picked":"Scorched","floor":4},{"not_picked":["RedEyes","MagicBullet"],"picked":"SKIP","floor":4},{"not_picked":["Laetitia_ego"],"picked":"Pleasure","floor":6},{"not_picked":["Scarecrow","Wellcheers"],"picked":"WallGazer","floor":6},{"not_picked":["BeautyBeast","BigBadWolf"],"picked":"OSAHOGD","floor":7},{"not_picked":["CUTE","Hornet"],"picked":"SKIP","floor":7},{"not_picked":["RedEyes"],"picked":"Tough","floor":10},{"not_picked":["Wellcheers","Rudolta"],"picked":"BlueStar","floor":10},{"not_picked":["CrumblingArmor","FairyFestival"],"picked":"Freischutz","floor":1},{"not_picked":["Reverberation","Regret_ego"],"picked":"SKIP","floor":1},{"not_picked":["CUTE"],"picked":"GoldRush","floor":3},{"not_picked":["Regret_ego","BlueScar"],"picked":"SKIP","floor":4},{"not_picked":["WristCuter"],"picked":"Gaze+1","floor":8},{"not_picked":["Funeral","WhitesApple"],"picked":"UniverseFragment","floor":8},{"not_picked":["SomewhereSpear+1"],"picked":"RapturousDream+1","floor":11},{"not_picked":["Tough","SomewhereSpear+1"],"picked":"SKIP","floor":14},{"not_picked":["Justitia"],"picked":"TheSmile+1","floor":16},{"not_picked":["ShyLook","Woodsman"],"picked":"DespairKnight","floor":18},{"not_picked":["ShedSkin+1","Hornet+1"],"picked":"SKIP","floor":18},{"not_picked":["Diffraction+1"],"picked":"WristCuter+1","floor":19},{"not_picked":["CUTE+1","Laetitia_ego+1"],"picked":"SKIP","floor":21}],"player_experience":226157,"relics_obtained":[{"floor":1,"key":"LetterFromLob"},{"floor":6,"key":"Pen Nib"},{"floor":9,"key":"MawBank"},{"floor":10,"key":"Regal Pillow"},{"floor":1,"key":"LetterFromLob"},{"floor":8,"key":"Pantograph"},{"floor":9,"key":"Calipers"},{"floor":11,"key":"PreservedInsect"}],"event_choices":[{"damage_healed":0,"gold_gain":0,"player_choice":"Got Potions","damage_taken":0,"max_hp_gain":0,"max_hp_loss":0,"event_name":"Lab","floor":5,"gold_loss":0},{"damage_healed":0,"gold_gain":0,"player_choice":"1 cards matched","damage_taken":0,"max_hp_gain":0,"max_hp_loss":0,"event_name":"Match and Keep!","floor":2,"gold_loss":0,"cards_obtained":["Enlightenment"]},{"damage_healed":0,"gold_gain":0,"player_choice":"Ignored","damage_taken":0,"max_hp_gain":0,"max_hp_loss":0,"event_name":"Golden Wing","floor":12,"gold_loss":0},{"damage_healed":0,"gold_gain":0,"player_choice":"Ignored","damage_taken":0,"max_hp_gain":0,"max_hp_loss":0,"event_name":"Vampires","floor":20,"gold_loss":0}],"is_beta":false,"boss_relics":[{"not_picked":["Runic Pyramid","Snecko Eye"],"picked":"Cursed Key"}],"items_purged_floors":[],"is_endless":false,"potions_floor_spawned":[1,2,6,7,1,3,4,14,19,21],"ascension_level":1}}