{"host":"xp27heuvanyklt0b","time":1612714969,"event":{"mods":["BaseMod","CapriCore","Koishi","Minty Spire (QoL Compilation)","StSLib"],"gold_per_floor":[115,128,141,141,216,216,229,256,282,282,2,31,4,4,4,100,100,111,71,31,42,53,53,77,77,77,3,15,15,41,41,41,122,122,142,21,21,30,36,36,36,36,63,80,95,0,35,46,46,31,31,31,31,54,44,44],"floor_reached":55,"language":"KOR","playtime":3045,"items_purged":[],"score":759,"play_id":"faff36fd-159d-48c4-9e81-fc7fcbe5b0d2","local_time":"20210208012249","is_ascension_mode":true,"campfire_choices":[{"data":"Koishi:SubconsciousSweep","floor":6,"key":"SMITH"},{"floor":10,"key":"REST"},{"floor":15,"key":"RECALL"},{"data":"Koishi:SilentAndRestless","floor":23,"key":"SMITH"},{"floor":25,"key":"REST"},{"data":"Koishi:JumpScare","floor":29,"key":"SMITH"},{"data":"Koishi:RollingInRichesHeart","floor":32,"key":"SMITH"},{"data":"Koishi:SuperEgo","floor":40,"key":"SMITH"},{"data":"Koishi:UnseenTerror","floor":42,"key":"SMITH"},{"data":"Koishi:FidgetySnatcher","floor":49,"key":"SMITH"},{"data":"Koishi:ApparitionsStalkTheNight","floor":52,"key":"SMITH"}],"circlet_count":0,"master_deck":["Koishi:BasicDefend","Koishi:BasicDefend","Koishi:BasicDefend","Koishi:BasicDefend","Koishi:Provoke","Koishi:HauntingSlash","Koishi:DreadfulBlow","Koishi:ParalyzingFear","Koishi:SubconsciousSweep+1","Koishi:TremblingHands","Koishi:UnseenTerror","Koishi:Catatonia","The Bomb","Koishi:UnseenTerror+1","Koishi:JumpScare+1","Koishi:SilentAndRestless+1","Koishi:MentalBreakdown+1","Koishi:FourthEye+1","Koishi:Untouchable+1","Koishi:GeneticsOfTheUnconscious+1","Koishi:RollingInRichesHeart+1","Koishi:ParalyzingFear","Koishi:HeartAttack+1","Koishi:PerfectMindControl+1","Koishi:ApparitionsStalkTheNight+1","Koishi:SuperEgo+1","CurseOfTheBell","Koishi:TremblingHands+1","Koishi:FidgetySnatcher+1","Koishi:StingingMind+1","Koishi:MassHysteria+1","Koishi:RacingHeart+1"],"relics":["Koishi:ImaginaryFriend","Strawberry","Lantern","Membership Card","Bag of Preparation","Astrolabe","Ancient Tea Set","Thread and Needle","Toolbox","Gambling Chip","Calling Bell","Happy Flower","The Courier","Koishi:EchoesOfADeadGirl","Ginger","Boot","Red Mask","Akabeko","War Paint","Frozen Eye"],"acts_visited":["Exordium","TheCity","TheBeyond","TheEnding"],"potions_floor_usage":[8,16,16,21,24,24,24,50,55,55,55,55,55],"damage_taken":[{"damage":0,"enemies":"2 Louse","floor":1,"turns":3},{"damage":0,"enemies":"Small Slimes","floor":2,"turns":3},{"damage":1,"enemies":"Cultist","floor":3,"turns":4},{"damage":7,"enemies":"3 Louse","floor":7,"turns":2},{"damage":18,"enemies":"Gremlin Nob","floor":8,"turns":4},{"damage":14,"enemies":"Lagavulin","floor":12,"turns":4},{"damage":37,"enemies":"The Guardian","floor":16,"turns":11},{"damage":0,"enemies":"Chosen","floor":18,"turns":4},{"damage":13,"enemies":"2 Thieves","floor":21,"turns":4},{"damage":0,"enemies":"Snake Plant","floor":22,"turns":5},{"damage":40,"enemies":"Slavers","floor":24,"turns":5},{"damage":0,"enemies":"Chosen and Byrds","floor":28,"turns":4},{"damage":1,"enemies":"Book of Stabbing","floor":30,"turns":7},{"damage":4,"enemies":"Champ","floor":33,"turns":13},{"damage":10,"enemies":"3 Shapes","floor":35,"turns":4},{"damage":0,"enemies":"Orb Walker","floor":38,"turns":3},{"damage":10,"enemies":"Writhing Mass","floor":39,"turns":8},{"damage":0,"enemies":"Reptomancer","floor":41,"turns":1},{"damage":11,"enemies":"Sphere and 2 Shapes","floor":44,"turns":5},{"damage":0,"enemies":"Maw","floor":45,"turns":9},{"damage":18,"enemies":"Nemesis","floor":47,"turns":6},{"damage":7,"enemies":"Jaw Worm Horde","floor":48,"turns":4},{"damage":37,"enemies":"Donu and Deca","floor":50,"turns":12},{"damage":29,"enemies":"Shield and Spear","floor":54,"turns":5},{"damage":123,"enemies":"The Heart","floor":55,"turns":13}],"seed_played":"-7792828648387005349","potions_obtained":[{"floor":7,"key":"ColorlessPotion"},{"floor":8,"key":"SteroidPotion"},{"floor":12,"key":"Strength Potion"},{"floor":16,"key":"GamblersBrew"},{"floor":18,"key":"SneckoOil"},{"floor":19,"key":"EntropicBrew"},{"floor":19,"key":"LiquidBronze"},{"floor":19,"key":"FearPotion"},{"floor":28,"key":"Dexterity Potion"},{"floor":30,"key":"EntropicBrew"},{"floor":54,"key":"EssenceOfSteel"}],"is_trial":false,"path_per_floor":["M","M","M","?","?","R","M","E","T","R","$","E","$","?","R","B",null,"M","?","$","M","M","R","E","R","T","$","M","R","E","?","R","B",null,"M","$","?","M","M","R","E","R","T","M","M","?","E","M","R","B",null,"R","$","E","B"],"character_chosen":"KOISHI","items_purchased":["Membership Card","Koishi:Catatonia","The Bomb","Koishi:JumpScare","Koishi:RollingInRichesHeart","Toolbox","Ginger"],"campfire_rested":2,"item_purchase_floors":[11,11,11,13,20,27,36],"current_hp_per_floor":[60,60,60,64,53,53,46,30,30,50,50,40,40,40,40,10,67,67,67,67,58,64,64,27,47,47,47,55,55,63,63,63,67,67,58,58,58,63,64,64,64,64,64,60,67,67,58,55,55,42,67,67,67,46,0,0],"gold":44,"neow_bonus":"ONE_RANDOM_RARE_CARD","is_daily":false,"chose_seed":false,"campfire_upgraded":8,"win_rate":0.0,"timestamp":1612714969,"path_taken":["M","M","M","?","?","R","M","E","T","R","$","E","$","?","R","BOSS","M","?","?","M","M","R","E","R","T","$","M","R","E","?","R","BOSS","M","$","?","M","M","R","E","R","T","M","M","?","E","M","R","BOSS","R","$","E","BOSS"],"items_purchased_type":["Relic","Card","Card","Card","Card","Relic","Relic"],"build_version":"2020-12-22","purchased_purges":0,"victory":false,"max_hp_per_floor":[60,60,60,67,67,67,67,67,67,67,67,67,67,67,67,67,67,67,67,67,67,67,67,67,67,67,67,67,67,67,67,67,67,67,67,67,67,67,67,67,67,67,67,67,67,67,67,67,67,67,67,67,67,67,67,67],"card_choices":[{"not_picked":["Koishi:EmbryosDream","Koishi:YoukaiPolygraph"],"picked":"Koishi:DreadfulBlow","floor":1},{"not_picked":["Koishi:Prune","Koishi:SpiritedAway"],"picked":"Koishi:ParalyzingFear","floor":2},{"not_picked":["Koishi:PhilosophyOfTheDespised","Koishi:Jaunt"],"picked":"Koishi:SubconsciousSweep","floor":3},{"not_picked":["Koishi:Jaunt","Koishi:SpiritedAway"],"picked":"Koishi:TremblingHands","floor":7},{"not_picked":["Koishi:PhantomBarrier","Koishi:EmbryosDream"],"picked":"Koishi:UnseenTerror","floor":8},{"not_picked":["Koishi:SubconsciousSweep","Koishi:ReflexRadar"],"picked":"Koishi:UnseenTerror","floor":12},{"not_picked":["Koishi:FormlessExistence","Koishi:RoseHell"],"picked":"Koishi:SilentAndRestless","floor":16},{"not_picked":["Koishi:SubconsciousSweep","Koishi:HeartfeltFancy"],"picked":"Koishi:GeneticsOfTheUnconscious","floor":18},{"not_picked":["Koishi:HeartfeltFancy+1","Koishi:UnconsciousUrges"],"picked":"Koishi:ParalyzingFear","floor":21},{"not_picked":["Koishi:SubterraneanRose+1","Koishi:UnconsciousUrges"],"picked":"Koishi:HeartAttack+1","floor":22},{"not_picked":["Koishi:ParalyzingFear+1","Koishi:BloodcurdlingScream+1"],"picked":"Koishi:PerfectMindControl","floor":24},{"not_picked":["Koishi:ReflexRadar","Koishi:SubterraneanRose+1"],"picked":"Koishi:ApparitionsStalkTheNight","floor":28},{"not_picked":["Koishi:Prune","Koishi:PhantomBarrier","Koishi:ApparitionsStalkTheNight"],"picked":"SKIP","floor":30},{"not_picked":["Koishi:ConfinedInnocent","Koishi:FadingMemory"],"picked":"Koishi:SuperEgo","floor":33},{"not_picked":["Koishi:ParalyzingFear","Koishi:CatchAndRose","Koishi:EmbryosDream"],"picked":"SKIP","floor":35},{"not_picked":["Koishi:DreadfulBlow","Koishi:JumpScare+1"],"picked":"Koishi:TremblingHands+1","floor":38},{"not_picked":["Koishi:DreadfulBlow+1","Koishi:Jaunt"],"picked":"Koishi:FidgetySnatcher","floor":39},{"not_picked":["Koishi:SubconsciousSweep","Koishi:FleetingPhantom","Koishi:JumpScare+1"],"picked":"SKIP","floor":44},{"not_picked":["Koishi:IdleWhim+1","Koishi:JumpScare+1","Koishi:DNAsFlaw+1"],"picked":"SKIP","floor":45},{"not_picked":["Koishi:ReflexRadar","Koishi:Bloodlust"],"picked":"Koishi:StingingMind+1","floor":47},{"not_picked":["Koishi:FormlessExistence","Koishi:SubconsciousSweep"],"picked":"Koishi:MassHysteria+1","floor":48},{"not_picked":["Koishi:HeartfeltFancy","Koishi:DreadfulBlow+1"],"picked":"Koishi:RacingHeart+1","floor":54}],"player_experience":164028,"relics_obtained":[{"floor":8,"key":"Lantern"},{"floor":12,"key":"Bag of Preparation"},{"floor":24,"key":"Ancient Tea Set"},{"floor":26,"key":"Thread and Needle"},{"floor":30,"key":"Gambling Chip"},{"floor":34,"key":"Happy Flower"},{"floor":34,"key":"The Courier"},{"floor":34,"key":"Koishi:EchoesOfADeadGirl"},{"floor":43,"key":"Boot"},{"floor":47,"key":"Akabeko"},{"floor":54,"key":"War Paint"}],"event_choices":[{"damage_healed":0,"gold_gain":0,"player_choice":"Success","damage_taken":3,"relics_obtained":["Strawberry"],"max_hp_gain":0,"max_hp_loss":0,"event_name":"Scrap Ooze","floor":4,"gold_loss":0},{"damage_healed":0,"gold_gain":75,"player_choice":"Gather Gold","damage_taken":11,"max_hp_gain":0,"max_hp_loss":0,"event_name":"World of Goop","floor":5,"gold_loss":0},{"damage_healed":0,"gold_gain":0,"player_choice":"Ignored","damage_taken":0,"max_hp_gain":0,"max_hp_loss":0,"event_name":"Liars Game","floor":14,"gold_loss":0},{"damage_healed":0,"gold_gain":0,"player_choice":"Bought 3 Potions","damage_taken":0,"max_hp_gain":0,"max_hp_loss":0,"event_name":"The Woman in Blue","floor":19,"gold_loss":0},{"damage_healed":0,"gold_gain":0,"player_choice":"Ignored","damage_taken":0,"max_hp_gain":0,"max_hp_loss":0,"event_name":"Vampires","floor":31,"gold_loss":0},{"cards_removed":["Koishi:BasicStrike"],"damage_healed":0,"gold_gain":0,"player_choice":"Removed Attack","damage_taken":0,"max_hp_gain":0,"max_hp_loss":0,"event_name":"Falling","floor":37,"gold_loss":0},{"damage_healed":0,"gold_gain":0,"player_choice":"Paid","damage_taken":0,"relics_obtained":["Red Mask"],"max_hp_gain":0,"max_hp_loss":0,"event_name":"Tomb of Lord Red Mask","floor":46,"gold_loss":95}],"is_beta":false,"boss_relics":[{"not_picked":["Fusion Hammer","Tiny House"],"picked":"Astrolabe"},{"not_picked":["Philosopher\u0027s Stone","Snecko Eye"],"picked":"Calling Bell"}],"items_purged_floors":[],"is_endless":false,"potions_floor_spawned":[7,8,12,16,18,28,30,33,38,39,44,48,54],"killed_by":"The Heart","ascension_level":1}}