{"host":"3498uni0c31c9bdm","time":1612685672,"event":{"mods":["BaseMod","Better Match","Better Note","Better Sensory Stone","Better Skull","Better Third Choice","Colored Map","Minty Spire (QoL Compilation)","Quick Restart","RNG Fix","Random Character Button","Replay The Spire","Shop Mod","Smile Girya","StSLib","Unceasing Turn Reminder"],"gold_per_floor":[109,119,119,131,131,156,39,72,72,72,102,102,122,142,142,239,239,256,256,271,287,303,303,5,5,82,114,114,114,124,139,139,236,236,246,246,300,320,81,81,120,120,120,120,120,158,158,158],"floor_reached":47,"language":"ENG","playtime":2088,"items_purged":[],"score":867,"play_id":"e6c61528-fa06-4687-b8a8-bd631255f9a8","local_time":"20210207191432","is_ascension_mode":true,"campfire_choices":[{"floor":15,"key":"REST"},{"floor":23,"key":"RECALL"},{"floor":25,"key":"REST"},{"floor":29,"key":"REST"},{"floor":32,"key":"REST"},{"floor":40,"key":"REST"},{"floor":42,"key":"REST"},{"floor":45,"key":"REST"}],"circlet_count":0,"master_deck":["AscendersBane","Strike_B","Strike_B","Strike_B","Strike_B","Defend_B","Defend_B","Defend_B","Defend_B","Zap+1","Dualcast","Conserve Battery","Barrage","Go for the Eyes","Reprogram","ReplayTheSpireMod:Omega Cannon+1","Creative AI","Hello World+1","Glacier","Loop","Beam Cell","Sunder+1","Turbo","Stack+1","Core Surge","Stack+1","Force Field","Necronomicurse","Self Repair","Leap","Hologram+1","FIFO Queue","Echo Form","Barrage+1","Beam Cell+1","Heatsinks","Storm","Sweeping Beam","Turbo+1","Fusion+1","Auto Shields"],"relics":["Cracked Core","Ring of Shattering","Ring of Peace","Boot","Ice Cream","Girya","Black Star","Prayer Wheel","MerchantsRug","TheAbacus","Replay:Bottled Steam","PreservedInsect","Replay:Antivirus Software","Necronomicon","SacredBark","Replay:Kaleidoscope","Quantum Egg","CeramicFish","Juzu Bracelet","Cables","ReplayFunnel"],"acts_visited":["Exordium","TheCity","TheBeyond"],"potions_floor_usage":[6,11,16,27,33,37,37],"damage_taken":[{"damage":13,"enemies":"Small Slimes","floor":1,"turns":3},{"damage":2,"enemies":"Jaw Worm","floor":2,"turns":3},{"damage":0,"enemies":"2 Louse","floor":4,"turns":3},{"damage":33,"enemies":"Gremlin Nob","floor":6,"turns":6},{"damage":8,"enemies":"Replay:BlueRogue","floor":8,"turns":5},{"damage":6,"enemies":"Gremlin Nob","floor":11,"turns":4},{"damage":0,"enemies":"Looter","floor":13,"turns":3},{"damage":0,"enemies":"Large Slime","floor":14,"turns":4},{"damage":0,"enemies":"The Guardian","floor":16,"turns":8},{"damage":10,"enemies":"2 Thieves","floor":18,"turns":4},{"damage":23,"enemies":"3 Byrds","floor":20,"turns":4},{"damage":16,"enemies":"Snake Plant","floor":21,"turns":6},{"damage":8,"enemies":"Centurion and Healer","floor":22,"turns":4},{"damage":20,"enemies":"Replay:Snechameleon","floor":27,"turns":7},{"damage":0,"enemies":"Cultist and Chosen","floor":30,"turns":6},{"damage":6,"enemies":"Snake Plant","floor":31,"turns":3},{"damage":25,"enemies":"Champ","floor":33,"turns":12},{"damage":0,"enemies":"Orb Walker","floor":35,"turns":2},{"damage":33,"enemies":"2 Orb Walkers","floor":37,"turns":5},{"damage":0,"enemies":"3 Darklings","floor":38,"turns":5},{"damage":52,"enemies":"R_Hoarder","floor":41,"turns":6},{"damage":16,"enemies":"Transient","floor":46,"turns":5},{"damage":44,"enemies":"Giant Head","floor":47,"turns":7}],"seed_played":"4347755286209392331","potions_obtained":[{"floor":2,"key":"FearPotion"},{"floor":8,"key":"Dexterity Potion"},{"floor":11,"key":"PowerPotion"},{"floor":13,"key":"Block Potion"},{"floor":21,"key":"AttackPotion"},{"floor":30,"key":"SneckoOil"},{"floor":31,"key":"LiquidMemories"},{"floor":35,"key":"LiquidMemories"},{"floor":41,"key":"EssenceOfDarkness"}],"is_trial":false,"path_per_floor":["M","M","?","M","$","E","$","E","T","?","E","?","M","M","R","B",null,"M","?","M","M","M","R","$","R","T","E","?","R","M","M","R","B",null,"M","?","?","M","$","R","E","R","T","?","R","M","E"],"character_chosen":"DEFECT","items_purchased":["ReplayTheSpireMod:Omega Cannon+1","MerchantsRug","TheAbacus","Quantum Egg"],"campfire_rested":7,"item_purchase_floors":[7,24,24,39],"current_hp_per_floor":[55,53,53,53,53,20,20,12,12,12,6,6,6,6,28,28,63,53,75,52,36,28,28,28,50,50,30,14,36,36,37,59,41,67,67,67,34,34,34,56,4,26,26,26,48,39,0,0],"gold":158,"neow_bonus":"UPGRADE_CARD","is_daily":false,"chose_seed":false,"campfire_upgraded":0,"win_rate":0.0,"timestamp":1612685672,"path_taken":["M","?","?","M","?","E","$","E","T","?","E","?","?","M","R","BOSS","M","?","M","?","M","R","$","R","T","E","?","R","?","M","R","BOSS","M","?","?","M","$","R","E","R","T","?","R","M","E"],"items_purchased_type":["Card","Relic","Relic","Relic"],"build_version":"2020-12-22","purchased_purges":0,"victory":false,"max_hp_per_floor":[75,75,75,75,75,75,75,75,75,75,75,75,75,75,75,75,75,75,75,75,75,75,75,75,75,75,75,75,75,75,75,75,75,75,75,75,75,75,75,75,75,75,75,75,75,75,75,75],"card_choices":[{"not_picked":["Turbo","Cold Snap"],"picked":"Conserve Battery","floor":1},{"not_picked":["Reinforced Body","Cold Snap"],"picked":"Barrage","floor":2},{"not_picked":["Sweeping Beam","Compile Driver"],"picked":"Go for the Eyes","floor":4},{"not_picked":["Sweeping Beam","Redo"],"picked":"Reprogram","floor":6},{"not_picked":["Redo","Streamline"],"picked":"Creative AI","floor":8},{"not_picked":["Hologram","Steam"],"picked":"Hello World","floor":11},{"not_picked":["Leap","Panic Button"],"picked":"Glacier","floor":13},{"not_picked":["Redo","Compile Driver"],"picked":"Loop","floor":14},{"not_picked":["Amplify","ReplayRNGCard"],"picked":"ReplayTheSpireMod:Fabricate Wheel","floor":16},{"not_picked":["Redo","Steam"],"picked":"Beam Cell","floor":18},{"not_picked":["Chill","Blizzard+1"],"picked":"Sunder+1","floor":20},{"not_picked":["Redo","Gash"],"picked":"Turbo","floor":21},{"not_picked":["Steam+1","Recycle"],"picked":"Stack+1","floor":21},{"not_picked":["Barrage","Hologram"],"picked":"Core Surge","floor":22},{"not_picked":["Panic Button","Crystallizer"],"picked":"Stack+1","floor":22},{"not_picked":["Chaos","BasicCrystalCard"],"picked":"Force Field","floor":27},{"not_picked":["Rebound","Sweeping Beam"],"picked":"Self Repair","floor":30},{"not_picked":["Skim+1","Steam Power+1"],"picked":"Leap","floor":30},{"not_picked":["Beam Cell","ReplayTheSpireMod:GoodbyeWorld"],"picked":"Hologram+1","floor":31},{"not_picked":["Genetic Algorithm","Darkness"],"picked":"FIFO Queue","floor":31},{"not_picked":["Seek","Rainbow"],"picked":"Echo Form","floor":33},{"not_picked":["Skim","Rebound+1"],"picked":"Barrage+1","floor":35},{"not_picked":["Cold Snap","FTL"],"picked":"Beam Cell+1","floor":35},{"not_picked":["Genetic Algorithm+1","Melter+1"],"picked":"Heatsinks","floor":37},{"not_picked":["Double Energy+1","Compile Driver+1"],"picked":"Storm","floor":38},{"not_picked":["Barrage","Scrape+1"],"picked":"Sweeping Beam","floor":38},{"not_picked":["Crystallizer","Multi-Cast"],"picked":"Turbo+1","floor":41},{"not_picked":["BasicCrystalCard","Compile Driver+1"],"picked":"Fusion+1","floor":46},{"not_picked":["Barrage+1","Rebound+1"],"picked":"Auto Shields","floor":46}],"player_experience":842226,"relics_obtained":[{"floor":3,"key":"Ring of Shattering"},{"floor":3,"key":"Ring of Peace"},{"floor":6,"key":"Boot"},{"floor":8,"key":"Ice Cream"},{"floor":11,"key":"Girya"},{"floor":26,"key":"Replay:Bottled Steam"},{"floor":27,"key":"PreservedInsect"},{"floor":27,"key":"Replay:Antivirus Software"},{"floor":28,"key":"Necronomicon"},{"floor":37,"key":"Replay:Kaleidoscope"},{"floor":41,"key":"CeramicFish"},{"floor":41,"key":"Juzu Bracelet"},{"floor":43,"key":"Cables"}],"event_choices":[{"cards_removed":["Doubt"],"damage_healed":0,"gold_gain":0,"player_choice":"Purged","damage_taken":0,"max_hp_gain":0,"max_hp_loss":0,"event_name":"Purifier","floor":10,"gold_loss":0},{"damage_healed":0,"gold_gain":0,"player_choice":"LEAVE","damage_taken":0,"max_hp_gain":0,"max_hp_loss":0,"event_name":"betterThird:BetterScrap","floor":12,"gold_loss":0,"cards_obtained":["Setup"]},{"damage_healed":25,"gold_gain":0,"player_choice":"Heal","damage_taken":0,"max_hp_gain":0,"max_hp_loss":0,"event_name":"The Library","floor":19,"gold_loss":0},{"damage_healed":0,"gold_gain":0,"player_choice":"Obtained Book","damage_taken":16,"max_hp_gain":0,"max_hp_loss":0,"event_name":"Cursed Tome","floor":28,"gold_loss":0},{"damage_healed":0,"gold_gain":0,"player_choice":"Upgraded","damage_taken":0,"max_hp_gain":0,"max_hp_loss":0,"event_name":"Upgrade Shrine","floor":36,"gold_loss":0,"cards_upgraded":["Hello World"]},{"damage_healed":0,"gold_gain":0,"player_choice":"Fight","damage_taken":0,"max_hp_gain":0,"max_hp_loss":0,"event_name":"Mysterious Sphere","floor":37,"gold_loss":0},{"damage_healed":0,"gold_gain":0,"player_choice":"Gave Potion","damage_taken":0,"relics_obtained":["ReplayFunnel"],"max_hp_gain":0,"max_hp_loss":0,"event_name":"WeMeetAgain","floor":44,"gold_loss":0}],"is_beta":false,"boss_relics":[{"not_picked":["Cursed Key","Pandora\u0027s Box"],"picked":"Black Star"},{"not_picked":["FrozenCore","Replay:Drink Me"],"picked":"SacredBark"}],"items_purged_floors":[],"is_endless":false,"potions_floor_spawned":[2,8,11,13,14,21,22,30,31,35,41],"killed_by":"Giant Head","ascension_level":11}}