{"host":"wghdsg8ym2wc7ov9","time":1612680558,"event":{"mods":["A Penny For Your Troubles","AchievementEnabler","Astrologer","BaseMod","Beaked The Cultist","Better Altar","Better Note","ChefMod","Colored Map","Evolution","Fox Events","Hermit","Highlight Path","Jorbs\u0027s Wanderer Trilogy","KinomotoSakuraMod(????)","Minty Spire (QoL Compilation)","Random Character Button","Relic Stats","SIMod","Shop Mod","StSLib","The Blackbeard","The Bladedancer","The Construct","The Cursed","The Death Knight","The Gatherer","The Hierophant","The Marked","The Mystic","The Necromancer","The Runesmith","The Senshi","The Servant 0.9.4"],"gold_per_floor":[110,120,120,120,130,130,161,172,172,172,190,190,201,211,211,310,310,328,347,365,383,403,403,403,421,421,421,421],"floor_reached":27,"language":"ENG","playtime":3160,"items_purged":[],"score":291,"play_id":"4a5fc7ae-19d4-487f-9207-d719ae886e52","local_time":"20210206224918","is_ascension_mode":false,"campfire_choices":[{"data":"DeathKnight:RuneTap","floor":6,"key":"SMITH"},{"data":"DeathKnight:Hysteria","floor":10,"key":"SMITH"},{"floor":12,"key":"REST"},{"data":"DeathKnight:PathOfFrost","floor":15,"key":"SMITH"}],"circlet_count":0,"master_deck":["DeathKnight:BloodStrike","DeathKnight:Strike_DeathKnight","DeathKnight:Strike_DeathKnight","DeathKnight:Strike_DeathKnight","DeathKnight:Strike_DeathKnight","DeathKnight:Defend_DeathKnight","DeathKnight:Defend_DeathKnight","DeathKnight:Defend_DeathKnight","DeathKnight:Defend_DeathKnight","DeathKnight:RuneTap+1","DeathKnight:RuneStrike","DeathKnight:PlagueStrike","DeathKnight:MutagenicPlague","DeathKnight:MindFreeze","DeathKnight:BloodBoil","DeathKnight:Pestilence","DeathKnight:Hysteria+1","DeathKnight:GargoyleSkin","DeathKnight:PathOfFrost+1","DeathKnight:Razorice","DeathKnight:Defile","DeathKnight:Pestilence","DeathKnight:DeathGrip+1","DeathKnight:DeathAndDecay+1","DeathKnight:DeathCoil","DeathKnight:FesteringStrike","Summon_Vampire_Lady+1","DeathKnight:HowlingBlast+1"],"relics":["DeathKnight:BrokenRuneblade","EVO:Axolotl","CultistMask","DeathKnight:PreciousRibbon","Letter Opener","Sozu","Meat on the Bone"],"acts_visited":["Exordium","TheCity"],"potions_floor_usage":[7,24,27],"damage_taken":[{"damage":8,"enemies":"Jaw Worm","floor":1,"turns":3},{"damage":0,"enemies":"2 Louse","floor":2,"turns":2},{"damage":0,"enemies":"Cultist","floor":5,"turns":2},{"damage":3,"enemies":"Gremlin Nob","floor":7,"turns":5},{"damage":20,"enemies":"Gremlin Gang","floor":8,"turns":4},{"damage":0,"enemies":"3 Louse","floor":11,"turns":3},{"damage":2,"enemies":"Looter","floor":13,"turns":3},{"damage":9,"enemies":"Exordium Thugs","floor":14,"turns":3},{"damage":0,"enemies":"The Guardian","floor":16,"turns":7},{"damage":3,"enemies":"Spheric Guardian","floor":18,"turns":5},{"damage":0,"enemies":"3 Byrds","floor":19,"turns":2},{"damage":19,"enemies":"Shelled Parasite and Fungi","floor":20,"turns":4},{"damage":23,"enemies":"Snecko","floor":21,"turns":4},{"damage":8,"enemies":"Centurion and Healer","floor":22,"turns":5},{"damage":0,"enemies":"Slavers","floor":24,"turns":1},{"damage":9,"enemies":"Snake Plant","floor":25,"turns":4},{"damage":28,"enemies":"Shelled Parasite and Fungi","floor":27,"turns":3}],"seed_played":"-6608625611658592132","potions_obtained":[{"floor":1,"key":"SmokeBomb"},{"floor":5,"key":"Weak Potion"},{"floor":8,"key":"Swift Potion"}],"is_trial":false,"path_per_floor":["M","M","?","?","M","R","E","M","T","R","M","R","M","M","R","B",null,"M","M","M","M","M","?","E","M","T","M"],"character_chosen":"DEATH_KNIGHT","items_purchased":[],"campfire_rested":1,"item_purchase_floors":[],"current_hp_per_floor":[67,67,72,72,72,72,69,49,49,49,49,73,71,62,62,62,80,77,77,58,35,27,27,27,18,18,0,0],"gold":421,"neow_bonus":"TRANSFORM_CARD","is_daily":false,"chose_seed":false,"campfire_upgraded":3,"win_rate":0.0,"timestamp":1612680558,"path_taken":["M","M","?","?","M","R","E","M","T","R","M","R","M","?","R","BOSS","M","M","?","M","M","?","E","M","T","M"],"items_purchased_type":[],"build_version":"2020-12-22","purchased_purges":0,"victory":false,"max_hp_per_floor":[75,75,80,80,80,80,80,80,80,80,80,80,80,80,80,80,80,80,80,80,80,80,80,80,80,80,80,80],"relic_stats":{"Sozu":2,"counters":[17,60],"Letter Opener":[115],"obtain_stats":[{"Sozu":17,"CultistMask":4,"EVO:Axolotl":0,"Letter Opener":9,"DeathKnight:PreciousRibbon":7,"DeathKnight:BrokenRuneblade":0,"Meat on the Bone":26},{"Sozu":9,"CultistMask":2,"EVO:Axolotl":0,"Letter Opener":5,"DeathKnight:PreciousRibbon":4,"DeathKnight:BrokenRuneblade":0,"Meat on the Bone":16},{"Sozu":32,"CultistMask":5,"EVO:Axolotl":0,"Letter Opener":16,"DeathKnight:PreciousRibbon":12,"DeathKnight:BrokenRuneblade":0,"Meat on the Bone":57}],"Meat on the Bone":0},"card_choices":[{"not_picked":["DeathKnight:DeathsAdvance","DeathKnight:DarkSuccor"],"picked":"DeathKnight:MutagenicPlague","floor":1},{"not_picked":["DeathKnight:UnholyPresence","DeathKnight:BloodTap"],"picked":"DeathKnight:MindFreeze","floor":2},{"not_picked":["DeathKnight:FrostStrike","DeathKnight:UnholyAssault"],"picked":"DeathKnight:BloodBoil","floor":5},{"not_picked":["DeathKnight:RunicCorruption","DeathKnight:MindFreeze"],"picked":"DeathKnight:Pestilence","floor":7},{"not_picked":["DeathKnight:RuneShock","DeathKnight:DreadStrike"],"picked":"DeathKnight:Hysteria","floor":8},{"not_picked":["DeathKnight:HornOfWinter","DeathKnight:MutagenicPlague"],"picked":"DeathKnight:GargoyleSkin","floor":11},{"not_picked":["DeathKnight:Lichborne","DeathKnight:UnholyFrenzy"],"picked":"DeathKnight:PathOfFrost","floor":13},{"not_picked":["DeathKnight:WraithWalk","DeathKnight:IceboundArmor"],"picked":"DeathKnight:Razorice","floor":14},{"not_picked":["DeathKnight:MarkOfBlood","DeathKnight:VampiricBlood"],"picked":"DeathKnight:Defile","floor":16},{"not_picked":["DeathKnight:BloodTap","DeathKnight:BoneSpear+1"],"picked":"DeathKnight:Pestilence","floor":18},{"not_picked":["DeathKnight:Marrowrend+1","DeathKnight:RunicCorruption"],"picked":"DeathKnight:DeathGrip+1","floor":19},{"not_picked":["DeathKnight:IcyTouch","DeathKnight:DeathRune"],"picked":"DeathKnight:DeathAndDecay+1","floor":20},{"not_picked":["DeathKnight:BoneSpear","DeathKnight:IcyTouch"],"picked":"DeathKnight:DeathCoil","floor":21},{"not_picked":["DeathKnight:Ossuary","DeathKnight:RunicCorruption"],"picked":"DeathKnight:FesteringStrike","floor":22},{"not_picked":["DeathKnight:BloodBoil","DeathKnight:BloodStrike"],"picked":"DeathKnight:HowlingBlast+1","floor":25}],"player_experience":900731,"relics_obtained":[{"floor":7,"key":"DeathKnight:PreciousRibbon"},{"floor":9,"key":"Letter Opener"},{"floor":26,"key":"Meat on the Bone"}],"event_choices":[{"damage_healed":0,"gold_gain":0,"player_choice":"Donut","damage_taken":0,"max_hp_gain":5,"max_hp_loss":0,"event_name":"Big Fish","floor":3,"gold_loss":0},{"damage_healed":0,"gold_gain":0,"player_choice":"Trade","damage_taken":0,"relics_obtained":["CultistMask"],"max_hp_gain":0,"max_hp_loss":0,"event_name":"FaceTrader","floor":4,"gold_loss":0},{"cards_removed":["DeathKnight:Razorice"],"damage_healed":0,"gold_gain":0,"player_choice":"Take \u0026 Give","damage_taken":0,"max_hp_gain":0,"max_hp_loss":0,"event_name":"betterNote:BetterNote","floor":23,"gold_loss":0,"cards_obtained":["Summon_Vampire_Lady"]}],"is_beta":false,"boss_relics":[{"not_picked":["Tiny House","beaked:SacredDeck"],"picked":"Sozu"}],"items_purged_floors":[],"is_endless":false,"potions_floor_spawned":[1,5,8,19,21,24],"killed_by":"Shelled Parasite and Fungi","ascension_level":0}}