{"host":"i70yit5z0kpl303k","time":1612668409,"event":{"mods":["2.2 Compatiblity","Act Like it!","BaseMod","BetterRewards","Infinite Spire","Ironclad Rager","Koishi","Marked Mod","Minty Spire (QoL Compilation)","Relic Stats","Replay The Spire","StSLib","The Marked"],"gold_per_floor":[114,114,132,132,147,147,157,157,180,190,249,284,298,333,333,433,433,452,469,469,469],"floor_reached":20,"language":"ENG","playtime":618,"items_purged":[],"score":186,"play_id":"18b576a2-97d1-4bf8-8986-d451d38feebc","local_time":"20210206192649","is_ascension_mode":false,"campfire_choices":[{"data":"Perfected Strike","floor":6,"key":"SMITH"},{"data":"Infernal Blade","floor":8,"key":"SMITH"},{"data":"Perfected Strike","floor":15,"key":"SMITH"}],"circlet_count":0,"master_deck":["Strike_R","Strike_R","Strike_R","Strike_R","Strike_R","Defend_R","Defend_R","Defend_R","Bash","Heavy Blade+1","Infernal Blade+1","Perfected Strike+1","Clash","Perfected Strike+1","Dropkick","Barricade","Hemogenesis+1","Dropkick+1","Feel No Pain+1","Thunderclap","Thunderclap"],"relics":["Burning Blood","Blood Vial","Ginger","Astrolabe"],"acts_visited":["Exordium","TheCity"],"potions_floor_usage":[0,7,12,16,20],"damage_taken":[{"damage":8,"enemies":"Jaw Worm","floor":1,"turns":4},{"damage":9,"enemies":"Small Slimes","floor":3,"turns":4},{"damage":0,"enemies":"Cultist","floor":5,"turns":2},{"damage":14,"enemies":"Exordium Wildlife","floor":7,"turns":3},{"damage":0,"enemies":"Large Slime","floor":10,"turns":5},{"damage":14,"enemies":"Gremlin Nob","floor":12,"turns":3},{"damage":0,"enemies":"3 Louse","floor":13,"turns":2},{"damage":9,"enemies":"Replay:BlueRogue","floor":14,"turns":2},{"damage":64,"enemies":"Hexaghost","floor":16,"turns":8},{"damage":48,"enemies":"3 Byrds","floor":18,"turns":5},{"damage":29,"enemies":"Shell Parasite","floor":19,"turns":4},{"damage":24,"enemies":"Cultist and Chosen","floor":20,"turns":4}],"seed_played":"2361709851912626477","potions_obtained":[{"floor":0,"key":"DuplicationPotion"},{"floor":0,"key":"Fruit Juice"},{"floor":0,"key":"Ancient Potion"},{"floor":3,"key":"ColorlessPotion"},{"floor":7,"key":"DuplicationPotion"},{"floor":12,"key":"PowerPotion"}],"is_trial":false,"path_per_floor":["M","?","M","?","M","R","M","R","T","M","?","E","M","E","R","B",null,"M","M","M"],"character_chosen":"IRONCLAD","items_purchased":[],"campfire_rested":0,"item_purchase_floors":[],"current_hp_per_floor":[83,83,80,80,85,85,77,77,77,83,83,75,83,82,82,26,85,43,22,0,0],"gold":469,"neow_bonus":"THREE_SMALL_POTIONS","is_daily":false,"chose_seed":false,"campfire_upgraded":3,"win_rate":0.0,"timestamp":1612668409,"path_taken":["M","?","M","?","?","R","M","R","T","M","?","E","M","E","R","BOSS","M","M","M"],"items_purchased_type":[],"build_version":"2020-12-22","purchased_purges":0,"victory":false,"max_hp_per_floor":[85,85,85,85,85,85,85,85,85,85,85,85,85,85,85,85,85,85,85,85,85],"relic_stats":{"Blood Vial":10,"counters":[12,46],"Astrolabe":["Hemogenesis","Dropkick","Feel No Pain"],"Ginger":[0],"obtain_stats":[{"Blood Vial":12,"Astrolabe":17,"Ginger":14,"Burning Blood":0},{"Blood Vial":6,"Astrolabe":9,"Ginger":8,"Burning Blood":0},{"Blood Vial":21,"Astrolabe":33,"Ginger":25,"Burning Blood":0}],"Burning Blood":65},"card_choices":[{"not_picked":["Clothesline","Rage"],"picked":"Heavy Blade","floor":1},{"not_picked":["Ghostly Armor","Sentinel"],"picked":"Infernal Blade","floor":3},{"not_picked":["Uppercut","Sword Boomerang"],"picked":"Perfected Strike","floor":5},{"not_picked":["Heavy Blade","Immolate"],"picked":"Clash","floor":7},{"not_picked":["Anger","Headbutt"],"picked":"Clash","floor":10},{"not_picked":["Iron Wave","Havoc"],"picked":"Perfected Strike","floor":12},{"not_picked":["Armaments","Run Through"],"picked":"Dropkick","floor":13},{"not_picked":["Run Through","Blood for Blood"],"picked":"Bloodletting","floor":14},{"not_picked":["Exhume","Immolate"],"picked":"Barricade","floor":16},{"not_picked":["ReplayTheSpireMod:Limb From Limb","Twin Strike"],"picked":"Thunderclap","floor":18},{"not_picked":["Infernal Blade","Sword Boomerang"],"picked":"Thunderclap","floor":19}],"player_experience":238370,"relics_obtained":[{"floor":12,"key":"Blood Vial"},{"floor":14,"key":"Ginger"}],"event_choices":[{"damage_healed":0,"gold_gain":0,"player_choice":"Grow","damage_taken":0,"max_hp_gain":0,"max_hp_loss":0,"event_name":"Living Wall","floor":2,"gold_loss":0,"cards_upgraded":["Heavy Blade"]},{"damage_healed":0,"gold_gain":0,"player_choice":"Ignored","damage_taken":0,"max_hp_gain":0,"max_hp_loss":0,"event_name":"NoteForYourself","floor":4,"gold_loss":0},{"damage_healed":0,"gold_gain":59,"player_choice":"Gained Gold","damage_taken":0,"max_hp_gain":0,"max_hp_loss":0,"event_name":"Golden Wing","floor":11,"gold_loss":0}],"is_beta":false,"boss_relics":[{"not_picked":["Snecko Eye","Coffee Dripper"],"picked":"Astrolabe"}],"items_purged_floors":[],"is_endless":false,"potions_floor_spawned":[3,7,10,12,13],"killed_by":"Cultist and Chosen","ascension_level":0}}