{"host":"5h6e4l6hpn0p5lap","time":1612656581,"event":{"mods":["AchievementEnabler","BaseMod","Better Altar","Better Match","Better Sensory Stone","Better Skull","Better Third Choice","Colored Map","Filter the Spire","Minty Spire (QoL Compilation)","StSLib"],"gold_per_floor":[368,382,401,94,110,140,140,140,140,140,173,173,147,177,177,280,280,280,280],"floor_reached":18,"language":"ENG","playtime":877,"items_purged":["Strike_P"],"score":187,"play_id":"e6b87766-2ab5-4b0f-9274-2f6ef2a03111","local_time":"20210206190941","is_ascension_mode":true,"campfire_choices":[{"data":"Judgement","floor":8,"key":"SMITH"},{"floor":12,"key":"REST"},{"data":"Eruption","floor":15,"key":"SMITH"}],"circlet_count":0,"master_deck":["Strike_P","Strike_P","Defend_P","Defend_P","Defend_P","Defend_P","Eruption+1","Vigilance","Halt","CrushJoints","Fasting2","Judgement+1","CarveReality","FollowUp","Halt","Sanctity","Protect+1","BowlingBash","Blasphemy+1"],"relics":["PureWater","Membership Card","Potion Belt","Mummified Hand","Toxic Egg 2","Blood Vial","VioletLotus"],"acts_visited":["Exordium","TheCity"],"potions_floor_usage":[6,16],"damage_taken":[{"damage":0,"enemies":"Cultist","floor":1,"turns":4},{"damage":0,"enemies":"Small Slimes","floor":2,"turns":2},{"damage":0,"enemies":"2 Louse","floor":3,"turns":3},{"damage":0,"enemies":"Large Slime","floor":5,"turns":4},{"damage":31,"enemies":"Lagavulin","floor":6,"turns":5},{"damage":20,"enemies":"Gremlin Nob","floor":11,"turns":4},{"damage":3,"enemies":"3 Sentries","floor":14,"turns":5},{"damage":45,"enemies":"Hexaghost","floor":16,"turns":8},{"damage":9,"enemies":"Shell Parasite","floor":18,"turns":3}],"seed_played":"627646342749246558","potions_obtained":[{"floor":1,"key":"SteroidPotion"},{"floor":5,"key":"ColorlessPotion"},{"floor":14,"key":"AttackPotion"},{"floor":16,"key":"LiquidBronze"}],"is_trial":false,"path_per_floor":["M","M","M","$","M","E","?","R","T","?","E","R","?","E","R","B",null,"M"],"character_chosen":"WATCHER","items_purchased":["Membership Card","Judgement","CarveReality"],"campfire_rested":1,"item_purchase_floors":[4,4,4],"current_hp_per_floor":[65,65,65,65,65,34,55,55,55,55,35,54,54,51,51,8,65,56,56],"gold":280,"neow_bonus":"TWO_FIFTY_GOLD","is_daily":false,"chose_seed":false,"campfire_upgraded":2,"win_rate":0.0,"timestamp":1612656581,"path_taken":["M","M","M","$","M","E","?","R","T","?","E","R","?","E","R","BOSS","M"],"items_purchased_type":["Relic","Card","Card"],"build_version":"2020-12-22","purchased_purges":1,"victory":false,"max_hp_per_floor":[65,65,65,65,65,65,65,65,65,65,65,65,65,65,65,65,65,65,65],"card_choices":[{"not_picked":["Protect","SandsOfTime"],"picked":"Halt","floor":1},{"not_picked":["SandsOfTime","Halt"],"picked":"CrushJoints","floor":2},{"not_picked":["FollowUp","PathToVictory"],"picked":"Fasting2","floor":3},{"not_picked":["Protect","MentalFortress"],"picked":"FollowUp","floor":5},{"not_picked":["WreathOfFlame","FlurryOfBlows"],"picked":"Halt","floor":6},{"not_picked":["LikeWater","ConjureBlade+1"],"picked":"Protect+1","floor":11},{"not_picked":["MasterReality","PathToVictory+1"],"picked":"BowlingBash","floor":14},{"not_picked":["ConjureBlade+1","Alpha+1"],"picked":"Blasphemy+1","floor":16}],"player_experience":1069688,"relics_obtained":[{"floor":6,"key":"Potion Belt"},{"floor":9,"key":"Mummified Hand"},{"floor":11,"key":"Toxic Egg 2"},{"floor":14,"key":"Blood Vial"}],"event_choices":[{"damage_healed":21,"gold_gain":0,"player_choice":"Banana","damage_taken":0,"max_hp_gain":0,"max_hp_loss":0,"event_name":"Big Fish","floor":7,"gold_loss":0},{"damage_healed":0,"gold_gain":0,"cards_transformed":["Strike_P"],"player_choice":"Change","damage_taken":0,"max_hp_gain":0,"max_hp_loss":0,"event_name":"Living Wall","floor":10,"gold_loss":0,"cards_obtained":["Sanctity"]},{"damage_healed":0,"gold_gain":0,"player_choice":"Left","damage_taken":0,"max_hp_gain":0,"max_hp_loss":0,"event_name":"betterThird:BetterGoop","floor":13,"gold_loss":26}],"is_beta":false,"boss_relics":[{"not_picked":["Philosopher\u0027s Stone","Runic Dome"],"picked":"VioletLotus"}],"items_purged_floors":[4],"is_endless":false,"potions_floor_spawned":[1,5,14,16],"killed_by":"Shell Parasite","ascension_level":1}}