{"host":"51f0ad793vly1w6u","time":1612690998,"event":{"mods":["BaseMod","Colored Map","DeckTracker","Minty Spire (QoL Compilation)","Replay The Spire","StSLib","SuperFastMode"],"gold_per_floor":[115,115,135,153,153,197,197,230,316,348,360,372,282,316,316,316,316],"floor_reached":16,"language":"KOR","playtime":216,"items_purged":["Strike_R"],"score":142,"play_id":"bdcaa518-5d65-4c36-9b5f-9ac5777c91a2","local_time":"20210207184318","is_ascension_mode":true,"campfire_choices":[{"data":"Perfected Strike","floor":7,"key":"SMITH"},{"floor":12,"key":"REST"},{"data":"Replay:Sssssssssshield","floor":15,"key":"SMITH"}],"circlet_count":0,"master_deck":["Strike_R","Strike_R","Strike_R","Strike_R","Defend_R","Defend_R","Defend_R","Defend_R","Bash","Perfected Strike+1","Seeing Red","Twin Strike","Offering","Replay:Sssssssssshield+1","Wild Strike","Twin Strike"],"relics":["Burning Blood","NeowsBlessing","Golden Idol","Shovel","MawBank","The Courier","BranchBurnRelic"],"acts_visited":["Exordium"],"potions_floor_usage":[14,14],"damage_taken":[{"damage":0.0,"enemies":"2 Louse","floor":1.0,"turns":1.0},{"damage":0.0,"enemies":"Small Slimes","floor":3.0,"turns":1.0},{"damage":0.0,"enemies":"Cultist","floor":4.0,"turns":1.0},{"damage":28,"enemies":"3 Sentries","floor":6,"turns":8},{"damage":42,"enemies":"Gremlin Nob","floor":8,"turns":4},{"damage":11,"enemies":"Blue Slaver","floor":10,"turns":3},{"damage":17,"enemies":"Replay:BlueRogue","floor":14,"turns":4},{"damage":11,"enemies":"The Guardian","floor":16,"turns":3}],"seed_played":"-1059165943044702125","potions_obtained":[{"floor":6,"key":"Elixir"},{"floor":10,"key":"EntropicBrew"}],"is_trial":false,"path_per_floor":["M","?","M","M","?","E","R","E","T","M","?","R","$","E","R","B"],"character_chosen":"IRONCLAD","items_purchased":["Wild Strike"],"campfire_rested":1,"item_purchase_floors":[13],"current_hp_per_floor":[80,74,74,74,74,52,52,16,16,11,11,33,33,22,22,20,20],"gold":316,"neow_bonus":"THREE_ENEMY_KILL","is_daily":false,"chose_seed":false,"campfire_upgraded":2,"win_rate":0.0,"timestamp":1612690998,"path_taken":["M","?","M","M","?","E","R","E","T","?","?","R","$","E","R","BOSS"],"items_purchased_type":["Card"],"build_version":"2020-12-22","purchased_purges":1,"victory":false,"max_hp_per_floor":[80,74,74,74,74,74,74,74,74,74,74,74,74,74,74,74,74],"card_choices":[{"not_picked":["Flex","Dual Wield"],"picked":"Perfected Strike","floor":1.0},{"not_picked":["Sword Boomerang","Replay:Undeath\u0027s Touch"],"picked":"Seeing Red","floor":3.0},{"not_picked":["ReplayTheSpireMod:Strike From Hell","Havoc"],"picked":"Twin Strike","floor":4.0},{"not_picked":["Dark Embrace","Body Slam","Clash"],"picked":"SKIP","floor":6},{"not_picked":["Limit Break","Burning Pact","Searing Blow"],"picked":"SKIP","floor":8},{"not_picked":["Body Slam","Warcry","ReplayTheSpireMod:Corrosion Curse"],"picked":"SKIP","floor":10},{"not_picked":["Replay:Undeath\u0027s Touch","Sword Boomerang"],"picked":"Twin Strike","floor":14}],"player_experience":1449173,"relics_obtained":[{"floor":6,"key":"Shovel"},{"floor":8,"key":"MawBank"},{"floor":9,"key":"The Courier"},{"floor":14,"key":"Dead Branch"}],"event_choices":[{"damage_healed":0.0,"max_hp_gain":0.0,"max_hp_loss":6.0,"gold_gain":0.0,"event_name":"Golden Idol","player_choice":"Lose Max HP","floor":2.0,"gold_loss":0.0,"damage_taken":0.0,"relics_obtained":["Golden Idol"]},{"damage_healed":0,"gold_gain":0,"player_choice":"2 cards matched","damage_taken":0,"max_hp_gain":0,"max_hp_loss":0,"event_name":"Match and Keep!","floor":5,"gold_loss":0,"cards_obtained":["Offering","Replay:Sssssssssshield"]},{"damage_healed":0,"gold_gain":0,"player_choice":"Ignored","damage_taken":0,"max_hp_gain":0,"max_hp_loss":0,"event_name":"Shining Light","floor":11,"gold_loss":0}],"is_beta":false,"boss_relics":[],"items_purged_floors":[13],"is_endless":false,"potions_floor_spawned":[6,10],"killed_by":"The Guardian","ascension_level":4}}