{"host":"2e5gbsni44p3458r","time":1612697435,"event":{"mods":["BaseMod","Colored Map","Downfall","Hermit","Minty Spire (QoL Compilation)","Replay The Spire","StSLib","The Cursed"],"gold_per_floor":[99,99,274,274,274,131,131,131,141,141,41,55,55,55,71,167,167,67,87,287,63,63,263,289,306,306,282,295,357,170,198,208,308,308,308,326,340,394,444,444,444,203,231,231,261,281,181,212,227,227,227,259,14,14,14,14],"floor_reached":57,"language":"ENG","playtime":5358,"items_purged":["downfall:Haunted","sneckomod:TailWhip"],"score":1703,"play_id":"2f7de5fa-8ff9-4aa7-b526-e7afabda4027","local_time":"20210207203035","is_ascension_mode":true,"campfire_choices":[{"floor":1.0,"key":"RECALL"},{"data":"sneckomod:MorePower","floor":11.0,"key":"SMITH"},{"data":"sneckomod:UnknownRarePower","floor":13.0,"key":"SMITH"},{"data":"sneckomod:UnknownBoss","floor":18.0,"key":"SMITH"},{"data":"sneckomod:CheapStock","floor":35,"key":"SMITH"},{"floor":47,"key":"REST"}],"circlet_count":0,"master_deck":["sneckomod:Unknown+1","sneckomod:Unknown+1","sneckomod:UnknownColorless+1","sneckomod:UnknownUncommonPower","sneckomod:QuickBite","sneckomod:UnknownRareAttack","sneckomod:UnknownRareSkill","sneckomod:UnknownRarePower+1","sneckomod:MorePower+1","sneckomod:UnknownRareAttack+1","sneckomod:UnknownDraw+1","sneckomod:SnakeSap","sneckomod:UnknownStrike+1","sneckomod:UnknownBoss+1","sneckomod:UnknownClassPURPLE","sneckomod:UnknownDexterity+1","sneckomod:SnakeSap","sneckomod:SnakeSap","sneckomod:CheapStock+1","sneckomod:UnknownUncommonAttack","sneckomod:UnknownDexterity","sneckomod:UnknownWeak","sneckomod:UnknownVulnerable","sneckomod:UnknownUncommonSkill","sneckomod:UnknownBlock","Pot Of Greed","Pot Of Greed","Pot Of Greed","sneckomod:UnknownExhaust+1","sneckomod:SlitherStrike+1","sneckomod:UnknownRarePower+1","sneckomod:SoulDraw","sneckomod:Nope+1","sneckomod:Mudshield","sneckomod:UnknownClassTHE_BRONZE_AUTOMATON+1","sneckomod:UnknownBoss+1","sneckomod:Rotation","Pot Of Greed","sneckomod:UnknownClassTHE_BRONZE_AUTOMATON+1","sneckomod:UnknownDexterity+1","sneckomod:Cheat","sneckomod:UnknownClassTHE_CHAMP_GRAY","sneckomod:UnknownClassTHE_CHAMP_GRAY","sneckomod:UnknownClassTHE_CHAMP_GRAY","sneckomod:UnknownClassTHE_CHAMP_GRAY","sneckomod:UnknownClassTHE_CHAMP_GRAY","champ:ShieldWall","sneckomod:UnknownRareSkill+1","sneckomod:UnknownBlock+1","champ:FlashCut","Pot Of Greed","sneckomod:UnknownClassPURPLE+1","sneckomod:DiceBlock+1","champ:DefensiveShout","sneckomod:UnknownClassTHE_CHAMP_GRAY+1","sneckomod:UnknownRareAttack+1","champ:FaceSlap","sneckomod:TrashToTreasure+1","sneckomod:UnknownClassTHE_CHAMP_GRAY+1","sneckomod:Unknown3Cost+1","champ:GutPunch","champ:CheapShot","Pot Of Greed","sneckomod:UnknownUncommonPower+1","sneckomod:SoulExchange","sneckomod:UnknownColorless+1","champ:IgnorePain","sneckomod:UnknownColorless+1","sneckomod:DiceBlock","sneckomod:Cheat+1","champ:StrikeOfGenius+1"],"relics":["sneckomod:SneckoSoul","downfall:HeartsMalice","sneckomod:RareBoosterPack","CaptainsWheel","downfall:HeartBlessingRed","Spirit Poop","Snecko Eye","downfall:HeartBlessingBlue","Grinning Jar","ReplayTheSpireMod:Ninjato","Anchor","DollysMirror","Nunchaku","sneckomod:SneckoBoss","Calipers","WingedGreaves","Iron Hammer","bronze:DecasWashers","Bag of Marbles","Pen Nib","downfall:HeartBlessingGreen","Mercury Hourglass","Turnip"],"acts_visited":["Exordium","TheCity","TheBeyond","TheEnding"],"potions_floor_usage":[38,45,50,55,55,56],"damage_taken":[{"damage":0.0,"enemies":"Cultist","floor":2.0,"turns":1.0},{"damage":0.0,"enemies":"Jaw Worm","floor":5.0,"turns":1.0},{"damage":0.0,"enemies":"downfall:FleeingMerchant","floor":6.0,"turns":1.0},{"damage":11.0,"enemies":"2 Louse","floor":9.0,"turns":3.0},{"damage":20.0,"enemies":"2 Fungi Beasts","floor":12.0,"turns":3.0},{"damage":10.0,"enemies":"Red Slaver","floor":15.0,"turns":3.0},{"damage":41.0,"enemies":"DF_ARCHETYPE_STREAMLINE","floor":16.0,"turns":8.0},{"damage":0.0,"enemies":"Spheric Guardian","floor":19.0,"turns":2.0},{"damage":0.0,"enemies":"downfall:FleeingMerchant","floor":21.0,"turns":4.0},{"damage":7.0,"enemies":"3 Byrds","floor":25.0,"turns":5.0},{"damage":11.0,"enemies":"downfall:FleeingMerchant","floor":27.0,"turns":4.0},{"damage":0.0,"enemies":"Sentry and Sphere","floor":28.0,"turns":2.0},{"damage":0.0,"enemies":"Gremlin Leader","floor":29.0,"turns":3.0},{"damage":8.0,"enemies":"Replay:Snechameleon","floor":31.0,"turns":2.0},{"damage":0.0,"enemies":"Chosen and Byrds","floor":32.0,"turns":3.0},{"damage":20.0,"enemies":"SI_MIRROR_ARCHETYPE","floor":33.0,"turns":6.0},{"damage":17,"enemies":"3 Darklings","floor":36,"turns":4},{"damage":32,"enemies":"3 Shapes","floor":37,"turns":4},{"damage":17,"enemies":"2 Orb Walkers","floor":38,"turns":3},{"damage":10,"enemies":"2 Orb Walkers","floor":39,"turns":4},{"damage":53,"enemies":"Reptomancer","floor":43,"turns":5},{"damage":15,"enemies":"Giant Head","floor":45,"turns":7},{"damage":0,"enemies":"Spire Growth","floor":46,"turns":1},{"damage":0,"enemies":"Nemesis","floor":48,"turns":2},{"damage":0,"enemies":"Writhing Mass","floor":49,"turns":3},{"damage":5,"enemies":"WA_ARCHETYPE_DIVINITY","floor":50,"turns":10},{"damage":5,"enemies":"downfall:CharBossMerchant","floor":52,"turns":5},{"damage":30,"enemies":"downfall:NeowBoss","floor":55,"turns":9},{"damage":62,"enemies":"downfall:NeowBossFinal","floor":56,"turns":12}],"seed_played":"999657315961049073","potions_obtained":[{"floor":12.0,"key":"Regen Potion"},{"floor":16.0,"key":"FearPotion"},{"floor":25.0,"key":"Elixir"},{"floor":28.0,"key":"Dexterity Potion"},{"floor":31.0,"key":"DistilledChaos"},{"floor":33.0,"key":"Energy Potion"},{"floor":43,"key":"Swift Potion"},{"floor":49,"key":"Toxic Potion"}],"is_trial":false,"path_per_floor":["R","M","?","?","M","$","T","?","M","?","R","M","R","?","M","B",null,"R","M","?","$","?","?","T","M","?","$","M","E","$","E","M","B",null,"R_BF","M","M","?","?","?","T","$","E","$","E","M","R","E","M","B",null,"E","$","R","B","B",null],"character_chosen":"THE_SNECKO","items_purchased":["sneckomod:RareBoosterPack","sneckomod:SnakeSap","sneckomod:CheapStock","ReplayTheSpireMod:Ninjato","sneckomod:UnknownClassTHE_BRONZE_AUTOMATON+1","DollysMirror","bronze:DecasWashers","DistilledChaos","sneckomod:DiceBlock","sneckomod:Cheat+1"],"campfire_rested":1,"item_purchase_floors":[6,21,21,27,30,30,42,53,53,53],"current_hp_per_floor":[90,90,90,90,90,90,90,90,79,61,61,41,41,41,31,11,90,100,100,100,100,100,100,100,93,73,62,62,62,62,54,54,44,105,105,103,81,64,64,64,64,64,16,16,16,16,47,47,57,62,105,105,105,105,105,63],"gold":14,"neow_bonus":"THREE_ENEMY_KILL","is_daily":false,"chose_seed":false,"campfire_upgraded":4,"win_rate":0.0,"timestamp":1612697435,"path_taken":["R","M","?","?","?","$","T","?","M","?","R","M","R","?","M","BOSS","R","M","?","$","?","?","T","?","?","$","M","E","?","E","M","BOSS","R_BF","M","M","?","?","?","T","$","E","?","E","?","R","E","M","BOSS","E","$","R","BOSS","BOSS"],"items_purchased_type":["Relic","Card","Card","Relic","Card","Relic","Relic","Potion","Card","Card"],"build_version":"2020-12-22","purchased_purges":2,"victory":true,"max_hp_per_floor":[90,90,90,90,90,90,90,90,90,90,90,90,90,90,90,90,90,100,100,100,100,100,100,100,100,105,105,105,105,105,105,105,105,105,105,105,105,105,105,105,105,105,105,105,105,105,105,105,105,105,105,105,105,105,105,105],"card_choices":[{"not_picked":["sneckomod:WideSting","sneckomod:UnknownCommonAttack"],"picked":"sneckomod:UnknownColorless","floor":2.0},{"not_picked":["sneckomod:UnknownCommonAttack","sneckomod:DiceCrush"],"picked":"sneckomod:UnknownUncommonPower","floor":5.0},{"not_picked":["sneckomod:UnknownCommonSkill","sneckomod:Memorize"],"picked":"sneckomod:QuickBite","floor":6.0},{"not_picked":["sneckomod:DiceCrush","sneckomod:Nope"],"picked":"sneckomod:MorePower","floor":9.0},{"not_picked":["sneckomod:Unknown2Cost+1","sneckomod:UnknownUncommonSkill+1"],"picked":"sneckomod:UnknownRareAttack+1","floor":12.0},{"not_picked":["sneckomod:DiceCrush","sneckomod:QuickBite","sneckomod:SerpentIdol"],"picked":"SKIP","floor":12.0},{"not_picked":["sneckomod:UnknownUncommonPower+1","sneckomod:UnknownCommonAttack+1"],"picked":"sneckomod:UnknownDraw+1","floor":15.0},{"not_picked":["sneckomod:IronFang","sneckomod:WideSting"],"picked":"sneckomod:SnakeSap","floor":15.0},{"not_picked":["sneckomod:UnknownUncommonPower+1","sneckomod:UnknownWeak+1"],"picked":"sneckomod:UnknownStrike+1","floor":16.0},{"not_picked":["sneckomod:GlitteringGambit","sneckomod:SerpentMind"],"picked":"sneckomod:UnknownBoss","floor":16.0},{"not_picked":["sneckomod:RainOfDice","sneckomod:DiceCrush"],"picked":"sneckomod:UnknownClassPURPLE","floor":19.0},{"not_picked":["sneckomod:IronFang+1","sneckomod:QuickMove+1"],"picked":"sneckomod:UnknownDexterity+1","floor":21.0},{"not_picked":["sneckomod:UnknownClassPURPLE+1","sneckomod:Unknown0Cost+1"],"picked":"sneckomod:UnknownExhaust+1","floor":25.0},{"not_picked":["sneckomod:DiceBlock","sneckomod:Unknown1Cost"],"picked":"sneckomod:SlitherStrike+1","floor":25.0},{"not_picked":["sneckomod:UnknownUncommonAttack+1","sneckomod:UnknownUncommonPower+1"],"picked":"sneckomod:UnknownRarePower+1","floor":27.0},{"not_picked":["sneckomod:DefensiveFlair","sneckomod:Unknown2Cost"],"picked":"sneckomod:SoulDraw","floor":27.0},{"not_picked":["sneckomod:SnakeSap","sneckomod:UnknownClassPURPLE"],"picked":"sneckomod:Nope+1","floor":28.0},{"not_picked":["sneckomod:Nope","sneckomod:SoulDraw"],"picked":"sneckomod:Mudshield","floor":29.0},{"not_picked":["sneckomod:UnknownCommonAttack","sneckomod:WideSting"],"picked":"sneckomod:Rotation","floor":31.0},{"not_picked":["sneckomod:UnknownCommonSkill+1","sneckomod:Unknown0Cost+1"],"picked":"sneckomod:UnknownClassTHE_BRONZE_AUTOMATON+1","floor":32.0},{"not_picked":["sneckomod:SerpentIdol","sneckomod:UnknownClassTHE_BRONZE_AUTOMATON","sneckomod:QuickBite"],"picked":"SKIP","floor":32.0},{"not_picked":["sneckomod:UnknownX+1","sneckomod:UnknownDraw+1"],"picked":"sneckomod:UnknownDexterity+1","floor":33.0},{"not_picked":["sneckomod:Unknown3Cost","sneckomod:UnknownBoss"],"picked":"sneckomod:Cheat","floor":33.0},{"not_picked":["champ:Duel","champ:CalledShot"],"picked":"champ:ShieldWall","floor":36},{"not_picked":["sneckomod:Unknown1Cost+1","sneckomod:UnknownStrike+1"],"picked":"sneckomod:UnknownRareSkill+1","floor":36},{"not_picked":["sneckomod:SlitherStrike+1","sneckomod:DefensiveFlair+1"],"picked":"sneckomod:UnknownBlock+1","floor":36},{"not_picked":["champ:Devastate","champ:DefensiveShout"],"picked":"champ:FlashCut","floor":37},{"not_picked":["sneckomod:Unknown0Cost+1","sneckomod:UnknownStrike+1"],"picked":"sneckomod:UnknownClassPURPLE+1","floor":37},{"not_picked":["sneckomod:UnknownClassPURPLE","sneckomod:MixItUp"],"picked":"sneckomod:DiceBlock+1","floor":37},{"not_picked":["champ:DancingMaster","champ:PreciseThrust"],"picked":"champ:DefensiveShout","floor":38},{"not_picked":["sneckomod:UnknownCommonSkill+1","sneckomod:Unknown1Cost+1"],"picked":"sneckomod:Unknown2Cost+1","floor":38},{"not_picked":["sneckomod:QuickBite","sneckomod:QuickMove+1"],"picked":"sneckomod:UnknownClassTHE_CHAMP_GRAY+1","floor":38},{"not_picked":["sneckomod:UnknownWeak+1","sneckomod:UnknownColorless+1"],"picked":"sneckomod:UnknownRareAttack+1","floor":39},{"not_picked":["champ:RapidStrikes","champ:SwordSigil"],"picked":"champ:FaceSlap","floor":43},{"not_picked":["sneckomod:Nope+1","sneckomod:UnknownDraw"],"picked":"sneckomod:TrashToTreasure+1","floor":43},{"not_picked":["sneckomod:Memorize","sneckomod:UnknownWeak"],"picked":"sneckomod:UnknownClassTHE_CHAMP_GRAY+1","floor":45},{"not_picked":["sneckomod:UnknownDexterity+1","sneckomod:UnknownStrength+1"],"picked":"sneckomod:Unknown3Cost+1","floor":45},{"not_picked":["champ:HeartStrike","champ:Encircle"],"picked":"champ:GutPunch","floor":45},{"not_picked":["champ:EnchantShield","champ:EnchantSword"],"picked":"champ:CheapShot","floor":46},{"not_picked":["sneckomod:Memorize","sneckomod:DiceCrush+1"],"picked":"sneckomod:UnknownUncommonPower+1","floor":46},{"not_picked":["sneckomod:SoulDraw","sneckomod:DiceBoulder+1","sneckomod:UnknownDexterity"],"picked":"SKIP","floor":48},{"not_picked":["sneckomod:UnknownUncommonSkill+1","sneckomod:Memorize+1"],"picked":"sneckomod:SoulExchange","floor":49},{"not_picked":["sneckomod:UnknownCommonAttack+1","sneckomod:UnknownVulnerable+1"],"picked":"sneckomod:UnknownColorless+1","floor":49},{"not_picked":["champ:Devastate","champ:PreemptiveStrike"],"picked":"champ:IgnorePain","floor":49},{"not_picked":["sneckomod:UnknownClassPURPLE+1","sneckomod:Memorize+1"],"picked":"sneckomod:UnknownColorless+1","floor":52}],"player_experience":807991,"relics_obtained":[{"floor":24.0,"key":"Grinning Jar"},{"floor":29.0,"key":"Anchor"},{"floor":31.0,"key":"Nunchaku"},{"floor":38,"key":"Calipers"},{"floor":39,"key":"WingedGreaves"},{"floor":41,"key":"Iron Hammer"},{"floor":43,"key":"Bag of Marbles"},{"floor":45,"key":"Pen Nib"},{"floor":48,"key":"Mercury Hourglass"},{"floor":52,"key":"Turnip"}],"event_choices":[{"cards_removed":["Doubt"],"damage_healed":0.0,"max_hp_gain":0.0,"max_hp_loss":0.0,"gold_gain":0.0,"event_name":"The Cleric","player_choice":"Card Removal","floor":4.0,"gold_loss":0.0,"damage_taken":0.0},{"damage_healed":0.0,"max_hp_gain":0.0,"max_hp_loss":0.0,"gold_gain":0.0,"event_name":"Scrap Ooze","player_choice":"Success","floor":10.0,"gold_loss":0.0,"damage_taken":18.0,"relics_obtained":["CaptainsWheel"]},{"cards_removed":["downfall:Malfunctioning"],"damage_healed":0.0,"max_hp_gain":0.0,"max_hp_loss":0.0,"gold_gain":0.0,"event_name":"Bonfire Elementals","player_choice":"Offered Curse","floor":14.0,"gold_loss":0.0,"damage_taken":0.0,"relics_obtained":["Spirit Poop"]},{"damage_healed":0.0,"max_hp_gain":0.0,"max_hp_loss":0.0,"gold_gain":200.0,"event_name":"Wheel of Change","player_choice":"Gold","floor":23.0,"gold_loss":0.0,"damage_taken":0.0},{"damage_healed":0,"gold_gain":0,"player_choice":"Fight","damage_taken":0,"max_hp_gain":0,"max_hp_loss":0,"event_name":"Mysterious Sphere","floor":38,"gold_loss":0},{"cards_removed":["sneckomod:SnekBite"],"damage_healed":0,"gold_gain":0,"player_choice":"Removed Attack","damage_taken":0,"max_hp_gain":0,"max_hp_loss":0,"event_name":"Falling","floor":40,"gold_loss":0}],"is_beta":false,"boss_relics":[{"not_picked":["Calling Bell","Kintsugi"],"picked":"Snecko Eye"},{"not_picked":["bronze:MakeshiftBattery","Replay:Drink Me"],"picked":"sneckomod:SneckoBoss"}],"items_purged_floors":[21,27],"is_endless":false,"potions_floor_spawned":[12,16,25,28,29,31,33,37,43,49],"ascension_level":3}}