{"host":"xw7092rw7wabncmm","time":1612728185,"event":{"mods":["AchievementEnabler","BaseMod","Bestiary","Block Reminder","Minty Spire (QoL Compilation)","Quick Restart","Relic Stats","Slay-I","Weighted Paths"],"gold_per_floor":[362,114,39,39,56,56,81,81,155,184,184,197,197,197,197,276,276,292,308,319,329,343,376,376,376,376],"floor_reached":25,"language":"ENG","playtime":1544,"items_purged":["Shame"],"score":462,"play_id":"73210ccd-7268-4418-8a0c-4b5b79e18f24","local_time":"20210207150305","is_ascension_mode":true,"campfire_choices":[{"data":"Inflame","floor":6,"key":"SMITH"},{"data":"Perfected Strike","floor":8,"key":"SMITH"},{"data":"Armaments","floor":11,"key":"SMITH"},{"data":"Shrug It Off","floor":13,"key":"SMITH"},{"data":"Twin Strike","floor":15,"key":"SMITH"},{"data":"Disarm","floor":24,"key":"SMITH"}],"circlet_count":0,"master_deck":["AscendersBane","Strike_R","Strike_R","Defend_R","Defend_R","Defend_R","Defend_R","Bash","Flex","Inflame+1","Flex","Twin Strike+1","Cleave","Perfected Strike+1","Armaments+1","Shrug It Off+1","Brutality","Twin Strike","Sword Boomerang","Disarm+1","Iron Wave+1","Flame Barrier","Feel No Pain"],"relics":["Burning Blood","Lizard Tail","Meat on the Bone","Nunchaku","Mark of Pain","Pear"],"acts_visited":["Exordium","TheCity"],"potions_floor_usage":[12,18,22,22],"damage_taken":[{"damage":2,"enemies":"2 Louse","floor":1,"turns":3},{"damage":7,"enemies":"Jaw Worm","floor":5,"turns":4},{"damage":25,"enemies":"Lagavulin","floor":7,"turns":5},{"damage":32,"enemies":"Gremlin Nob","floor":10,"turns":4},{"damage":0,"enemies":"Cultist","floor":12,"turns":2},{"damage":43,"enemies":"Slime Boss","floor":16,"turns":11},{"damage":34,"enemies":"3 Byrds","floor":18,"turns":5},{"damage":19,"enemies":"Spheric Guardian","floor":19,"turns":4},{"damage":19,"enemies":"Snecko","floor":20,"turns":5},{"damage":33,"enemies":"Centurion and Healer","floor":21,"turns":7},{"damage":35,"enemies":"Cultist and Chosen","floor":22,"turns":6},{"damage":55,"enemies":"Gremlin Leader","floor":23,"turns":10},{"damage":58,"enemies":"Book of Stabbing","floor":25,"turns":6}],"seed_played":"6368042164523550391","potions_obtained":[{"floor":5,"key":"BloodPotion"},{"floor":12,"key":"BloodPotion"},{"floor":16,"key":"AttackPotion"},{"floor":21,"key":"Ancient Potion"}],"is_trial":false,"path_per_floor":["M","$","?","?","M","R","E","R","T","E","R","M","R","?","R","B",null,"M","M","M","M","M","E","R","E"],"character_chosen":"IRONCLAD","items_purchased":["Inflame","Flex","Twin Strike"],"campfire_rested":0,"item_purchase_floors":[2,2,2],"current_hp_per_floor":[72,72,72,72,71,71,52,52,52,38,38,59,59,52,52,27,63,47,46,45,30,28,39,39,0,0],"gold":376,"neow_bonus":"TWO_FIFTY_GOLD","is_daily":false,"chose_seed":false,"campfire_upgraded":6,"win_rate":0.0,"timestamp":1612728185,"path_taken":["M","$","?","?","M","R","E","R","T","E","R","?","R","?","R","BOSS","M","M","M","M","M","E","R","E"],"items_purchased_type":["Card","Card","Card"],"build_version":"2020-12-22","purchased_purges":1,"victory":false,"max_hp_per_floor":[75,75,75,75,75,75,75,75,75,75,75,75,75,75,75,75,75,75,75,75,75,75,85,85,85,85],"relic_stats":{"Lizard Tail":37,"Nunchaku":[9],"counters":[13,72],"obtain_stats":[{"Lizard Tail":7,"Nunchaku":10,"Pear":23,"Mark of Pain":17,"Burning Blood":0,"Meat on the Bone":9},{"Lizard Tail":3,"Nunchaku":4,"Pear":12,"Mark of Pain":6,"Burning Blood":0,"Meat on the Bone":3},{"Lizard Tail":12,"Nunchaku":16,"Pear":66,"Mark of Pain":29,"Burning Blood":0,"Meat on the Bone":12}],"Burning Blood":72,"Meat on the Bone":96},"card_choices":[{"not_picked":["Havoc","Carnage"],"picked":"Flex","floor":1},{"not_picked":["Anger","Twin Strike"],"picked":"Cleave","floor":5},{"not_picked":["Disarm","Intimidate"],"picked":"Perfected Strike","floor":7},{"not_picked":["Infernal Blade","Clash"],"picked":"Armaments","floor":10},{"not_picked":["Dark Embrace","Sword Boomerang"],"picked":"Shrug It Off","floor":12},{"not_picked":["Offering","Juggernaut"],"picked":"Brutality","floor":16},{"not_picked":["Armaments","Warcry"],"picked":"Twin Strike","floor":18},{"not_picked":["Thunderclap","Battle Trance"],"picked":"Sword Boomerang","floor":19},{"not_picked":["Pummel","Rampage"],"picked":"Disarm","floor":20},{"not_picked":["Whirlwind","Anger"],"picked":"Iron Wave+1","floor":21},{"not_picked":["Clothesline","Brutality"],"picked":"Flame Barrier","floor":22},{"not_picked":["Ghostly Armor","Reckless Charge"],"picked":"Feel No Pain","floor":23}],"player_experience":1604163,"relics_obtained":[{"floor":7,"key":"Lizard Tail"},{"floor":9,"key":"Meat on the Bone"},{"floor":10,"key":"Nunchaku"},{"floor":23,"key":"Pear"}],"event_choices":[{"cards_removed":["Strike_R"],"damage_healed":0,"gold_gain":0,"player_choice":"Card Removal","damage_taken":0,"max_hp_gain":0,"max_hp_loss":0,"event_name":"The Cleric","floor":3,"gold_loss":75},{"cards_removed":["Strike_R"],"damage_healed":0,"gold_gain":0,"player_choice":"Purged","damage_taken":0,"max_hp_gain":0,"max_hp_loss":0,"event_name":"Purifier","floor":4,"gold_loss":0},{"cards_removed":["Strike_R"],"damage_healed":0,"gold_gain":0,"player_choice":"Card Removal","damage_taken":7,"max_hp_gain":0,"max_hp_loss":0,"event_name":"Golden Wing","floor":14,"gold_loss":0}],"is_beta":false,"boss_relics":[{"not_picked":["SlaversCollar","SacredBark"],"picked":"Mark of Pain"}],"items_purged_floors":[2],"is_endless":false,"potions_floor_spawned":[5,12,16,21],"killed_by":"Book of Stabbing","ascension_level":20}}