{"host":"gc8h028r85mpey4t","time":1612722876,"event":{"mods":["BaseMod","BetterRewards","Colored Powertips","Minty Spire (QoL Compilation)","StSLib","The Senshi"],"gold_per_floor":[119,93,105,29,45,45,73,136,136,136,136,136,149,161,161,161,161],"floor_reached":16,"language":"ENG","playtime":780,"items_purged":[],"score":90,"play_id":"185373c4-1502-4bb6-a6b8-5ba0c8378bee","local_time":"20210207103436","is_ascension_mode":false,"campfire_choices":[{"data":"Strike_B","floor":6,"key":"SMITH"},{"data":"Streamline","floor":11,"key":"SMITH"},{"data":"Conserve Battery","floor":15,"key":"SMITH"}],"circlet_count":0,"master_deck":["Strike_B+1","Strike_B","Strike_B","Strike_B","Defend_B","Defend_B+1","Defend_B","Defend_B","Zap","Dualcast","Streamline+1","Sweeping Beam+1","Buffer","Conserve Battery+1","Sweeping Beam","Compile Driver","Gash","Conserve Battery","Leap"],"relics":["Cracked Core","Kunai","theSenshi:SailorFukuRelic"],"acts_visited":["Exordium"],"potions_floor_usage":[16,16],"damage_taken":[{"damage":5,"enemies":"2 Louse","floor":1,"turns":2},{"damage":6,"enemies":"Jaw Worm","floor":3,"turns":3},{"damage":5,"enemies":"Small Slimes","floor":5,"turns":4},{"damage":19,"enemies":"The Mushroom Lair","floor":7,"turns":4},{"damage":5,"enemies":"Blue Slaver","floor":13,"turns":3},{"damage":0,"enemies":"Looter","floor":14,"turns":3},{"damage":25,"enemies":"The Guardian","floor":16,"turns":9}],"seed_played":"118538821046090038","potions_obtained":[{"floor":7,"key":"Energy Potion"},{"floor":14,"key":"Explosive Potion"}],"is_trial":false,"path_per_floor":["M","?","M","$","M","R","?","?","T","?","R","T","M","M","R","B"],"character_chosen":"DEFECT","items_purchased":["Conserve Battery","Sweeping Beam"],"campfire_rested":0,"item_purchase_floors":[4,4],"current_hp_per_floor":[70,70,64,64,59,59,40,40,40,25,25,25,20,20,20,0,0],"gold":161,"neow_bonus":"THREE_CARDS","is_daily":false,"chose_seed":false,"campfire_upgraded":3,"win_rate":0.0,"timestamp":1612722876,"path_taken":["M","?","M","$","M","R","?","?","T","?","R","?","M","?","R","BOSS"],"items_purchased_type":["Card","Card"],"build_version":"2020-12-22","purchased_purges":0,"victory":false,"max_hp_per_floor":[75,75,75,75,75,75,75,75,75,75,75,75,75,75,75,75,75],"card_choices":[{"not_picked":["Leap","Darkness"],"picked":"Streamline","floor":0},{"not_picked":["FTL","Hologram"],"picked":"Sweeping Beam","floor":1},{"not_picked":["Redo","Lockon"],"picked":"Buffer","floor":3},{"not_picked":["Sweeping Beam","Hologram"],"picked":"Compile Driver","floor":5},{"not_picked":["Consume","Reinforced Body"],"picked":"Gash","floor":7},{"not_picked":["Turbo","Ball Lightning"],"picked":"Conserve Battery","floor":13},{"not_picked":["Streamline","Steam"],"picked":"Leap","floor":14}],"player_experience":115600,"relics_obtained":[{"floor":9,"key":"Kunai"},{"floor":12,"key":"theSenshi:SailorFukuRelic"}],"event_choices":[{"damage_healed":0,"gold_gain":0,"player_choice":"Left Gold","damage_taken":0,"max_hp_gain":0,"max_hp_loss":0,"event_name":"World of Goop","floor":2,"gold_loss":26},{"damage_healed":0,"gold_gain":0,"player_choice":"Fought Mushrooms","damage_taken":0,"max_hp_gain":0,"max_hp_loss":0,"event_name":"Mushrooms","floor":7,"gold_loss":0},{"damage_healed":0,"gold_gain":63,"player_choice":"Gained Gold","damage_taken":0,"max_hp_gain":0,"max_hp_loss":0,"event_name":"Golden Wing","floor":8,"gold_loss":0},{"damage_healed":0,"gold_gain":0,"player_choice":"Entered Light","damage_taken":15,"max_hp_gain":0,"max_hp_loss":0,"event_name":"Shining Light","floor":10,"gold_loss":0,"cards_upgraded":["Defend_B","Sweeping Beam"]}],"is_beta":false,"boss_relics":[],"items_purged_floors":[],"is_endless":false,"potions_floor_spawned":[7,14],"killed_by":"The Guardian","ascension_level":0}}