{"host":"gvmmh8a4dbuurnvz","time":1612682791,"event":{"mods":["AchievementEnabler","Aspiration","BaseMod","Better Vampires","BetterRewards","Colored Powertips","Highlight Path","Minty Spire (QoL Compilation)","MostiFishMod","Spicy Shops","StSLib","¡¾ÒÅÎï¿¨ÅÆ¡¿REMEMod"],"gold_per_floor":[115,115,131,306,320,346,346,346,346],"floor_reached":8,"language":"ZHS","playtime":427,"items_purged":["Strike_P","Strike_P"],"score":101,"play_id":"713c1788-e31e-4ebf-a57a-c3177352a2e2","local_time":"20210207152631","is_ascension_mode":true,"campfire_choices":[{"floor":7,"key":"RECALL"}],"circlet_count":0,"master_deck":["Strike_P+1","Strike_P+1","Defend_P","Defend_P","Defend_P","Defend_P","Eruption","Vigilance","MostiFishMod:Pointsdynamics"],"relics":["PureWater","DaveBox","REME_ComplimentaryCards","CombinedTypeHook","Toxic Egg 2","TungstenRod","TeardropLocket","Omamori","Juzu Bracelet","SynthV:TestCard"],"acts_visited":["Exordium"],"potions_floor_usage":[6,8],"damage_taken":[{"damage":0.0,"enemies":"2 Louse","floor":1.0,"turns":3.0},{"damage":9.0,"enemies":"Small Slimes","floor":3.0,"turns":3.0},{"damage":0.0,"enemies":"Jaw Worm","floor":5.0,"turns":2.0},{"damage":0,"enemies":"Lagavulin","floor":6,"turns":3},{"damage":51,"enemies":"3 Sentries","floor":8,"turns":8}],"seed_played":"8241872156735381648","potions_obtained":[{"floor":1.0,"key":"FearPotion"},{"floor":6,"key":"FearPotion"}],"is_trial":false,"path_per_floor":["M","?","M","?","M","E","R","E"],"character_chosen":"WATCHER","items_purchased":["Toxic Egg 2","TungstenRod","TeardropLocket","Omamori","Juzu Bracelet"],"campfire_rested":0,"item_purchase_floors":[0,0,0,0,0],"current_hp_per_floor":[72,59,50,50,50,50,50,0,0],"gold":346,"neow_bonus":"","is_daily":false,"chose_seed":false,"campfire_upgraded":0,"win_rate":0.0,"timestamp":1612682791,"path_taken":["M","?","M","?","M","E","R","E"],"items_purchased_type":["Relic","Relic","Relic","Relic","Relic"],"build_version":"2020-12-22","purchased_purges":2,"victory":false,"max_hp_per_floor":[72,72,72,72,72,72,72,72,72],"card_choices":[{"not_picked":["Meditate+1","FollowUp","MentalFortress"],"picked":"SKIP","floor":1.0},{"not_picked":["Meditate+1","FollowUp","MentalFortress"],"picked":"SKIP","floor":1.0},{"not_picked":["BowlingBash","MostiFishMod:ScryFuture","MostiFishMod:Nomercy","FlurryOfBlows","Conclude"],"picked":"SKIP","floor":3.0},{"not_picked":["MostiFishMod:FlowState+1","Halt+1","ClearTheMind+1","EmptyFist","ReachHeaven"],"picked":"SKIP","floor":5.0},{"not_picked":["Study","Worship+1","Ragnarok","CutThroughFate","MostiFishMod:ScryFuture"],"picked":"SKIP","floor":6}],"player_experience":320134,"relics_obtained":[{"floor":1.0,"key":"SynthV:TestCard"}],"event_choices":[{"damage_healed":0.0,"max_hp_gain":0.0,"max_hp_loss":0.0,"gold_gain":0.0,"event_name":"Shining Light","player_choice":"Entered Light","floor":2.0,"gold_loss":0.0,"damage_taken":14.0,"cards_upgraded":["Strike_P","Strike_P"]},{"damage_healed":0.0,"max_hp_gain":0.0,"max_hp_loss":0.0,"gold_gain":175.0,"event_name":"Liars Game","player_choice":"AGREE","floor":4.0,"gold_loss":0.0,"damage_taken":0.0,"cards_obtained":["Doubt"]}],"is_beta":false,"boss_relics":[],"items_purged_floors":[0,0],"is_endless":false,"potions_floor_spawned":[1,6],"killed_by":"3 Sentries","ascension_level":5}}