{"host":"xnrw1j8ho83czkv7","time":1612736999,"event":{"mods":["AchievementEnabler","BaseMod","Colored Map","Colored Powertips","Minty Spire (QoL Compilation)","Quick Restart","StSLib"],"gold_per_floor":[115,40,40,58,133,133,167,177,202,221,221,231,231,257,257,357,357,376,376,387,30,50,50,50,150,150,150,68,68,96,115,115,115,115],"floor_reached":33,"language":"ENG","playtime":1760,"items_purged":["Strike_R","Rupture+1"],"score":343,"play_id":"b3ad04e0-cad7-41f0-8435-01c74afb3ca4","local_time":"20210207222959","is_ascension_mode":true,"campfire_choices":[{"data":"Rampage","floor":6,"key":"SMITH"},{"data":"Bash","floor":11,"key":"SMITH"},{"data":"Metallicize","floor":13,"key":"SMITH"},{"data":"Fire Breathing","floor":15,"key":"SMITH"},{"data":"Shrug It Off","floor":23,"key":"SMITH"},{"data":"Feel No Pain","floor":27,"key":"SMITH"},{"data":"Trip","floor":29,"key":"SMITH"},{"data":"Dropkick","floor":32,"key":"SMITH"}],"circlet_count":0,"master_deck":["Defend_R","Defend_R","Defend_R","Defend_R","Bash+1","Rampage+1","Shrug It Off+1","Dropkick+1","Metallicize+1","Feel No Pain+1","Fire Breathing+1","Reaper+1","Shame","Trip+1"],"relics":["Burning Blood","NeowsBlessing","Anchor","Orichalcum","Question Card","Astrolabe","HornCleat","Turnip","Ornamental Fan","Strawberry"],"acts_visited":["Exordium","TheCity"],"potions_floor_usage":[10,16,20,30,30,33],"damage_taken":[{"damage":0,"enemies":"2 Louse","floor":1,"turns":1},{"damage":0,"enemies":"Cultist","floor":4,"turns":1},{"damage":0,"enemies":"Gremlin Nob","floor":7,"turns":1},{"damage":0,"enemies":"Jaw Worm","floor":8,"turns":3},{"damage":0,"enemies":"Lots of Slimes","floor":10,"turns":4},{"damage":1,"enemies":"Red Slaver","floor":12,"turns":3},{"damage":18,"enemies":"Lagavulin","floor":14,"turns":7},{"damage":38,"enemies":"Slime Boss","floor":16,"turns":10},{"damage":28,"enemies":"Shell Parasite","floor":18,"turns":6},{"damage":16,"enemies":"Spheric Guardian","floor":20,"turns":5},{"damage":28,"enemies":"Cultist and Chosen","floor":22,"turns":8},{"damage":39,"enemies":"Gremlin Leader","floor":30,"turns":7},{"damage":51,"enemies":"3 Cultists","floor":31,"turns":7},{"damage":47,"enemies":"Automaton","floor":33,"turns":6}],"seed_played":"-4820190839267140082","potions_obtained":[{"floor":1,"key":"Fruit Juice"},{"floor":4,"key":"AttackPotion"},{"floor":8,"key":"SteroidPotion"},{"floor":14,"key":"AttackPotion"},{"floor":18,"key":"SpeedPotion"},{"floor":20,"key":"LiquidMemories"}],"is_trial":false,"path_per_floor":["M","$","?","M","?","R","E","M","T","M","R","M","R","E","R","B",null,"M","?","M","$","M","R","?","?","T","R","$","R","E","M","R","B"],"character_chosen":"IRONCLAD","items_purchased":["HornCleat","Trip"],"campfire_rested":0,"item_purchase_floors":[21,28],"current_hp_per_floor":[80,80,80,80,72,72,78,80,80,80,80,80,80,68,68,41,85,70,85,80,80,65,65,65,65,65,65,65,65,59,28,28,0,0],"gold":115,"neow_bonus":"THREE_ENEMY_KILL","is_daily":false,"chose_seed":false,"campfire_upgraded":8,"win_rate":0.0,"timestamp":1612736999,"path_taken":["M","$","?","M","?","R","E","M","T","M","R","?","R","E","R","BOSS","M","?","?","?","M","R","?","?","T","R","$","R","E","?","R","BOSS"],"items_purchased_type":["Relic","Card"],"build_version":"2020-12-22","purchased_purges":2,"victory":false,"max_hp_per_floor":[80,80,80,80,80,80,80,80,80,80,80,80,80,80,80,85,85,85,85,85,85,85,85,85,85,85,85,85,85,92,92,92,92,92],"card_choices":[{"not_picked":["Second Wind","Disarm","Flex"],"picked":"SKIP","floor":1},{"not_picked":["Anger","Sentinel"],"picked":"Rampage","floor":4},{"not_picked":["Iron Wave","Body Slam"],"picked":"Shrug It Off","floor":7},{"not_picked":["Dropkick","Iron Wave","Reaper"],"picked":"SKIP","floor":8},{"not_picked":["Iron Wave","Reaper"],"picked":"Dropkick","floor":8},{"not_picked":["Sword Boomerang","Clothesline"],"picked":"Metallicize","floor":10},{"not_picked":["True Grit","Rupture"],"picked":"Feel No Pain","floor":12},{"not_picked":["Rampage","Immolate"],"picked":"Fire Breathing","floor":14},{"not_picked":["Headbutt","Armaments","Power Through","Inflame+1"],"picked":"SKIP","floor":18},{"not_picked":["Blood for Blood","Bloodletting","Clash","True Grit+1"],"picked":"SKIP","floor":20},{"not_picked":["Flex","Combust","Sword Boomerang","Cleave+1"],"picked":"SKIP","floor":22},{"not_picked":["Feel No Pain+1","Pummel+1","Second Wind+1","Corruption"],"picked":"SKIP","floor":30},{"not_picked":["Combust","Shrug It Off","Power Through+1","Pummel"],"picked":"SKIP","floor":31}],"player_experience":52135,"relics_obtained":[{"floor":7,"key":"Anchor"},{"floor":9,"key":"Orichalcum"},{"floor":14,"key":"Question Card"},{"floor":26,"key":"Ornamental Fan"},{"floor":30,"key":"Strawberry"}],"event_choices":[{"cards_removed":["Strike_R"],"damage_healed":0,"gold_gain":0,"player_choice":"Forget","damage_taken":0,"max_hp_gain":0,"max_hp_loss":0,"event_name":"Living Wall","floor":3,"gold_loss":0},{"damage_healed":0,"gold_gain":75,"player_choice":"Touch","damage_taken":8,"max_hp_gain":0,"max_hp_loss":0,"event_name":"FaceTrader","floor":5,"gold_loss":0},{"cards_removed":["Carnage"],"damage_healed":15,"gold_gain":0,"player_choice":"Offered Uncommon","damage_taken":0,"max_hp_gain":0,"max_hp_loss":0,"event_name":"Bonfire Elementals","floor":19,"gold_loss":0},{"damage_healed":0,"gold_gain":0,"player_choice":"Stole Relic","damage_taken":0,"relics_obtained":["Turnip"],"max_hp_gain":0,"max_hp_loss":0,"event_name":"Addict","floor":24,"gold_loss":0,"cards_obtained":["Shame"]},{"damage_healed":0,"gold_gain":100,"player_choice":"Pray","damage_taken":0,"max_hp_gain":0,"max_hp_loss":0,"event_name":"Golden Shrine","floor":25,"gold_loss":0}],"is_beta":false,"boss_relics":[{"not_picked":["Black Blood","Runic Cube"],"picked":"Astrolabe"}],"items_purged_floors":[2,21],"is_endless":false,"potions_floor_spawned":[1,4,8,14,18,20],"killed_by":"Automaton","ascension_level":3}}