{"host":"3wijtn94dq1zoyhj","time":1612675864,"event":{"mods":["ATMod(阿瑾Mod)","Act Like it!","Ascension Reborn","Aspiration","BaseMod","Dota2Spire","Gensokyo","GifTheSpireLib","Marisa（F雨　魔理沙）","Minty Spire (QoL Compilation)","MostiFishMod","Quick Restart","Reimu（博丽灵梦）","Remilia（蕾米莉亚）","Replay The Spire","Shop Mod","Spicy Shops","StSLib","The Animator","The Construct","The Cursed","The Servant 0.9.4","【功能Mod】聪明的最终Boss","【遗物卡牌】REMEMod","篝火指南"],"gold_per_floor":[110,110,125,125,68,68,106,139,164,164,213,138,164,195,59,81,81],"floor_reached":16,"language":"ZHS","playtime":1368,"items_purged":[],"score":250,"play_id":"61a8bfeb-f2a8-47d2-af14-782824f47ade","local_time":"20210207133104","is_ascension_mode":true,"campfire_choices":[{"floor":6,"key":"REST"},{"floor":10,"key":"RECALL"}],"circlet_count":0,"master_deck":["AscendersBane","Strike_S","Strike_S","Strike_S","Strike_S","Defend_S","Defend_S","Defend_S","Defend_S","KidneyShot","Exchange","Read","SpecialFormula","Defy","MoonPhase","Unruled","TimeWarp","Spin","FloweringNight","BottledTime","ShiftingGears","Orbit"],"relics":["Uniform","DaveBox","AT_ATBox","REME_ComplimentaryCards","DiscerningMonocle","NeowsBlessing","SynthV:TestCard","Simple Rune","Pen Nib","Strange Spoon","Replay:Bandana","Garlic","Pan","Golden Idol","Regal Pillow","Dota2Spire:LotusOrb","Bottled Lightning"],"acts_visited":["Exordium"],"potions_floor_usage":[2,16,16],"damage_taken":[{"damage":0,"enemies":"Small Slimes","floor":1,"turns":1},{"damage":0,"enemies":"2 Louse","floor":3,"turns":2},{"damage":0,"enemies":"Lagavulin","floor":7,"turns":1},{"damage":0,"enemies":"Jaw Worm","floor":8,"turns":4},{"damage":0,"enemies":"Looter","floor":13,"turns":3},{"damage":2,"enemies":"Exordium Wildlife","floor":14,"turns":3},{"damage":75,"enemies":"Hexaghost","floor":16,"turns":16}],"seed_played":"6723045411391376681","potions_obtained":[{"floor":1,"key":"ZuzhouPotion:ReiMu"}],"is_trial":false,"path_per_floor":["M","$","M","?","?","R","E","M","T","R","T","?","M","M","R","B"],"character_chosen":"THE_SERVANT","items_purchased":["Simple Rune","Pen Nib","Strange Spoon","Replay:Bandana","Garlic","Pan","REME_GoldPotion","Adrenaline Potion","SpecialFormula","Defy","MoonPhase","Unruled","TimeWarp","Bottled Lightning"],"campfire_rested":1,"item_purchase_floors":[2,2,2,2,2,2,2,2,2,2,2,2,2,15],"current_hp_per_floor":[54,54,54,54,54,60,60,60,60,60,60,60,60,58,58,0,0],"gold":81,"neow_bonus":"THREE_ENEMY_KILL","is_daily":false,"chose_seed":false,"campfire_upgraded":0,"win_rate":0.0,"timestamp":1612675864,"path_taken":["M","$","M","?","?","R","E","M","T","R","?","?","M","M","R","BOSS"],"items_purchased_type":["Relic","Relic","Relic","Relic","Relic","Relic","Potion","Potion","Card","Card","Card","Card","Card","Relic"],"build_version":"2020-12-22","purchased_purges":0,"victory":false,"max_hp_per_floor":[60,60,60,60,60,60,60,60,60,60,60,60,60,60,60,60,60],"card_choices":[{"not_picked":["Collapse","FanOfKnives"],"picked":"Read","floor":1},{"not_picked":["Ricochet","Defy","TimeWarp","Unruled"],"picked":"Spin","floor":3},{"not_picked":["Replace","Alleviate","Unruled","ShiftingGears"],"picked":"FloweringNight","floor":7},{"not_picked":["FastForward","Ricochet","Barrier","Potential"],"picked":"BottledTime","floor":8},{"not_picked":["BestPractice","Potential","Moonlight","Defy"],"picked":"ShiftingGears","floor":13},{"not_picked":["DoubleEdge","Alleviate","FastForward","Ricochet"],"picked":"Orbit","floor":14}],"player_experience":53489,"relics_obtained":[{"floor":1,"key":"SynthV:TestCard"},{"floor":7,"key":"Regal Pillow"},{"floor":11,"key":"Dota2Spire:LotusOrb"}],"event_choices":[{"damage_healed":0,"gold_gain":0,"player_choice":"Take Wound","damage_taken":0,"relics_obtained":["Golden Idol"],"max_hp_gain":0,"max_hp_loss":0,"event_name":"Golden Idol","floor":4,"gold_loss":0,"cards_obtained":["Injury"]},{"damage_healed":0,"gold_gain":0,"player_choice":"Left Gold","damage_taken":0,"max_hp_gain":0,"max_hp_loss":0,"event_name":"World of Goop","floor":5,"gold_loss":57},{"cards_removed":["Injury"],"damage_healed":0,"gold_gain":0,"player_choice":"Card Removal","damage_taken":0,"max_hp_gain":0,"max_hp_loss":0,"event_name":"The Cleric","floor":12,"gold_loss":75}],"is_beta":false,"boss_relics":[],"items_purged_floors":[],"is_endless":false,"potions_floor_spawned":[1,7,8],"killed_by":"Hexaghost","ascension_level":20}}