{"host":"iv8ljmz7si0xetfh","time":1612700887,"event":{"mods":["100% Spire Juice","BaseMod","Bestiary","Better Note","Colored Map","Colored Powertips","Dark Map","DeckTracker","Displayed Cursed Tome","Downfall","Highlight Path","Minty Spire (QoL Compilation)","Prisma Mod","Rare Cards Sparkle","Relic Stats","StSLib","The Alterego","Unceasing Turn Reminder"],"gold_per_floor":[99,111,111,131,131,131,131,131,145,165,165,178,178,194,207,304,304,304,324,338,338,338,338,338,367,167,184,133,133,133,133],"floor_reached":29,"language":"ENG","playtime":2560,"items_purged":[],"score":285,"play_id":"ab3b9489-760d-4818-aee0-9950aa9790ec","local_time":"20210207122807","daily_mods":["Heirloom","Time Dilation","downfall:Improvised"],"is_ascension_mode":false,"campfire_choices":[{"data":"sneckomod:SoulCleanse","floor":11,"key":"SMITH"},{"floor":18,"key":"RECALL"},{"data":"sneckomod:UnendingSupply","floor":26,"key":"SMITH"}],"circlet_count":0,"master_deck":["sneckomod:Strike","sneckomod:Strike","sneckomod:Strike","sneckomod:Defend","sneckomod:Defend","sneckomod:Defend","sneckomod:TailWhip","sneckomod:SnekBite","sneckomod:Unknown","sneckomod:Unknown","sneckomod:UnknownCommonAttack","sneckomod:UnknownCommonAttack","sneckomod:UnknownCommonSkill","sneckomod:UnknownCommonSkill","sneckomod:UnknownUncommonAttack","sneckomod:UnknownUncommonSkill","sneckomod:UnknownUncommonPower","Moonworks:NicePresent","sneckomod:QuickBite","Pain","Scrawl","FlyingSleeves","sneckomod:SoulCleanse+1","sneckomod:QuickMove","sneckomod:SoulCleanse","sneckomod:SerpentMind","sneckomod:TrashToTreasure","sneckomod:SoulRoll","sneckomod:UnknownBlock","sneckomod:QuickBite","sneckomod:Restock","sneckomod:WideSting","sneckomod:UnknownExhaust+1","Moonworks:EvilSpyWorkPreparation+1","Slimebound:CheckThePlaybook","sneckomod:UnendingSupply+1","sneckomod:UnknownClassWHITE_ICE_COLOR","sneckomod:UnknownDraw+1","sneckomod:Unknown0Cost"],"relics":["sneckomod:SneckoSoul","Thread and Needle","WarpedTongs","downfall:BrokenWingStatue","Mummified Hand","Sozu","Slimebound:StickyStick","Torii","downfall:HeartBlessingRed","downfall:HeartBlessingBlue"],"acts_visited":["Exordium","TheCity"],"potions_floor_usage":[16,16,25],"damage_taken":[{"damage":0,"enemies":"2 Louse","floor":2,"turns":2},{"damage":4,"enemies":"Cultist","floor":4,"turns":2},{"damage":6,"enemies":"Small Slimes","floor":9,"turns":1},{"damage":8,"enemies":"2 Fungi Beasts","floor":10,"turns":2},{"damage":5,"enemies":"Large Slime","floor":12,"turns":2},{"damage":23,"enemies":"Gremlin Gang","floor":14,"turns":5},{"damage":7,"enemies":"Exordium Wildlife","floor":15,"turns":3},{"damage":38,"enemies":"WA_ARCHETYPE_RETAIN","floor":16,"turns":4},{"damage":1,"enemies":"3 Byrds","floor":19,"turns":2},{"damage":3,"enemies":"Shell Parasite","floor":20,"turns":3},{"damage":40,"enemies":"Book of Stabbing","floor":25,"turns":4},{"damage":11,"enemies":"Shelled Parasite and Fungi","floor":27,"turns":3},{"damage":6,"enemies":"downfall:FleeingMerchant","floor":28,"turns":5},{"damage":999,"enemies":"Sentry and Sphere","floor":29,"turns":1}],"seed_played":"-7104702474219226221","potions_obtained":[{"floor":2,"key":"PowerPotion"},{"floor":14,"key":"bronze:BurnAndBuffPotion"},{"floor":15,"key":"Block Potion"}],"is_trial":true,"path_per_floor":["R","M","?","M","?","R","T","R","M","M","R","M","?","M","M","B",null,"R","M","M","?","?","T","T","E","R","M","$","M"],"character_chosen":"THE_SNECKO","items_purchased":["sneckomod:Unknown0Cost"],"campfire_rested":0,"item_purchase_floors":[28],"current_hp_per_floor":[90,90,90,86,86,86,86,86,80,72,72,67,67,44,37,9,90,90,90,87,87,81,81,81,46,56,45,46,0,0,0],"gold":133,"neow_bonus":"","is_daily":false,"chose_seed":false,"campfire_upgraded":2,"win_rate":0.0,"timestamp":1612700887,"path_taken":["R","M","?","?","?","R","T","R","M","M","R","M","?","M","M","BOSS","R","M","M","?","?","?","T","E","R","M","$","M"],"items_purchased_type":["Card"],"build_version":"2020-12-22","purchased_purges":0,"victory":false,"max_hp_per_floor":[90,90,90,90,90,90,90,90,90,90,90,90,90,90,90,90,90,90,90,90,90,81,81,81,81,91,91,91,91,91,91],"relic_stats":{"Sozu":2,"Torii":0,"counters":[14,39],"Mummified Hand":[11],"obtain_stats":[{"Sozu":17,"downfall:BrokenWingStatue":5,"Torii":25,"downfall:HeartBlessingRed":26,"Mummified Hand":7,"Slimebound:StickyStick":24,"downfall:HeartBlessingBlue":26,"Thread and Needle":0,"sneckomod:SneckoSoul":0,"WarpedTongs":3},{"Sozu":8,"downfall:BrokenWingStatue":2,"Torii":11,"downfall:HeartBlessingRed":11,"Mummified Hand":2,"Slimebound:StickyStick":10,"downfall:HeartBlessingBlue":11,"Thread and Needle":0,"sneckomod:SneckoSoul":0,"WarpedTongs":1},{"Sozu":21,"downfall:BrokenWingStatue":4,"Torii":30,"downfall:HeartBlessingRed":30,"Mummified Hand":4,"Slimebound:StickyStick":26,"downfall:HeartBlessingBlue":30,"Thread and Needle":0,"sneckomod:SneckoSoul":0,"WarpedTongs":2}],"WarpedTongs":[37]},"card_choices":[{"not_picked":["sneckomod:UnknownExhaust","sneckomod:SoulRoll"],"picked":"sneckomod:QuickBite","floor":2},{"not_picked":["sneckomod:DiceCrush","sneckomod:SoulRoll","sneckomod:Unknown1Cost"],"picked":"SKIP","floor":4},{"not_picked":["sneckomod:IronFang","sneckomod:UnknownDraw"],"picked":"sneckomod:SoulCleanse","floor":9},{"not_picked":["sneckomod:SoulDraw","sneckomod:UnknownUncommonPower"],"picked":"sneckomod:QuickMove","floor":10},{"not_picked":["sneckomod:IronFang","sneckomod:MasterEye","sneckomod:SerpentIdol"],"picked":"SKIP","floor":12},{"not_picked":["sneckomod:DiceCrush","sneckomod:Cheat","sneckomod:IronFang"],"picked":"SKIP","floor":14},{"not_picked":["sneckomod:Unknown1Cost","sneckomod:SoulCleanse"],"picked":"sneckomod:QuickBite","floor":15},{"not_picked":["sneckomod:UnknownBoss","sneckomod:SoulExchange"],"picked":"sneckomod:Restock","floor":16},{"not_picked":["sneckomod:SoulDraw+1","sneckomod:UnknownClassTHE_BRONZE_AUTOMATON"],"picked":"sneckomod:WideSting","floor":19},{"not_picked":["sneckomod:UnlimitedRolls","sneckomod:UnknownUncommonSkill"],"picked":"sneckomod:UnknownExhaust+1","floor":20},{"not_picked":["sneckomod:SoulCleanse","sneckomod:Unknown1Cost"],"picked":"sneckomod:UnendingSupply","floor":25},{"not_picked":["sneckomod:QuickBite","sneckomod:SoulDraw"],"picked":"sneckomod:UnknownClassWHITE_ICE_COLOR","floor":27},{"not_picked":["sneckomod:UnknownRareSkill","sneckomod:IronFang"],"picked":"sneckomod:UnknownDraw+1","floor":28}],"player_experience":372498,"relics_obtained":[{"floor":7,"key":"Mummified Hand"},{"floor":24,"key":"Slimebound:StickyStick"},{"floor":25,"key":"Torii"}],"event_choices":[{"damage_healed":0,"gold_gain":0,"player_choice":"Rummage","damage_taken":0,"relics_obtained":["WarpedTongs"],"max_hp_gain":0,"max_hp_loss":0,"event_name":"Accursed Blacksmith","floor":3,"gold_loss":0,"cards_obtained":["Pain"]},{"cards_removed":["sneckomod:SoulCleanse"],"damage_healed":0,"gold_gain":0,"player_choice":"Take \u0026 Give","damage_taken":0,"max_hp_gain":0,"max_hp_loss":0,"event_name":"betterNote:BetterNote","floor":21,"gold_loss":0,"cards_obtained":["Moonworks:EvilSpyWorkPreparation"]}],"is_beta":false,"boss_relics":[{"not_picked":["Black Star","Fusion Hammer"],"picked":"Sozu"}],"items_purged_floors":[],"is_endless":false,"potions_floor_spawned":[2,14,15,20,27],"killed_by":"Sentry and Sphere","ascension_level":0}}