{"host":"f5akwxsmb9r0twid","time":1612724570,"event":{"mods":["BaseMod","Colored Map","Minty Spire (QoL Compilation)"],"gold_per_floor":[115,126,144,9,109,136,147,147,170,190,155,172,202,216,216,312,312,329,348,362,396,396,396,6,33,60,60,60,60,74,87,87,87,87],"floor_reached":33,"language":"ENG","playtime":2081,"items_purged":["Strike_R"],"score":304,"play_id":"570e70d0-a4eb-4c42-adee-c558d63472f2","local_time":"20210207220250","is_ascension_mode":false,"campfire_choices":[{"data":"Heavy Blade","floor":8,"key":"SMITH"},{"data":"Shrug It Off","floor":15,"key":"SMITH"},{"floor":23,"key":"REST"},{"data":"Limit Break","floor":27,"key":"SMITH"},{"data":"Pommel Strike","floor":32,"key":"SMITH"}],"circlet_count":0,"master_deck":["Strike_R","Strike_R","Strike_R","Defend_R","Defend_R","Defend_R","Defend_R","Bash","Heavy Blade+1","Twin Strike","Shrug It Off+1","Panacea","Clash","Battle Trance","Warcry","Pommel Strike+1","Limit Break+1","Blood for Blood+1","Flex","Clash","Spot Weakness","Flex","Violence","Entrench","Heavy Blade+1","Clash+1"],"relics":["Burning Blood","NeowsBlessing","Blood Vial","Nunchaku","Lantern","Mark of Pain","Red Mask","Pantograph","Omamori"],"acts_visited":["Exordium","TheCity"],"potions_floor_usage":[6,6,13,16,16,19,20,25,31,31,33],"damage_taken":[{"damage":0,"enemies":"Jaw Worm","floor":1,"turns":1},{"damage":0,"enemies":"Cultist","floor":2,"turns":1},{"damage":0,"enemies":"2 Louse","floor":3,"turns":1},{"damage":21,"enemies":"3 Sentries","floor":6,"turns":6},{"damage":5,"enemies":"Looter","floor":7,"turns":2},{"damage":13,"enemies":"Exordium Wildlife","floor":10,"turns":4},{"damage":10,"enemies":"Large Slime","floor":12,"turns":9},{"damage":12,"enemies":"Gremlin Nob","floor":13,"turns":4},{"damage":4,"enemies":"Gremlin Gang","floor":14,"turns":5},{"damage":42,"enemies":"Hexaghost","floor":16,"turns":9},{"damage":20,"enemies":"Spheric Guardian","floor":18,"turns":6},{"damage":19,"enemies":"Shell Parasite","floor":19,"turns":3},{"damage":24,"enemies":"Centurion and Healer","floor":20,"turns":6},{"damage":21,"enemies":"Masked Bandits","floor":21,"turns":4},{"damage":8,"enemies":"Book of Stabbing","floor":25,"turns":3},{"damage":11,"enemies":"Chosen and Byrds","floor":30,"turns":6},{"damage":3,"enemies":"3 Cultists","floor":31,"turns":5},{"damage":90,"enemies":"Automaton","floor":33,"turns":6}],"seed_played":"-2857969308631783369","potions_obtained":[{"floor":3,"key":"AttackPotion"},{"floor":12,"key":"Weak Potion"},{"floor":13,"key":"GamblersBrew"},{"floor":14,"key":"SteroidPotion"},{"floor":16,"key":"Energy Potion"},{"floor":19,"key":"Block Potion"},{"floor":20,"key":"HeartOfIron"},{"floor":25,"key":"SteroidPotion"}],"is_trial":false,"path_per_floor":["M","M","M","$","?","E","M","R","T","M","?","M","E","M","R","B",null,"M","M","M","?","?","R","$","E","T","R","$","?","M","M","R","B"],"character_chosen":"IRONCLAD","items_purchased":["Panacea","Fire Potion","Flex","Violence","SteroidPotion","PowerPotion"],"campfire_rested":1,"item_purchase_floors":[4,4,24,24,24,24],"current_hp_per_floor":[80,80,80,80,80,65,68,68,68,63,80,76,72,76,76,42,80,66,55,39,26,26,50,50,50,50,50,50,50,47,52,52,0,0],"gold":87,"neow_bonus":"THREE_ENEMY_KILL","is_daily":false,"chose_seed":false,"campfire_upgraded":4,"win_rate":0.0,"timestamp":1612724570,"path_taken":["M","M","M","$","?","E","?","R","T","M","?","M","E","M","R","BOSS","M","M","M","?","?","R","?","E","T","R","$","?","M","?","R","BOSS"],"items_purchased_type":["Card","Potion","Card","Card","Potion","Potion"],"build_version":"2020-12-22","purchased_purges":1,"victory":false,"max_hp_per_floor":[80,80,80,80,80,80,80,80,80,80,80,80,80,80,80,80,80,80,80,80,80,80,80,80,80,80,80,80,80,80,80,80,80,80],"card_choices":[{"not_picked":["Cleave","Headbutt"],"picked":"Heavy Blade","floor":1},{"not_picked":["Heavy Blade","Headbutt"],"picked":"Twin Strike","floor":2},{"not_picked":["Combust","Dark Embrace"],"picked":"Shrug It Off","floor":3},{"not_picked":["Twin Strike","Juggernaut"],"picked":"Clash","floor":6},{"not_picked":["Body Slam","Dark Embrace"],"picked":"Battle Trance","floor":7},{"not_picked":["Clothesline","Burning Pact"],"picked":"Warcry","floor":10},{"not_picked":["Body Slam","Shrug It Off"],"picked":"Pommel Strike","floor":12},{"not_picked":["Anger","Brutality","Battle Trance"],"picked":"SKIP","floor":13},{"not_picked":["Uppercut","Evolve","Rupture"],"picked":"SKIP","floor":14},{"not_picked":["Offering","Juggernaut"],"picked":"Limit Break","floor":16},{"not_picked":["Battle Trance","Clothesline"],"picked":"Blood for Blood+1","floor":18},{"not_picked":["Evolve","Warcry"],"picked":"Flex","floor":19},{"not_picked":["Twin Strike","Perfected Strike"],"picked":"Clash","floor":20},{"not_picked":["Uppercut","Anger","Perfected Strike"],"picked":"SKIP","floor":25},{"not_picked":["Headbutt","Barricade"],"picked":"Heavy Blade+1","floor":30},{"not_picked":["Armaments","Rupture+1"],"picked":"Clash+1","floor":31}],"player_experience":286916,"relics_obtained":[{"floor":6,"key":"Blood Vial"},{"floor":9,"key":"Nunchaku"},{"floor":13,"key":"Lantern"},{"floor":21,"key":"Red Mask"},{"floor":25,"key":"Pantograph"},{"floor":26,"key":"Omamori"}],"event_choices":[{"damage_healed":0,"gold_gain":100,"player_choice":"Pray","damage_taken":0,"max_hp_gain":0,"max_hp_loss":0,"event_name":"Golden Shrine","floor":5,"gold_loss":0},{"damage_healed":20,"gold_gain":0,"player_choice":"Healed","damage_taken":0,"max_hp_gain":0,"max_hp_loss":0,"event_name":"The Cleric","floor":11,"gold_loss":35},{"damage_healed":0,"gold_gain":0,"player_choice":"Fought Bandits","damage_taken":0,"max_hp_gain":0,"max_hp_loss":0,"event_name":"Masked Bandits","floor":21,"gold_loss":0},{"damage_healed":0,"gold_gain":0,"player_choice":"Read","damage_taken":0,"max_hp_gain":0,"max_hp_loss":0,"event_name":"The Library","floor":22,"gold_loss":0,"cards_obtained":["Spot Weakness"]},{"damage_healed":0,"gold_gain":0,"cards_transformed":["Strike_R"],"player_choice":"Transformed","damage_taken":0,"max_hp_gain":0,"max_hp_loss":0,"event_name":"Transmorgrifier","floor":29,"gold_loss":0,"cards_obtained":["Entrench"]}],"is_beta":false,"boss_relics":[{"not_picked":["Velvet Choker","Runic Pyramid"],"picked":"Mark of Pain"}],"items_purged_floors":[24],"is_endless":false,"potions_floor_spawned":[3,12,13,14,16,19,20,25],"killed_by":"Automaton","ascension_level":0}}