{"host":"w7dhjqgqsib0c3vt","time":1612691559,"event":{"mods":["ATMod(°¢èªMod)","BaseMod","Dota2Spire","Downfall","Minty Spire (QoL Compilation)","Shop Mod","Spicy Shops","StSLib"],"gold_per_floor":[99,114,6,6,18,3,76,76,76,95,121,135,149,169,189,294,294,94,114,389,402,732,732,732,746,746,776,794,694,694,768,819,924,924,924,984,1037,1089,756,831,831,882,933,991,11,11,37,56,68,68,68,102,2,2,2,2,2],"floor_reached":55,"language":"ZHS","playtime":2618,"items_purged":["Regret","downfall:Haunted"],"score":943,"play_id":"8e000988-28ee-43c4-b7a9-36af1195c1bd","local_time":"20210207175239","is_ascension_mode":false,"campfire_choices":[{"floor":1.0,"key":"RECALL"},{"data":"AT_Desolate","floor":8.0,"key":"SMITH"},{"data":"bronze:BronzeOrb","floor":18.0,"key":"SMITH"},{"data":"bronze:Backtrace","floor":26.0,"key":"SMITH"},{"data":"bronze:InfiniteLoop","floor":29.0,"key":"SMITH"},{"data":"bronze:Iterate","floor":35.0,"key":"SMITH"},{"data":"bronze:Overheat","floor":46.0,"key":"SMITH"},{"floor":54.0,"key":"REST"}],"circlet_count":0,"master_deck":["bronze:Strike","bronze:Strike","bronze:Strike","bronze:Strike","bronze:Defend","bronze:Defend","bronze:Defend","bronze:Replicate","bronze:Goto","AT_Desolate+1","bronze:Iterate+1","bronze:CloningBeam+1","bronze:WhirlingStrike","bronze:Optimize","bronze:DelayedGuard","bronze:Backtrace+1","bronze:DelayedSlice","bronze:BronzeOrb+1","bronze:Overheat","bronze:Overload+1","bronze:Flail","bronze:InfiniteLoop+1","bronze:ForceShield+1","bronze:ClassDefault","bronze:ChildClass+1","bronze:BitShift+1","bronze:Iterate+1","bronze:DelayedSlice+1","bronze:Repair","bronze:CleanCode","bronze:Turbo","bronze:FineTuning+1","bronze:FineTuning","bronze:FineTuning+1","bronze:Overheat+1","bronze:Boost+1","bronze:Shell+1","bronze:DelayedGuard+1"],"relics":["bronze:BronzeCore","AT_ATBox","Centennial Puzzle","bronze:CableSpool","Anchor","Odd Mushroom","Runic Pyramid","downfall:HeartBlessingRed","downfall:HeartBlessingBlue","Pear","WingedGreaves","downfall:HeartBlessingGreen","downfall:KnowingSkull","Dota2Spire:MantaStyle","Sozu","Dota2Spire:ArmletOfMordiggian","AT_ImmortalShieldbow","Toy Ornithopter","AT_EbonyIvory","Strange Spoon","Medical Kit","HornCleat","TungstenRod"],"acts_visited":["Exordium","TheCity","TheBeyond","TheEnding"],"potions_floor_usage":[],"damage_taken":[{"damage":6.0,"enemies":"Jaw Worm","floor":2.0,"turns":2.0},{"damage":5.0,"enemies":"downfall:FleeingMerchant","floor":3.0,"turns":4.0},{"damage":0.0,"enemies":"Cultist","floor":5.0,"turns":3.0},{"damage":5.0,"enemies":"downfall:FleeingMerchant","floor":6.0,"turns":4.0},{"damage":8.0,"enemies":"Small Slimes","floor":10.0,"turns":2.0},{"damage":0.0,"enemies":"3 Sentries","floor":11.0,"turns":4.0},{"damage":0.0,"enemies":"Red Slaver","floor":12.0,"turns":2.0},{"damage":0.0,"enemies":"Large Slime","floor":13.0,"turns":2.0},{"damage":0.0,"enemies":"The Mushroom Lair","floor":14.0,"turns":1.0},{"damage":1.0,"enemies":"Exordium Thugs","floor":15.0,"turns":3.0},{"damage":2.0,"enemies":"SI_SHIV_ARCHETYPE","floor":16.0,"turns":4.0},{"damage":3.0,"enemies":"Shell Parasite","floor":19.0,"turns":3.0},{"damage":0.0,"enemies":"Spheric Guardian","floor":21.0,"turns":2.0},{"damage":0.0,"enemies":"downfall:FleeingMerchant","floor":22.0,"turns":2.0},{"damage":2.0,"enemies":"Snecko","floor":25.0,"turns":3.0},{"damage":0.0,"enemies":"Gremlin Leader","floor":27.0,"turns":4.0},{"damage":0.0,"enemies":"3 Cultists","floor":28.0,"turns":2.0},{"damage":10.0,"enemies":"Book of Stabbing","floor":31.0,"turns":4.0},{"damage":3.0,"enemies":"Chosen and Byrds","floor":32.0,"turns":1.0},{"damage":17.0,"enemies":"DF_ARCHETYPE_CLAW","floor":33.0,"turns":4.0},{"damage":10.0,"enemies":"3 Shapes","floor":36.0,"turns":2.0},{"damage":3.0,"enemies":"Orb Walker","floor":37.0,"turns":1.0},{"damage":3.0,"enemies":"Writhing Mass","floor":38.0,"turns":2.0},{"damage":6.0,"enemies":"Transient","floor":42.0,"turns":5.0},{"damage":6.0,"enemies":"Maw","floor":43.0,"turns":5.0},{"damage":3.0,"enemies":"Spire Growth","floor":44.0,"turns":3.0},{"damage":1.0,"enemies":"Nemesis","floor":47.0,"turns":3.0},{"damage":1.0,"enemies":"Sphere and 2 Shapes","floor":48.0,"turns":1.0},{"damage":3.0,"enemies":"Transient","floor":49.0,"turns":5.0},{"damage":1.0,"enemies":"WA_ARCHETYPE_DIVINITY","floor":50.0,"turns":9.0},{"damage":80.0,"enemies":"downfall:CharBossMerchant","floor":52.0,"turns":6.0},{"damage":88,"enemies":"downfall:NeowBoss","floor":55,"turns":11}],"seed_played":"4116092552935355862","potions_obtained":[{"floor":5.0,"key":"bronze:FreeFunctionsPotion"},{"floor":10.0,"key":"Fire Potion"},{"floor":11.0,"key":"Explosive Potion"},{"floor":13.0,"key":"LiquidMemories"},{"floor":15.0,"key":"PowerPotion"},{"floor":19.0,"key":"AttackPotion"},{"floor":25.0,"key":"Weak Potion"},{"floor":28.0,"key":"LiquidBronze"},{"floor":31.0,"key":"Energy Potion"},{"floor":32.0,"key":"Guardian:BlockOnCardUsePotion"},{"floor":33.0,"key":"SpeedPotion"}],"is_trial":false,"path_per_floor":["R","M","$","?","M","$","T","R","T","M","E","M","M","?","M","B",null,"R","M","?","M","$","?","T","M","R","E","M","R","?","E","M","B",null,"R","M","M","M","?","?","T","M","M","M","$","R","E","M","M","B",null,"E","$","R","B"],"character_chosen":"THE_AUTOMATON","items_purchased":["bronze:WhirlingStrike","bronze:Optimize","AT_ImmortalShieldbow","bronze:Overheat","Toy Ornithopter","AT_EbonyIvory","Strange Spoon","Medical Kit"],"campfire_rested":1,"item_purchase_floors":[3,3,45,45,45,45,45,45],"current_hp_per_floor":[70,64,59,59,59,54,54,54,54,46,46,46,46,46,45,43,70,80,77,77,77,77,77,87,85,85,85,85,85,78,68,65,55,90,90,87,90,87,101,101,101,101,101,98,98,98,101,100,98,101,101,30,30,60,0,0,0],"gold":2,"neow_bonus":"RANDOM_COMMON_RELIC","is_daily":false,"chose_seed":false,"campfire_upgraded":6,"win_rate":0.0,"timestamp":1612691559,"path_taken":["R","M","$","?","M","?","T","R","?","M","E","?","M","?","M","BOSS","R","M","?","?","?","?","T","M","R","E","?","R","?","E","M","BOSS","R","M","?","M","?","?","T","M","M","?","$","R","E","M","M","BOSS","E","$","R","BOSS"],"items_purchased_type":["Card","Card","Relic","Card","Relic","Relic","Relic","Relic"],"build_version":"2020-12-22","purchased_purges":2,"victory":false,"max_hp_per_floor":[70,70,70,70,70,70,70,70,70,70,70,70,70,70,70,70,70,80,80,80,80,80,80,90,90,90,90,90,90,90,90,90,90,90,90,90,90,90,101,101,101,101,101,101,101,101,101,101,101,101,101,101,101,101,101,101,101],"card_choices":[{"not_picked":["bronze:Constructor","bronze:Invalidate"],"picked":"bronze:Iterate","floor":2.0},{"not_picked":["bronze:MaxOutput","bronze:Iterate"],"picked":"bronze:CloningBeam","floor":3.0},{"not_picked":["bronze:SpaghettiCode","bronze:BugBarrage"],"picked":"bronze:DelayedGuard","floor":5.0},{"not_picked":["bronze:GetLatest","bronze:ChildClass"],"picked":"bronze:Backtrace","floor":6.0},{"not_picked":["bronze:BronzeArmor","bronze:ItsAFeature"],"picked":"bronze:DelayedSlice","floor":10.0},{"not_picked":["bronze:ItsAFeature","bronze:Safeguard"],"picked":"bronze:BronzeOrb","floor":11.0},{"not_picked":["bronze:Turbo","bronze:Allocate"],"picked":"bronze:Overheat","floor":12.0},{"not_picked":["bronze:BitShift","bronze:Repair"],"picked":"bronze:Overload","floor":13.0},{"not_picked":["bronze:Deprecate","bronze:Optimize"],"picked":"bronze:Flail","floor":15.0},{"not_picked":["bronze:SpaghettiCode","bronze:BurnOut"],"picked":"bronze:InfiniteLoop","floor":16.0},{"not_picked":["bronze:ItsAFeature","bronze:OilSpill"],"picked":"bronze:ForceShield+1","floor":19.0},{"not_picked":["bronze:BugBarrage","bronze:Allocate"],"picked":"bronze:ClassDefault","floor":21.0},{"not_picked":["bronze:Shield","bronze:Iterate"],"picked":"bronze:ChildClass+1","floor":22.0},{"not_picked":["bronze:BuggyMess+1","bronze:Iterate+1"],"picked":"bronze:BitShift+1","floor":25.0},{"not_picked":["bronze:CloningBeam","bronze:Constructor","bronze:BugBarrage"],"picked":"SKIP","floor":27.0},{"not_picked":["bronze:Repulsor","bronze:Break"],"picked":"bronze:Iterate+1","floor":28.0},{"not_picked":["bronze:Frontload","bronze:DelayedGuard"],"picked":"bronze:DelayedSlice+1","floor":31.0},{"not_picked":["bronze:BitShift","bronze:WildBeam"],"picked":"bronze:Repair","floor":32.0},{"not_picked":["bronze:ThunderWave","bronze:Break"],"picked":"bronze:CleanCode","floor":33.0},{"not_picked":["bronze:ForceShield+1","bronze:BugBarrage+1"],"picked":"bronze:Turbo","floor":36.0},{"not_picked":["bronze:InfiniteBeams","bronze:ChosenStrike"],"picked":"bronze:FineTuning+1","floor":37.0},{"not_picked":["bronze:BronzeOrb+1","bronze:Backtrace+1"],"picked":"bronze:FineTuning","floor":38.0},{"not_picked":["bronze:ItsAFeature","bronze:CutThrough+1","bronze:Overheat+1"],"picked":"SKIP","floor":42.0},{"not_picked":["bronze:Deprecate","bronze:ClassDefault","bronze:DelayedGuard+1"],"picked":"SKIP","floor":43.0},{"not_picked":["bronze:BitShift","bronze:BuggyMess"],"picked":"bronze:FineTuning+1","floor":44.0},{"not_picked":["bronze:Shield","bronze:FineTuning+1"],"picked":"bronze:Boost+1","floor":47.0},{"not_picked":["bronze:DelayedGuard","bronze:Overload+1"],"picked":"bronze:Shell+1","floor":48.0},{"not_picked":["bronze:Overheat","bronze:Backtrace","bronze:CutThrough"],"picked":"SKIP","floor":49.0},{"not_picked":["bronze:Break","bronze:ClassDefault"],"picked":"bronze:DelayedGuard+1","floor":52.0}],"player_experience":662172,"relics_obtained":[{"floor":7.0,"key":"bronze:CableSpool"},{"floor":11.0,"key":"Anchor"},{"floor":14.0,"key":"Odd Mushroom"},{"floor":24.0,"key":"Pear"},{"floor":27.0,"key":"WingedGreaves"},{"floor":31.0,"key":"Dota2Spire:MantaStyle"},{"floor":41.0,"key":"Dota2Spire:ArmletOfMordiggian"},{"floor":47.0,"key":"HornCleat"},{"floor":52.0,"key":"TungstenRod"}],"event_choices":[{"damage_healed":0.0,"max_hp_gain":0.0,"max_hp_loss":0.0,"gold_gain":0.0,"event_name":"Mushrooms","player_choice":"Fought Mushrooms","floor":14.0,"gold_loss":0.0,"damage_taken":0.0}],"is_beta":false,"boss_relics":[{"not_picked":["Velvet Choker","Snecko Eye"],"picked":"Runic Pyramid"},{"not_picked":["Fusion Hammer","Astrolabe"],"picked":"Sozu"}],"items_purged_floors":[45,53],"is_endless":false,"potions_floor_spawned":[5,10,11,12,13,15,19,25,28,31,32,33,36,37,47,48,49,52],"killed_by":"downfall:NeowBoss","ascension_level":0}}