{"host":"rantoq7h0pygex6x","time":1612691313,"event":{"mods":["AchievementEnabler","BaseMod","BetterRewards","Minty Spire (QoL Compilation)"],"gold_per_floor":[113,132,132,132,132,170,188,207,207,226,226,261,276,276,276,374,374,329,251,265,265,265],"floor_reached":21,"language":"ENG","playtime":661,"items_purged":["Strike_B","Defend_B","Injury"],"score":582,"play_id":"123a3539-70c3-40ac-9765-bfd0ef5c3a49","local_time":"20210207174833","is_ascension_mode":true,"campfire_choices":[{"floor":11,"key":"REST"},{"floor":15,"key":"REST"}],"circlet_count":0,"master_deck":["AscendersBane","Strike_B","Strike_B+1","Strike_B+1","Defend_B","Defend_B","Defend_B","Zap+1","Dualcast","Capacitor","FTL+1","Chill","Static Discharge","Melter","BootSequence","Lockon","Stack","Barrage","Defragment","Hologram","Parasite","Amplify","Sweeping Beam"],"relics":["Cracked Core","Lee\u0027s Waffle","Golden Idol","Whetstone","Smiling Mask","Matryoshka","Busted Crown"],"acts_visited":["Exordium","TheCity"],"potions_floor_usage":[6,10,13],"damage_taken":[{"damage":7,"enemies":"Small Slimes","floor":1,"turns":3},{"damage":0,"enemies":"Jaw Worm","floor":2,"turns":2},{"damage":20,"enemies":"Gremlin Nob","floor":6,"turns":4},{"damage":0,"enemies":"2 Louse","floor":7,"turns":3},{"damage":2,"enemies":"2 Fungi Beasts","floor":8,"turns":3},{"damage":8,"enemies":"Lots of Slimes","floor":10,"turns":3},{"damage":30,"enemies":"3 Sentries","floor":12,"turns":6},{"damage":1,"enemies":"Looter","floor":13,"turns":3},{"damage":23,"enemies":"The Guardian","floor":16,"turns":10},{"damage":20,"enemies":"2 Thieves","floor":18,"turns":5},{"damage":11,"enemies":"3 Byrds","floor":20,"turns":4},{"damage":48,"enemies":"Snecko","floor":21,"turns":4}],"seed_played":"-4443585676800089201","potions_obtained":[{"floor":1,"key":"Weak Potion"},{"floor":2,"key":"Fire Potion"},{"floor":12,"key":"Block Potion"},{"floor":16,"key":"EssenceOfSteel"}],"is_trial":false,"path_per_floor":["M","M","?","?","?","E","M","M","T","M","R","E","M","?","R","B",null,"M","$","M","M"],"character_chosen":"DEFECT","items_purchased":["Capacitor","Lee\u0027s Waffle","FTL","Chill","Static Discharge","Melter","BootSequence","Sweeping Beam"],"campfire_rested":2,"item_purchase_floors":[0,0,0,0,0,0,0,19],"current_hp_per_floor":[71,71,48,48,48,28,28,26,26,18,41,11,10,29,52,29,66,46,46,35,0,0],"gold":265,"neow_bonus":"","is_daily":false,"chose_seed":false,"campfire_upgraded":0,"win_rate":0.0,"timestamp":1612691313,"path_taken":["M","M","?","?","?","E","M","M","T","M","R","E","M","?","R","BOSS","M","$","M","M"],"items_purchased_type":["Card","Relic","Card","Card","Card","Card","Card","Card"],"build_version":"2020-12-22","purchased_purges":3,"victory":false,"max_hp_per_floor":[78,78,78,78,78,78,78,78,78,78,78,78,78,78,78,78,78,78,78,78,78,78],"card_choices":[{"not_picked":["Undo","Hello World"],"picked":"Lockon","floor":1},{"not_picked":["Leap","Redo"],"picked":"Stack","floor":2},{"not_picked":["Amplify","Chill"],"picked":"Barrage","floor":6},{"not_picked":["Gash","Go for the Eyes","Rebound"],"picked":"SKIP","floor":7},{"not_picked":["Stack","Gash","Rebound"],"picked":"SKIP","floor":8},{"not_picked":["Force Field","Steam"],"picked":"Defragment","floor":10},{"not_picked":["Creative AI","Go for the Eyes","Double Energy"],"picked":"SKIP","floor":12},{"not_picked":["Reprogram","Scrape"],"picked":"Hologram","floor":13},{"not_picked":["Meteor Strike","Machine Learning"],"picked":"Amplify","floor":16},{"not_picked":["Streamline"],"picked":"SKIP","floor":18},{"not_picked":["Sweeping Beam"],"picked":"SKIP","floor":20}],"player_experience":986439,"relics_obtained":[{"floor":6,"key":"Whetstone"},{"floor":9,"key":"Smiling Mask"},{"floor":12,"key":"Matryoshka"}],"event_choices":[{"damage_healed":0,"gold_gain":0,"player_choice":"Entered Light","damage_taken":23,"max_hp_gain":0,"max_hp_loss":0,"event_name":"Shining Light","floor":3,"gold_loss":0,"cards_upgraded":["Strike_B","Zap"]},{"damage_healed":0,"gold_gain":0,"player_choice":"Take Wound","damage_taken":0,"relics_obtained":["Golden Idol"],"max_hp_gain":0,"max_hp_loss":0,"event_name":"Golden Idol","floor":4,"gold_loss":0,"cards_obtained":["Injury"]},{"damage_healed":0,"gold_gain":0,"player_choice":"Ignored","damage_taken":0,"max_hp_gain":0,"max_hp_loss":0,"event_name":"Liars Game","floor":5,"gold_loss":0},{"damage_healed":19,"gold_gain":0,"player_choice":"Healed and dodged fight","damage_taken":0,"max_hp_gain":0,"max_hp_loss":0,"event_name":"Mushrooms","floor":14,"gold_loss":0,"cards_obtained":["Parasite"]}],"is_beta":false,"boss_relics":[{"not_picked":["SacredBark","Philosopher\u0027s Stone"],"picked":"Busted Crown"}],"items_purged_floors":[0,0,19],"is_endless":false,"potions_floor_spawned":[1,2,12,16],"killed_by":"Snecko","ascension_level":20}}