{"host":"osk2oboccoevp2u5","time":1612716407,"event":{"mods":["AchievementEnabler","Alarm Clock","BaseMod","Colored Powertips","Disable Question Mark Monsters","Displayed Cursed Tome","Key Reminder","Minty Spire (QoL Compilation)","Potion Indicator Mod","Quick Restart","Rare Cards Sparkle","Reorder Act Four","StSLib","The Cursed","Useless Jewels Mod"],"gold_per_floor":[111,36,36,50,62,62,92,123,123,123,298,316,27,56,56,160,160,176,194,194,194],"floor_reached":20,"language":"ENG","playtime":3254,"items_purged":["TheCursedMod:Strike_TheCursed","TheCursedMod:Strike_TheCursed"],"score":273,"play_id":"17c7938d-0033-4e94-a531-6717926623ef","local_time":"20210207124647","is_ascension_mode":true,"campfire_choices":[{"data":"TheCursedMod:CursedBlade","floor":6.0,"key":"SMITH"},{"floor":10.0,"key":"REST"},{"floor":15.0,"key":"REST"}],"circlet_count":0,"master_deck":["AscendersBane","TheCursedMod:Strike_TheCursed","TheCursedMod:Defend_TheCursed","TheCursedMod:Defend_TheCursed","TheCursedMod:Defend_TheCursed","TheCursedMod:Defend_TheCursed","TheCursedMod:CursedWand","TheCursedMod:CleanUpWorkshop","TheCursedMod:Dregs","TheCursedMod:CursedBlade+1","TheCursedMod:CursedStaff","Doubt","TheCursedMod:CursedRelics","TheCursedMod:RapidMovement","TheCursedMod:WearCloak","TheCursedMod:DemonSword","TheCursedMod:Evocation","TheCursedMod:SmokeScreen"],"relics":["TheCursedMod:BlackMagic101","Peace Pipe","Torii","StrikeDummy","Cursed Key"],"acts_visited":["Exordium","TheCity"],"potions_floor_usage":[20,20],"damage_taken":[{"damage":3.0,"enemies":"Jaw Worm","floor":1.0,"turns":7.0},{"damage":0.0,"enemies":"2 Louse","floor":4.0,"turns":4.0},{"damage":0.0,"enemies":"Small Slimes","floor":5.0,"turns":3.0},{"damage":9.0,"enemies":"3 Sentries","floor":8.0,"turns":7.0},{"damage":8.0,"enemies":"Blue Slaver","floor":12.0,"turns":3.0},{"damage":35.0,"enemies":"Gremlin Nob","floor":14.0,"turns":5.0},{"damage":121.0,"enemies":"The Guardian","floor":16.0,"turns":24.0},{"damage":18.0,"enemies":"Shell Parasite","floor":18.0,"turns":7.0},{"damage":17.0,"enemies":"Spheric Guardian","floor":19.0,"turns":5.0},{"damage":34,"enemies":"Cultist and Chosen","floor":20,"turns":6}],"seed_played":"2190833833151994608","potions_obtained":[{"floor":5.0,"key":"PowerPotion"},{"floor":8.0,"key":"CultistPotion"},{"floor":12.0,"key":"BlessingOfTheForge"},{"floor":14.0,"key":"Dexterity Potion"},{"floor":18.0,"key":"LiquidBronze"},{"floor":19.0,"key":"Dexterity Potion"}],"is_trial":false,"path_per_floor":["M","$","?","M","M","R","?","E","T","R","?","M","$","E","R","B",null,"M","M","M"],"character_chosen":"THE_CURSED","items_purchased":["TheCursedMod:CursedRelics","TheCursedMod:RapidMovement"],"campfire_rested":2,"item_purchase_floors":[13,13],"current_hp_per_floor":[72,72,65,65,65,65,65,56,56,80,80,72,72,37,61,17,66,48,31,0,0],"gold":194,"neow_bonus":"TEN_PERCENT_HP_BONUS","is_daily":false,"chose_seed":false,"campfire_upgraded":1,"win_rate":0.0,"timestamp":1612716407,"path_taken":["M","$","?","M","M","R","?","E","T","R","?","M","?","E","R","BOSS","M","M","M"],"items_purchased_type":["Card","Card"],"build_version":"2020-12-22","purchased_purges":2,"victory":false,"max_hp_per_floor":[82,82,82,82,82,82,82,82,82,82,82,82,82,82,82,82,82,82,82,82,82],"card_choices":[{"not_picked":["TheCursedMod:Torture","TheCursedMod:CircleOfFlame"],"picked":"TheCursedMod:CursedBlade","floor":1.0},{"not_picked":["TheCursedMod:Obscuration","TheCursedMod:SmokeScreen","TheCursedMod:SpitefulStrike"],"picked":"SKIP","floor":4.0},{"not_picked":["TheCursedMod:BloodBarrier","TheCursedMod:ReleasedKnowledge","TheCursedMod:CircleOfWindfury"],"picked":"SKIP","floor":5.0},{"not_picked":["TheCursedMod:CircleOfFlame","TheCursedMod:Wield"],"picked":"TheCursedMod:CursedStaff","floor":8.0},{"not_picked":["TheCursedMod:SurpriseAttack","TheCursedMod:BlessingInDisguise","TheCursedMod:HellfireBreathing"],"picked":"SKIP","floor":12.0},{"not_picked":["TheCursedMod:SmokeScreen","TheCursedMod:CursedShiv"],"picked":"TheCursedMod:WearCloak","floor":14.0},{"not_picked":["TheCursedMod:CursedRelics","TheCursedMod:ForbiddenAlchemy"],"picked":"TheCursedMod:DemonSword","floor":16.0},{"not_picked":["TheCursedMod:CircleOfFlame","TheCursedMod:SpreadPlague"],"picked":"TheCursedMod:Evocation","floor":18.0},{"not_picked":["TheCursedMod:CursedBoomerang","TheCursedMod:CircleOfCorruption"],"picked":"TheCursedMod:SmokeScreen","floor":19.0}],"player_experience":1004474,"relics_obtained":[{"floor":8.0,"key":"Peace Pipe"},{"floor":9.0,"key":"Torii"},{"floor":14.0,"key":"StrikeDummy"}],"event_choices":[{"cards_removed":["TheCursedMod:Strike_TheCursed"],"damage_healed":0.0,"max_hp_gain":0.0,"max_hp_loss":0.0,"gold_gain":0.0,"event_name":"Golden Wing","player_choice":"Card Removal","floor":3.0,"gold_loss":0.0,"damage_taken":7.0},{"damage_healed":0.0,"max_hp_gain":0.0,"max_hp_loss":0.0,"gold_gain":30.0,"event_name":"Dead Adventurer","player_choice":"Searched \u00271\u0027 times","floor":7.0,"gold_loss":0.0,"damage_taken":0.0},{"damage_healed":0.0,"max_hp_gain":0.0,"max_hp_loss":0.0,"gold_gain":175.0,"event_name":"Liars Game","player_choice":"AGREE","floor":11.0,"gold_loss":0.0,"damage_taken":0.0,"cards_obtained":["Doubt"]}],"is_beta":false,"boss_relics":[{"not_picked":["Pandora\u0027s Box","Runic Dome"],"picked":"Cursed Key"}],"items_purged_floors":[2,13],"is_endless":false,"potions_floor_spawned":[5,8,12,14,18,19],"killed_by":"Cultist and Chosen","ascension_level":10}}