{"host":"coxx14wiryochsh8","time":1612739554,"event":{"mods":["2.2 Compatiblity","Act Like it!","Bartender","BaseMod","Better Third Choice","BetterRewards","Colored Map","DeckTracker","Downfall","Emptier Cage","Energized Spire","Gensokyo","Hermit","Hubris","Minty Spire (QoL Compilation)","Replay The Spire","StSLib","SuperFastMode","The Blackbeard","The Runesmith","The Servant 0.9.4"],"gold_per_floor":[99,49,49,49,68,68,98,118,118,45,60,93,93,93,93,93,93,93,93,93,93,93,93,93,93,93,93,93],"floor_reached":27,"language":"ENG","playtime":1219,"items_purged":[],"score":241,"play_id":"244806ad-cef0-4c0c-884f-e9756f361729","local_time":"20210207181234","is_ascension_mode":false,"campfire_choices":[{"data":"Dagger Spray","floor":6,"key":"SMITH"},{"data":"Footwork","floor":15,"key":"SMITH"},{"data":"Well Laid Plans","floor":23,"key":"SMITH"},{"data":"Expertise","floor":25,"key":"SMITH"}],"circlet_count":0,"master_deck":["Strike_G","Strike_G","Defend_G","Defend_G","Defend_G","Defend_G","Defend_G","Survivor","Backflip","Quick Slash+1","Dagger Spray+1","Replay:Poison Smokescreen","Well Laid Plans+1","Footwork+1","Hidden Blade","Burn","Tools of the Trade","Caltrops+1","Footwork","Expertise+1"],"relics":["energizedSpire:EnergizedDie","Ninja Scroll","Bronze Scales","Ectoplasm","Dream Catcher","Ornamental Fan","Molten Egg 2"],"acts_visited":["Exordium","Exordium"],"potions_floor_usage":[27],"damage_taken":[{"damage":3,"enemies":"Jaw Worm","floor":1,"turns":4},{"damage":0,"enemies":"Small Slimes","floor":5,"turns":2},{"damage":21,"enemies":"Lagavulin","floor":7,"turns":8},{"damage":0,"enemies":"Cultist","floor":8,"turns":2},{"damage":1,"enemies":"Blue Slaver","floor":11,"turns":2},{"damage":10,"enemies":"Gremlin Nob","floor":12,"turns":4},{"damage":1,"enemies":"Exordium Thugs","floor":13,"turns":4},{"damage":4,"enemies":"Slime Boss","floor":16,"turns":10},{"damage":4,"enemies":"Gensokyo:AngelMirror","floor":18,"turns":2},{"damage":0,"enemies":"Gensokyo:Chomper","floor":21,"turns":4},{"damage":4,"enemies":"Gensokyo:Swordslinger","floor":22,"turns":4},{"damage":31,"enemies":"Gensokyo:Tenshi","floor":24,"turns":5},{"damage":30,"enemies":"Gensokyo:3_Gloops","floor":27,"turns":4}],"seed_played":"3270631596625186753","potions_obtained":[{"floor":5,"key":"sneckomod:MuddlingPotion"},{"floor":13,"key":"SpeedPotion"},{"floor":18,"key":"Fire Potion"}],"is_trial":false,"path_per_floor":["M","?","?","?","M","R","E","M","T","$","M","E","M","?","R","B",null,"M","?","?","M","M","R","E","R","T","M"],"character_chosen":"THE_SILENT","items_purchased":["Well Laid Plans"],"campfire_rested":0,"item_purchase_floors":[10],"current_hp_per_floor":[67,67,67,70,70,70,49,49,49,49,48,38,37,37,37,33,70,66,65,65,65,61,61,30,30,30,0,0],"gold":93,"neow_bonus":"BOSS_RELIC","is_daily":false,"chose_seed":false,"campfire_upgraded":4,"win_rate":0.0,"timestamp":1612739554,"path_taken":["M","?","?","?","M","R","E","M","T","$","?","E","M","?","R","BOSS","M","?","?","M","M","R","E","R","T","M"],"items_purchased_type":["Card"],"build_version":"2020-12-22","purchased_purges":0,"victory":false,"max_hp_per_floor":[70,70,70,70,70,70,70,70,70,70,70,70,70,70,70,70,70,70,65,65,65,65,65,65,65,65,65,65],"card_choices":[{"not_picked":["Dodge and Roll","Flying Knee"],"picked":"Backflip","floor":1},{"not_picked":["PiercingWail","Concentrate"],"picked":"Dagger Spray","floor":5},{"not_picked":["Bane","Poison Darts"],"picked":"Replay:Poison Smokescreen","floor":7},{"not_picked":["Deflect","ReplayTheSpireMod:Exploit Weakness","Concentrate"],"picked":"SKIP","floor":8},{"not_picked":["ReplayTheSpireMod:Speed Training","Slice"],"picked":"Footwork","floor":11},{"not_picked":["Grand Finale","Flying Knee"],"picked":"Hidden Blade","floor":12},{"not_picked":["Quick Slash","Flying Knee","Cloak And Dagger"],"picked":"SKIP","floor":13},{"not_picked":["ReplayTheSpireMod:From All Sides","Die Die Die"],"picked":"Tools of the Trade","floor":16},{"not_picked":["Backflip","Deflect+1"],"picked":"Caltrops+1","floor":18},{"not_picked":["Well Laid Plans","Dagger Spray"],"picked":"Footwork","floor":21},{"not_picked":["Cloak And Dagger","Dagger Throw+1","hubris:Sniper"],"picked":"SKIP","floor":22},{"not_picked":["Dodge and Roll","Replay:Poison Smokescreen"],"picked":"Expertise","floor":24}],"player_experience":696152,"relics_obtained":[{"floor":7,"key":"Ninja Scroll"},{"floor":9,"key":"Power_Wrist"},{"floor":12,"key":"Bronze Scales"},{"floor":24,"key":"Ornamental Fan"},{"floor":26,"key":"Molten Egg 2"}],"event_choices":[{"cards_removed":["Strike_G"],"damage_healed":0,"gold_gain":0,"player_choice":"Card Removal","damage_taken":0,"max_hp_gain":0,"max_hp_loss":0,"event_name":"The Cleric","floor":2,"gold_loss":50},{"damage_healed":3,"gold_gain":0,"player_choice":"Full Heal","damage_taken":0,"max_hp_gain":0,"max_hp_loss":0,"event_name":"Wheel of Change","floor":4,"gold_loss":0},{"damage_healed":37,"gold_gain":0,"player_choice":"Embrace Burn","damage_taken":0,"max_hp_gain":0,"max_hp_loss":70,"event_name":"betterThird:BetterShining","floor":14,"gold_loss":0}],"is_beta":false,"boss_relics":[{"not_picked":["Fusion Hammer","Replay:Bronze Core"],"picked":"Ectoplasm"}],"items_purged_floors":[],"is_endless":false,"potions_floor_spawned":[5,12,13,18,21,24],"killed_by":"Gensokyo:3_Gloops","ascension_level":0}}