{"host":"vyiqbz5w606ur92t","time":1612658771,"event":{"mods":["BaseMod","Downfall","Minty Spire (QoL Compilation)","StSLib"],"gold_per_floor":[99,99,99,99,199,99,147,72,72,100,100,116,16,116,135,233,233,233,249,260,277,290,319,342,342,358,358,371,397,13,38,54,54,54,54],"floor_reached":33,"language":"ENG","playtime":3344,"items_purged":["bronze:Strike"],"score":410,"play_id":"d4e2a654-186c-41af-88ca-aacba773742b","local_time":"20210207004611","is_ascension_mode":true,"campfire_choices":[{"floor":1,"key":"RECALL"},{"data":"bronze:InfiniteBeams","floor":6,"key":"SMITH"},{"data":"bronze:Return","floor":9,"key":"SMITH"},{"floor":13,"key":"REST"},{"data":"bronze:Allocate","floor":18,"key":"SMITH"},{"floor":25,"key":"REST"},{"data":"bronze:BuggyMess","floor":27,"key":"SMITH"}],"circlet_count":0,"master_deck":["bronze:Strike","bronze:Defend","bronze:Defend","bronze:Defend","bronze:Defend","bronze:Replicate","bronze:Goto","bronze:Deprecate","bronze:InfiniteBeams+1","bronze:Return+1","bronze:OilSpill+1","bronze:Iterate","bronze:Mutator+1","bronze:OilSpill","bronze:DazingPulse+1","bronze:Allocate+1","bronze:GetLatest","bronze:Break","bronze:Separator","bronze:HardenedForm","bronze:BugBarrage+1","bronze:Branch+1","bronze:WhirlingStrike+1","bronze:BuggyMess+1","bronze:Safeguard","bronze:BuggyMess","bronze:Constructor+1","bronze:Shell"],"relics":["bronze:PlatinumCore","downfall:HeartsMalice","sneckomod:BlankCard","downfall:HeartBlessingRed","Toy Ornithopter","Bag of Marbles","downfall:HeartBlessingGreen","Whetstone","Akabeko","Thread and Needle","Ice Cream","Gambling Chip"],"acts_visited":["Exordium","TheCity"],"potions_floor_usage":[16,16,26,29,29],"damage_taken":[{"damage":0,"enemies":"Small Slimes","floor":2,"turns":1},{"damage":0,"enemies":"Jaw Worm","floor":4,"turns":1},{"damage":0,"enemies":"downfall:FleeingMerchant","floor":8,"turns":1},{"damage":23,"enemies":"Lagavulin","floor":10,"turns":5},{"damage":25,"enemies":"Lagavulin","floor":11,"turns":7},{"damage":0,"enemies":"2 Louse","floor":12,"turns":1},{"damage":16,"enemies":"downfall:Heads","floor":14,"turns":4},{"damage":0,"enemies":"Large Slime","floor":15,"turns":2},{"damage":27,"enemies":"IC_STATUS_ARCHETYPE","floor":16,"turns":5},{"damage":8,"enemies":"Chosen","floor":19,"turns":4},{"damage":16,"enemies":"Spheric Guardian","floor":20,"turns":3},{"damage":0,"enemies":"3 Cultists","floor":21,"turns":3},{"damage":0,"enemies":"Chosen and Byrds","floor":22,"turns":4},{"damage":15,"enemies":"Slavers","floor":23,"turns":4},{"damage":0,"enemies":"Snake Plant","floor":26,"turns":2},{"damage":8,"enemies":"3 Cultists","floor":28,"turns":3},{"damage":13,"enemies":"Book of Stabbing","floor":29,"turns":5},{"damage":0,"enemies":"downfall:FleeingMerchant","floor":30,"turns":4},{"damage":0,"enemies":"Gremlin Leader","floor":31,"turns":4},{"damage":0,"enemies":"Centurion and Healer","floor":32,"turns":3},{"damage":31,"enemies":"DF_ARCHETYPE_CLAW","floor":33,"turns":5}],"seed_played":"-3403003766194467743","potions_obtained":[{"floor":10,"key":"Guardian:BlockOnCardUsePotion"},{"floor":11,"key":"sneckomod:MuddlingPotion"},{"floor":12,"key":"FearPotion"},{"floor":20,"key":"sneckomod:MuddlingPotion"},{"floor":21,"key":"AttackPotion"},{"floor":22,"key":"PowerPotion"},{"floor":23,"key":"bronze:BuildAFunctionPotion"},{"floor":28,"key":"Weak Potion"}],"is_trial":false,"path_per_floor":["R","M","?","M","?","R","T","$","R","E","?","M","R","?","M","B",null,"R","M","M","M","M","E","T","R","M","R","M","E","$","E","M","B"],"character_chosen":"THE_AUTOMATON","items_purchased":["bronze:OilSpill","bronze:Iterate","Ice Cream"],"campfire_rested":2,"item_purchase_floors":[8,8,30],"current_hp_per_floor":[70,70,63,63,63,63,63,63,63,40,15,15,36,20,20,3,53,53,45,29,29,29,14,14,35,40,40,32,29,29,29,29,0,0,0],"gold":54,"neow_bonus":"THREE_ENEMY_KILL","is_daily":false,"chose_seed":false,"campfire_upgraded":4,"win_rate":0.0,"timestamp":1612658771,"path_taken":["R","M","?","M","?","R","T","?","R","E","?","M","R","?","M","BOSS","R","M","M","M","M","E","T","R","M","R","M","E","$","E","M","BOSS"],"items_purchased_type":["Card","Card","Relic"],"build_version":"2020-12-22","purchased_purges":1,"victory":false,"max_hp_per_floor":[70,70,70,70,70,70,70,70,70,70,70,70,70,70,70,70,70,70,70,70,70,70,70,70,70,70,70,70,70,70,70,70,70,70,70],"card_choices":[{"not_picked":["bronze:Frontload","bronze:WhirlingStrike"],"picked":"bronze:Deprecate","floor":2},{"not_picked":["bronze:Refactor","bronze:WhirlingStrike"],"picked":"bronze:InfiniteBeams","floor":4},{"not_picked":["bronze:Repulsor","bronze:ClassDefault"],"picked":"bronze:Return","floor":8},{"not_picked":["bronze:Invalidate","bronze:DelayedGuard"],"picked":"bronze:Mutator","floor":10},{"not_picked":["bronze:DelayedSlice","bronze:FineTuning"],"picked":"bronze:OilSpill","floor":11},{"not_picked":[],"picked":"bronze:DazingPulse","floor":11},{"not_picked":["bronze:NullPointer","bronze:FineTuning"],"picked":"bronze:Allocate","floor":12},{"not_picked":["bronze:Break","bronze:OilSpill"],"picked":"bronze:GetLatest","floor":14},{"not_picked":["bronze:DelayedSlice","bronze:Deprecate"],"picked":"bronze:Separator","floor":15},{"not_picked":["bronze:TinkerersToolbox","bronze:InfiniteLoop"],"picked":"bronze:HardenedForm","floor":16},{"not_picked":["bronze:Safeguard","bronze:Refactor"],"picked":"bronze:BugBarrage+1","floor":19},{"not_picked":["bronze:Separator","bronze:ChildClass+1"],"picked":"bronze:Branch+1","floor":20},{"not_picked":["bronze:DigitalCarnage","bronze:Frontload"],"picked":"bronze:WhirlingStrike+1","floor":21},{"not_picked":["bronze:DelayedGuard","bronze:Branch+1","bronze:ChildClass"],"picked":"SKIP","floor":22},{"not_picked":["bronze:SpaghettiCode","bronze:BronzeArmor"],"picked":"bronze:BuggyMess","floor":23},{"not_picked":["bronze:Boost","bronze:InfiniteBeams","bronze:Fortify"],"picked":"SKIP","floor":26},{"not_picked":["bronze:DelayedSlice+1","bronze:Philosophize"],"picked":"bronze:Safeguard","floor":28},{"not_picked":["bronze:Safeguard","bronze:Separator"],"picked":"bronze:BuggyMess","floor":29},{"not_picked":["bronze:DarkDash","bronze:DigitalCarnage+1","bronze:Separator+1"],"picked":"SKIP","floor":30},{"not_picked":["bronze:Boost+1","bronze:ClassDefault"],"picked":"bronze:Constructor+1","floor":31},{"not_picked":["bronze:Flail","bronze:Boost"],"picked":"bronze:Shell","floor":32}],"player_experience":1570241,"relics_obtained":[{"floor":7,"key":"Toy Ornithopter"},{"floor":10,"key":"Bag of Marbles"},{"floor":23,"key":"Whetstone"},{"floor":24,"key":"Akabeko"},{"floor":29,"key":"Thread and Needle"},{"floor":31,"key":"Gambling Chip"}],"event_choices":[{"damage_healed":0,"gold_gain":0,"player_choice":"Success","damage_taken":7,"relics_obtained":["sneckomod:BlankCard"],"max_hp_gain":0,"max_hp_loss":0,"event_name":"Scrap Ooze","floor":3,"gold_loss":0}],"is_beta":false,"boss_relics":[{"not_picked":["Fusion Hammer","Snecko Eye"],"picked":"bronze:PlatinumCore"}],"items_purged_floors":[30],"is_endless":false,"potions_floor_spawned":[10,11,12,15,20,21,22,23,28],"killed_by":"DF_ARCHETYPE_CLAW","ascension_level":5}}