{"host":"bvp2uifzy1c463d9","time":1612656826,"event":{"mods":["AchievementEnabler","BaseMod","Block Reminder","ChefMod","Colored Map","Colored Powertips","Hermit","Highlight Path","Infinite Spire","Minty Spire (QoL Compilation)","Random Character Button","Relic Sorter","Relic Stats","Reliquary","Replay The Spire","StSLib","The Jungle","The Servant 0.9.4"],"gold_per_floor":[114,129,146,146,221,247,247,260,287,114,125,125,154,169,169,169,169],"floor_reached":16,"language":"ENG","playtime":956,"items_purged":["chefmod:Strike"],"score":112,"play_id":"ef9ab4e1-9180-4b98-bb7a-3bcb4f850abc","local_time":"20210206181346","is_ascension_mode":false,"campfire_choices":[{"data":"chefmod:QuickThaw","floor":7,"key":"SMITH"},{"data":"chefmod:Defend","floor":15,"key":"PURGE"}],"circlet_count":0,"master_deck":["chefmod:Strike","chefmod:Strike","chefmod:Strike","chefmod:QuickThaw+1","chefmod:Defend","chefmod:Defend","chefmod:Defend","chefmod:TodaysSpecial","chefmod:HotSoup","chefmod:BaoBuns","chefmod:Leftovers","chefmod:Granita","chefmod:Chop","chefmod:Fillet","chefmod:Gelato","chefmod:TonkotsuRamen","chefmod:FiveAlarmChili"],"relics":["chefmod:TrustyPot","NeowsBlessing","Ring of Fury","Ring of Peace","Dream Catcher","Pen Nib","reliquary:SharkskinSheath"],"acts_visited":["Exordium"],"potions_floor_usage":[16],"damage_taken":[{"damage":0,"enemies":"Cultist","floor":1,"turns":1},{"damage":0,"enemies":"Small Slimes","floor":2,"turns":1},{"damage":0,"enemies":"2 Louse","floor":3,"turns":1},{"damage":20,"enemies":"3 Sentries","floor":6,"turns":9},{"damage":0,"enemies":"Gremlin Gang","floor":8,"turns":5},{"damage":0,"enemies":"3 Louse","floor":11,"turns":3},{"damage":6,"enemies":"Gremlin Nob","floor":13,"turns":4},{"damage":0,"enemies":"2 Fungi Beasts","floor":14,"turns":3},{"damage":40,"enemies":"The Guardian","floor":16,"turns":7}],"seed_played":"-4144171930599401078","potions_obtained":[{"floor":3,"key":"Dexterity Potion"},{"floor":6,"key":"EssenceOfSteel"},{"floor":11,"key":"Energy Potion"}],"is_trial":false,"path_per_floor":["M","M","M","?","?","E","R","M","T","$","M","?","E","M","R_BF","B"],"character_chosen":"THE_CHEF","items_purchased":["chefmod:Fillet","chefmod:Gelato"],"campfire_rested":0,"item_purchase_floors":[10,10],"current_hp_per_floor":[76,76,76,76,65,45,45,45,45,45,45,45,39,39,39,0,0],"gold":169,"neow_bonus":"THREE_ENEMY_KILL","is_daily":false,"chose_seed":false,"campfire_upgraded":1,"win_rate":0.0,"timestamp":1612656826,"path_taken":["M","?","?","?","?","E","R","M","T","$","M","?","E","M","R_BF","BOSS"],"items_purchased_type":["Card","Card"],"build_version":"2020-12-22","purchased_purges":1,"victory":false,"max_hp_per_floor":[76,76,76,76,76,76,76,76,76,76,76,76,76,76,76,76,76],"relic_stats":{"Dream Catcher":0,"counters":[9,34],"Pen Nib":[4],"obtain_stats":[{"chefmod:TrustyPot":0,"Dream Catcher":6,"NeowsBlessing":0,"Ring of Peace":4,"Ring of Fury":4,"Pen Nib":9,"reliquary:SharkskinSheath":13},{"chefmod:TrustyPot":0,"Dream Catcher":4,"NeowsBlessing":0,"Ring of Peace":3,"Ring of Fury":3,"Pen Nib":5,"reliquary:SharkskinSheath":7},{"chefmod:TrustyPot":0,"Dream Catcher":12,"NeowsBlessing":0,"Ring of Peace":3,"Ring of Fury":3,"Pen Nib":17,"reliquary:SharkskinSheath":24}]},"card_choices":[{"not_picked":["chefmod:Defrost","chefmod:FryPan"],"picked":"chefmod:HotSoup","floor":1},{"not_picked":["chefmod:FireUp","chefmod:PotatoGratin"],"picked":"chefmod:BaoBuns","floor":2},{"not_picked":["chefmod:Chop","chefmod:SliceAndDice"],"picked":"chefmod:Leftovers","floor":3},{"not_picked":["chefmod:ZaruSoba","chefmod:SliceAndDice"],"picked":"chefmod:Granita","floor":6},{"not_picked":["chefmod:FireUp","chefmod:GroceryDelivery"],"picked":"chefmod:Chop","floor":8},{"not_picked":["chefmod:Gelato","chefmod:DinoKale","chefmod:SliceAndDice"],"picked":"SKIP","floor":11},{"not_picked":["chefmod:BaoBuns","chefmod:Fillet"],"picked":"chefmod:TonkotsuRamen","floor":13},{"not_picked":["chefmod:CuttingBoard","chefmod:Fillet"],"picked":"chefmod:FiveAlarmChili","floor":14}],"player_experience":277000,"relics_obtained":[{"floor":4,"key":"Ring of Fury"},{"floor":4,"key":"Ring of Peace"},{"floor":6,"key":"Dream Catcher"},{"floor":9,"key":"Pen Nib"},{"floor":13,"key":"reliquary:SharkskinSheath"}],"event_choices":[{"damage_healed":0,"gold_gain":75,"player_choice":"Gather Gold","damage_taken":11,"max_hp_gain":0,"max_hp_loss":0,"event_name":"World of Goop","floor":5,"gold_loss":0},{"damage_healed":0,"gold_gain":0,"player_choice":"Bought 0 Potions","damage_taken":0,"max_hp_gain":0,"max_hp_loss":0,"event_name":"The Woman in Blue","floor":12,"gold_loss":0}],"is_beta":false,"boss_relics":[],"items_purged_floors":[10],"is_endless":false,"potions_floor_spawned":[3,6,11,14],"killed_by":"The Guardian","ascension_level":0}}