{"host":"pyelotildgrd5mks","time":1612695558,"event":{"mods":["BaseMod","Downfall","Minty Spire (QoL Compilation)","Quick Restart","StSLib"],"gold_per_floor":[99,112,112,124,34,68,68,98,98,83,114,129,29,87,100,201,201,101,118,131,16,26,54,54,54,70,81,81,181,214,214,226,321,321,221,232,232,165,184,217,217,67,79,98,108,108,140,157,176,176,176,203,28,28,28,28],"floor_reached":57,"language":"ZHS","playtime":3668,"items_purged":["hexamod:Strike","hexamod:Strike","hexamod:Strike","hexamod:Defend","hexamod:Defend+1"],"score":1631,"play_id":"fa6f4111-f64d-4dd4-9807-42f0149b5383","local_time":"20210207185918","is_ascension_mode":true,"campfire_choices":[{"data":"hexamod:Float","floor":1.0,"key":"SMITH"},{"data":"hexamod:VolcanoVisage","floor":13.0,"key":"SMITH"},{"data":"Finesse","floor":18.0,"key":"SMITH"},{"floor":25.0,"key":"RECALL"},{"data":"hexamod:PowerFromBeyond","floor":28.0,"key":"SMITH"},{"data":"hexamod:Sear","floor":35.0,"key":"SMITH"},{"floor":54.0,"key":"REST"}],"circlet_count":0,"master_deck":["hexamod:Strike+1","hexamod:Defend+1","hexamod:Defend+1","hexamod:Sear+1","hexamod:Float+1","Finesse+1","hexamod:VolcanoVisage+1","hexamod:StepThrough+1","hexamod:Toasty+1","hexamod:ForkedFlame+1","hexamod:EmpoweredFlame+1","hexamod:PowerFromBeyond+1","hexamod:HeatShield+1","hexamod:TimeWarp+1","hexamod:Hexaguard+1","hexamod:Hexaguard+1","hexamod:RecurringNightmare+1"],"relics":["hexamod:UnbrokenSoul","Molten Egg 2","Meat on the Bone","Pen Nib","downfall:HeartBlessingGreen","MealTicket","Runic Dome","downfall:HeartBlessingBlue","hexamod:CandleOfCauterizing","Darkstone Periapt","Ice Cream","hexamod:InflammatoryLetter","Toy Ornithopter","downfall:HeartBlessingRed","Blue Candle","hexamod:JarOfFuel","hexamod:MatchstickCase","Centennial Puzzle","Toxic Egg 2","hexamod:TheBrokenSeal","Dream Catcher","War Paint","Boot"],"acts_visited":["Exordium","TheCity","TheBeyond","TheEnding"],"potions_floor_usage":[56,56,56],"damage_taken":[{"damage":0.0,"enemies":"2 Louse","floor":2.0,"turns":3.0},{"damage":0.0,"enemies":"Small Slimes","floor":4.0,"turns":3.0},{"damage":0.0,"enemies":"downfall:FleeingMerchant","floor":5.0,"turns":4.0},{"damage":5.0,"enemies":"Lagavulin","floor":6.0,"turns":7.0},{"damage":19.0,"enemies":"Gremlin Nob","floor":8.0,"turns":4.0},{"damage":5.0,"enemies":"downfall:FleeingMerchant","floor":10.0,"turns":4.0},{"damage":13.0,"enemies":"3 Sentries","floor":11.0,"turns":6.0},{"damage":2.0,"enemies":"Jaw Worm","floor":12.0,"turns":3.0},{"damage":11.0,"enemies":"Gremlin Nob","floor":14.0,"turns":3.0},{"damage":0.0,"enemies":"2 Fungi Beasts","floor":15.0,"turns":2.0},{"damage":34.0,"enemies":"WA_ARCHETYPE_RETAIN","floor":16.0,"turns":6.0},{"damage":3.0,"enemies":"Shell Parasite","floor":19.0,"turns":3.0},{"damage":7.0,"enemies":"Chosen","floor":20.0,"turns":3.0},{"damage":2.0,"enemies":"downfall:FleeingMerchant","floor":21.0,"turns":4.0},{"damage":7.0,"enemies":"Snake Plant","floor":22.0,"turns":3.0},{"damage":14.0,"enemies":"Book of Stabbing","floor":23.0,"turns":3.0},{"damage":43.0,"enemies":"Shelled Parasite and Fungi","floor":26.0,"turns":4.0},{"damage":5.0,"enemies":"Centurion and Healer","floor":27.0,"turns":4.0},{"damage":0.0,"enemies":"SI_SHIV_ARCHETYPE","floor":29.0,"turns":3.0},{"damage":13.0,"enemies":"Gremlin Leader","floor":30.0,"turns":4.0},{"damage":2.0,"enemies":"3 Cultists","floor":32.0,"turns":4.0},{"damage":27.0,"enemies":"IC_MUSHROOM_ARCHETYPE","floor":33.0,"turns":6.0},{"damage":35.0,"enemies":"3 Shapes","floor":36.0,"turns":5.0},{"damage":15.0,"enemies":"downfall:FleeingMerchant","floor":38.0,"turns":4.0},{"damage":34.0,"enemies":"3 Darklings","floor":39.0,"turns":5.0},{"damage":20.0,"enemies":"Giant Head","floor":40.0,"turns":8.0},{"damage":19.0,"enemies":"Jaw Worm Horde","floor":43.0,"turns":4.0},{"damage":29.0,"enemies":"Writhing Mass","floor":44.0,"turns":5.0},{"damage":13.0,"enemies":"3 Darklings","floor":45.0,"turns":4.0},{"damage":2.0,"enemies":"Reptomancer","floor":47.0,"turns":5.0},{"damage":0.0,"enemies":"Transient","floor":48.0,"turns":5.0},{"damage":13.0,"enemies":"4 Shapes","floor":49.0,"turns":3.0},{"damage":3.0,"enemies":"SI_POISON_ARCHETYPE","floor":50.0,"turns":6.0},{"damage":39.0,"enemies":"downfall:CharBossMerchant","floor":52.0,"turns":7.0},{"damage":60.0,"enemies":"downfall:NeowBoss","floor":55.0,"turns":15.0},{"damage":53,"enemies":"downfall:NeowBossFinal","floor":56,"turns":11}],"seed_played":"4360044346578053555","potions_obtained":[{"floor":2.0,"key":"BlessingOfTheForge"},{"floor":8.0,"key":"hexamod:EctoCoolerPotion"},{"floor":11.0,"key":"Fire Potion"},{"floor":14.0,"key":"Fruit Juice"},{"floor":16.0,"key":"Explosive Potion"},{"floor":26.0,"key":"Guardian:BlockOnCardUsePotion"},{"floor":39.0,"key":"Fire Potion"},{"floor":40.0,"key":"GamblersBrew"},{"floor":40.0,"key":"hexamod:EctoCoolerPotion"}],"is_trial":false,"path_per_floor":["R","M","?","M","$","E","T","E","?","$","E","M","R","?","M","B",null,"R","M","M","$","M","E","T","R","M","M","R","?","E","?","M","B",null,"R","M","?","$","M","E","T","$","M","M","M","?","E","M","M","B",null,"E","$","R","B","B",null],"character_chosen":"THE_SPIRIT","items_purchased":["hexamod:JarOfFuel","hexamod:MatchstickCase"],"campfire_rested":1,"item_purchase_floors":[38,38],"current_hp_per_floor":[63,63,63,63,63,58,58,39,62,57,44,42,42,48,48,26,63,73,70,63,76,69,55,55,55,24,31,31,43,42,42,52,37,73,73,50,45,57,47,51,51,66,54,94,81,81,79,79,66,63,87,48,63,91,43,17],"gold":28,"neow_bonus":"RANDOM_COLORLESS","is_daily":false,"chose_seed":false,"campfire_upgraded":5,"win_rate":0.0,"timestamp":1612695558,"path_taken":["R","M","?","M","$","E","T","E","?","$","E","?","R","?","M","BOSS","R","M","M","$","M","E","T","R","M","M","R","?","E","?","M","BOSS","R","M","?","$","M","E","T","$","M","M","M","?","E","M","M","BOSS","E","$","R","BOSS","BOSS"],"items_purchased_type":["Relic","Relic"],"build_version":"2020-12-22","purchased_purges":5,"victory":true,"max_hp_per_floor":[70,70,70,70,70,70,70,70,70,70,70,70,70,75,75,75,75,85,85,85,85,85,85,85,85,85,85,85,85,85,85,85,85,85,85,85,85,85,85,85,85,85,85,95,95,95,95,95,95,95,95,95,95,95,95,95],"card_choices":[{"not_picked":["Good Instincts","PanicButton"],"picked":"Finesse","floor":0.0},{"not_picked":["hexamod:GhostLash","hexamod:SpectersWail","hexamod:InspiringFlames"],"picked":"SKIP","floor":2.0},{"not_picked":["hexamod:SwordOfDarkness","hexamod:FastForward"],"picked":"hexamod:GhostLash","floor":4.0},{"not_picked":["hexamod:HauntingEcho","hexamod:NightmareStrike"],"picked":"hexamod:VolcanoVisage","floor":5.0},{"not_picked":["hexamod:ExtraCrispy","hexamod:HeatShield"],"picked":"hexamod:StepThrough+1","floor":6.0},{"not_picked":["hexamod:NightmareStrike+1","hexamod:BurningTouch","hexamod:AdvancingGuard"],"picked":"SKIP","floor":8.0},{"not_picked":["hexamod:AdvancingGuard","hexamod:NightmareStrike+1","hexamod:SwordOfDarkness+1"],"picked":"SKIP","floor":10.0},{"not_picked":["hexamod:TurnItUp","hexamod:GiftsFromTheDead"],"picked":"hexamod:Toasty+1","floor":11.0},{"not_picked":["hexamod:EtherealExpedition","hexamod:NightmareGuise","hexamod:GhostLash+1"],"picked":"SKIP","floor":12.0},{"not_picked":["hexamod:SpectralAdrenaline","hexamod:GhostLash+1","hexamod:PhantomCloak"],"picked":"SKIP","floor":15.0},{"not_picked":["hexamod:TurnItUp","hexamod:ApocalypticArmor"],"picked":"hexamod:ForkedFlame+1","floor":16.0},{"not_picked":["hexamod:NightmareStrike+1","hexamod:NecessarySacrifice"],"picked":"hexamod:EmpoweredFlame+1","floor":19.0},{"not_picked":["hexamod:Again+1","hexamod:AdvancingGuard","hexamod:SpectersWail+1"],"picked":"SKIP","floor":20.0},{"not_picked":["hexamod:GhostShield","hexamod:SkipABeat+1","hexamod:FirstSeal"],"picked":"SKIP","floor":21.0},{"not_picked":["hexamod:RadiantFlame+1","hexamod:InspiringFlames+1","hexamod:RainOfEmbers+1"],"picked":"SKIP","floor":22.0},{"not_picked":["hexamod:BurningTouch","hexamod:CatchUp","hexamod:ShieldOfDarkness"],"picked":"SKIP","floor":23.0},{"not_picked":["hexamod:SpectersWail+1","hexamod:GhostShield","hexamod:ShieldOfDarkness+1"],"picked":"SKIP","floor":26.0},{"not_picked":["hexamod:PhantomCloak","hexamod:GhostShield"],"picked":"hexamod:PowerFromBeyond","floor":27.0},{"not_picked":["hexamod:RainOfEmbers+1","hexamod:SwordOfDarkness+1","hexamod:SecondSeal"],"picked":"SKIP","floor":30.0},{"not_picked":["hexamod:HeatMetal+1","hexamod:GhostLash+1"],"picked":"hexamod:SixthSeal","floor":32.0},{"not_picked":["hexamod:StepThrough+1","hexamod:BacktrackSmack+1"],"picked":"hexamod:HeatShield+1","floor":32.0},{"not_picked":["hexamod:WildfireWeapon","hexamod:TimeOfNeed"],"picked":"hexamod:TimeWarp+1","floor":33.0},{"not_picked":["hexamod:ApocalypseNow","hexamod:UnleashSpirits+1"],"picked":"hexamod:FifthSeal","floor":33.0},{"not_picked":["hexamod:SixthSeal","hexamod:FourthSeal"],"picked":"hexamod:FirstSeal","floor":36.0},{"not_picked":["hexamod:BurningTouch","hexamod:HeatMetal+1"],"picked":"hexamod:Hexaguard","floor":36.0},{"not_picked":["hexamod:BacktrackSmack+1","hexamod:BurningTouch+1","hexamod:FlamesFromBeyond+1"],"picked":"SKIP","floor":36.0},{"not_picked":["hexamod:FirstSeal","hexamod:ThirdSeal"],"picked":"hexamod:FourthSeal","floor":38.0},{"not_picked":["hexamod:DynamicBlow+1","hexamod:SwordOfDarkness+1","hexamod:InspiringFlames"],"picked":"SKIP","floor":38.0},{"not_picked":["hexamod:BurningTouch+1","hexamod:FourthSeal","hexamod:ForkedFlame+1"],"picked":"SKIP","floor":38.0},{"not_picked":["hexamod:FourthSeal","hexamod:SwordOfDarkness+1","hexamod:BacktrackSmack+1"],"picked":"SKIP","floor":39.0},{"not_picked":["hexamod:EmpoweredFlame","hexamod:NightmareGuise+1"],"picked":"hexamod:Hexaguard+1","floor":40.0},{"not_picked":["hexamod:Haunt+1","hexamod:HeatCrush+1","hexamod:HeatMetal+1"],"picked":"SKIP","floor":40.0},{"not_picked":["hexamod:FourthSeal","hexamod:ThirdSeal"],"picked":"hexamod:SecondSeal","floor":43.0},{"not_picked":["hexamod:SkipABeat+1","hexamod:SpectersWail+1","hexamod:SwordOfDarkness+1"],"picked":"SKIP","floor":43.0},{"not_picked":["hexamod:SkipABeat+1","hexamod:SpectersWail+1","hexamod:SwordOfDarkness+1"],"picked":"SKIP","floor":43.0},{"not_picked":["hexamod:FlamesFromBeyond+1","hexamod:SixthSeal"],"picked":"hexamod:RecurringNightmare+1","floor":44.0},{"not_picked":["hexamod:RadiantFlame+1","hexamod:SpectersWail+1","hexamod:Rewind+1"],"picked":"SKIP","floor":45.0},{"not_picked":["hexamod:HeatMetal+1","hexamod:SwordOfDarkness+1","hexamod:Firestarter+1"],"picked":"SKIP","floor":47.0},{"not_picked":["hexamod:GhostShield+1","hexamod:AdvancingGuard+1","hexamod:HeatCrush+1"],"picked":"SKIP","floor":48.0},{"not_picked":["hexamod:BacktrackSmack+1","hexamod:ThermalTransfer+1","hexamod:FourthSeal"],"picked":"SKIP","floor":49.0},{"not_picked":["hexamod:BurningTouch+1","hexamod:GhostOfSpirePresent","hexamod:Haunt+1"],"picked":"SKIP","floor":52.0}],"player_experience":704785,"relics_obtained":[{"floor":6.0,"key":"Molten Egg 2"},{"floor":8.0,"key":"Meat on the Bone"},{"floor":11.0,"key":"Pen Nib"},{"floor":23.0,"key":"hexamod:CandleOfCauterizing"},{"floor":24.0,"key":"Darkstone Periapt"},{"floor":29.0,"key":"Ice Cream"},{"floor":29.0,"key":"hexamod:InflammatoryLetter"},{"floor":30.0,"key":"Toy Ornithopter"},{"floor":40.0,"key":"Centennial Puzzle"},{"floor":41.0,"key":"Toxic Egg 2"},{"floor":46.0,"key":"Dream Catcher"},{"floor":47.0,"key":"War Paint"},{"floor":52.0,"key":"Boot"}],"event_choices":[{"damage_healed":23.0,"max_hp_gain":0.0,"max_hp_loss":0.0,"gold_gain":0.0,"event_name":"Big Fish","player_choice":"Banana","floor":9.0,"gold_loss":0.0,"damage_taken":0.0}],"is_beta":false,"boss_relics":[{"not_picked":["hexamod:IceCube","Calling Bell"],"picked":"Runic Dome"},{"not_picked":["Runic Pyramid","Astrolabe"],"picked":"hexamod:UnbrokenSoul"}],"items_purged_floors":[5,21,38,42,53],"is_endless":false,"potions_floor_spawned":[2,8,11,14,16,20,22,26,27,30,33,36,39,40,44,48],"ascension_level":6}}