{"host":"rolltorest","time":1612684594,"event":{"mods":["BaseMod","Minty Spire (QoL Compilation)","Relic Stats","Slay the Relics Exporter","StSLib"],"gold_per_floor":[162,175,124,136,53,80,80,114,138,138,173,41,41,41,41,116,116,126,146,166,112,112,112],"floor_reached":22,"language":"ENG","playtime":564,"items_purged":[],"score":404,"play_id":"a0aff355-ec55-4fc1-9c96-3258d9c5ea75","local_time":"20210206235634","is_ascension_mode":true,"campfire_choices":[{"floor":7,"key":"REST"},{"data":"Doom and Gloom","floor":10,"key":"SMITH"},{"floor":13,"key":"REST"},{"data":"Beam Cell","floor":15,"key":"SMITH"}],"circlet_count":0,"master_deck":["AscendersBane","Strike_B+1","Defend_B","Defend_B+1","Defend_B","Defend_B","Zap","Dualcast","Beam Cell+1","Genetic Algorithm","Gash","Ball Lightning","Steam+1","Scrape","Auto Shields","Rebound","Doom and Gloom+1","Consume","Go for the Eyes","Machine Learning","Steam Power","Seek","Barrage+1","FTL+1","Aggregate+1","Steam","Compile Driver","Streamline+1"],"relics":["Tiny House","Dream Catcher","Oddly Smooth Stone","Pen Nib","War Paint","Astrolabe"],"acts_visited":["Exordium","TheCity"],"potions_floor_usage":[6],"damage_taken":[{"damage":2,"enemies":"Cultist","floor":1,"turns":4},{"damage":5,"enemies":"Small Slimes","floor":2,"turns":3},{"damage":9,"enemies":"Jaw Worm","floor":4,"turns":4},{"damage":34,"enemies":"Gremlin Nob","floor":6,"turns":4},{"damage":15,"enemies":"Lagavulin","floor":8,"turns":6},{"damage":21,"enemies":"3 Sentries","floor":11,"turns":5},{"damage":20,"enemies":"Slime Boss","floor":16,"turns":8},{"damage":23,"enemies":"Shell Parasite","floor":18,"turns":5},{"damage":22,"enemies":"2 Thieves","floor":19,"turns":3},{"damage":23,"enemies":"Centurion and Healer","floor":20,"turns":6},{"damage":13,"enemies":"3 Cultists","floor":22,"turns":3}],"seed_played":"2405411018231337380","potions_obtained":[{"floor":0,"key":"EssenceOfDarkness"},{"floor":1,"key":"Swift Potion"},{"floor":6,"key":"Ancient Potion"},{"floor":19,"key":"FairyPotion"}],"is_trial":false,"path_per_floor":["M","M","$","M","$","E","R","E","T","R","E","$","R","?","R","B",null,"M","M","M","$","M"],"character_chosen":"DEFECT","items_purchased":["Ball Lightning","Scrape","Go for the Eyes","Machine Learning","SpeedPotion"],"campfire_rested":2,"item_purchase_floors":[3,5,12,12,21],"current_hp_per_floor":[67,62,62,53,53,19,41,26,26,26,5,5,27,27,27,7,59,36,14,13,13,0,0],"gold":112,"neow_bonus":"BOSS_RELIC","is_daily":false,"chose_seed":false,"campfire_upgraded":2,"win_rate":0.0,"timestamp":1612684594,"path_taken":["M","M","?","?","$","E","R","E","T","R","E","$","R","?","R","BOSS","M","M","?","$","M"],"items_purchased_type":["Card","Card","Card","Card","Potion"],"build_version":"2020-12-18","purchased_purges":0,"victory":false,"max_hp_per_floor":[76,76,76,76,76,76,76,76,76,76,76,76,76,76,76,76,76,76,76,76,76,76,76],"relic_stats":{"Dream Catcher":2,"counters":[11,51],"Astrolabe":["Barrage","FTL","Aggregate"],"Pen Nib":[6],"War Paint":["Steam","Defend_B"],"obtain_stats":[{"Dream Catcher":6,"Tiny House":0,"Astrolabe":17,"Oddly Smooth Stone":8,"Pen Nib":9,"War Paint":11,"Cracked Core":0},{"Dream Catcher":4,"Tiny House":0,"Astrolabe":7,"Oddly Smooth Stone":5,"Pen Nib":5,"War Paint":6,"Cracked Core":0},{"Dream Catcher":15,"Tiny House":0,"Astrolabe":34,"Oddly Smooth Stone":21,"Pen Nib":21,"War Paint":26,"Cracked Core":0}]},"card_choices":[{"not_picked":["Steam","Go for the Eyes"],"picked":"Beam Cell","floor":0},{"not_picked":["Steam","Turbo"],"picked":"Genetic Algorithm","floor":1},{"not_picked":["Force Field","Blizzard"],"picked":"Gash","floor":2},{"not_picked":["Chill","Recycle"],"picked":"Steam","floor":4},{"not_picked":["Darkness","Chaos"],"picked":"Auto Shields","floor":6},{"not_picked":["Beam Cell","Stack"],"picked":"Rebound","floor":7},{"not_picked":["Tempest","Aggregate"],"picked":"Doom and Gloom","floor":8},{"not_picked":["Redo","Recycle"],"picked":"Consume","floor":11},{"not_picked":["Coolheaded","Turbo"],"picked":"Steam Power","floor":13},{"not_picked":["Creative AI","Fission"],"picked":"Seek","floor":16},{"not_picked":["Scrape","Tempest"],"picked":"Steam","floor":18},{"not_picked":["Conserve Battery","Force Field"],"picked":"Compile Driver","floor":19},{"not_picked":["Steam Power","Barrage"],"picked":"Streamline+1","floor":20}],"player_experience":1912554,"relics_obtained":[{"floor":6,"key":"Dream Catcher"},{"floor":8,"key":"Oddly Smooth Stone"},{"floor":9,"key":"Pen Nib"},{"floor":11,"key":"War Paint"}],"event_choices":[{"damage_healed":0,"gold_gain":0,"player_choice":"Got Potions","damage_taken":0,"max_hp_gain":0,"max_hp_loss":0,"event_name":"Lab","floor":14,"gold_loss":0}],"is_beta":true,"boss_relics":[{"not_picked":["Cursed Key","Snecko Eye"],"picked":"Astrolabe"}],"items_purged_floors":[],"is_endless":false,"potions_floor_spawned":[1,4,6,16,19],"killed_by":"3 Cultists","ascension_level":20}}