{"host":"5h6e4l6hpn0p5lap","time":1612723208,"event":{"mods":["AchievementEnabler","BaseMod","Better Altar","Better Match","Better Sensory Stone","Better Skull","Better Third Choice","Colored Map","Filter the Spire","Minty Spire (QoL Compilation)","StSLib"],"gold_per_floor":[113,128,21,21,21,48,48,82,137,147,147,147,161,61,61,166,166,166,166,166,66,66,66,66,66,66,66,66,66,66,66,66,66,66,66,66,66,15,15,15,15,15,15,15,15,0,0,0,0,0],"floor_reached":51,"language":"ENG","playtime":2844,"items_purged":["Poisoned Stab","Strike_G"],"score":1061,"play_id":"3a135115-99e5-4b96-83b5-0737999deb17","local_time":"20210207134008","is_ascension_mode":true,"campfire_choices":[{"data":"Neutralize","floor":7,"key":"SMITH"},{"floor":12,"key":"REST"},{"data":"Cloak And Dagger","floor":15,"key":"SMITH"},{"data":"Envenom","floor":23,"key":"SMITH"},{"data":"Cloak And Dagger","floor":25,"key":"SMITH"},{"data":"Accuracy","floor":32,"key":"SMITH"},{"data":"Adrenaline","floor":40,"key":"SMITH"},{"data":"Phantasmal Killer","floor":45,"key":"SMITH"},{"floor":47,"key":"REST"},{"data":"Skewer","floor":49,"key":"SMITH"}],"circlet_count":0,"master_deck":["Strike_G","Strike_G","Strike_G","Defend_G+1","Defend_G","Defend_G+1","Defend_G","Survivor+1","Neutralize+1","Dagger Throw","Die Die Die","Blade Dance","Slice","Blur","Deadly Poison+1","Cloak And Dagger+1","Cloak And Dagger+1","Envenom+1","Skewer+1","Accuracy+1","Flechettes","Adrenaline+1","Deflect","Blur","Corpse Explosion","Bane","Acrobatics","Phantasmal Killer+1","Acrobatics+1","PiercingWail","Blade Dance","Footwork","Blade Dance+1","Backflip+1","Concentrate+1"],"relics":["Ring of the Snake","NeowsBlessing","Blood Vial","Oddly Smooth Stone","CaptainsWheel","Bag of Preparation","Ectoplasm","Snake Skull","War Paint","Happy Flower","WristBlade","Nunchaku","Tingsha","Red Mask"],"acts_visited":["Exordium","TheCity","TheBeyond"],"potions_floor_usage":[8,16,33,44,44],"damage_taken":[{"damage":0,"enemies":"Jaw Worm","floor":1,"turns":1},{"damage":0,"enemies":"Small Slimes","floor":2,"turns":1},{"damage":0,"enemies":"3 Sentries","floor":6,"turns":1},{"damage":12,"enemies":"Lagavulin","floor":8,"turns":5},{"damage":1,"enemies":"2 Louse","floor":10,"turns":2},{"damage":0,"enemies":"Looter","floor":13,"turns":2},{"damage":29,"enemies":"Slime Boss","floor":16,"turns":11},{"damage":1,"enemies":"Spheric Guardian","floor":18,"turns":5},{"damage":5,"enemies":"Chosen","floor":20,"turns":4},{"damage":4,"enemies":"Book of Stabbing","floor":24,"turns":5},{"damage":0,"enemies":"Gremlin Leader","floor":27,"turns":4},{"damage":0,"enemies":"Shelled Parasite and Fungi","floor":28,"turns":3},{"damage":0,"enemies":"Snake Plant","floor":30,"turns":4},{"damage":1,"enemies":"Centurion and Healer","floor":31,"turns":5},{"damage":25,"enemies":"Automaton","floor":33,"turns":9},{"damage":0,"enemies":"Orb Walker","floor":35,"turns":3},{"damage":2,"enemies":"3 Shapes","floor":36,"turns":2},{"damage":0,"enemies":"Spire Growth","floor":37,"turns":3},{"damage":5,"enemies":"Jaw Worm Horde","floor":39,"turns":3},{"damage":5,"enemies":"Writhing Mass","floor":41,"turns":4},{"damage":0,"enemies":"Sphere and 2 Shapes","floor":42,"turns":3},{"damage":15,"enemies":"2 Orb Walkers","floor":44,"turns":4},{"damage":0,"enemies":"Maw","floor":48,"turns":6},{"damage":19,"enemies":"Donu and Deca","floor":50,"turns":5}],"seed_played":"-2153036327076798701","potions_obtained":[{"floor":2,"key":"FearPotion"},{"floor":13,"key":"FearPotion"},{"floor":18,"key":"DistilledChaos"},{"floor":24,"key":"SpeedPotion"},{"floor":37,"key":"SteroidPotion"},{"floor":39,"key":"Explosive Potion"},{"floor":41,"key":"Explosive Potion"},{"floor":42,"key":"Fire Potion"},{"floor":48,"key":"Fire Potion"}],"is_trial":false,"path_per_floor":["M","M","$","?","$","E","R","E","T","M","?","R","M","$","R","B",null,"M","?","M","$","?","R","E","R","T","E","M","?","M","M","R","B",null,"M","M","M","$","M","R","M","M","T","?","R","?","R","M","R","B",null],"character_chosen":"THE_SILENT","items_purchased":["Blade Dance","Slice","Cloak And Dagger","Blade Dance"],"campfire_rested":2,"item_purchase_floors":[3,3,14,38],"current_hp_per_floor":[63,63,63,51,51,53,53,43,43,44,30,51,53,53,53,26,59,60,60,57,57,57,57,55,55,55,57,59,59,61,62,62,39,62,64,64,66,66,63,63,60,62,62,49,49,49,70,70,70,51],"gold":0,"neow_bonus":"THREE_ENEMY_KILL","is_daily":false,"chose_seed":false,"campfire_upgraded":8,"win_rate":0.0,"timestamp":1612723208,"path_taken":["M","M","$","?","$","E","R","E","T","M","?","R","M","$","R","BOSS","M","?","M","$","?","R","E","R","T","E","M","?","M","M","R","BOSS","M","M","M","$","M","R","M","M","T","?","R","?","R","M","R","BOSS"],"items_purchased_type":["Card","Card","Card","Card"],"build_version":"2020-12-22","purchased_purges":2,"victory":true,"max_hp_per_floor":[70,70,70,70,70,70,70,70,70,70,70,70,70,70,70,70,70,70,70,70,70,70,70,70,70,70,70,70,70,70,70,70,70,70,70,70,70,70,70,70,70,70,70,70,70,70,70,70,70,70],"card_choices":[{"not_picked":["Backflip","Prepared"],"picked":"Dagger Throw","floor":1},{"not_picked":["Tactician","PiercingWail"],"picked":"Die Die Die","floor":2},{"not_picked":["Dagger Spray","Setup"],"picked":"Blur","floor":6},{"not_picked":["Eviscerate","Quick Slash"],"picked":"Poisoned Stab","floor":8},{"not_picked":["Underhanded Strike","Heel Hook"],"picked":"Deadly Poison","floor":10},{"not_picked":["Heel Hook","Blur"],"picked":"Cloak And Dagger","floor":13},{"not_picked":["Die Die Die","A Thousand Cuts"],"picked":"Envenom","floor":16},{"not_picked":["Flechettes","Flying Knee+1"],"picked":"Skewer","floor":18},{"not_picked":["Prepared","Dash"],"picked":"Accuracy","floor":20},{"not_picked":["Escape Plan","Deadly Poison"],"picked":"Deflect","floor":24},{"not_picked":["Masterful Stab","Underhanded Strike"],"picked":"Blur","floor":27},{"not_picked":["Underhanded Strike","Setup"],"picked":"Corpse Explosion","floor":28},{"not_picked":["Distraction","Eviscerate"],"picked":"Bane","floor":30},{"not_picked":["Backflip","Deflect"],"picked":"Acrobatics","floor":31},{"not_picked":["Corpse Explosion","Grand Finale"],"picked":"Phantasmal Killer","floor":33},{"not_picked":["Riddle With Holes+1","Dodge and Roll"],"picked":"Acrobatics+1","floor":35},{"not_picked":["All Out Attack","Setup+1","Prepared"],"picked":"SKIP","floor":36},{"not_picked":["Expertise+1","Cloak And Dagger+1"],"picked":"PiercingWail","floor":37},{"not_picked":["Flying Knee+1","Poisoned Stab"],"picked":"Footwork","floor":39},{"not_picked":["Eviscerate","Quick Slash"],"picked":"Blade Dance+1","floor":41},{"not_picked":["Prepared","Blade Dance+1"],"picked":"Backflip+1","floor":42},{"not_picked":["Outmaneuver+1","Leg Sweep"],"picked":"Concentrate+1","floor":48}],"player_experience":1075159,"relics_obtained":[{"floor":6,"key":"Oddly Smooth Stone"},{"floor":8,"key":"CaptainsWheel"},{"floor":9,"key":"Bag of Preparation"},{"floor":24,"key":"Snake Skull"},{"floor":26,"key":"War Paint"},{"floor":27,"key":"Happy Flower"},{"floor":43,"key":"Nunchaku"},{"floor":44,"key":"Tingsha"}],"event_choices":[{"damage_healed":0,"gold_gain":0,"player_choice":"Relic ","damage_taken":12,"max_hp_gain":0,"max_hp_loss":0,"event_name":"betterThird:BetterScrap","floor":4,"gold_loss":0,"cards_obtained":["Glacier"]},{"damage_healed":44,"gold_gain":0,"player_choice":"Upgrade","damage_taken":14,"max_hp_gain":0,"max_hp_loss":70,"event_name":"betterThird:BetterShining","floor":11,"gold_loss":0,"cards_upgraded":["Survivor","Defend_G"]},{"damage_healed":0,"gold_gain":0,"player_choice":"Ignored","damage_taken":0,"max_hp_gain":0,"max_hp_loss":0,"event_name":"Ghosts","floor":19,"gold_loss":0},{"damage_healed":0,"gold_gain":0,"cards_transformed":["Strike_G","Defend_G"],"player_choice":"Became Test Subject","damage_taken":0,"max_hp_gain":0,"max_hp_loss":0,"event_name":"Drug Dealer","floor":22,"gold_loss":0,"cards_obtained":["Flechettes","Adrenaline"]},{"damage_healed":0,"gold_gain":0,"player_choice":"Fight","damage_taken":0,"max_hp_gain":0,"max_hp_loss":0,"event_name":"Mysterious Sphere","floor":44,"gold_loss":0},{"damage_healed":0,"gold_gain":0,"player_choice":"Paid","damage_taken":0,"relics_obtained":["Red Mask"],"max_hp_gain":0,"max_hp_loss":0,"event_name":"Tomb of Lord Red Mask","floor":46,"gold_loss":15}],"is_beta":false,"boss_relics":[{"not_picked":["Snecko Eye","SacredBark"],"picked":"Ectoplasm"},{"not_picked":["Runic Pyramid","Astrolabe"],"picked":"WristBlade"}],"items_purged_floors":[14,21],"is_endless":false,"potions_floor_spawned":[2,13,18,24,37,39,41,42,48],"ascension_level":8}}