{"host":"h0xw20cia6ppa69g","time":1612683061,"event":{"mods":["AchievementEnabler","BaseMod","Colored Map","Filter the Spire","Googly Eyes","Minty Spire (QoL Compilation)","Relic Stats","StSLib","The Awakened One except there are too many feathers","everything is the same but u backflip on backflip"],"gold_per_floor":[118,68,28,41,57,90,90,100,100,135,135,135,166,185,185,286,336,346,346,445,455,387,387,412,412,412,438,132,162,162,162,162,263,263,283,283,283,302,317,345,359,385,434,451,217,235,289,306,306,306,306,306,145,178,178],"floor_reached":56,"language":"ENG","playtime":3630,"items_purged":["Madness"],"score":1568,"play_id":"66c1cc59-6725-4647-9532-7d6fad9927dd","local_time":"20210207013101","is_ascension_mode":true,"campfire_choices":[{"data":"Streamline","floor":7.0,"key":"SMITH"},{"data":"Defragment","floor":11.0,"key":"SMITH"},{"data":"Biased Cognition","floor":15.0,"key":"SMITH"},{"data":"Fission","floor":23.0,"key":"SMITH"},{"data":"Hologram","floor":25.0,"key":"SMITH"},{"data":"Defragment","floor":30.0,"key":"SMITH"},{"data":"Defragment","floor":32.0,"key":"SMITH"},{"floor":49,"key":"RECALL"},{"data":"Panacea","floor":52,"key":"SMITH"}],"circlet_count":0,"master_deck":["Dualcast+1","Glacier","Reboot","Genetic Algorithm","Tempest","Defragment+1","Rainbow","Chill","Streamline+1","Conserve Battery","Capacitor","Compile Driver","Biased Cognition+1","Ball Lightning","Capacitor","Electrodynamics","Barrage","Force Field+1","Fission+1","Lockon","Hologram+1","Defragment+1","Defragment+1","Biased Cognition","Force Field","Panacea","Panacea+1","Madness","Hologram+1","Turbo","BootSequence+1","Recycle","Coolheaded+1","Creative AI","Amplify","Force Field+1","White Noise+1","Amplify","Static Discharge"],"relics":["Pandora\u0027s Box","Art of War","InkBottle","Dead Branch","Anchor","Tiny House","Pear","Blue Candle","Bird Faced Urn","Bag of Preparation","Philosopher\u0027s Stone","Ginger","Turnip","Omamori","Torii","Gremlin Horn"],"acts_visited":["Exordium","TheCity","TheBeyond","TheEnding"],"potions_floor_usage":[46,47,55],"damage_taken":[{"damage":0.0,"enemies":"Cultist","floor":1.0,"turns":3.0},{"damage":1.0,"enemies":"Jaw Worm","floor":4.0,"turns":4.0},{"damage":0.0,"enemies":"Small Slimes","floor":5.0,"turns":4.0},{"damage":21.0,"enemies":"Gremlin Nob","floor":6.0,"turns":6.0},{"damage":0.0,"enemies":"Blue Slaver","floor":8.0,"turns":5.0},{"damage":0.0,"enemies":"Lagavulin","floor":10.0,"turns":6.0},{"damage":1.0,"enemies":"3 Sentries","floor":13.0,"turns":7.0},{"damage":0.0,"enemies":"Exordium Wildlife","floor":14.0,"turns":4.0},{"damage":0.0,"enemies":"Slime Boss","floor":16.0,"turns":8.0},{"damage":16.0,"enemies":"2 Thieves","floor":18.0,"turns":3.0},{"damage":0.0,"enemies":"Chosen","floor":21.0,"turns":4.0},{"damage":0.0,"enemies":"Book of Stabbing","floor":24.0,"turns":5.0},{"damage":0.0,"enemies":"Gremlin Leader","floor":27.0,"turns":5.0},{"damage":18.0,"enemies":"Slavers","floor":29.0,"turns":6.0},{"damage":0.0,"enemies":"Automaton","floor":33.0,"turns":8.0},{"damage":0.0,"enemies":"3 Shapes","floor":35.0,"turns":3.0},{"damage":0.0,"enemies":"Orb Walker","floor":38.0,"turns":4.0},{"damage":0.0,"enemies":"Writhing Mass","floor":39.0,"turns":7.0},{"damage":11.0,"enemies":"Reptomancer","floor":40.0,"turns":5.0},{"damage":0.0,"enemies":"Maw","floor":41.0,"turns":5.0},{"damage":3.0,"enemies":"Nemesis","floor":42.0,"turns":7.0},{"damage":0.0,"enemies":"4 Shapes","floor":44.0,"turns":4.0},{"damage":0,"enemies":"Spire Growth","floor":46,"turns":4},{"damage":10,"enemies":"2 Orb Walkers","floor":47,"turns":5},{"damage":0,"enemies":"Maw","floor":48,"turns":7},{"damage":63,"enemies":"Time Eater","floor":50,"turns":15},{"damage":0,"enemies":"Shield and Spear","floor":54,"turns":7},{"damage":16,"enemies":"The Heart","floor":55,"turns":8}],"seed_played":"6542634694430060082","potions_obtained":[{"floor":4.0,"key":"CultistPotion"},{"floor":6.0,"key":"Dexterity Potion"},{"floor":8.0,"key":"Regen Potion"},{"floor":14.0,"key":"FairyPotion"},{"floor":29.0,"key":"Regen Potion"},{"floor":33.0,"key":"Regen Potion"},{"floor":42.0,"key":"Fruit Juice"},{"floor":46,"key":"GamblersBrew"},{"floor":48,"key":"FocusPotion"}],"is_trial":false,"path_per_floor":["M","?","$","M","M","E","R","M","T","E","R","$","E","M","R","B",null,"M","?","?","M","$","R","E","R","T","E","$","E","R","$","R","B",null,"M","?","?","M","M","E","M","E","T","M","$","M","?","M","R","B",null,"R","$","E","B",null],"character_chosen":"DEFECT","items_purchased":["Hello World","Defragment","Bird Faced Urn","Amplify","Amplify"],"campfire_rested":0,"item_purchase_floors":[3,22,28,45,53],"current_hp_per_floor":[75,75,75,74,74,53,53,53,53,53,53,53,52,52,52,52,80,64,64,64,64,64,64,74,74,74,74,74,86,86,86,86,90,90,90,80,69,81,90,89,90,90,90,90,90,95,89,95,95,60,95,95,95,95,95],"gold":178,"neow_bonus":"BOSS_RELIC","is_daily":false,"chose_seed":false,"campfire_upgraded":8,"win_rate":0.0,"timestamp":1612683061,"path_taken":["M","?","?","M","M","E","R","M","T","E","R","$","E","M","R","BOSS","M","?","?","M","$","R","E","R","T","E","$","E","R","$","R","BOSS","M","?","?","?","M","E","M","E","T","M","?","?","?","M","R","BOSS","R","$","E","BOSS"],"items_purchased_type":["Card","Card","Relic","Card","Card"],"build_version":"2020-12-22","purchased_purges":1,"victory":true,"max_hp_per_floor":[75,75,75,75,75,75,75,75,75,75,75,75,75,75,75,75,80,80,80,80,80,80,80,90,90,90,90,90,90,90,90,90,90,90,90,90,90,90,90,90,90,90,90,90,90,95,95,95,95,95,95,95,95,95,95],"relic_stats":{"Torii":0,"Gremlin Horn":[0,0],"counters":[28,159],"Dead Branch":[208],"Blue Candle":[0],"Bag of Preparation":[28],"Ginger":[12],"Bird Faced Urn":[109],"Pandora\u0027s Box":["Glacier","Auto Shields","Reboot","Genetic Algorithm","Tempest","Defragment","Rainbow","Chill"],"Turnip":[5],"Art of War":[54],"obtain_stats":[{"Tiny House":17,"Pear":24,"Torii":47,"Gremlin Horn":54,"Dead Branch":10,"Blue Candle":27,"Bag of Preparation":29,"Omamori":43,"Ginger":40,"Anchor":13,"Bird Faced Urn":28,"Pandora\u0027s Box":0,"Philosopher\u0027s Stone":34,"Turnip":42,"Art of War":6,"Cracked Core":0,"InkBottle":9},{"Tiny House":9,"Pear":12,"Torii":24,"Gremlin Horn":27,"Dead Branch":6,"Blue Candle":13,"Bag of Preparation":14,"Omamori":21,"Ginger":19,"Anchor":7,"Bird Faced Urn":13,"Pandora\u0027s Box":0,"Philosopher\u0027s Stone":15,"Turnip":21,"Art of War":4,"Cracked Core":0,"InkBottle":5},{"Tiny House":47,"Pear":59,"Torii":122,"Gremlin Horn":151,"Dead Branch":28,"Blue Candle":64,"Bag of Preparation":70,"Omamori":109,"Ginger":97,"Anchor":35,"Bird Faced Urn":64,"Pandora\u0027s Box":0,"Philosopher\u0027s Stone":78,"Turnip":109,"Art of War":17,"Cracked Core":0,"InkBottle":22}],"InkBottle":[68]},"card_choices":[{"not_picked":["Redo","Lockon"],"picked":"Streamline","floor":1.0},{"not_picked":["Gash","Go for the Eyes"],"picked":"Conserve Battery","floor":4.0},{"not_picked":["Conserve Battery","Coolheaded"],"picked":"Capacitor","floor":5.0},{"not_picked":["Sunder","Coolheaded","Auto Shields"],"picked":"SKIP","floor":6.0},{"not_picked":["Barrage","Aggregate"],"picked":"Compile Driver","floor":8.0},{"not_picked":["Barrage","Hologram"],"picked":"Biased Cognition","floor":10.0},{"not_picked":["Steam","Conserve Battery"],"picked":"Ball Lightning","floor":13.0},{"not_picked":["Blizzard","Darkness"],"picked":"Capacitor","floor":14.0},{"not_picked":["Buffer","Reboot"],"picked":"Electrodynamics","floor":16.0},{"not_picked":["Steam","Hello World"],"picked":"Barrage","floor":17.0},{"not_picked":["Undo","Reprogram"],"picked":"Force Field+1","floor":18.0},{"not_picked":["Coolheaded","Double Energy"],"picked":"Hologram","floor":21.0},{"not_picked":["Redo","Gash","Sunder+1"],"picked":"SKIP","floor":24.0},{"not_picked":["Hologram+1","Steam"],"picked":"Defragment","floor":27.0},{"not_picked":["Rebound+1","Coolheaded","Chaos"],"picked":"SKIP","floor":29.0},{"not_picked":["Amplify","Reboot"],"picked":"Biased Cognition","floor":33.0},{"not_picked":["Hologram+1","Cold Snap+1"],"picked":"Force Field","floor":35.0},{"not_picked":["Dark Shackles","Chrysalis"],"picked":"Panacea","floor":36.0},{"not_picked":["Finesse","Purity"],"picked":"Panacea","floor":36.0},{"not_picked":["Cold Snap","Steam"],"picked":"Hologram+1","floor":38.0},{"not_picked":["Reprogram","Blizzard"],"picked":"Turbo","floor":39.0},{"not_picked":["Redo","Conserve Battery"],"picked":"BootSequence+1","floor":40.0},{"not_picked":["Melter+1","Conserve Battery"],"picked":"Recycle","floor":41.0},{"not_picked":["Sweeping Beam+1","Rip and Tear"],"picked":"Coolheaded+1","floor":42.0},{"not_picked":["Rebound+1","Sweeping Beam"],"picked":"Creative AI","floor":44.0},{"not_picked":["Steam Power+1","Redo+1"],"picked":"Force Field+1","floor":46},{"not_picked":["Steam+1","Sweeping Beam+1"],"picked":"White Noise+1","floor":47},{"not_picked":["Leap+1","Cold Snap+1","Steam"],"picked":"SKIP","floor":48},{"not_picked":["Self Repair","Conserve Battery+1"],"picked":"Static Discharge","floor":54}],"player_experience":3824719,"relics_obtained":[{"floor":6.0,"key":"Art of War"},{"floor":9.0,"key":"InkBottle"},{"floor":10.0,"key":"Dead Branch"},{"floor":13.0,"key":"Anchor"},{"floor":24.0,"key":"Pear"},{"floor":27.0,"key":"Blue Candle"},{"floor":29.0,"key":"Bag of Preparation"},{"floor":40.0,"key":"Ginger"},{"floor":42.0,"key":"Turnip"},{"floor":43.0,"key":"Omamori"},{"floor":47,"key":"Torii"},{"floor":54,"key":"Gremlin Horn"}],"event_choices":[{"cards_removed":["Zap"],"damage_healed":0.0,"max_hp_gain":0.0,"max_hp_loss":0.0,"gold_gain":0.0,"event_name":"The Cleric","player_choice":"Card Removal","floor":2.0,"gold_loss":50.0,"damage_taken":0.0},{"damage_healed":0.0,"max_hp_gain":0.0,"max_hp_loss":0.0,"gold_gain":0.0,"cards_transformed":["Hello World","Auto Shields"],"event_name":"Drug Dealer","player_choice":"Became Test Subject","floor":19.0,"gold_loss":0.0,"damage_taken":0.0,"cards_obtained":["Fission","Lockon"]},{"damage_healed":0.0,"max_hp_gain":0.0,"max_hp_loss":0.0,"gold_gain":99.0,"event_name":"Nest","player_choice":"Stole From Cult","floor":20.0,"gold_loss":0.0,"damage_taken":0.0},{"damage_healed":0.0,"max_hp_gain":0.0,"max_hp_loss":0.0,"gold_gain":0.0,"event_name":"SensoryStone","player_choice":"Memory 3","floor":36.0,"gold_loss":0.0,"damage_taken":10.0},{"damage_healed":0.0,"max_hp_gain":0.0,"max_hp_loss":0.0,"gold_gain":0.0,"event_name":"Winding Halls","player_choice":"Embrace Madness","floor":37.0,"gold_loss":0.0,"damage_taken":11.0,"cards_obtained":["Madness","Madness"]},{"damage_healed":0,"gold_gain":0,"player_choice":"Fight","damage_taken":0,"max_hp_gain":0,"max_hp_loss":0,"event_name":"Mysterious Sphere","floor":47,"gold_loss":0}],"is_beta":false,"boss_relics":[{"not_picked":["Velvet Choker","Ectoplasm"],"picked":"Tiny House"},{"not_picked":["Runic Dome","Inserter"],"picked":"Philosopher\u0027s Stone"}],"items_purged_floors":[45],"is_endless":false,"potions_floor_spawned":[4,6,8,13,14,21,29,33,38,39,42,46,48],"ascension_level":1}}