{"host":"q5twaoo3ngmfp14g","time":1612736371,"event":{"mods":["AchievementEnabler","BaseMod","Minty Spire (QoL Compilation)","Relic Stats","StSLib"],"gold_per_floor":[116,116,10,10,22,57,57,86,86,104,104,29,29,60,60,136,136,150,200,200,217,142,142,174,199,226,226,254,4,4,17,17,17,17],"floor_reached":33,"language":"ENG","playtime":908,"items_purged":["Strike_B"],"score":628,"play_id":"ba22bfa1-19a5-48b3-9dc6-27f67675a8f2","local_time":"20210207231931","is_ascension_mode":true,"campfire_choices":[{"data":"Ball Lightning","floor":7.0,"key":"SMITH"},{"data":"Ball Lightning","floor":11.0,"key":"SMITH"},{"data":"Auto Shields","floor":15.0,"key":"SMITH"},{"data":"Glacier","floor":23.0,"key":"SMITH"},{"floor":27.0,"key":"REST"},{"floor":30.0,"key":"REST"},{"data":"Capacitor","floor":32,"key":"SMITH"}],"circlet_count":0,"master_deck":["AscendersBane","Zap","Dualcast","Ball Lightning+1","Auto Shields+1","Ball Lightning+1","Coolheaded","Ball Lightning+1","Machine Learning","Melter","Cold Snap","Seek","Rip and Tear","Darkness","Storm","Creative AI","Skim","Turbo","Loop","Glacier+1","Cold Snap","Self Repair","Cold Snap","Rainbow","Capacitor+1","Coolheaded"],"relics":["Cracked Core","NeowsBlessing","Prayer Wheel","InkBottle","Bottled Flame","Anchor","Pandora\u0027s Box","WingedGreaves","Red Mask","Vajra","Regal Pillow","Akabeko"],"acts_visited":["Exordium","TheCity"],"potions_floor_usage":[],"damage_taken":[{"damage":0.0,"enemies":"Jaw Worm","floor":1.0,"turns":1.0},{"damage":0.0,"enemies":"2 Louse","floor":5.0,"turns":1.0},{"damage":0.0,"enemies":"Gremlin Nob","floor":6.0,"turns":1.0},{"damage":15.0,"enemies":"3 Sentries","floor":8.0,"turns":5.0},{"damage":0.0,"enemies":"Cultist","floor":10.0,"turns":2.0},{"damage":13.0,"enemies":"Lagavulin","floor":14.0,"turns":5.0},{"damage":5.0,"enemies":"Hexaghost","floor":16.0,"turns":9.0},{"damage":0.0,"enemies":"Chosen","floor":18.0,"turns":3.0},{"damage":1.0,"enemies":"2 Thieves","floor":21.0,"turns":4.0},{"damage":21.0,"enemies":"Slavers","floor":24.0,"turns":7.0},{"damage":27.0,"enemies":"Masked Bandits","floor":25.0,"turns":5.0},{"damage":32.0,"enemies":"Gremlin Leader","floor":28.0,"turns":7.0},{"damage":0,"enemies":"Sentry and Sphere","floor":31,"turns":2},{"damage":57,"enemies":"Automaton","floor":33,"turns":6}],"seed_played":"-430101950886733888","potions_obtained":[{"floor":6.0,"key":"SpeedPotion"},{"floor":8.0,"key":"PowerPotion"},{"floor":18.0,"key":"Strength Potion"},{"floor":25.0,"key":"ColorlessPotion"}],"is_trial":false,"path_per_floor":["M","?","$","?","M","E","R","E","T","M","R","$","?","E","R","B",null,"M","?","?","M","?","R","E","?","T","R","E","$","R","M","R","B"],"character_chosen":"DEFECT","items_purchased":["Ball Lightning","Coolheaded","Capacitor","Akabeko"],"campfire_rested":2,"item_purchase_floors":[3,3,29,29],"current_hp_per_floor":[64,64,64,69,69,69,69,54,54,54,54,54,54,41,41,36,66,66,66,66,65,65,65,44,17,17,39,7,7,44,44,44,0,0],"gold":17,"neow_bonus":"THREE_ENEMY_KILL","is_daily":false,"chose_seed":false,"campfire_upgraded":5,"win_rate":0.0,"timestamp":1612736371,"path_taken":["M","?","$","?","M","E","R","E","T","M","R","$","?","E","R","BOSS","M","?","?","M","?","R","E","?","T","R","E","$","R","M","R","BOSS"],"items_purchased_type":["Card","Card","Card","Relic"],"build_version":"2020-12-22","purchased_purges":1,"victory":false,"max_hp_per_floor":[71,71,71,76,76,76,76,76,76,76,76,76,76,76,76,76,76,76,76,76,76,76,76,76,76,76,76,76,76,76,76,76,76,76],"relic_stats":{"Regal Pillow":15,"counters":[14,58],"Prayer Wheel":4,"Pandora\u0027s Box":["Rip and Tear","Darkness","Storm","Steam Power","Creative AI","Skim"],"obtain_stats":[{"Bottled Flame":9,"Anchor":14,"Regal Pillow":28,"NeowsBlessing":0,"Vajra":26,"Prayer Wheel":6,"Pandora\u0027s Box":17,"WingedGreaves":24,"Red Mask":25,"Cracked Core":0,"InkBottle":8,"Akabeko":29},{"Bottled Flame":4,"Anchor":6,"Regal Pillow":12,"NeowsBlessing":0,"Vajra":11,"Prayer Wheel":3,"Pandora\u0027s Box":7,"WingedGreaves":10,"Red Mask":11,"Cracked Core":0,"InkBottle":4,"Akabeko":12},{"Bottled Flame":8,"Anchor":15,"Regal Pillow":50,"NeowsBlessing":0,"Vajra":43,"Prayer Wheel":3,"Pandora\u0027s Box":24,"WingedGreaves":38,"Red Mask":43,"Cracked Core":0,"InkBottle":8,"Akabeko":50}],"InkBottle":[15]},"card_choices":[{"not_picked":["Go for the Eyes","Force Field"],"picked":"Ball Lightning","floor":1.0},{"not_picked":["Leap","Beam Cell"],"picked":"Ball Lightning","floor":5.0},{"not_picked":["Chaos","Streamline"],"picked":"Machine Learning","floor":6.0},{"not_picked":["Amplify","Sweeping Beam","Reprogram"],"picked":"SKIP","floor":8.0},{"not_picked":["Barrage","Beam Cell"],"picked":"Melter","floor":10.0},{"not_picked":["Steam Power","Turbo"],"picked":"Cold Snap","floor":10.0},{"not_picked":["Double Energy","Aggregate","Skim"],"picked":"SKIP","floor":14.0},{"not_picked":["Biased Cognition","Machine Learning"],"picked":"Seek","floor":16.0},{"not_picked":["Streamline","Ball Lightning"],"picked":"Turbo","floor":18.0},{"not_picked":["Streamline+1","Coolheaded"],"picked":"Loop","floor":18.0},{"not_picked":["Sweeping Beam","Hologram"],"picked":"Cold Snap","floor":21.0},{"not_picked":["Turbo","Stack","Rebound"],"picked":"SKIP","floor":21.0},{"not_picked":["Go for the Eyes","Redo"],"picked":"Self Repair","floor":24.0},{"not_picked":["Sweeping Beam+1","Lockon"],"picked":"Cold Snap","floor":25.0},{"not_picked":["Barrage","Stack"],"picked":"Rainbow","floor":28.0},{"not_picked":["Hologram","Heatsinks"],"picked":"Coolheaded","floor":31},{"not_picked":["Redo","Compile Driver","Turbo"],"picked":"SKIP","floor":31}],"player_experience":816920,"relics_obtained":[{"floor":6.0,"key":"Prayer Wheel"},{"floor":8.0,"key":"InkBottle"},{"floor":9.0,"key":"Bottled Flame"},{"floor":14.0,"key":"Anchor"},{"floor":24.0,"key":"WingedGreaves"},{"floor":25.0,"key":"Red Mask"},{"floor":26.0,"key":"Vajra"},{"floor":28.0,"key":"Regal Pillow"}],"event_choices":[{"damage_healed":0.0,"max_hp_gain":0.0,"max_hp_loss":0.0,"gold_gain":0.0,"cards_transformed":["Strike_B"],"event_name":"Living Wall","player_choice":"Change","floor":2.0,"gold_loss":0.0,"damage_taken":0.0,"cards_obtained":["Auto Shields"]},{"damage_healed":0.0,"max_hp_gain":5.0,"max_hp_loss":0.0,"gold_gain":0.0,"event_name":"Big Fish","player_choice":"Donut","floor":4.0,"gold_loss":0.0,"damage_taken":0.0},{"damage_healed":0.0,"max_hp_gain":0.0,"max_hp_loss":0.0,"gold_gain":0.0,"event_name":"Upgrade Shrine","player_choice":"Upgraded","floor":13.0,"gold_loss":0.0,"damage_taken":0.0,"cards_upgraded":["Ball Lightning"]},{"damage_healed":0.0,"max_hp_gain":0.0,"max_hp_loss":0.0,"gold_gain":50.0,"event_name":"Nest","player_choice":"Stole From Cult","floor":19.0,"gold_loss":0.0,"damage_taken":0.0},{"damage_healed":0.0,"max_hp_gain":0.0,"max_hp_loss":0.0,"gold_gain":0.0,"event_name":"The Library","player_choice":"Read","floor":20.0,"gold_loss":0.0,"damage_taken":0.0,"cards_obtained":["Glacier"]},{"cards_removed":["Steam Power"],"damage_healed":0.0,"max_hp_gain":0.0,"max_hp_loss":0.0,"gold_gain":0.0,"event_name":"Beggar","player_choice":"Gave Gold","floor":22.0,"gold_loss":75.0,"damage_taken":0.0},{"damage_healed":0.0,"max_hp_gain":0.0,"max_hp_loss":0.0,"gold_gain":0.0,"event_name":"Masked Bandits","player_choice":"Fought Bandits","floor":25.0,"gold_loss":0.0,"damage_taken":0.0}],"is_beta":false,"boss_relics":[{"not_picked":["Tiny House","Fusion Hammer"],"picked":"Pandora\u0027s Box"}],"items_purged_floors":[12],"is_endless":false,"potions_floor_spawned":[6,8,16,18,21,25],"killed_by":"Automaton","ascension_level":19}}