{"host":"xm9adsgm4dq1zj57","time":1612672600,"event":{"mods":["AchievementEnabler","BaseMod","Colored Map","DeckTracker","Highlight Path","Keyboard Shortcuts","Minty Spire (QoL Compilation)","Permanent Neow","Quick Restart","Rare Cards Sparkle","Slay-I","StSLib","SuperFastMode"],"gold_per_floor":[12,32,48,48,66,66,66,66,66,66,86,86,66,83,83,158,158,174,18,32,32,32,32,43,43,43,43,55,3,19,69,69,145,145,158,158,158],"floor_reached":36,"language":"KOR","playtime":1532,"items_purged":["Strike_G"],"score":708,"play_id":"fc623988-e092-468b-892c-6eb92ad46382","local_time":"20210207133640","is_ascension_mode":true,"campfire_choices":[{"data":"1","floor":6.0,"key":"LIFT"},{"data":"2","floor":8.0,"key":"LIFT"},{"data":"3","floor":10.0,"key":"LIFT"},{"data":"Dagger Spray","floor":12.0,"key":"SMITH"},{"data":"Leg Sweep","floor":15.0,"key":"SMITH"},{"data":"Accuracy","floor":23.0,"key":"SMITH"},{"data":"Infinite Blades","floor":25.0,"key":"SMITH"},{"data":"Cloak And Dagger","floor":27.0,"key":"SMITH"},{"data":"Cloak And Dagger","floor":32.0,"key":"SMITH"}],"circlet_count":0,"master_deck":["AscendersBane","Strike_G","Strike_G","Strike_G","Strike_G","Defend_G","Defend_G","Defend_G","Defend_G","Defend_G","Survivor","Neutralize+1","Dagger Spray+1","Leg Sweep+1","Backflip","Dagger Throw","Slice","Unload","Cloak And Dagger+1","Infinite Blades+1","Accuracy+1","Riddle With Holes","Cloak And Dagger+1","Slice+1","After Image","Escape Plan"],"relics":["Ring of the Snake","Girya","Paper Crane","HoveringKite","Kunai","Runic Pyramid"],"acts_visited":["Exordium","TheCity","TheBeyond"],"potions_floor_usage":[33,33],"damage_taken":[{"damage":13.0,"enemies":"Jaw Worm","floor":1.0,"turns":8.0},{"damage":1.0,"enemies":"Cultist","floor":2.0,"turns":5.0},{"damage":0.0,"enemies":"2 Louse","floor":3.0,"turns":2.0},{"damage":0.0,"enemies":"Gremlin Gang","floor":5.0,"turns":3.0},{"damage":0.0,"enemies":"Red Slaver","floor":11.0,"turns":3.0},{"damage":0.0,"enemies":"Large Slime","floor":14.0,"turns":4.0},{"damage":7.0,"enemies":"The Guardian","floor":16.0,"turns":12.0},{"damage":6.0,"enemies":"Spheric Guardian","floor":18.0,"turns":3.0},{"damage":9.0,"enemies":"3 Byrds","floor":20.0,"turns":5.0},{"damage":13.0,"enemies":"Cultist and Chosen","floor":24.0,"turns":6.0},{"damage":8.0,"enemies":"Centurion and Healer","floor":28.0,"turns":4.0},{"damage":9.0,"enemies":"Shelled Parasite and Fungi","floor":30.0,"turns":5.0},{"damage":14,"enemies":"Automaton","floor":33,"turns":9},{"damage":3,"enemies":"Orb Walker","floor":35,"turns":4},{"damage":58,"enemies":"3 Shapes","floor":36,"turns":6}],"seed_played":"-3262287322729083142","potions_obtained":[{"floor":1.0,"key":"Explosive Potion"},{"floor":11.0,"key":"Regen Potion"},{"floor":13.0,"key":"BlessingOfTheForge"},{"floor":16.0,"key":"Regen Potion"},{"floor":30.0,"key":"Poison Potion"}],"is_trial":false,"path_per_floor":["M","M","M","?","M","R","$","R","T","R","M","R","?","M","R","B",null,"M","$","M","?","?","R","M","R","T","R","M","$","M","?","R","B",null,"M","M"],"character_chosen":"THE_SILENT","items_purchased":["Infinite Blades","Cloak And Dagger"],"campfire_rested":0,"item_purchase_floors":[19,29],"current_hp_per_floor":[46,45,45,45,45,45,45,45,45,45,45,45,45,45,45,38,59,53,53,58,58,58,58,45,45,45,45,37,37,28,22,22,23,55,52,0,0],"gold":158,"neow_bonus":"ONE_RARE_RELIC","is_daily":false,"chose_seed":false,"campfire_upgraded":6,"win_rate":0.0,"timestamp":1612672600,"path_taken":["M","M","M","?","M","R","?","R","T","R","M","R","?","M","R","BOSS","M","$","M","?","?","R","?","R","T","R","M","?","M","?","R","BOSS","M","M"],"items_purchased_type":["Card","Card"],"build_version":"2020-12-22","purchased_purges":1,"victory":false,"max_hp_per_floor":[66,66,66,66,66,66,66,66,66,66,66,66,66,66,66,66,66,66,66,66,66,66,66,66,66,66,66,66,66,66,66,66,66,66,66,66,66],"card_choices":[{"not_picked":["Eviscerate","Setup"],"picked":"Dagger Spray","floor":1.0},{"not_picked":["Dodge and Roll","Caltrops"],"picked":"Leg Sweep","floor":2.0},{"not_picked":["Dodge and Roll","Catalyst"],"picked":"Backflip","floor":3.0},{"not_picked":["Reflex","Poisoned Stab"],"picked":"Dagger Throw","floor":5.0},{"not_picked":["Catalyst","Flying Knee","Choke"],"picked":"SKIP","floor":11.0},{"not_picked":["Dodge and Roll","Acrobatics"],"picked":"Slice","floor":14.0},{"not_picked":["Malaise","Envenom"],"picked":"Unload","floor":16.0},{"not_picked":["Setup","Slice"],"picked":"Cloak And Dagger","floor":18.0},{"not_picked":["Quick Slash","PiercingWail"],"picked":"Accuracy","floor":20.0},{"not_picked":["Blur","Quick Slash"],"picked":"Riddle With Holes","floor":24.0},{"not_picked":["Bane","Poisoned Stab","Concentrate"],"picked":"SKIP","floor":28.0},{"not_picked":["Underhanded Strike","PiercingWail"],"picked":"Slice+1","floor":30.0},{"not_picked":["Corpse Explosion","Wraith Form v2"],"picked":"After Image","floor":33},{"not_picked":["Dodge and Roll","Flying Knee"],"picked":"Escape Plan","floor":35}],"player_experience":961714,"relics_obtained":[{"floor":9.0,"key":"Paper Crane"},{"floor":26.0,"key":"Kunai"}],"event_choices":[{"damage_healed":0.0,"max_hp_gain":0.0,"max_hp_loss":0.0,"gold_gain":0.0,"event_name":"Accursed Blacksmith","player_choice":"Forge","floor":4.0,"gold_loss":0.0,"damage_taken":0.0,"cards_upgraded":["Neutralize"]},{"damage_healed":0.0,"max_hp_gain":0.0,"max_hp_loss":0.0,"gold_gain":0.0,"event_name":"The Woman in Blue","player_choice":"Bought 1 Potion","floor":13.0,"gold_loss":0.0,"damage_taken":0.0},{"damage_healed":0.0,"max_hp_gain":0.0,"max_hp_loss":0.0,"gold_gain":0.0,"event_name":"Ghosts","player_choice":"Ignored","floor":21.0,"gold_loss":0.0,"damage_taken":0.0},{"damage_healed":0.0,"max_hp_gain":0.0,"max_hp_loss":0.0,"gold_gain":0.0,"event_name":"N\u0027loth","player_choice":"Ignored","floor":22.0,"gold_loss":0.0,"damage_taken":0.0},{"damage_healed":0.0,"max_hp_gain":0.0,"max_hp_loss":0.0,"gold_gain":50.0,"event_name":"FaceTrader","player_choice":"Touch","floor":31.0,"gold_loss":0.0,"damage_taken":6.0}],"is_beta":false,"boss_relics":[{"not_picked":["Ring of the Serpent","Coffee Dripper"],"picked":"HoveringKite"},{"not_picked":["Sozu","SlaversCollar"],"picked":"Runic Pyramid"}],"items_purged_floors":[19],"is_endless":false,"potions_floor_spawned":[1,11,16,18,30],"killed_by":"3 Shapes","ascension_level":20}}