{"host":"qc268ltokmxwqyrx","time":1612723196,"event":{"mods":["BaseMod","Colored Map","Colored Powertips","Minty Spire (QoL Compilation)","Relic Stats","Slay the Relics Exporter","StSLib","ojb\u0027s Info Mod"],"gold_per_floor":[115,115,115,61,79,109,109,140,189,209,229,229,263,282,282,354,354,369,9,21,40,59,90,90,423,423,456,469,44,44,79,79,155,155,174,174,184,184,26,52,52,86,86,111,111,130,184,209,209,209,209,209,209,15,44,44,44],"floor_reached":56,"language":"ENG","playtime":3309,"items_purged":["Defend_R","Strike_R"],"score":2372,"play_id":"87ee0840-fcae-47a0-9e38-36235b0e19ba","local_time":"20210207123956","is_ascension_mode":true,"campfire_choices":[{"data":"Flame Barrier","floor":7.0,"key":"SMITH"},{"floor":12.0,"key":"REST"},{"floor":15.0,"key":"DIG"},{"data":"Inflame","floor":24.0,"key":"SMITH"},{"data":"Flame Barrier","floor":32.0,"key":"SMITH"},{"floor":41,"key":"DIG"},{"floor":45,"key":"RECALL"},{"floor":49,"key":"DIG"},{"floor":53,"key":"DIG"}],"circlet_count":0,"master_deck":["AscendersBane","Strike_R","Strike_R","Defend_R","Bash","Pummel+1","Demon Form+1","Battle Trance+1","Flame Barrier+1","Carnage","Twin Strike+1","Havoc","Clothesline+1","Flame Barrier+1","Combust","Reaper+1","Heavy Blade+1","Inflame+1","Shrug It Off","Shockwave","Shrug It Off","Spot Weakness","Iron Wave+1","Anger+1","Uppercut+1","Exhume","Whirlwind+1","Metamorphosis","Rupture+1","Evolve+1","Pommel Strike+1","Power Through","Offering","Pommel Strike+1","Shrug It Off"],"relics":["Astrolabe","Anchor","Molten Egg 2","Shovel","Bag of Marbles","Oddly Smooth Stone","White Beast Statue","Runic Dome","Shuriken","Self Forming Clay","Old Coin","Paper Frog","Omamori","Potion Belt","Bag of Preparation","Orichalcum","Coffee Dripper","Medical Kit","Ancient Tea Set","Lantern","Toy Ornithopter","Eternal Feather","Du-Vu Doll","Juzu Bracelet","InkBottle","Sundial","Blue Candle"],"acts_visited":["Exordium","TheCity","TheBeyond","TheEnding"],"potions_floor_usage":[40,50,55,56],"damage_taken":[{"damage":1.0,"enemies":"Cultist","floor":1.0,"turns":3.0},{"damage":0.0,"enemies":"Small Slimes","floor":5.0,"turns":4.0},{"damage":0.0,"enemies":"Lagavulin","floor":6.0,"turns":4.0},{"damage":9.0,"enemies":"3 Sentries","floor":8.0,"turns":6.0},{"damage":0.0,"enemies":"Jaw Worm","floor":10.0,"turns":2.0},{"damage":0.0,"enemies":"2 Fungi Beasts","floor":11.0,"turns":2.0},{"damage":0.0,"enemies":"Gremlin Nob","floor":13.0,"turns":2.0},{"damage":0.0,"enemies":"3 Louse","floor":14.0,"turns":2.0},{"damage":22.0,"enemies":"Hexaghost","floor":16.0,"turns":8.0},{"damage":8.0,"enemies":"Shell Parasite","floor":18.0,"turns":5.0},{"damage":38.0,"enemies":"Chosen","floor":20.0,"turns":6.0},{"damage":9.0,"enemies":"Snake Plant","floor":21.0,"turns":4.0},{"damage":27.0,"enemies":"Chosen and Byrds","floor":22.0,"turns":6.0},{"damage":9.0,"enemies":"Gremlin Leader","floor":23.0,"turns":5.0},{"damage":34.0,"enemies":"Slavers","floor":25.0,"turns":4.0},{"damage":20.0,"enemies":"Gremlin Leader","floor":27.0,"turns":5.0},{"damage":14.0,"enemies":"3 Cultists","floor":28.0,"turns":4.0},{"damage":9.0,"enemies":"Book of Stabbing","floor":31.0,"turns":4.0},{"damage":24.0,"enemies":"Automaton","floor":33.0,"turns":6.0},{"damage":34,"enemies":"3 Shapes","floor":35,"turns":8},{"damage":0,"enemies":"Orb Walker","floor":37,"turns":2},{"damage":29,"enemies":"Nemesis","floor":40,"turns":3},{"damage":0,"enemies":"Reptomancer","floor":42,"turns":1},{"damage":27,"enemies":"Nemesis","floor":44,"turns":5},{"damage":0,"enemies":"Transient","floor":46,"turns":6},{"damage":25,"enemies":"2 Orb Walkers","floor":47,"turns":4},{"damage":28,"enemies":"Reptomancer","floor":48,"turns":5},{"damage":58,"enemies":"Donu and Deca","floor":50,"turns":7},{"damage":41,"enemies":"Time Eater","floor":51,"turns":9},{"damage":34,"enemies":"Shield and Spear","floor":55,"turns":5},{"damage":51,"enemies":"The Heart","floor":56,"turns":3}],"seed_played":"-3335838045849687899","potions_obtained":[{"floor":1.0,"key":"LiquidBronze"},{"floor":5.0,"key":"FearPotion"},{"floor":14.0,"key":"Swift Potion"},{"floor":16.0,"key":"FearPotion"},{"floor":20.0,"key":"SkillPotion"},{"floor":22.0,"key":"Explosive Potion"},{"floor":23.0,"key":"Energy Potion"},{"floor":25.0,"key":"ColorlessPotion"},{"floor":27.0,"key":"GamblersBrew"},{"floor":28.0,"key":"SpeedPotion"},{"floor":31.0,"key":"DistilledChaos"},{"floor":33.0,"key":"Dexterity Potion"},{"floor":37,"key":"LiquidMemories"},{"floor":40,"key":"PowerPotion"},{"floor":44,"key":"SkillPotion"},{"floor":46,"key":"Swift Potion"},{"floor":55,"key":"FearPotion"}],"is_trial":false,"path_per_floor":["M","?","?","$","M","E","R","E","T","M","M","R","E","M","R","B",null,"M","$","M","M","M","E","R","E","T","E","M","$","?","E","R","B",null,"M","?","M","?","$","E","R","E","T","E","R","M","?","E","R","B","B",null,"R","$","E","B"],"character_chosen":"IRONCLAD","items_purchased":["SteroidPotion","Shuriken","Potion Belt","Bag of Preparation","Medical Kit","Offering","Pommel Strike+1","FearPotion"],"campfire_rested":1,"item_purchase_floors":[4,19,29,29,39,54,54,54],"current_hp_per_floor":[67,60,34,34,34,34,34,25,25,25,25,47,47,47,47,25,63,55,55,35,26,14,37,37,24,24,28,44,44,44,35,35,11,59,58,48,48,48,48,40,40,40,40,41,59,75,59,47,65,38,42,67,75,75,46,0,0],"gold":44,"neow_bonus":"BOSS_RELIC","is_daily":false,"chose_seed":false,"campfire_upgraded":3,"win_rate":0.0,"timestamp":1612723196,"path_taken":["M","?","?","$","M","E","R","E","T","M","M","R","E","M","R","BOSS","M","$","M","M","M","E","R","E","T","E","M","$","?","E","R","BOSS","M","?","M","?","$","E","R","E","T","E","R","M","?","E","R","BOSS","BOSS","R","$","E","BOSS"],"items_purchased_type":["Potion","Relic","Relic","Relic","Relic","Card","Card","Potion"],"build_version":"2020-12-22","purchased_purges":2,"victory":false,"max_hp_per_floor":[75,75,75,75,75,75,75,75,75,75,75,75,75,75,75,75,75,75,75,75,75,75,75,75,75,75,75,75,75,75,75,75,75,75,75,75,75,75,75,75,75,75,75,75,75,75,75,75,75,75,75,75,75,75,75,75,75],"relic_stats":{"counters":[31,140],"Self Forming Clay":[279],"Astrolabe":["Pummel","Demon Form","Battle Trance"],"Blue Candle":[0],"Eternal Feather":44,"Bag of Preparation":[28],"Juzu Bracelet":0,"Orichalcum":[42],"Medical Kit":[21],"Shovel":4,"Shuriken":[22],"Sundial":[0],"obtain_stats":[{"Lantern":41,"Bag of Preparation":29,"Juzu Bracelet":48,"Ancient Tea Set":40,"Burning Blood":0,"Old Coin":25,"Shovel":8,"Sundial":53,"InkBottle":49,"Paper Frog":26,"Potion Belt":29,"Self Forming Clay":23,"Astrolabe":0,"Blue Candle":55,"Oddly Smooth Stone":13,"Eternal Feather":44,"Omamori":27,"Orichalcum":31,"Medical Kit":39,"White Beast Statue":15,"Du-Vu Doll":47,"Runic Dome":17,"Anchor":3,"Shuriken":19,"Molten Egg 2":6,"Bag of Marbles":9,"Coffee Dripper":34,"Toy Ornithopter":42},{"Lantern":22,"Bag of Preparation":17,"Juzu Bracelet":27,"Ancient Tea Set":22,"Burning Blood":0,"Old Coin":15,"Shovel":4,"Sundial":29,"InkBottle":27,"Paper Frog":15,"Potion Belt":17,"Self Forming Clay":14,"Astrolabe":0,"Blue Candle":30,"Oddly Smooth Stone":7,"Eternal Feather":24,"Omamori":16,"Orichalcum":18,"Medical Kit":21,"White Beast Statue":8,"Du-Vu Doll":26,"Runic Dome":9,"Anchor":1,"Shuriken":10,"Molten Egg 2":3,"Bag of Marbles":4,"Coffee Dripper":19,"Toy Ornithopter":23},{"Lantern":95,"Bag of Preparation":72,"Juzu Bracelet":116,"Ancient Tea Set":95,"Burning Blood":0,"Old Coin":63,"Shovel":17,"Sundial":132,"InkBottle":116,"Paper Frog":63,"Potion Belt":72,"Self Forming Clay":59,"Astrolabe":0,"Blue Candle":137,"Oddly Smooth Stone":23,"Eternal Feather":101,"Omamori":68,"Orichalcum":76,"Medical Kit":92,"White Beast Statue":25,"Du-Vu Doll":111,"Runic Dome":33,"Anchor":3,"Shuriken":38,"Molten Egg 2":11,"Bag of Marbles":17,"Coffee Dripper":82,"Toy Ornithopter":96}],"Toy Ornithopter":15,"InkBottle":[12]},"card_choices":[{"not_picked":["True Grit","Shrug It Off"],"picked":"Flame Barrier","floor":1.0},{"not_picked":["Iron Wave","True Grit"],"picked":"Carnage","floor":5.0},{"not_picked":["Power Through","Second Wind"],"picked":"Twin Strike+1","floor":6.0},{"not_picked":["Inflame","Second Wind"],"picked":"Havoc","floor":8.0},{"not_picked":["Dark Embrace","Bludgeon+1"],"picked":"Clothesline+1","floor":10.0},{"not_picked":["Headbutt+1","Armaments","Clothesline+1"],"picked":"SKIP","floor":11.0},{"not_picked":["Rampage+1","Evolve"],"picked":"Flame Barrier","floor":13.0},{"not_picked":["Thunderclap+1","Twin Strike+1"],"picked":"Combust","floor":14.0},{"not_picked":["Offering","Berserk"],"picked":"Reaper+1","floor":16.0},{"not_picked":["Sword Boomerang+1","Perfected Strike+1"],"picked":"Heavy Blade+1","floor":18.0},{"not_picked":["Searing Blow+1","Sword Boomerang+1"],"picked":"Inflame","floor":20.0},{"not_picked":["Combust","Iron Wave+1"],"picked":"Shrug It Off","floor":21.0},{"not_picked":["Inflame","Searing Blow+1"],"picked":"Shockwave","floor":22.0},{"not_picked":["Bludgeon+1","Battle Trance"],"picked":"Shrug It Off","floor":23.0},{"not_picked":["Flame Barrier","Armaments"],"picked":"Spot Weakness","floor":25.0},{"not_picked":["Warcry","Flex"],"picked":"Iron Wave+1","floor":27.0},{"not_picked":["Rampage+1","Headbutt+1"],"picked":"Anger+1","floor":28.0},{"not_picked":["Clash+1","True Grit"],"picked":"Uppercut+1","floor":31.0},{"not_picked":["Limit Break","Barricade"],"picked":"Exhume","floor":33.0},{"not_picked":["Cleave+1","Intimidate"],"picked":"Whirlwind+1","floor":35},{"not_picked":["Finesse","Madness"],"picked":"Metamorphosis","floor":36},{"not_picked":["Heavy Blade+1","Warcry"],"picked":"Rupture+1","floor":37},{"not_picked":["Body Slam+1","Iron Wave+1"],"picked":"Evolve+1","floor":40},{"not_picked":["Uppercut+1","Body Slam+1","Ghostly Armor"],"picked":"SKIP","floor":42},{"not_picked":["Evolve","Burning Pact"],"picked":"Pommel Strike+1","floor":44},{"not_picked":["Anger+1","True Grit","Flex"],"picked":"SKIP","floor":46},{"not_picked":["Clash+1","Anger+1"],"picked":"Power Through","floor":47},{"not_picked":["Warcry","Headbutt+1","Iron Wave+1"],"picked":"SKIP","floor":48},{"not_picked":["Flame Barrier","Sword Boomerang+1"],"picked":"Shrug It Off","floor":55}],"player_experience":1807538,"relics_obtained":[{"floor":6.0,"key":"Molten Egg 2"},{"floor":8.0,"key":"Shovel"},{"floor":9.0,"key":"Bag of Marbles"},{"floor":13.0,"key":"Oddly Smooth Stone"},{"floor":15.0,"key":"White Beast Statue"},{"floor":23.0,"key":"Self Forming Clay"},{"floor":25.0,"key":"Old Coin"},{"floor":26.0,"key":"Paper Frog"},{"floor":27.0,"key":"Omamori"},{"floor":31.0,"key":"Orichalcum"},{"floor":40,"key":"Ancient Tea Set"},{"floor":41,"key":"Lantern"},{"floor":42,"key":"Toy Ornithopter"},{"floor":44,"key":"Eternal Feather"},{"floor":47,"key":"Du-Vu Doll"},{"floor":48,"key":"Juzu Bracelet"},{"floor":49,"key":"InkBottle"},{"floor":53,"key":"Sundial"},{"floor":55,"key":"Blue Candle"}],"event_choices":[{"cards_removed":["Defend_R"],"damage_healed":0.0,"max_hp_gain":0.0,"max_hp_loss":0.0,"gold_gain":0.0,"event_name":"Golden Wing","player_choice":"Card Removal","floor":2.0,"gold_loss":0.0,"damage_taken":7.0},{"damage_healed":0.0,"max_hp_gain":0.0,"max_hp_loss":0.0,"gold_gain":0.0,"event_name":"Scrap Ooze","player_choice":"Success","floor":3.0,"gold_loss":0.0,"damage_taken":26.0,"relics_obtained":["Anchor"]},{"damage_healed":0.0,"max_hp_gain":0.0,"max_hp_loss":0.0,"gold_gain":0.0,"event_name":"Vampires","player_choice":"Ignored","floor":30.0,"gold_loss":0.0,"damage_taken":0.0},{"damage_healed":0,"gold_gain":0,"player_choice":"Memory 3","damage_taken":10,"max_hp_gain":0,"max_hp_loss":0,"event_name":"SensoryStone","floor":36,"gold_loss":0},{"damage_healed":0,"gold_gain":0,"player_choice":"Ignored","damage_taken":0,"max_hp_gain":0,"max_hp_loss":0,"event_name":"Tomb of Lord Red Mask","floor":38,"gold_loss":0},{"damage_healed":0,"gold_gain":0,"player_choice":"Fight","damage_taken":0,"max_hp_gain":0,"max_hp_loss":0,"event_name":"Mysterious Sphere","floor":47,"gold_loss":0}],"is_beta":false,"boss_relics":[{"not_picked":["Black Star","Tiny House"],"picked":"Runic Dome"},{"not_picked":["Runic Cube","Pandora\u0027s Box"],"picked":"Coffee Dripper"}],"items_purged_floors":[19,29],"is_endless":false,"potions_floor_spawned":[1,5,14,16,18,20,21,22,23,25,27,28,31,33,35,37,40,42,44,46,47,48,55],"killed_by":"The Heart","ascension_level":20}}