{"host":"njruw0b0uprlitpx","time":1612707903,"event":{"mods":["2.2 Compatiblity","Act Like it!","Aspiration","Bartender","BaseMod","Better Altar","Better Match","Better Note","Better Sensory Stone","Better Skull","Better Third Choice","BetterRewards","Block Reminder","Colored Map","Colored Powertips","Curses Come First","Energized Spire","Hallownest","Jedi Mod","Keyboard Shortcuts","Magitek Elite","Minty Spire (QoL Compilation)","Quick Restart","Rare Cards Sparkle","Relic Stats","Replay The Spire","SacredBarkPlus","Spicy Shops","StSLib","SuperFastMode","The Blackbeard","The Bug Knight"],"gold_per_floor":[117,127,7,22,22,55,55,55,105,139,139,68,109,120,120,192,192,206,9,36,36,36,36,70,70,70,97,115,144,178,192,192,266,266,285,285,111,127,7,32,32,32,32,32,227,227,0,12,12,12],"floor_reached":51,"language":"ENG","playtime":1449,"items_purged":["blackbeard:BlackbeardStrike","Injury","blackbeard:BlackbeardDefend","blackbeard:BlackbeardDefend"],"score":1739,"play_id":"8ca63533-39d3-4877-98be-6908f5c03ab7","local_time":"20210207082503","is_ascension_mode":true,"campfire_choices":[{"data":"blackbeard:PirateStrength","floor":8.0,"key":"SMITH"},{"data":"blackbeard:MegaUpgrade","floor":15.0,"key":"SMITH"},{"data":"blackbeard:Parrot","floor":23.0,"key":"SMITH"},{"floor":25.0,"key":"REST"},{"data":"blackbeard:ReapersScythe","floor":32.0,"key":"SMITH"},{"data":"blackbeard:PowerHungry","floor":41.0,"key":"SMITH"},{"data":"blackbeard:Murder","floor":46.0,"key":"SMITH"}],"circlet_count":0,"master_deck":["AscendersBane","blackbeard:BlackbeardStrike","blackbeard:BlackbeardStrike","blackbeard:IntimidatingStrike","blackbeard:BlackbeardDefend+1","blackbeard:Cutlass+1","blackbeard:PirateStrength+1","blackbeard:Revenge","blackbeard:PiratesWill","blackbeard:Sword","blackbeard:BlindAttacks","blackbeard:BeatUp","blackbeard:CannonballSupply","blackbeard:RearmingStrike","blackbeard:BrownPants+1","blackbeard:GoldenStrike","blackbeard:BountyHunter","blackbeard:Parrot+1","blackbeard:MegaUpgrade+1","blackbeard:Boarding","blackbeard:Anchor","blackbeard:Murder+1","blackbeard:GoldenDefense","blackbeard:BeatUp+1","blackbeard:BeatUp","blackbeard:GoldenStrike+1","blackbeard:PiratesWill","blackbeard:Rum","blackbeard:ReapersScythe+1","blackbeard:WiseDefense+1","blackbeard:PowerHungry+1","blackbeard:AgileStrike+1","blackbeard:BeatUp","Secret Technique","blackbeard:ArmorUp","blackbeard:GoldenCannonball","blackbeard:GoldenCannonball","blackbeard:GoldenStrike","Madness","Madness","blackbeard:GoldenDefense","blackbeard:PirateStrength"],"relics":["blackbeard:LoadTheCannons","Orrery","Pondfish Scales","aspiration:HatOfInfinitePower","blackbeard:CrossedSwords","White_Cape","Tintinnabulum","War Paint","jedi:angrymask","Blue Doll","Sozu","Membership Card","ReplayTheSpireMod:TigerMarble","Lizard Tail","HornCleat","Snecko Heart","BargainBundle","blackbeard:HipFlask","Strange Spoon","Torii","jedi:cryingmask","jedi:bottledfury","Juzu Bracelet","Molten Egg 2","Red Mask"],"acts_visited":["Exordium","TheCity","TheBeyond"],"potions_floor_usage":[],"damage_taken":[{"damage":0.0,"enemies":"Cultist","floor":1.0,"turns":2.0},{"damage":1.0,"enemies":"Small Slimes","floor":2.0,"turns":3.0},{"damage":0.0,"enemies":"2 Louse","floor":4.0,"turns":1.0},{"damage":10.0,"enemies":"3 Sentries","floor":6.0,"turns":4.0},{"damage":0.0,"enemies":"Lagavulin","floor":10.0,"turns":4.0},{"damage":23.0,"enemies":"Replay:BlueRogue","floor":13.0,"turns":5.0},{"damage":0.0,"enemies":"Large Slime","floor":14.0,"turns":2.0},{"damage":18.0,"enemies":"Slime Boss","floor":16.0,"turns":5.0},{"damage":12.0,"enemies":"Shell Parasite","floor":18.0,"turns":3.0},{"damage":0.0,"enemies":"3 Byrds","floor":20.0,"turns":4.0},{"damage":30.0,"enemies":"Slavers","floor":24.0,"turns":4.0},{"damage":0.0,"enemies":"Centurion and Healer","floor":27.0,"turns":3.0},{"damage":0.0,"enemies":"Chosen and Byrds","floor":28.0,"turns":3.0},{"damage":0.0,"enemies":"3 Cultists","floor":29.0,"turns":3.0},{"damage":2.0,"enemies":"Centurion and Healer","floor":30.0,"turns":4.0},{"damage":0.0,"enemies":"Snake Plant","floor":31.0,"turns":2.0},{"damage":0.0,"enemies":"Collector","floor":33.0,"turns":4.0},{"damage":2.0,"enemies":"3 Shapes","floor":35.0,"turns":2.0},{"damage":0.0,"enemies":"3 Darklings","floor":38.0,"turns":4.0},{"damage":10.0,"enemies":"Giant Head","floor":40.0,"turns":5.0},{"damage":0.0,"enemies":"Writhing Mass","floor":48.0,"turns":3.0},{"damage":1,"enemies":"Time Eater","floor":50,"turns":5}],"seed_played":"6685418497773914502","potions_obtained":[{"floor":4.0,"key":"SpeedPotion"},{"floor":6.0,"key":"BlessingOfTheForge"},{"floor":13.0,"key":"Dexterity Potion"},{"floor":16.0,"key":"SteroidPotion"}],"is_trial":false,"path_per_floor":["M","M","$","M","?","E","?","R","T","E","T","$","E","M","R","B",null,"M","$","M","?","?","R","E","R","T","M","M","M","M","M","R","B",null,"M","?","$","M","$","E","R","?","T","?","?","R","?","M","R_BF","B",null],"character_chosen":"BLACKBEARD_CLASS","items_purchased":["Orrery","blackbeard:BeatUp","aspiration:HatOfInfinitePower","blackbeard:CrossedSwords","blackbeard:BrownPants","blackbeard:MegaUpgrade","Membership Card","blackbeard:BeatUp+1","BargainBundle","blackbeard:HipFlask","Strange Spoon","Torii","jedi:cryingmask","jedi:bottledfury","blackbeard:BeatUp","Secret Technique","blackbeard:GoldenCannonball","blackbeard:GoldenStrike"],"campfire_rested":1,"item_purchase_floors":[0,0,0,0,3,12,19,19,37,37,37,37,37,37,37,37,39,39],"current_hp_per_floor":[68,67,67,67,67,57,75,75,75,75,75,75,52,53,54,37,66,55,56,57,58,59,60,31,54,55,56,57,58,57,58,59,60,72,71,72,73,74,75,65,66,58,59,60,61,62,63,64,65,65],"gold":12,"neow_bonus":"","is_daily":false,"chose_seed":false,"campfire_upgraded":6,"win_rate":0.0,"timestamp":1612707903,"path_taken":["M","M","?","M","?","E","?","R","T","E","?","$","E","?","R","BOSS","M","$","M","?","?","R","E","R","T","M","M","M","?","M","R","BOSS","M","?","$","M","$","E","R","?","T","?","?","R","?","M","R_BF","BOSS"],"items_purchased_type":["Relic","Card","Relic","Relic","Card","Card","Relic","Card","Relic","Relic","Relic","Relic","Relic","Relic","Card","Card","Card","Card"],"build_version":"2020-12-22","purchased_purges":4,"victory":true,"max_hp_per_floor":[75,75,75,75,75,75,75,75,75,75,75,75,75,75,75,75,75,75,75,75,75,75,75,75,75,75,75,75,75,75,75,75,75,75,75,75,75,75,75,75,75,75,75,75,75,75,75,75,75,75],"relic_stats":{"Sozu":6,"Strange Spoon":[57],"Lizard Tail":0,"Torii":4,"counters":[103,301],"Juzu Bracelet":3,"War Paint":["blackbeard:BlackbeardDefend","blackbeard:Cutlass"],"obtain_stats":[{"Golden Egg":43,"jedi:angrymask":11,"Ginger":0,"jedi:bottledfury":37,"blackbeard:CrossedSwords":0,"jedi:shrinkray":14,"Blood Vial":6,"Sundial":26,"Kunai":26,"Replay:Wax Seal":11,"Sneakers":0,"Counterbalance":42,"Pen Nib":0,"Akabeko":0,"SlaversCollar":34,"Water_Ring":4,"Bird Faced Urn":29,"Tintinnabulum":3,"StrikeDummy":31,"Lantern":28,"Singing Bowl":0,"Torii":24,"Blue Doll":13,"jedi:archwizardhat":25,"Power_Wrist":36,"White_Cape":6,"Pet Ghost":9,"Replay:Rubber Ducky":9,"Silver_Glasses":34,"Matryoshka":26,"Guardian:BottledAnomaly":37,"Replay:Bottled Eggs":37,"InkBottle":39,"Potion Belt":42,"NeowsBlessing":0,"blackbeard:LoadTheCannons":20,"The Courier":26,"Ring of Greed":8,"energizedSpire:DeadBattery":17,"MawBank":8,"Replay:Arrowhead":28,"Ornamental Fan":15,"Orrery":0,"Turnip":31,"Art of War":7,"Garlic":44,"hexamod:BolsterEngine":13,"Calipers":0,"Gremlin Horn":0,"CeramicFish":22,"Vajra":37,"Sozu":17,"Lizard Tail":43,"HornCleat":14,"jedi:paperlyon":34,"Strawberry":0,"ReplayTheSpireMod:CursedCoin":14,"Dead Branch":40,"Choco_Feather":51,"Ring of Chaos":34,"Letter Opener":9,"War Paint":10,"Question Card":9,"jedi:HeartOfTheCards":0,"blackbeard:HipFlask":37,"Bottled Flame":27,"Replay:Baseball":21,"Shuriken":10,"energizedSpire:NeverEndingSparkler":17,"Molten Egg 2":43,"ReplayTheSpireMod:TigerMarble":21,"aspiration:HatOfInfinitePower":0,"Snecko Heart":34,"Piano_Music":0,"jedi:command_boss":20,"Juzu Bracelet":21,"Replay:Mystery Machine":6,"Dream Catcher":46,"Replay:Bandana":0,"Mummified Hand":42,"theForsaken:Kindling":0,"Gambling Chip":21,"Genji_Glove":10,"jedi:cryingmask":37,"Red Mask":24,"Replay:Bottled Snecko":0,"BargainBundle":0,"ReplayTheSpireMod:Ninjato":19,"Guide Book":21,"White Beast Statue":43,"Mercury Hourglass":20,"jedi:fakemustache":29,"Strange Spoon":14,"Anchor":29,"Pondfish Scales":0,"jedi:ominousloannote":0,"blackbeard:Karategi":20,"Membership Card":14,"jedi:arcanewood":29,"TungstenRod":0},{"Golden Egg":39,"jedi:angrymask":86,"Ginger":60,"jedi:bottledfury":99,"blackbeard:CrossedSwords":81,"jedi:shrinkray":48,"Blood Vial":4,"Sundial":72,"Kunai":10,"Replay:Wax Seal":47,"Sneakers":0,"Counterbalance":21,"Pen Nib":43,"Akabeko":43,"SlaversCollar":36,"Water_Ring":44,"Bird Faced Urn":34,"Tintinnabulum":44,"StrikeDummy":15,"Lantern":33,"Singing Bowl":23,"Torii":32,"Blue Doll":87,"jedi:archwizardhat":52,"Power_Wrist":57,"White_Cape":85,"Pet Ghost":65,"Replay:Rubber Ducky":46,"Silver_Glasses":76,"Matryoshka":32,"Guardian:BottledAnomaly":17,"Replay:Bottled Eggs":17,"InkBottle":77,"Potion Belt":78,"NeowsBlessing":0,"blackbeard:LoadTheCannons":70,"The Courier":52,"Ring of Greed":46,"energizedSpire:DeadBattery":7,"MawBank":46,"Replay:Arrowhead":53,"Ornamental Fan":48,"Orrery":81,"Turnip":15,"Art of War":26,"Garlic":78,"hexamod:BolsterEngine":6,"Calipers":23,"Gremlin Horn":60,"CeramicFish":50,"Vajra":17,"Sozu":49,"Lizard Tail":21,"HornCleat":48,"jedi:paperlyon":16,"Strawberry":23,"ReplayTheSpireMod:CursedCoin":6,"Dead Branch":20,"Choco_Feather":42,"Ring of Chaos":56,"Letter Opener":4,"War Paint":86,"Question Card":26,"jedi:HeartOfTheCards":60,"blackbeard:HipFlask":99,"Bottled Flame":33,"Replay:Baseball":50,"Shuriken":26,"energizedSpire:NeverEndingSparkler":29,"Molten Egg 2":101,"ReplayTheSpireMod:TigerMarble":91,"aspiration:HatOfInfinitePower":81,"Snecko Heart":98,"Piano_Music":23,"jedi:command_boss":70,"Juzu Bracelet":70,"Replay:Mystery Machine":46,"Dream Catcher":22,"Replay:Bandana":43,"Mummified Hand":39,"theForsaken:Kindling":60,"Gambling Chip":50,"Genji_Glove":26,"jedi:cryingmask":99,"Red Mask":10,"Replay:Bottled Snecko":60,"BargainBundle":60,"ReplayTheSpireMod:Ninjato":8,"Guide Book":50,"White Beast Statue":39,"Mercury Hourglass":8,"jedi:fakemustache":53,"Strange Spoon":48,"Anchor":53,"Pondfish Scales":81,"jedi:ominousloannote":23,"blackbeard:Karategi":70,"Membership Card":6,"jedi:arcanewood":53,"TungstenRod":43},{"Golden Egg":118,"jedi:angrymask":240,"Ginger":178,"jedi:bottledfury":284,"blackbeard:CrossedSwords":226,"jedi:shrinkray":138,"Blood Vial":12,"Sundial":205,"Kunai":39,"Replay:Wax Seal":137,"Sneakers":0,"Counterbalance":67,"Pen Nib":128,"Akabeko":128,"SlaversCollar":109,"Water_Ring":130,"Bird Faced Urn":102,"Tintinnabulum":130,"StrikeDummy":52,"Lantern":100,"Singing Bowl":73,"Torii":97,"Blue Doll":245,"jedi:archwizardhat":149,"Power_Wrist":165,"White_Cape":236,"Pet Ghost":189,"Replay:Rubber Ducky":135,"Silver_Glasses":218,"Matryoshka":97,"Guardian:BottledAnomaly":58,"Replay:Bottled Eggs":58,"InkBottle":220,"Potion Belt":222,"NeowsBlessing":0,"blackbeard:LoadTheCannons":199,"The Courier":149,"Ring of Greed":135,"energizedSpire:DeadBattery":31,"MawBank":135,"Replay:Arrowhead":152,"Ornamental Fan":138,"Orrery":226,"Turnip":52,"Art of War":80,"Garlic":222,"hexamod:BolsterEngine":22,"Calipers":73,"Gremlin Horn":178,"CeramicFish":143,"Vajra":58,"Sozu":141,"Lizard Tail":67,"HornCleat":138,"jedi:paperlyon":56,"Strawberry":73,"ReplayTheSpireMod:CursedCoin":22,"Dead Branch":64,"Choco_Feather":124,"Ring of Chaos":163,"Letter Opener":12,"War Paint":240,"Question Card":80,"jedi:HeartOfTheCards":178,"blackbeard:HipFlask":284,"Bottled Flame":100,"Replay:Baseball":143,"Shuriken":80,"energizedSpire:NeverEndingSparkler":89,"Molten Egg 2":293,"ReplayTheSpireMod:TigerMarble":259,"aspiration:HatOfInfinitePower":226,"Snecko Heart":282,"Piano_Music":73,"jedi:command_boss":199,"Juzu Bracelet":199,"Replay:Mystery Machine":135,"Dream Catcher":70,"Replay:Bandana":128,"Mummified Hand":118,"theForsaken:Kindling":178,"Gambling Chip":143,"Genji_Glove":80,"jedi:cryingmask":284,"Red Mask":39,"Replay:Bottled Snecko":178,"BargainBundle":178,"ReplayTheSpireMod:Ninjato":34,"Guide Book":143,"White Beast Statue":118,"Mercury Hourglass":34,"jedi:fakemustache":152,"Strange Spoon":138,"Anchor":152,"Pondfish Scales":226,"jedi:ominousloannote":73,"blackbeard:Karategi":199,"Membership Card":22,"jedi:arcanewood":152,"TungstenRod":128}]},"card_choices":[{"not_picked":["blackbeard:WeaponProficiency","blackbeard:Sword"],"picked":"blackbeard:PirateStrength","floor":0.0},{"not_picked":["blackbeard:SwordDance","blackbeard:PirateEarring"],"picked":"blackbeard:Revenge","floor":0.0},{"not_picked":["blackbeard:GoldenDefense","blackbeard:CloakAndCannonball"],"picked":"blackbeard:PiratesWill","floor":0.0},{"not_picked":["blackbeard:CatONineTails","blackbeard:PirateHook"],"picked":"blackbeard:Sword","floor":0.0},{"not_picked":["blackbeard:DangerousBlow","blackbeard:RemoveScurvy"],"picked":"blackbeard:BlindAttacks","floor":0.0},{"not_picked":["blackbeard:WoodenLeg","blackbeard:DeadlyArsenal"],"picked":"blackbeard:CannonballSupply","floor":1.0},{"not_picked":["blackbeard:DoubleBottom","blackbeard:FieryDefense"],"picked":"blackbeard:RearmingStrike","floor":2.0},{"not_picked":["blackbeard:Toast","blackbeard:PiratesWill"],"picked":"blackbeard:GoldenStrike","floor":4.0},{"not_picked":["blackbeard:WoodenLeg","blackbeard:Sword"],"picked":"blackbeard:BountyHunter","floor":6.0},{"not_picked":["blackbeard:CloakAndCannonball","blackbeard:PiratesWill"],"picked":"blackbeard:Parrot","floor":10.0},{"not_picked":["blackbeard:BuriedTreasure","blackbeard:Dagger"],"picked":"blackbeard:Boarding","floor":13.0},{"not_picked":["blackbeard:DangerousBlow","blackbeard:DoubleBottom"],"picked":"blackbeard:Anchor","floor":14.0},{"not_picked":["blackbeard:Parrot","blackbeard:GoldenGuillotine"],"picked":"blackbeard:Murder","floor":16.0},{"not_picked":["blackbeard:Toast","blackbeard:FieryDefense"],"picked":"blackbeard:GoldenDefense","floor":18.0},{"not_picked":["blackbeard:InfiniteBarrage","blackbeard:Toast","blackbeard:FieryDefense"],"picked":"SKIP","floor":20.0},{"not_picked":["blackbeard:DoubleBottom","blackbeard:PowderKeg"],"picked":"blackbeard:GoldenStrike+1","floor":24.0},{"not_picked":["blackbeard:DeadlyArsenal","blackbeard:Fencing+1"],"picked":"blackbeard:PiratesWill","floor":27.0},{"not_picked":["blackbeard:Sharpening","blackbeard:FieryDefense+1"],"picked":"blackbeard:Rum","floor":28.0},{"not_picked":["blackbeard:Fencing","blackbeard:VengefulSpirit","blackbeard:Toast+1"],"picked":"SKIP","floor":29.0},{"not_picked":["blackbeard:SwordDance","blackbeard:TacticalRetreat"],"picked":"blackbeard:ReapersScythe","floor":30.0},{"not_picked":["blackbeard:Provisioning","blackbeard:Dagger"],"picked":"blackbeard:WiseDefense+1","floor":31.0},{"not_picked":["blackbeard:PirateStrength","blackbeard:UndeadForm"],"picked":"blackbeard:PowerHungry","floor":33.0},{"not_picked":["blackbeard:Fencing+1","blackbeard:DeadlyArsenal"],"picked":"blackbeard:AgileStrike+1","floor":35.0},{"not_picked":["blackbeard:DoubleCannonball+1","blackbeard:WiseDefense+1"],"picked":"blackbeard:ArmorUp","floor":38.0},{"not_picked":["blackbeard:SwordDance","blackbeard:WeaponProficiency+1","blackbeard:FieryDefense"],"picked":"SKIP","floor":40.0},{"not_picked":["blackbeard:SwordDance","blackbeard:Anchor+1"],"picked":"blackbeard:GoldenDefense","floor":48.0}],"player_experience":1389437,"relics_obtained":[{"floor":6.0,"key":"White_Cape"},{"floor":9.0,"key":"Tintinnabulum"},{"floor":10.0,"key":"War Paint"},{"floor":11.0,"key":"jedi:angrymask"},{"floor":13.0,"key":"Blue Doll"},{"floor":24.0,"key":"Lizard Tail"},{"floor":26.0,"key":"HornCleat"},{"floor":40.0,"key":"Juzu Bracelet"},{"floor":43.0,"key":"Molten Egg 2"}],"event_choices":[{"damage_healed":25.0,"max_hp_gain":0.0,"max_hp_loss":0.0,"gold_gain":0.0,"event_name":"Big Fish","player_choice":"Banana","floor":7.0,"gold_loss":0.0,"damage_taken":0.0},{"damage_healed":0.0,"max_hp_gain":0.0,"max_hp_loss":0.0,"gold_gain":0.0,"event_name":"WeMeetAgain","player_choice":"Gave Potion","floor":21.0,"gold_loss":0.0,"damage_taken":0.0,"relics_obtained":["ReplayTheSpireMod:TigerMarble"]},{"damage_healed":0.0,"max_hp_gain":0.0,"max_hp_loss":0.0,"gold_gain":0.0,"cards_transformed":["blackbeard:BlackbeardStrike"],"event_name":"Transmorgrifier","player_choice":"Transformed","floor":22.0,"gold_loss":0.0,"damage_taken":0.0,"cards_obtained":["blackbeard:BeatUp"]},{"damage_healed":0.0,"max_hp_gain":0.0,"max_hp_loss":0.0,"gold_gain":0.0,"event_name":"Winding Halls","player_choice":"Embrace Madness","floor":42.0,"gold_loss":0.0,"damage_taken":9.0,"cards_obtained":["Madness","Madness"]},{"damage_healed":0.0,"max_hp_gain":0.0,"max_hp_loss":0.0,"gold_gain":0.0,"event_name":"Mysterious Sphere","player_choice":"Ignored","floor":44.0,"gold_loss":0.0,"damage_taken":0.0},{"damage_healed":0.0,"max_hp_gain":0.0,"max_hp_loss":0.0,"gold_gain":0.0,"event_name":"Tomb of Lord Red Mask","player_choice":"Paid","floor":47.0,"gold_loss":227.0,"damage_taken":0.0,"relics_obtained":["Red Mask"]}],"is_beta":false,"boss_relics":[{"not_picked":["energizedSpire:CursedPentagram","Honey Jar"],"picked":"Sozu"},{"not_picked":["Cursed Key","Calling Bell"],"picked":"Snecko Heart"}],"items_purged_floors":[19,37,37,39],"is_endless":false,"potions_floor_spawned":[4,6,13,16,27,30,31,33,38,40],"ascension_level":13}}