{"host":"w8xisjf5mgmfjvmt","time":1612672492,"event":{"mods":["BaseMod","BetterRewards","Challenge The Spire","Conspire","Energized Spire","Filter the Spire","Minty Spire (QoL Compilation)","Quarter Circle Forward PUNCH!","Quick Restart","Relic Filter Mod","Relic Stats","Reliquary","Replay The Spire","Shop Mod","Spicy Shops","StSLib","Thieving Mod","¡¾ÒÅÎï¿¨ÅÆ¡¿REMEMod","óô»ðÖ¸ÄÏ"],"gold_per_floor":[112,130,141,141,157,157,192,192,269,302,302,317,327,362,362,362,362],"floor_reached":16,"language":"ZHS","playtime":404,"items_purged":[],"score":294,"play_id":"a9effc92-0674-4383-95d3-5541517f1366","local_time":"20210207123452","is_ascension_mode":true,"campfire_choices":[{"data":"Blade Dance","floor":6.0,"key":"SMITH"},{"data":"Masterful Stab","floor":8.0,"key":"SMITH"},{"data":"Burning Pact","floor":8.0,"key":"SMITH"},{"data":"Glass Knife","floor":15,"key":"SMITH"},{"data":"conspire:DoublingDagger","floor":15,"key":"SMITH"}],"circlet_count":0,"master_deck":["AscendersBane","Strike_G","Strike_G","Strike_G","Strike_G","Strike_G","Defend_G","Defend_G","Defend_G","Defend_G","Survivor","Neutralize","Burning Pact+1","Blade Dance+1","Flying Knee","Masterful Stab+1","Blade Dance+1","Hidden Blade","Leg Sweep","Glass Knife+1","conspire:DoublingDagger+1"],"relics":["REME_ComplimentaryCards","Black Star","Replay:Arrowhead","Anchor","White Beast Statue","qcfpunch:Black_Training_Shirt","CaptainsWheel","qcfpunch:Combat_Fatigues","The Courier"],"acts_visited":["Exordium"],"potions_floor_usage":[13,14,14,16],"damage_taken":[{"damage":13.0,"enemies":"Jaw Worm","floor":1.0,"turns":7.0},{"damage":2.0,"enemies":"2 Louse","floor":2.0,"turns":3.0},{"damage":4.0,"enemies":"Small Slimes","floor":3.0,"turns":3.0},{"damage":8.0,"enemies":"3 Louse","floor":5.0,"turns":4.0},{"damage":8.0,"enemies":"Gremlin Nob","floor":7.0,"turns":3.0},{"damage":10.0,"enemies":"3 Sentries","floor":10.0,"turns":5.0},{"damage":0,"enemies":"Exordium Wildlife","floor":12,"turns":2},{"damage":0,"enemies":"2 Fungi Beasts","floor":13,"turns":2},{"damage":0,"enemies":"Gremlin Nob","floor":14,"turns":2},{"damage":0,"enemies":"Slime Boss","floor":16,"turns":4}],"seed_played":"-3543868196414833861","potions_obtained":[{"floor":1.0,"key":"Block Potion"},{"floor":2.0,"key":"SneckoOil"},{"floor":7.0,"key":"BlessingOfTheForge"},{"floor":10.0,"key":"SteroidPotion"},{"floor":13,"key":"SkillPotion"},{"floor":14,"key":"Adrenaline Potion"}],"is_trial":false,"path_per_floor":["M","M","M","?","M","R","E","R","T","E","?","M","M","E","R","B"],"character_chosen":"THE_SILENT","items_purchased":[],"campfire_rested":0,"item_purchase_floors":[],"current_hp_per_floor":[46,44,40,40,32,32,24,24,24,14,14,14,14,14,14,14,14],"gold":362,"neow_bonus":"BOSS_RELIC","is_daily":false,"chose_seed":false,"campfire_upgraded":5,"win_rate":0.0,"timestamp":1612672492,"path_taken":["M","M","M","?","M","R","E","R","T","E","?","M","M","E","R","BOSS"],"items_purchased_type":[],"build_version":"2020-12-22","purchased_purges":0,"victory":false,"max_hp_per_floor":[66,66,66,66,66,66,66,66,66,66,66,66,66,66,66,66,66],"relic_stats":{"counters":[10,35],"Black Star":3,"obtain_stats":[{"qcfpunch:Combat_Fatigues":14,"Anchor":7,"CaptainsWheel":10,"qcfpunch:Black_Training_Shirt":10,"The Courier":14,"Black Star":0,"Replay:Arrowhead":7,"White Beast Statue":9,"Ring of the Snake":0,"REME_ComplimentaryCards":0},{"qcfpunch:Combat_Fatigues":9,"Anchor":5,"CaptainsWheel":6,"qcfpunch:Black_Training_Shirt":6,"The Courier":9,"Black Star":0,"Replay:Arrowhead":5,"White Beast Statue":5,"Ring of the Snake":0,"REME_ComplimentaryCards":0},{"qcfpunch:Combat_Fatigues":31,"Anchor":20,"CaptainsWheel":25,"qcfpunch:Black_Training_Shirt":25,"The Courier":31,"Black Star":0,"Replay:Arrowhead":20,"White Beast Statue":20,"Ring of the Snake":0,"REME_ComplimentaryCards":0}]},"card_choices":[{"not_picked":["Acrobatics","ReplayTheSpireMod:Speed Training"],"picked":"Blade Dance","floor":1.0},{"not_picked":["Footwork","PiercingWail"],"picked":"Flying Knee","floor":2.0},{"not_picked":["Draining Mist","Deflect"],"picked":"Masterful Stab","floor":3.0},{"not_picked":["PiercingWail","Poisoned Stab"],"picked":"Hidden Blade","floor":5.0},{"not_picked":["Quick Slash","Setup","Deadly Poison"],"picked":"SKIP","floor":7.0},{"not_picked":["Quick Slash","Replay:Bag of Tricks"],"picked":"Leg Sweep","floor":10.0},{"not_picked":["Prepared","Flying Knee","Hidden Blade"],"picked":"SKIP","floor":12},{"not_picked":["Poisoned Stab","Deflect"],"picked":"Glass Knife","floor":13},{"not_picked":["Slice","Reflex"],"picked":"conspire:DoublingDagger","floor":14}],"player_experience":1295683,"relics_obtained":[{"floor":7.0,"key":"Replay:Arrowhead"},{"floor":7.0,"key":"Anchor"},{"floor":9.0,"key":"White Beast Statue"},{"floor":10.0,"key":"qcfpunch:Black_Training_Shirt"},{"floor":10.0,"key":"CaptainsWheel"},{"floor":14,"key":"qcfpunch:Combat_Fatigues"},{"floor":14,"key":"The Courier"}],"event_choices":[],"is_beta":false,"boss_relics":[],"items_purged_floors":[],"is_endless":false,"potions_floor_spawned":[1,2,7,10,12,13,14],"killed_by":"Slime Boss","ascension_level":20}}