{"host":"h5acbxt0wmjo1kpm","time":1612690117,"event":{"mods":["2.2 Compatiblity","Act Like it!","AlwaysNeverKeys","Aspiration","Bard","Bartender","BaseMod","Better Third Choice","Colored Map","Downfall","Elementarium","Gensokyo","GifTheSpireLib","Hallownest","Marisa????????","Menagerie","Minty Spire (QoL Compilation)","Permanent Neow","Potionbrewer","Quick Restart","Relic Filter","Reliquary","Robot Space Explorer","RumiaBox-????????","Shade Mod","Spicy Shops","StSLib","Strawberry Spire","The Blackbeard","The Dragon Tamer","The Gatherer","The Hayseed","The Problem Sleuth","The Servant 0.9.4","Wandering Minibosses","Wide Potions"],"gold_per_floor":[99,110,121,121,121,133,157,157,157,142,160,160,2,31,50,50,50,50],"floor_reached":16,"language":"ENG","playtime":846,"items_purged":[],"score":159,"play_id":"1cf27d50-254a-41ee-b28d-ce03283b8445","local_time":"20210207012837","is_ascension_mode":true,"campfire_choices":[{"data":"sneckomod:UnknownRarePower","floor":12,"key":"SMITH"}],"circlet_count":0,"master_deck":["AscendersBane","sneckomod:Strike","sneckomod:Strike","sneckomod:Defend","sneckomod:Defend","sneckomod:TailWhip","sneckomod:SnekBite","sneckomod:Unknown","sneckomod:UnknownVulnerable","sneckomod:UnknownRarePower+1","OpoOpo_Form","sneckomod:QuickBite","sneckomod:UnknownCommonAttack","sneckomod:UnknownRarePower+1","sneckomod:ImprovisedAttack","sneckomod:UnknownWeak","sneckomod:UnknownStrike","sneckomod:UnknownRareAttack","sneckomod:UnknownRareSkill","sneckomod:UnknownRarePower+1","sneckomod:UnknownBoss","sneckomod:ImprovisedAttack"],"relics":["sneckomod:SneckoSoul","Frozen Egg 2","reliquary:PartyBalloon","Spirit Poop","sneckomod:RareBoosterPack","Bag of Marbles"],"acts_visited":["Exordium"],"potions_floor_usage":[13],"damage_taken":[{"damage":1,"enemies":"2 Louse","floor":2,"turns":2},{"damage":2,"enemies":"Small Slimes","floor":3,"turns":3},{"damage":5,"enemies":"Cultist","floor":6,"turns":3},{"damage":0,"enemies":"downfall:FleeingMerchant","floor":10,"turns":4},{"damage":21,"enemies":"Blue Slaver","floor":11,"turns":3},{"damage":10,"enemies":"downfall:FleeingMerchant","floor":13,"turns":6},{"damage":36,"enemies":"3 Sentries","floor":14,"turns":7},{"damage":12,"enemies":"Exordium Thugs","floor":15,"turns":4},{"damage":0,"enemies":"WA_ARCHETYPE_RETAIN","floor":16,"turns":1}],"seed_played":"1804229689408130986","potions_obtained":[{"floor":2,"key":"champ:CounterPotion"},{"floor":6,"key":"potionbrewer:ToxicPotion"},{"floor":14,"key":"BlessingOfTheForge"}],"is_trial":false,"path_per_floor":["R","M","M","?","?","M","T","?","?","$","M","R","$","E","M","B"],"character_chosen":"THE_SNECKO","items_purchased":["sneckomod:RareBoosterPack"],"campfire_rested":0,"item_purchase_floors":[13],"current_hp_per_floor":[81,80,78,78,78,76,76,81,81,81,60,60,50,14,2,2,2,2],"gold":50,"neow_bonus":"TRANSFORM_TWO_CARDS","is_daily":false,"chose_seed":false,"campfire_upgraded":1,"win_rate":0.0,"timestamp":1612690117,"path_taken":["R","M","M","?","?","?","T","?","?","$","M","R","$","E","M","BOSS"],"items_purchased_type":["Relic"],"build_version":"2020-12-22","purchased_purges":0,"victory":false,"max_hp_per_floor":[81,81,81,81,81,81,81,86,86,86,86,86,86,86,86,86,86,86],"card_choices":[{"not_picked":["sneckomod:UnknownBlock","sneckomod:QuickMove"],"picked":"sneckomod:QuickBite","floor":2},{"not_picked":["sneckomod:UnknownBlock","sneckomod:QuickBite"],"picked":"sneckomod:UnknownCommonAttack","floor":3},{"not_picked":["sneckomod:RainOfDice","sneckomod:SoulDraw","sneckomod:UnknownBlock"],"picked":"SKIP","floor":6},{"not_picked":["sneckomod:DiceCrush","sneckomod:UnknownBlock"],"picked":"sneckomod:ImprovisedAttack","floor":10},{"not_picked":["sneckomod:QuickBite","sneckomod:IronFang"],"picked":"sneckomod:UnknownWeak","floor":11},{"not_picked":["sneckomod:Unknown1Cost","sneckomod:QuickBite"],"picked":"sneckomod:UnknownStrike","floor":13},{"not_picked":["sneckomod:RainOfDice","sneckomod:SlitherStrike"],"picked":"sneckomod:UnknownBoss","floor":14},{"not_picked":["sneckomod:UnknownCommonSkill","sneckomod:QuickMove"],"picked":"sneckomod:ImprovisedAttack","floor":15}],"player_experience":2676845,"relics_obtained":[{"floor":7,"key":"reliquary:PartyBalloon"},{"floor":14,"key":"Bag of Marbles"}],"event_choices":[{"damage_healed":0,"gold_gain":0,"player_choice":"Donut","damage_taken":0,"max_hp_gain":5,"max_hp_loss":0,"event_name":"Big Fish","floor":8,"gold_loss":0},{"cards_removed":["Injury"],"damage_healed":0,"gold_gain":0,"player_choice":"Offered Curse","damage_taken":0,"relics_obtained":["Spirit Poop"],"max_hp_gain":0,"max_hp_loss":0,"event_name":"Bonfire Elementals","floor":9,"gold_loss":0}],"is_beta":false,"boss_relics":[],"items_purged_floors":[],"is_endless":false,"potions_floor_spawned":[2,6,14],"killed_by":"WA_ARCHETYPE_RETAIN","ascension_level":12}}