{"host":"osk2oboccoevp2u5","time":1612657110,"event":{"mods":["AchievementEnabler","Alarm Clock","BaseMod","Colored Powertips","Disable Question Mark Monsters","Displayed Cursed Tome","Key Reminder","Minty Spire (QoL Compilation)","Potion Indicator Mod","Quick Restart","Rare Cards Sparkle","Reorder Act Four","StSLib","The Cursed","Useless Jewels Mod"],"gold_per_floor":[119,119,138,11,21,21,33,60,60,93,105,117,144,10,10,106,106,125,137,137,147,22,22,34,45,45,45,73,90,106,106,106,106,106],"floor_reached":33,"language":"ENG","playtime":3030,"items_purged":["Regret","TheCursedMod:Strike_TheCursed","TheCursedMod:Strike_TheCursed"],"score":477,"play_id":"af458d56-018b-4c57-a297-4c5708437f27","local_time":"20210206201830","is_ascension_mode":true,"campfire_choices":[{"data":"TheCursedMod:CursedWand","floor":6,"key":"SMITH"},{"floor":12,"key":"REST"},{"floor":15,"key":"REST"},{"floor":23,"key":"REST"},{"data":"TheCursedMod:CleanUpWorkshop","floor":27,"key":"SMITH"},{"floor":32,"key":"REST"}],"circlet_count":0,"master_deck":["TheCursedMod:Strike_TheCursed+1","TheCursedMod:Strike_TheCursed+1","TheCursedMod:Defend_TheCursed","TheCursedMod:Defend_TheCursed","TheCursedMod:CursedWand+1","TheCursedMod:CleanUpWorkshop+1","TheCursedMod:Dregs","TheCursedMod:FleshFromBone","TheCursedMod:RavingStaff+1","TheCursedMod:CursedBlade+1","TheCursedMod:CursedMace+1","TheCursedMod:CursedMace+1","TheCursedMod:CursedMace+1","TheCursedMod:RavingStaff+1","TheCursedMod:StunningStrike+1","TheCursedMod:SurpriseAttack+1","TheCursedMod:CursedBlade+1","TheCursedMod:SurpriseAttack+1","TheCursedMod:SpreadPlague","TheCursedMod:CircleOfWindfury"],"relics":["TheCursedMod:BlackMagic101","NeowsBlessing","Molten Egg 2","Ancient Tea Set","Sundial","MawBank","Sozu","TheCursedMod:DemonicMark","Whetstone","Girya"],"acts_visited":["Exordium","TheCity"],"potions_floor_usage":[10,13,16,18],"damage_taken":[{"damage":0,"enemies":"Cultist","floor":1,"turns":1},{"damage":0,"enemies":"2 Louse","floor":3,"turns":1},{"damage":0,"enemies":"Jaw Worm","floor":5,"turns":1},{"damage":6,"enemies":"Red Slaver","floor":7,"turns":3},{"damage":20,"enemies":"Gremlin Nob","floor":8,"turns":4},{"damage":24,"enemies":"Lagavulin","floor":10,"turns":6},{"damage":3,"enemies":"Gremlin Gang","floor":13,"turns":2},{"damage":0,"enemies":"Slime Boss","floor":16,"turns":6},{"damage":22,"enemies":"3 Byrds","floor":18,"turns":5},{"damage":6,"enemies":"Spheric Guardian","floor":19,"turns":3},{"damage":4,"enemies":"Centurion and Healer","floor":21,"turns":4},{"damage":0,"enemies":"Snecko","floor":24,"turns":2},{"damage":0,"enemies":"Snake Plant","floor":25,"turns":2},{"damage":36,"enemies":"Slavers","floor":28,"turns":3},{"damage":38,"enemies":"Shelled Parasite and Fungi","floor":29,"turns":4},{"damage":20,"enemies":"Cultist and Chosen","floor":30,"turns":4},{"damage":10,"enemies":"Champ","floor":33,"turns":7}],"seed_played":"4967427506136428638","potions_obtained":[{"floor":3,"key":"Explosive Potion"},{"floor":5,"key":"BlessingOfTheForge"},{"floor":10,"key":"Energy Potion"},{"floor":16,"key":"SpeedPotion"}],"is_trial":false,"path_per_floor":["M","?","M","$","M","R","M","E","T","E","?","R","M","$","R","B",null,"M","M","T","M","$","R","M","M","T","R","E","M","M","?","R","B"],"character_chosen":"THE_CURSED","items_purchased":["TheCursedMod:CursedBlade+1","TheCursedMod:RavingStaff+1"],"campfire_rested":4,"item_purchase_floors":[4,14],"current_hp_per_floor":[68,68,68,68,68,68,62,42,42,18,18,40,37,37,59,59,71,49,43,43,39,39,61,61,61,61,61,25,55,35,35,57,47,47],"gold":106,"neow_bonus":"THREE_ENEMY_KILL","is_daily":false,"chose_seed":false,"campfire_upgraded":2,"win_rate":0.0,"timestamp":1612657110,"path_taken":["M","?","M","$","M","R","M","E","T","E","?","R","M","?","R","BOSS","M","M","?","M","$","R","M","M","T","R","E","M","?","?","R","BOSS"],"items_purchased_type":["Card","Card"],"build_version":"2020-12-22","purchased_purges":3,"victory":false,"max_hp_per_floor":[75,75,75,75,75,75,75,75,75,75,75,75,75,75,75,75,75,75,75,75,75,75,75,75,75,75,75,75,75,75,75,75,75,75],"card_choices":[{"not_picked":["TheCursedMod:CursedShiv","TheCursedMod:SpitefulPray"],"picked":"TheCursedMod:FleshFromBone","floor":1},{"not_picked":["TheCursedMod:SurpriseAttack+1","TheCursedMod:SaltUponWound"],"picked":"TheCursedMod:RavingStaff+1","floor":3},{"not_picked":["TheCursedMod:SmokeScreen","TheCursedMod:RapidMovement"],"picked":"TheCursedMod:CursedMace+1","floor":5},{"not_picked":["TheCursedMod:ReleasedKnowledge","TheCursedMod:HellsGateOpen"],"picked":"TheCursedMod:CursedMace+1","floor":7},{"not_picked":["TheCursedMod:Stigma+1","TheCursedMod:Torture","TheCursedMod:WearCloak"],"picked":"SKIP","floor":8},{"not_picked":["TheCursedMod:Stigma+1","TheCursedMod:ManaBullet+1","TheCursedMod:Mangle+1"],"picked":"SKIP","floor":10},{"not_picked":["TheCursedMod:SmokeScreen","TheCursedMod:CircleOfWindfury"],"picked":"TheCursedMod:CursedMace+1","floor":13},{"not_picked":["TheCursedMod:VoidForm","TheCursedMod:NeowsMight"],"picked":"TheCursedMod:StunningStrike+1","floor":16},{"not_picked":["TheCursedMod:CursedMace+1","TheCursedMod:SaltUponWound","TheCursedMod:BloodBarrier"],"picked":"SKIP","floor":18},{"not_picked":["TheCursedMod:CircleOfAmplification","TheCursedMod:BloodBarrier"],"picked":"TheCursedMod:SurpriseAttack+1","floor":19},{"not_picked":["TheCursedMod:CursedMace+1","TheCursedMod:AshesToAshes","TheCursedMod:FuryStrike+1"],"picked":"SKIP","floor":21},{"not_picked":["TheCursedMod:AbyssShockwave+1","TheCursedMod:SpitefulStrike+1"],"picked":"TheCursedMod:CursedBlade+1","floor":24},{"not_picked":["TheCursedMod:Torture","TheCursedMod:Evocation","TheCursedMod:NeowsMight"],"picked":"SKIP","floor":25},{"not_picked":["TheCursedMod:CursedSpellbook","TheCursedMod:CursedShiv+1"],"picked":"TheCursedMod:SurpriseAttack+1","floor":28},{"not_picked":["TheCursedMod:Wield+1","TheCursedMod:VitalStrike+1","TheCursedMod:CursedAmulet+1"],"picked":"SKIP","floor":29},{"not_picked":["TheCursedMod:CursedAmulet","TheCursedMod:PrepareRite","TheCursedMod:CollectTribute"],"picked":"SKIP","floor":30}],"player_experience":970513,"relics_obtained":[{"floor":8,"key":"Ancient Tea Set"},{"floor":9,"key":"Sundial"},{"floor":10,"key":"MawBank"},{"floor":20,"key":"TheCursedMod:DemonicMark"},{"floor":26,"key":"Whetstone"},{"floor":28,"key":"Girya"}],"event_choices":[{"damage_healed":0,"gold_gain":0,"player_choice":"Box","damage_taken":0,"relics_obtained":["Molten Egg 2"],"max_hp_gain":0,"max_hp_loss":0,"event_name":"Big Fish","floor":2,"gold_loss":0,"cards_obtained":["Regret"]},{"damage_healed":0,"gold_gain":0,"player_choice":"Ignored","damage_taken":0,"max_hp_gain":0,"max_hp_loss":0,"event_name":"Fountain of Cleansing","floor":11,"gold_loss":0},{"damage_healed":0,"gold_gain":0,"cards_transformed":["TheCursedMod:Defend_TheCursed","TheCursedMod:Defend_TheCursed"],"player_choice":"Became Test Subject","damage_taken":0,"max_hp_gain":0,"max_hp_loss":0,"event_name":"Drug Dealer","floor":31,"gold_loss":0,"cards_obtained":["TheCursedMod:SpreadPlague","TheCursedMod:CircleOfWindfury"]}],"is_beta":false,"boss_relics":[{"not_picked":["Cursed Key","TheCursedMod:FourLeafCloverCharm"],"picked":"Sozu"}],"items_purged_floors":[4,14,22],"is_endless":false,"potions_floor_spawned":[3,5,10,16,24,28,29,30],"killed_by":"Champ","ascension_level":9}}