{"host":"ydh61a5ftgdajrbo","time":1612669680,"event":{"mods":["BaseMod","Colored Map","DeckTracker","Downfall","Koishi","Marisa¡]Ãú«B¡@Å]²z¨F¡^","Minty Spire (QoL Compilation)","Spire Arcade","StSLib","The Administrix","The Animator","The Cursed","The Mystic","The Servant 0.9.4"],"gold_per_floor":[112,112,138,151,169,213,213,238,287,299,334,346,358,370,382,494,506,517,560,586,538,46,46,54,54],"floor_reached":24,"language":"ZHS","playtime":2091,"items_purged":["animator:Strike"],"score":221,"play_id":"ab7c7a6f-e482-4b6b-8bf8-b1f92d8d319d","local_time":"20210207114800","is_ascension_mode":false,"campfire_choices":[{"data":"animator:Aqua","floor":7.0,"key":"SMITH"},{"data":"animator:DolaSchwi","floor":15,"key":"SMITH"},{"floor":23,"key":"REST"}],"circlet_count":0,"master_deck":["animator:Strike_Konosuba+1","animator:Defend_Konosuba","animator:Strike","animator:Strike","animator:Defend","animator:Defend","animator:Defend","animator:Kazuma","animator:Aqua+1","animator:Kaijin","animator:Berserker","animator:DolaSchwi+1","animator:Chris","animator:DolaRiku","animator:Verdia","animator:GoblinSlayer","animator:WinryRockbell","animator:Vanir","animator:Gilgamesh+1","animator:GuildGirl"],"relics":["animator:LivingPicture","animator:TheMissingPiece","animator:PurgingStone","sneckomod:BlankCard","Art of War","Mango","MawBank","Ancient Tea Set","Smiling Mask","sneckomod:SneckoTalon","Darkstone Periapt","Oddly Smooth Stone","Molten Egg 2"],"acts_visited":["Exordium","TheCity"],"potions_floor_usage":[],"damage_taken":[{"damage":0.0,"enemies":"2 Louse","floor":1.0,"turns":4.0},{"damage":0.0,"enemies":"Small Slimes","floor":4.0,"turns":4.0},{"damage":0.0,"enemies":"Cultist","floor":5.0,"turns":4.0},{"damage":19.0,"enemies":"3 Sentries","floor":6.0,"turns":8.0},{"damage":19.0,"enemies":"Large Slime","floor":8.0,"turns":6.0},{"damage":2,"enemies":"Exordium Wildlife","floor":11,"turns":5},{"damage":37,"enemies":"Slime Boss","floor":16,"turns":9},{"damage":23,"enemies":"2 Thieves","floor":18,"turns":4},{"damage":23,"enemies":"3 Byrds","floor":19,"turns":6},{"damage":18,"enemies":"Snake Plant","floor":20,"turns":6},{"damage":54,"enemies":"Book of Stabbing","floor":24,"turns":6}],"seed_played":"-334795127620954954","potions_obtained":[{"floor":1.0,"key":"Dexterity Potion"},{"floor":4.0,"key":"Ancient Potion"},{"floor":6.0,"key":"GamblersBrew"}],"is_trial":false,"path_per_floor":["M","?","T","M","M","E","R","M","T","?","M","$","?","?","R","B",null,"M","M","M","?","$","R","E"],"character_chosen":"THE_ANIMATOR","items_purchased":["Oddly Smooth Stone","Molten Egg 2","animator:GuildGirl"],"campfire_rested":1,"item_purchase_floors":[22,22,22],"current_hp_per_floor":[72,72,72,72,72,69,69,53,53,53,55,55,60,53,53,19,92,72,52,37,37,37,64,13,13],"gold":54,"neow_bonus":"TEN_PERCENT_HP_BONUS","is_daily":false,"chose_seed":false,"campfire_upgraded":2,"win_rate":0.0,"timestamp":1612669680,"path_taken":["M","?","?","M","M","E","R","M","T","?","M","$","?","?","R","BOSS","M","M","M","?","$","R","E"],"items_purchased_type":["Relic","Relic","Card"],"build_version":"2020-12-22","purchased_purges":1,"victory":false,"max_hp_per_floor":[72,72,72,72,72,86,86,86,86,86,87,87,92,92,92,92,92,92,92,92,92,92,92,92,92],"card_choices":[{"not_picked":["animator:Ain","animator:EmiyaShirou"],"picked":"animator:Kaijin","floor":1.0},{"not_picked":["animator:Geryuganshoop","animator:Illya"],"picked":"animator:Berserker","floor":4.0},{"not_picked":["animator:Pride","animator:Gluttony"],"picked":"animator:DolaSchwi","floor":5.0},{"not_picked":["animator:Verdia","animator:Kazuma"],"picked":"animator:Chris","floor":6.0},{"not_picked":["animator:LizardPriest","animator:DolaSchwi"],"picked":"animator:DolaRiku","floor":8.0},{"not_picked":["animator:Chung","animator:DolaRiku"],"picked":"animator:Verdia","floor":11},{"not_picked":["animator:Wiz","animator:Ainz"],"picked":"animator:GoblinSlayer","floor":16},{"not_picked":["animator:Elsword","animator:Alexander"],"picked":"animator:WinryRockbell","floor":18},{"not_picked":["animator:Verdia","animator:Kazuma"],"picked":"animator:Vanir","floor":19},{"not_picked":["animator:IzunaHatsuse","animator:FielNirvalen"],"picked":"animator:Gilgamesh","floor":20}],"player_experience":365254,"relics_obtained":[{"floor":3.0,"key":"Art of War"},{"floor":6.0,"key":"Mango"},{"floor":9.0,"key":"MawBank"}],"event_choices":[{"damage_healed":0,"gold_gain":0,"player_choice":"Searched \u00272\u0027 times","damage_taken":0,"relics_obtained":["Ancient Tea Set"],"max_hp_gain":0,"max_hp_loss":0,"event_name":"Dead Adventurer","floor":10,"gold_loss":0},{"damage_healed":0,"gold_gain":0,"player_choice":"Donut","damage_taken":0,"max_hp_gain":5,"max_hp_loss":0,"event_name":"Big Fish","floor":13,"gold_loss":0},{"damage_healed":0,"gold_gain":0,"player_choice":"Success","damage_taken":7,"relics_obtained":["Smiling Mask"],"max_hp_gain":0,"max_hp_loss":0,"event_name":"Scrap Ooze","floor":14,"gold_loss":0},{"damage_healed":0,"gold_gain":0,"player_choice":"Obtained Relic","damage_taken":0,"relics_obtained":["Darkstone Periapt"],"max_hp_gain":0,"max_hp_loss":0,"event_name":"Addict","floor":21,"gold_loss":85}],"is_beta":false,"boss_relics":[{"not_picked":["Tiny House","Ectoplasm"],"picked":"sneckomod:SneckoTalon"}],"items_purged_floors":[22],"is_endless":false,"potions_floor_spawned":[1,4,6,11,16,18],"killed_by":"Book of Stabbing","ascension_level":0}}