{"host":"lly094a91h6n5nv5","time":1612663757,"event":{"mods":["AchievementEnabler","BaseMod","Block Reminder","Colored Map","Minty Spire (QoL Compilation)"],"gold_per_floor":[114,114,114,126,140,140,166,166,166,97,126,126,157,0,0,97,97,112,112,33,33,33,65,77,104,104,118,13,13,28,58,58,159,159,175,193,210,210,89,89,114,114,114,134,162,15,15,65,65,65],"floor_reached":51,"language":"ENG","playtime":3829,"items_purged":[],"score":1310,"play_id":"6c2c6147-d879-45e0-8f3c-6e0ca3b15dfa","local_time":"20210206200917","is_ascension_mode":true,"campfire_choices":[{"data":"Zap","floor":6,"key":"SMITH"},{"data":"Sweeping Beam","floor":8,"key":"SMITH"},{"data":"Glacier","floor":12,"key":"SMITH"},{"data":"Darkness","floor":15,"key":"SMITH"},{"data":"White Noise","floor":29,"key":"SMITH"},{"data":"Coolheaded","floor":32,"key":"SMITH"},{"data":"Hologram","floor":40,"key":"SMITH"},{"data":"Undo","floor":42,"key":"SMITH"},{"data":"Redo","floor":49,"key":"SMITH"}],"circlet_count":0,"master_deck":["Strike_B","Strike_B","Strike_B","Strike_B","Defend_B+1","Defend_B","Defend_B+1","Defend_B","Zap+1","Dualcast+1","Sweeping Beam+1","Glacier+1","Buffer+1","Conserve Battery","Defragment+1","Loop+1","Darkness+1","Coolheaded+1","Echo Form+1","White Noise+1","Coolheaded+1","Undo+1","Self Repair+1","Loop+1","Redo+1","Undo+1","BootSequence+1","Hologram+1","Defragment+1","Redo+1","Panacea","Redo+1"],"relics":["Cracked Core","NeowsBlessing","Frozen Egg 2","Juzu Bracelet","Symbiotic Virus","Mango","Mummified Hand","Membership Card","Inserter","Orrery","War Paint","InkBottle","The Courier","Eternal Feather","Cables","Cursed Key","Bottled Lightning","Kunai","Pear","DollysMirror","Happy Flower","Incense Burner"],"acts_visited":["Exordium","TheCity","TheBeyond"],"potions_floor_usage":[25,33,37,45,45,50,50,50,50,50],"damage_taken":[{"damage":0,"enemies":"2 Louse","floor":1,"turns":1},{"damage":0,"enemies":"Small Slimes","floor":4,"turns":1},{"damage":0,"enemies":"Cultist","floor":5,"turns":1},{"damage":0,"enemies":"Lagavulin","floor":7,"turns":7},{"damage":0,"enemies":"Gremlin Nob","floor":11,"turns":4},{"damage":0,"enemies":"Lagavulin","floor":13,"turns":6},{"damage":0,"enemies":"The Guardian","floor":16,"turns":8},{"damage":14,"enemies":"Spheric Guardian","floor":18,"turns":5},{"damage":16,"enemies":"Book of Stabbing","floor":23,"turns":5},{"damage":0,"enemies":"Chosen","floor":24,"turns":7},{"damage":16,"enemies":"Slavers","floor":25,"turns":5},{"damage":0,"enemies":"3 Cultists","floor":27,"turns":6},{"damage":0,"enemies":"Centurion and Healer","floor":30,"turns":5},{"damage":11,"enemies":"Gremlin Leader","floor":31,"turns":6},{"damage":0,"enemies":"Champ","floor":33,"turns":7},{"damage":0,"enemies":"Orb Walker","floor":35,"turns":4},{"damage":14,"enemies":"3 Shapes","floor":36,"turns":5},{"damage":5,"enemies":"3 Darklings","floor":37,"turns":5},{"damage":0,"enemies":"Giant Head","floor":41,"turns":8},{"damage":0,"enemies":"Writhing Mass","floor":44,"turns":3},{"damage":20,"enemies":"Reptomancer","floor":45,"turns":11},{"damage":15,"enemies":"Mind Bloom Boss Battle","floor":48,"turns":3},{"damage":18,"enemies":"Donu and Deca","floor":50,"turns":8}],"seed_played":"1447816591848661921","potions_obtained":[{"floor":7,"key":"DuplicationPotion"},{"floor":11,"key":"DistilledChaos"},{"floor":16,"key":"EssenceOfSteel"},{"floor":30,"key":"EntropicBrew"},{"floor":35,"key":"EssenceOfSteel"},{"floor":37,"key":"Block Potion"},{"floor":48,"key":"FearPotion"}],"is_trial":false,"path_per_floor":["M","?","?","M","M","R","E","R","T","$","E","R","E","$","R","B",null,"M","?","$","?","$","E","M","E","T","M","$","R","M","E","R","B",null,"M","M","M","T","$","R","E","R","T","M","E","$","?","?","R","B",null],"character_chosen":"DEFECT","items_purchased":["Defragment+1","Membership Card","Coolheaded","Orrery","Eternal Feather","Bottled Lightning","Hologram","DollysMirror","Ancient Potion","Happy Flower"],"campfire_rested":0,"item_purchase_floors":[10,14,14,20,28,39,39,46,46,46],"current_hp_per_floor":[68,61,61,61,61,61,61,61,61,61,75,75,75,75,75,75,86,72,72,72,72,72,56,76,70,70,80,80,89,89,88,89,89,89,89,85,89,89,89,89,89,89,89,89,99,99,89,74,92,84],"gold":65,"neow_bonus":"THREE_ENEMY_KILL","is_daily":false,"chose_seed":false,"campfire_upgraded":9,"win_rate":0.0,"timestamp":1612663757,"path_taken":["M","?","?","?","?","R","E","R","T","?","E","R","E","$","R","BOSS","M","?","$","?","?","E","M","E","T","M","$","R","M","E","R","BOSS","M","M","M","?","?","R","E","R","T","M","E","$","?","?","R","BOSS"],"items_purchased_type":["Card","Relic","Card","Relic","Relic","Relic","Card","Relic","Potion","Relic"],"build_version":"2020-12-22","purchased_purges":0,"victory":true,"max_hp_per_floor":[75,75,75,75,75,75,75,75,75,75,89,89,89,89,89,89,89,89,89,89,89,89,89,89,89,89,89,89,89,89,89,89,89,89,89,89,89,89,89,89,89,89,89,89,99,99,99,99,99,99],"card_choices":[{"not_picked":["Cold Snap","Steam"],"picked":"Sweeping Beam","floor":1},{"not_picked":["Coolheaded","Hologram"],"picked":"Glacier","floor":4},{"not_picked":["Steam","Scrape"],"picked":"Buffer+1","floor":5},{"not_picked":["Turbo","Beam Cell"],"picked":"Conserve Battery","floor":7},{"not_picked":["Rainbow","Ball Lightning"],"picked":"Loop+1","floor":11},{"not_picked":["Beam Cell","Redo"],"picked":"Darkness","floor":13},{"not_picked":["Amplify","Reboot"],"picked":"Echo Form+1","floor":16},{"not_picked":["Gash","Ball Lightning"],"picked":"White Noise","floor":18},{"not_picked":["Electrodynamics+1","Beam Cell"],"picked":"Coolheaded+1","floor":20},{"not_picked":["Rebound","Sweeping Beam"],"picked":"Undo+1","floor":20},{"not_picked":["Reprogram","Skim+1"],"picked":"Self Repair+1","floor":23},{"not_picked":["Fusion","Barrage","Rebound+1"],"picked":"SKIP","floor":24},{"not_picked":["Rip and Tear","Hologram"],"picked":"Loop+1","floor":25},{"not_picked":["Ball Lightning","Hologram","Steam"],"picked":"SKIP","floor":27},{"not_picked":["Chaos","BootSequence"],"picked":"Redo+1","floor":30},{"not_picked":["Rebound","Barrage","Turbo"],"picked":"SKIP","floor":31},{"not_picked":["Hello World+1","Streamline+1"],"picked":"Undo","floor":35},{"not_picked":["Sweeping Beam+1","Turbo","Barrage+1"],"picked":"SKIP","floor":36},{"not_picked":["Hologram","Melter+1"],"picked":"BootSequence+1","floor":37},{"not_picked":["Darkness+1","Redo+1"],"picked":"Defragment+1","floor":41},{"not_picked":["Tempest+1","Recycle","Blizzard"],"picked":"SKIP","floor":44},{"not_picked":["Heatsinks+1","Force Field+1","Sweeping Beam+1"],"picked":"SKIP","floor":45},{"not_picked":["Trip","Dramatic Entrance"],"picked":"Panacea","floor":47},{"not_picked":["Melter+1","Self Repair+1"],"picked":"Redo","floor":48}],"player_experience":177126,"relics_obtained":[{"floor":7,"key":"Juzu Bracelet"},{"floor":9,"key":"Symbiotic Virus"},{"floor":11,"key":"Mango"},{"floor":13,"key":"Mummified Hand"},{"floor":23,"key":"War Paint"},{"floor":25,"key":"InkBottle"},{"floor":26,"key":"The Courier"},{"floor":31,"key":"Cables"},{"floor":41,"key":"Kunai"},{"floor":45,"key":"Pear"},{"floor":48,"key":"Incense Burner"}],"event_choices":[{"damage_healed":0,"gold_gain":0,"player_choice":"Success","damage_taken":7,"relics_obtained":["Frozen Egg 2"],"max_hp_gain":0,"max_hp_loss":0,"event_name":"Scrap Ooze","floor":2,"gold_loss":0},{"damage_healed":0,"gold_gain":0,"player_choice":"Upgraded","damage_taken":0,"max_hp_gain":0,"max_hp_loss":0,"event_name":"Upgrade Shrine","floor":3,"gold_loss":0,"cards_upgraded":["Dualcast"]},{"damage_healed":0,"gold_gain":0,"player_choice":"Ignored","damage_taken":0,"max_hp_gain":0,"max_hp_loss":0,"event_name":"Beggar","floor":19,"gold_loss":0},{"damage_healed":0,"gold_gain":0,"player_choice":"Ignored","damage_taken":0,"max_hp_gain":0,"max_hp_loss":0,"event_name":"Ghosts","floor":21,"gold_loss":0},{"damage_healed":0,"gold_gain":0,"player_choice":"Memory 3","damage_taken":10,"max_hp_gain":0,"max_hp_loss":0,"event_name":"SensoryStone","floor":47,"gold_loss":0},{"damage_healed":0,"gold_gain":0,"player_choice":"Fight","damage_taken":0,"max_hp_gain":0,"max_hp_loss":0,"event_name":"MindBloom","floor":48,"gold_loss":0}],"is_beta":false,"boss_relics":[{"not_picked":["Runic Pyramid","Nuclear Battery"],"picked":"Inserter"},{"not_picked":["Empty Cage","Sozu"],"picked":"Cursed Key"}],"items_purged_floors":[],"is_endless":false,"potions_floor_spawned":[7,11,16,18,30,35,37,48],"ascension_level":7}}