{"host":"t4313i2190y6fz3q","time":1612736844,"event":{"mods":["2.2 Compatiblity","AchievementEnabler","Act Like it!","BaseMod","Colored Powertips","Minty Spire (QoL Compilation)","Permanent Neow","Quick Restart","Rare Cards Sparkle","StSLib"],"gold_per_floor":[112,132,142,106,106,106,138,138,138,151,161,161,194,30,30,104,104,118,134,144,194,60,60,90,90,90,104,104,134,150,181,181,253,253,290,17,67,109,16,47,47,88,88,88,98,131,131,162,162,162,162],"floor_reached":52,"language":"ENG","playtime":1935,"items_purged":["Strike_P","LessonLearned+1"],"score":2166,"play_id":"150cf4ac-08f2-406b-8027-62940ecbab9f","local_time":"20210207142724","is_ascension_mode":true,"campfire_choices":[{"data":"Eruption","floor":6.0,"key":"SMITH"},{"data":"Vigilance","floor":8.0,"key":"SMITH"},{"data":"Defend_P","floor":12.0,"key":"SMITH"},{"data":"Wireheading","floor":15.0,"key":"SMITH"},{"floor":23.0,"key":"REST"},{"floor":25.0,"key":"REST"},{"data":"Omniscience","floor":28.0,"key":"SMITH"},{"floor":32.0,"key":"REST"},{"data":"Meditate","floor":41.0,"key":"SMITH"},{"data":"Establishment","floor":44.0,"key":"SMITH"},{"data":"MentalFortress","floor":47.0,"key":"SMITH"},{"floor":49.0,"key":"REST"}],"circlet_count":0,"master_deck":["AscendersBane","Eruption+1","Vigilance+1","CurseOfTheBell","Consecrate+1","CutThroughFate+1","CutThroughFate+1","TalkToTheHand+1","Tantrum+1","EmptyFist+1","Wireheading+1","Omniscience+1","Indignation+1","MentalFortress+1","Wallop+1","Adaptation","WindmillStrike+1","WheelKick+1","Wish+1","InnerPeace","Protect","Ragnarok+1","LikeWater+1","Establishment+1","WindmillStrike+1","TalkToTheHand+1","Meditate+1","FlurryOfBlows+1"],"relics":["Calling Bell","Bronze Scales","Molten Egg 2","StoneCalendar","Pantograph","Smiling Mask","TeardropLocket","Melange","Cursed Key","Oddly Smooth Stone","PreservedInsect","Du-Vu Doll","Pandora\u0027s Box","Kunai","Calipers","Bag of Marbles","Ancient Tea Set","Nunchaku"],"acts_visited":["Exordium","TheCity","TheBeyond"],"potions_floor_usage":[51],"damage_taken":[{"damage":7.0,"enemies":"Cultist","floor":1.0,"turns":3.0},{"damage":2.0,"enemies":"2 Louse","floor":2.0,"turns":3.0},{"damage":0.0,"enemies":"Jaw Worm","floor":3.0,"turns":4.0},{"damage":20.0,"enemies":"3 Sentries","floor":7.0,"turns":3.0},{"damage":5.0,"enemies":"Looter","floor":10.0,"turns":2.0},{"damage":5.0,"enemies":"3 Louse","floor":11.0,"turns":4.0},{"damage":0.0,"enemies":"Lagavulin","floor":13.0,"turns":4.0},{"damage":36.0,"enemies":"Slime Boss","floor":16.0,"turns":5.0},{"damage":0.0,"enemies":"3 Byrds","floor":18.0,"turns":3.0},{"damage":0.0,"enemies":"Shell Parasite","floor":19.0,"turns":1.0},{"damage":32.0,"enemies":"Shelled Parasite and Fungi","floor":20.0,"turns":3.0},{"damage":19.0,"enemies":"Book of Stabbing","floor":24.0,"turns":4.0},{"damage":0.0,"enemies":"3 Cultists","floor":27.0,"turns":3.0},{"damage":42.0,"enemies":"Slavers","floor":29.0,"turns":5.0},{"damage":0.0,"enemies":"Centurion and Healer","floor":30.0,"turns":4.0},{"damage":0.0,"enemies":"Gremlin Leader","floor":31.0,"turns":2.0},{"damage":12.0,"enemies":"Champ","floor":33.0,"turns":7.0},{"damage":0.0,"enemies":"3 Darklings","floor":35.0,"turns":2.0},{"damage":0.0,"enemies":"Mind Bloom Boss Battle","floor":37.0,"turns":3.0},{"damage":0.0,"enemies":"3 Shapes","floor":38.0,"turns":4.0},{"damage":1.0,"enemies":"Reptomancer","floor":40.0,"turns":3.0},{"damage":0.0,"enemies":"Transient","floor":42.0,"turns":6.0},{"damage":0.0,"enemies":"3 Darklings","floor":45.0,"turns":3.0},{"damage":6.0,"enemies":"Giant Head","floor":46.0,"turns":4.0},{"damage":0.0,"enemies":"Nemesis","floor":48.0,"turns":1.0},{"damage":8.0,"enemies":"Time Eater","floor":50.0,"turns":5.0},{"damage":38,"enemies":"Awakened One","floor":51,"turns":8}],"seed_played":"-6487315316748327763","potions_obtained":[{"floor":1.0,"key":"GamblersBrew"},{"floor":7.0,"key":"Swift Potion"},{"floor":10.0,"key":"Regen Potion"},{"floor":13.0,"key":"GamblersBrew"},{"floor":18.0,"key":"BottledMiracle"},{"floor":29.0,"key":"FearPotion"},{"floor":30.0,"key":"EntropicBrew"},{"floor":31.0,"key":"Fruit Juice"},{"floor":33.0,"key":"Explosive Potion"},{"floor":37.0,"key":"FearPotion"},{"floor":45.0,"key":"DuplicationPotion"}],"is_trial":false,"path_per_floor":["M","M","M","$","?","R","E","R","T","M","M","R","E","$","R","B",null,"M","M","M","?","$","R","E","R","T","M","R","E","M","E","R","B",null,"M","$","?","M","$","E","R","M","T","R","M","E","R","E","R","B","B",null],"character_chosen":"WATCHER","items_purchased":["TalkToTheHand+1","Melange","Wallop+1","Kunai","Meditate"],"campfire_rested":4,"item_purchase_floors":[4,14,22,36,39],"current_hp_per_floor":[54,52,52,52,52,52,32,32,32,27,34,34,34,34,34,23,57,57,57,25,25,25,45,26,46,46,46,46,4,4,4,24,37,60,60,60,68,68,68,67,67,67,67,67,72,66,66,66,73,65,35],"gold":162,"neow_bonus":"BOSS_RELIC","is_daily":false,"chose_seed":false,"campfire_upgraded":8,"win_rate":0.0,"timestamp":1612736844,"path_taken":["M","M","?","$","?","R","E","R","T","M","M","R","E","$","R","BOSS","M","M","M","?","$","R","E","R","T","M","R","E","M","E","R","BOSS","M","$","?","M","$","E","R","M","T","R","M","E","R","E","R","BOSS","BOSS"],"items_purchased_type":["Card","Relic","Card","Relic","Card"],"build_version":"2020-12-22","purchased_purges":2,"victory":true,"max_hp_per_floor":[68,68,68,68,68,68,68,68,68,68,68,68,68,68,68,68,68,68,68,68,68,68,68,68,68,68,68,68,68,68,68,68,68,68,68,68,68,68,68,68,68,68,68,68,73,73,73,73,73,73,73],"card_choices":[{"not_picked":["CutThroughFate+1","JustLucky+1"],"picked":"Consecrate+1","floor":1.0},{"not_picked":["Fasting2","Consecrate+1"],"picked":"CutThroughFate+1","floor":2.0},{"not_picked":["PathToVictory","Crescendo"],"picked":"CutThroughFate+1","floor":3.0},{"not_picked":["BowlingBash+1","Adaptation","WreathOfFlame"],"picked":"SKIP","floor":7.0},{"not_picked":["ThirdEye","Indignation"],"picked":"Tantrum+1","floor":10.0},{"not_picked":["JustLucky+1","BowlingBash+1"],"picked":"EmptyFist+1","floor":11.0},{"not_picked":["Judgement","Collect"],"picked":"Wireheading","floor":13.0},{"not_picked":["Blasphemy","LessonLearned+1"],"picked":"Omniscience","floor":16.0},{"not_picked":["Swivel","Tantrum+1"],"picked":"Indignation+1","floor":18.0},{"not_picked":["Prostrate","Crescendo","Pray"],"picked":"SKIP","floor":19.0},{"not_picked":["BattleHymn","JustLucky+1"],"picked":"MentalFortress","floor":20.0},{"not_picked":["Halt","ReachHeaven+1"],"picked":"Adaptation","floor":24.0},{"not_picked":["Sanctity","DeceiveReality"],"picked":"WindmillStrike+1","floor":27.0},{"not_picked":["FollowUp+1","Consecrate+1","ForeignInfluence"],"picked":"SKIP","floor":29.0},{"not_picked":["Consecrate+1","ThirdEye","Halt"],"picked":"SKIP","floor":30.0},{"not_picked":["BowlingBash+1","EmptyFist+1"],"picked":"WheelKick+1","floor":31.0},{"not_picked":["Omniscience","Ragnarok+1"],"picked":"Wish","floor":33.0},{"not_picked":["Vengeance+1","Tantrum+1"],"picked":"TalkToTheHand+1","floor":35.0},{"not_picked":["Nirvana","Judgement","Halt"],"picked":"SKIP","floor":38.0},{"not_picked":["Meditate","Protect","Evaluate"],"picked":"SKIP","floor":40.0},{"not_picked":["Perseverance","SashWhip+1","Crescendo"],"picked":"SKIP","floor":42.0},{"not_picked":["Halt","Wireheading"],"picked":"FlurryOfBlows+1","floor":45.0},{"not_picked":["SashWhip+1","ReachHeaven+1","EmptyFist+1"],"picked":"SKIP","floor":46.0},{"not_picked":["SandsOfTime+1","Protect","DeceiveReality"],"picked":"SKIP","floor":48.0}],"player_experience":191053,"relics_obtained":[{"floor":0.0,"key":"Bronze Scales"},{"floor":0.0,"key":"Molten Egg 2"},{"floor":0.0,"key":"StoneCalendar"},{"floor":7.0,"key":"Pantograph"},{"floor":9.0,"key":"Smiling Mask"},{"floor":13.0,"key":"TeardropLocket"},{"floor":24.0,"key":"Oddly Smooth Stone"},{"floor":29.0,"key":"PreservedInsect"},{"floor":31.0,"key":"Du-Vu Doll"},{"floor":37.0,"key":"Calipers"},{"floor":40.0,"key":"Bag of Marbles"},{"floor":46.0,"key":"Ancient Tea Set"},{"floor":48.0,"key":"Nunchaku"}],"event_choices":[{"damage_healed":0.0,"max_hp_gain":0.0,"max_hp_loss":0.0,"gold_gain":0.0,"event_name":"The Cleric","player_choice":"Leave","floor":5.0,"gold_loss":0.0,"damage_taken":0.0},{"damage_healed":0.0,"max_hp_gain":0.0,"max_hp_loss":0.0,"gold_gain":50.0,"event_name":"Nest","player_choice":"Stole From Cult","floor":21.0,"gold_loss":0.0,"damage_taken":0.0},{"damage_healed":0.0,"max_hp_gain":0.0,"max_hp_loss":0.0,"gold_gain":0.0,"event_name":"MindBloom","player_choice":"Fight","floor":37.0,"gold_loss":0.0,"damage_taken":0.0}],"is_beta":false,"boss_relics":[{"not_picked":["Velvet Choker","Snecko Eye"],"picked":"Cursed Key"},{"not_picked":["Runic Dome","Astrolabe"],"picked":"Pandora\u0027s Box"}],"items_purged_floors":[22,39],"is_endless":false,"potions_floor_spawned":[1,7,10,13,18,29,30,31,33,37,38,45,46,48],"ascension_level":20}}