{"host":"usru02jcpe2a942d","time":1612665018,"event":{"mods":["ATMod(°¢èªMod)","Act Like it!","BaseMod","Better Altar","Better Match","Better Note","Better Sensory Stone","Better Skull","Better Third Choice","Better Vampires","Challenge The Spire","Colored Powertips","Friendly Minions","GifTheSpireLib","Highlight Path","HololiveMod","Hubris","Infinite Spire","Lobotomy","LobotomyExtend","Minty Spire (QoL Compilation)","MostiFishMod","Quick Restart","Relic Stats","RumiaBox-Â¶Ã×æ«µÄÉñÃØºÐ×Ó","StSLib","noobMod","¡¾ÒÅÎï¿¨ÅÆ¡¿REMEMod","óô»ðÖ¸ÄÏ"],"gold_per_floor":[82,99,24,41,41,68,68,68,91,91,107,107,107,107,107,286,286,301,316,316,327,26,56,74,93,93,93,93,103,121,139,139,251,251,251,269,279,279,279,304,304,53,127,127,258,258,289,332,177,205],"floor_reached":51,"language":"ZHS","playtime":3023,"items_purged":["Hololive_Strike","Hololive_Drill","BigBird"],"score":1075,"play_id":"8e15dc24-6974-4c46-9a41-3402939429d7","local_time":"20210207103018","is_ascension_mode":false,"campfire_choices":[{"data":"AT_FamilyPortrait","floor":7.0,"key":"SMITH"},{"data":"Hololive_OvertimeWork","floor":10.0,"key":"SMITH"},{"data":"Hololive_OvertimeWork","floor":12.0,"key":"SMITH"},{"data":"Hololive_CallCivia","floor":15.0,"key":"SMITH"},{"data":"Hololive_CallHoushouMarine","floor":27,"key":"SMITH"},{"data":"Hololive_CallHoushouMarine","floor":32,"key":"SMITH"}],"circlet_count":0,"master_deck":["ApocalypseBird","PunishingBird","LongBird","BodiesMountain","Mercenary","QueenOfHatred","Hololive_Defend+1","Hololive_Defend","Hololive_OvertimeWork+1","Hololive_CallNekomataOkayu","Hololive_CallYuzukiChoco","Hololive_CallYogiri","Hololive_CallCivia+1","MostiFishMod:Minus","AT_FamilyPortrait+1","Scorched","Hololive_LuckPotion+1","Hololive_FlyingPonyTail","Wellcheers","Hololive_OvertimeWork+1","Hololive_OvertimeWork+1","Hololive_Thief","Hololive_CocoNews+1","Hololive_CallUsadaPekora+1","Hololive_RevenueBasedLive+1","OldLady","Hololive_Yoholoon+1","Hololive_CallHoushouMarine+1","Hololive_MaximGun+1","Hololive_CallHoushouMarine+1","Hololive_FlyingPonyTail","Hololive_Thief","Hololive_CallTsunomakiWatame+1","Hololive_Rebirth","Madness+1","infinitespire:NeuralNetwork","Hololive_FlyingPonyTail","hubris:DuctTapeCard","Hololive_FlyingPonyTail+1","Hololive_CallMoonaHoshinova+1"],"relics":["Hololive_TheStar","DaveBox","ice","REME_ComplimentaryCards","AT_ATBox","MetatronsCube","CogitoBucket","SynthV:TestCard","LetterFromLob","Happy Flower","MagicDraw2","AT_RedTearstoneRing","MagicDraw4","Lamp_r","Empty Cage","TreeSap","ChiXiaoBlade","hubris:PeanutButter","Civilization","War Paint","Centennial Puzzle","Theresia","Bottled Tornado","InTheNameOfLoveAndHate_r","WantedRequest","REME_LowDesire","infinitespire:Beetle Shell","AT_EbonyIvory","Moonlight_r","Gaze_r","LaetitiaHeart","Nunchaku","ResearcherNote","REME_ArchaeologicalTools","AT_DeathDance","infinitespire:Bottled Soul","hubris:DuctTape","TheSmile_r","Twilight","hubris:Backtick","hubris:Potato","Blue Candle","AT_BellowingDragoncrestRing","Medical Kit"],"acts_visited":["Exordium","TheCity","TheBeyond"],"potions_floor_usage":[25,50,50],"damage_taken":[{"damage":0.0,"enemies":"Cultist","floor":1.0,"turns":3.0},{"damage":0.0,"enemies":"2 Louse","floor":2.0,"turns":2.0},{"damage":0.0,"enemies":"Jaw Worm","floor":4.0,"turns":2.0},{"damage":0.0,"enemies":"3 Sentries","floor":6.0,"turns":2.0},{"damage":0.0,"enemies":"Lots of Slimes","floor":11.0,"turns":1.0},{"damage":3.0,"enemies":"The Guardian","floor":16.0,"turns":5.0},{"damage":7.0,"enemies":"3 Byrds","floor":18.0,"turns":3.0},{"damage":8.0,"enemies":"2 Thieves","floor":19.0,"turns":2.0},{"damage":0,"enemies":"Snake Plant","floor":21,"turns":2},{"damage":10,"enemies":"Slavers","floor":23,"turns":3},{"damage":0,"enemies":"Snecko","floor":24,"turns":2},{"damage":0,"enemies":"3 Cultists","floor":25,"turns":3},{"damage":0,"enemies":"Sentry and Sphere","floor":29,"turns":2},{"damage":0,"enemies":"Cultist and Chosen","floor":30,"turns":2},{"damage":0,"enemies":"Snake Plant","floor":31,"turns":1},{"damage":0,"enemies":"Automaton","floor":33,"turns":3},{"damage":0,"enemies":"Orb Walker","floor":35,"turns":1},{"damage":0,"enemies":"Orb Walker","floor":36,"turns":3},{"damage":0,"enemies":"3 Darklings","floor":37,"turns":1},{"damage":0,"enemies":"Nemesis","floor":40,"turns":1},{"damage":0,"enemies":"Writhing Mass","floor":45,"turns":3},{"damage":0,"enemies":"Writhing Mass","floor":47,"turns":1},{"damage":0,"enemies":"Giant Head","floor":48,"turns":1},{"damage":0,"enemies":"FixerMidnight","floor":50,"turns":2}],"seed_played":"-1866282102716632084","potions_obtained":[{"floor":1.0,"key":"Ancient Potion"},{"floor":2.0,"key":"Block Potion"},{"floor":6.0,"key":"DistilledChaos"},{"floor":21,"key":"Regen Potion"},{"floor":24,"key":"Energy Potion"},{"floor":28,"key":"DuplicationPotion"},{"floor":28,"key":"PowerPotion"},{"floor":47,"key":"SkillPotion"}],"is_trial":false,"path_per_floor":["M","M","$","M","?","E","R","?","T","R","M","R","T","?","R","B",null,"M","M","AVR","M","$","E","M","M","T","R","?","M","M","M","R","B",null,"M","M","M","?","?","E","T","R","T","?","M","AVR","M","E","R","B",null],"character_chosen":"Hololive_HololiveCharacter","items_purchased":["Civilization","War Paint","infinitespire:Bottled Soul","Medical Kit"],"campfire_rested":0,"item_purchase_floors":[22,22,42,49],"current_hp_per_floor":[35,35,35,35,28,28,28,28,28,28,28,28,28,28,28,34,35,31,29,29,29,29,32,37,44,44,44,44,49,54,59,59,64,69,74,80,85,68,47,54,54,54,54,59,67,67,102,114,114,120],"gold":205,"neow_bonus":"","is_daily":false,"chose_seed":false,"campfire_upgraded":6,"win_rate":0.0,"timestamp":1612665018,"path_taken":["M","?","$","M","?","E","R","?","T","R","?","R","?","?","R","BOSS","M","M","AVR","M","?","E","?","M","T","R","?","M","?","M","R","BOSS","M","?","M","?","?","E","?","R","T","?","?","AVR","M","E","R","BOSS"],"items_purchased_type":["Relic","Relic","Relic","Relic"],"build_version":"2020-12-22","purchased_purges":3,"victory":true,"max_hp_per_floor":[35,35,35,35,35,35,35,35,35,35,35,35,35,35,35,35,35,35,35,35,35,35,39,44,49,49,49,49,54,59,64,64,69,69,74,83,88,88,88,93,93,93,93,93,104,104,109,114,114,120],"relic_stats":{"Centennial Puzzle":[0],"Nunchaku":[2],"Happy Flower":[15],"counters":[27,54],"Blue Candle":[0],"War Paint":["Hololive_LuckPotion","Hololive_Defend"],"Medical Kit":[0],"obtain_stats":[{"AT_ATBox":0,"DaveBox":0,"InTheNameOfLoveAndHate_r":29,"ResearcherNote":36,"Twilight":45,"ice":0,"MagicDraw4":13,"Bottled Tornado":26,"Empty Cage":17,"MagicDraw2":6,"Lamp_r":16,"Civilization":22,"CogitoBucket":0,"Centennial Puzzle":23,"Nunchaku":36,"hubris:Backtick":46,"LaetitiaHeart":35,"infinitespire:Bottled Soul":42,"TreeSap":18,"REME_ArchaeologicalTools":40,"REME_LowDesire":34,"WantedRequest":33,"AT_RedTearstoneRing":9,"Happy Flower":5,"hubris:DuctTape":43,"Blue Candle":46,"infinitespire:Beetle Shell":34,"AT_EbonyIvory":34,"War Paint":22,"Medical Kit":49,"Gaze_r":35,"Moonlight_r":35,"SynthV:TestCard":1,"AT_BellowingDragoncrestRing":48,"TheSmile_r":45,"Hololive_TheStar":0,"ChiXiaoBlade":20,"hubris:PeanutButter":20,"LetterFromLob":1,"AT_DeathDance":41,"Theresia":25,"hubris:Potato":46,"REME_ComplimentaryCards":0,"MetatronsCube":0},{"AT_ATBox":0,"DaveBox":0,"InTheNameOfLoveAndHate_r":15,"ResearcherNote":21,"Twilight":24,"ice":0,"MagicDraw4":5,"Bottled Tornado":14,"Empty Cage":6,"MagicDraw2":4,"Lamp_r":6,"Civilization":10,"CogitoBucket":0,"Centennial Puzzle":11,"Nunchaku":21,"hubris:Backtick":24,"LaetitiaHeart":19,"infinitespire:Bottled Soul":23,"TreeSap":8,"REME_ArchaeologicalTools":23,"REME_LowDesire":18,"WantedRequest":18,"AT_RedTearstoneRing":4,"Happy Flower":3,"hubris:DuctTape":23,"Blue Candle":24,"infinitespire:Beetle Shell":18,"AT_EbonyIvory":18,"War Paint":10,"Medical Kit":26,"Gaze_r":19,"Moonlight_r":18,"SynthV:TestCard":1,"AT_BellowingDragoncrestRing":26,"TheSmile_r":24,"Hololive_TheStar":0,"ChiXiaoBlade":9,"hubris:PeanutButter":9,"LetterFromLob":1,"AT_DeathDance":23,"Theresia":14,"hubris:Potato":24,"REME_ComplimentaryCards":0,"MetatronsCube":0},{"AT_ATBox":0,"DaveBox":0,"InTheNameOfLoveAndHate_r":34,"ResearcherNote":45,"Twilight":50,"ice":0,"MagicDraw4":10,"Bottled Tornado":32,"Empty Cage":15,"MagicDraw2":9,"Lamp_r":15,"Civilization":23,"CogitoBucket":0,"Centennial Puzzle":26,"Nunchaku":43,"hubris:Backtick":50,"LaetitiaHeart":41,"infinitespire:Bottled Soul":47,"TreeSap":19,"REME_ArchaeologicalTools":47,"REME_LowDesire":40,"WantedRequest":39,"AT_RedTearstoneRing":9,"Happy Flower":7,"hubris:DuctTape":47,"Blue Candle":50,"infinitespire:Beetle Shell":40,"AT_EbonyIvory":40,"War Paint":23,"Medical Kit":52,"Gaze_r":41,"Moonlight_r":40,"SynthV:TestCard":3,"AT_BellowingDragoncrestRing":52,"TheSmile_r":49,"Hololive_TheStar":0,"ChiXiaoBlade":21,"hubris:PeanutButter":21,"LetterFromLob":3,"AT_DeathDance":47,"Theresia":32,"hubris:Potato":50,"REME_ComplimentaryCards":0,"MetatronsCube":0}]},"card_choices":[{"not_picked":["UniverseFragment","SpiderBud","Porccubus"],"picked":"Singing Bowl","floor":1.0},{"not_picked":["Wellcheers","Murderer"],"picked":"Scorched","floor":1.0},{"not_picked":["Hololive_CallOzoraSubaru","Hololive_CallInugamiKorone","Hololive_CallKiryuuCoco"],"picked":"Hololive_Drill","floor":1.0},{"not_picked":["Murderer","MHz"],"picked":"PunishingBird","floor":2.0},{"not_picked":["Hololive_Breathe","Hololive_StrengthChampion","Hololive_RevenueBasedLive","Hololive_Drill","Hololive_OvertimeWork"],"picked":"Hololive_LuckPotion","floor":2.0},{"not_picked":["MHz","BeautyBeast","SpiderBud"],"picked":"Singing Bowl","floor":4.0},{"not_picked":["UniverseFragment","CherryBlossoms"],"picked":"LaLuna","floor":4.0},{"not_picked":["Hololive_Yoholoon","Hololive_RevenueBasedLive","Hololive_CallShiroganeNoel","Hololive_CallHimemoriLuna","Hololive_Breathe"],"picked":"Hololive_FlyingPonyTail","floor":4.0},{"not_picked":["NakedNest","BeautyBeast","FairyFestival"],"picked":"Singing Bowl","floor":6.0},{"not_picked":["UniverseFragment","SpiderBud"],"picked":"Wellcheers","floor":6.0},{"not_picked":["Hololive_SummonFox","Hololive_LuckPotion","Hololive_CallManoAloe","Hololive_Drill","Hololive_Yoholoon"],"picked":"Hololive_OvertimeWork","floor":6.0},{"not_picked":["MHz","Murderer"],"picked":"BigBird","floor":11.0},{"not_picked":["Hololive_RevenueBasedLive","Hololive_Drill","Hololive_CallHoshimachiSuisei","Hololive_Breathe","Hololive_Spy"],"picked":"Hololive_OvertimeWork","floor":11.0},{"not_picked":["WhitesApple","MHz"],"picked":"QueenOfHatred","floor":16.0},{"not_picked":["Hololive_Nanodesu","Hololive_WolfAndLamb","Hololive_AWSL","Hololive_HighAtkLowDef","Hololive_ASMR"],"picked":"Hololive_Thief","floor":16.0},{"not_picked":["UniverseFragment","OSAHOGD"],"picked":"BlueStar","floor":18.0},{"not_picked":["Hololive_Trident+1","Hololive_Breathe","Hololive_StrengthChampion","Hololive_Spy","Hololive_OvertimeWork","Hololive_Sequa"],"picked":"SKIP","floor":18.0},{"not_picked":["GreedKing","CherryBlossoms","ShyLook"],"picked":"Singing Bowl","floor":19.0},{"not_picked":["Hololive_Spy","Hololive_CallShishiroBotan","Hololive_Drill","Hololive_LuckPotion","Hololive_CallDoris+1"],"picked":"Hololive_CocoNews","floor":19.0},{"not_picked":["WallGazer","OSAHOGD"],"picked":"QueenOfHatred","floor":21},{"not_picked":["Hololive_FlyingPonyTail+1","Hololive_Drill","Hololive_OpenUp","Hololive_CallHoshimachiSuisei+1","Hololive_Psychosis"],"picked":"Hololive_CallUsadaPekora+1","floor":21},{"not_picked":["DreamingCurrent","SpiderBud"],"picked":"DespairKnight","floor":23},{"not_picked":["Hololive_Rebound","Hololive_Trident","Hololive_ManjiGathering+1","Hololive_Watashimo","Hololive_Drill"],"picked":"Hololive_RevenueBasedLive+1","floor":23},{"not_picked":["MHz","LittleHelper","FairyFestival"],"picked":"Singing Bowl","floor":24},{"not_picked":["Woodsman","HeroicMonk"],"picked":"OldLady","floor":24},{"not_picked":["Hololive_CallRosalyn","Hololive_CallManoAloe","Hololive_StarCraft","Hololive_CallMinatoAqua","Hololive_LuckPotion"],"picked":"Hololive_Yoholoon+1","floor":24},{"not_picked":["OSAHOGD","LittleHelper","BlackSwan"],"picked":"Singing Bowl","floor":25},{"not_picked":["SilentOrchestra","Bloodbath"],"picked":"OSAHOGD","floor":25},{"not_picked":["Hololive_BringToTrial","Hololive_Breathe","Hololive_Psychosis","Hololive_CallNekomataOkayu+1","Hololive_Rebound"],"picked":"Hololive_CallHoushouMarine","floor":25},{"not_picked":["PlagueDoctor","SpiderBud"],"picked":"BlueStar","floor":29},{"not_picked":["Hololive_HuntDinosaur","Hololive_StrengthChampion","Hololive_CallHoushouMarine","Hololive_FlyingPonyTail+1","Hololive_Breathe"],"picked":"Hololive_MaximGun","floor":29},{"not_picked":["Freischutz","MeatLantern","HappyTeddy"],"picked":"Singing Bowl","floor":30},{"not_picked":["CherryBlossoms","SingingMachine"],"picked":"Mercenary","floor":30},{"not_picked":["Hololive_RevenueBasedLive+1","Hololive_CallInugamiKorone","Hololive_CallManoAloe+1","Hololive_ManjiGathering","Hololive_CallNekomataOkayu"],"picked":"Hololive_CallHoushouMarine","floor":30},{"not_picked":["SingingMachine","Bloodbath","SpiderBud"],"picked":"Singing Bowl","floor":31},{"not_picked":["Hololive_CallFriendA","Hololive_Rebound","Hololive_LuckPotion+1","Hololive_CallAkiRosenthal","Hololive_StrengthChampion"],"picked":"Hololive_FlyingPonyTail","floor":31},{"not_picked":["Rudolta","VoidDream","RedShoes"],"picked":"Singing Bowl","floor":33},{"not_picked":["Hololive_MaximGun","Hololive_WolfAndLamb","Hololive_DiamondStrike","Hololive_Nanodesu","Hololive_ScarfAndHalo"],"picked":"Hololive_Thief","floor":33},{"not_picked":["FieryBird","SnowQueen","LittleHelper"],"picked":"Singing Bowl","floor":36},{"not_picked":["Hololive_ManjiGathering","Hololive_CallYukihanaLamy+1","Hololive_CallArtia","Hololive_CallAkaiHaato+1","Hololive_HuntDinosaur+1","REME_TheoryOfElimination+1"],"picked":"Hololive_CallTsunomakiWatame+1","floor":36},{"not_picked":["DreamingCurrent","UniverseFragment","SpiderBud"],"picked":"Singing Bowl","floor":37},{"not_picked":["SnowQueen","HappyTeddy"],"picked":"BodiesMountain","floor":37},{"not_picked":["Hololive_CallUsadaPekora","Hololive_CallRosalyn","Hololive_RevenueBasedLive+1","Hololive_ManjiGathering+1","Hololive_Psychosis","Bandage Up"],"picked":"Hololive_Rebirth","floor":37},{"not_picked":["infinitespire:Oblivion","infinitespire:DeathsTouch"],"picked":"infinitespire:NeuralNetwork","floor":39},{"not_picked":["FairyFestival","Alriune","SnowQueen"],"picked":"Singing Bowl","floor":40},{"not_picked":["Funeral","GreedKing"],"picked":"LongBird","floor":40},{"not_picked":["Hololive_CallAZKi","Hololive_CallYogiri+1","Hololive_Spy","Hololive_CocoNews+1","Hololive_HuntDinosaur","MostiFishMod:StoryBook"],"picked":"Hololive_FlyingPonyTail","floor":40},{"not_picked":["WallGazer","VoidDream","DreamingCurrent"],"picked":"Singing Bowl","floor":45},{"not_picked":["QueenBee","Alriune","Funeral"],"picked":"Singing Bowl","floor":47},{"not_picked":["Hololive_StrengthChampion","Hololive_Drill+1","Hololive_RevenueBasedLive","Hololive_ILoveYou","Hololive_Breathe+1","The Bomb"],"picked":"Hololive_FlyingPonyTail+1","floor":47},{"not_picked":["LittleHelper","Freischutz","SingingMachine"],"picked":"Singing Bowl","floor":48},{"not_picked":["Hololive_CallYukihanaLamy","Hololive_ILoveYou","Hololive_BringToTrial+1","Hololive_Rebound","Hololive_CocoNews+1","REME_WheelOfFate"],"picked":"Hololive_CallMoonaHoshinova+1","floor":48}],"player_experience":329251,"relics_obtained":[{"floor":1.0,"key":"SynthV:TestCard"},{"floor":1.0,"key":"LetterFromLob"},{"floor":6.0,"key":"MagicDraw2"},{"floor":9.0,"key":"AT_RedTearstoneRing"},{"floor":13.0,"key":"MagicDraw4"},{"floor":23,"key":"Centennial Puzzle"},{"floor":26,"key":"Bottled Tornado"},{"floor":34,"key":"infinitespire:Beetle Shell"},{"floor":34,"key":"AT_EbonyIvory"},{"floor":40,"key":"REME_ArchaeologicalTools"},{"floor":41,"key":"AT_DeathDance"},{"floor":43,"key":"hubris:DuctTape"},{"floor":45,"key":"Twilight"},{"floor":48,"key":"AT_BellowingDragoncrestRing"}],"event_choices":[{"damage_healed":0.0,"max_hp_gain":0.0,"max_hp_loss":0.0,"gold_gain":0.0,"event_name":"betterThird:BetterScrap","player_choice":"Relic ","floor":5.0,"gold_loss":0.0,"damage_taken":7.0,"cards_obtained":["Lockon"]},{"damage_healed":0.0,"max_hp_gain":0.0,"max_hp_loss":0.0,"gold_gain":0.0,"event_name":"The Woman in Blue","player_choice":"Bought 0 Potions","floor":8.0,"gold_loss":0.0,"damage_taken":0.0},{"damage_healed":0.0,"max_hp_gain":0.0,"max_hp_loss":0.0,"gold_gain":0.0,"event_name":"Accursed Blacksmith","player_choice":"Forge","floor":14.0,"gold_loss":0.0,"damage_taken":0.0,"cards_upgraded":["Hololive_OvertimeWork"]},{"damage_healed":0,"gold_gain":0,"player_choice":"Got Potions","damage_taken":0,"max_hp_gain":0,"max_hp_loss":0,"event_name":"Lab","floor":28,"gold_loss":0},{"damage_healed":0,"gold_gain":3,"player_choice":"2","damage_taken":0,"max_hp_gain":0,"max_hp_loss":17,"event_name":"betterStone:BetterStone","floor":38,"gold_loss":0},{"damage_healed":0,"gold_gain":0,"player_choice":"Random: Green","damage_taken":0,"max_hp_gain":0,"max_hp_loss":0,"event_name":"betterThird:BetterPortal","floor":44,"gold_loss":0},{"damage_healed":5,"gold_gain":0,"player_choice":"LEAVE ","damage_taken":0,"relics_obtained":[],"max_hp_gain":0,"max_hp_loss":0,"event_name":"betterSkull:BetterSkull","floor":44,"gold_loss":0,"cards_upgraded":[]}],"is_beta":false,"boss_relics":[{"not_picked":["SoulBox","TimeKeys"],"picked":"Empty Cage"},{"not_picked":["hubris:VirtuousBlindfold","SacredBark"],"picked":"REME_LowDesire"}],"items_purged_floors":[3,20,46],"is_endless":false,"potions_floor_spawned":[1,2,6,21,24,29,30,33,35,40,47],"ascension_level":0}}