{"host":"Ringo","time":1612709030,"event":{"mods":["BaseMod","Colored Map","Conspire","Dota2Spire","Hubris","Minty Spire (QoL Compilation)","Replay The Spire","StSLib","The Construct","[IsaacMod]ÒÔÈö¼âËþ","¡¾ÒÅÎï¿¨ÅÆ¡¿REMEMod"],"gold_per_floor":[131,150,31,71,82,130,130,183,183,236,263,308,336,353,353,428,428,470,532,545,40,57,108,135,163,163,219,50,50,82,111,111,190,199,238,238,36,75,133,185,185,251,277,310,130,183,240,250,250,250,275],"floor_reached":52,"language":"ZHS","playtime":1514,"items_purged":["Blade Dance","Hidden Blade"],"score":3863,"play_id":"9ba83706-02c3-4d1a-a6ae-55729e566bc1","local_time":"20210207224350","daily_mods":["SealedDeck","Vintage","Heirloom","Time Dilation","Flight","DeadlyEvents","Elite Swarm","Lethality","Binary"],"is_ascension_mode":true,"campfire_choices":[{"data":"Terror","floor":7,"key":"SMITH"},{"data":"HandOfGreed","floor":15,"key":"SMITH"},{"data":"Hidden Blade","floor":29,"key":"SMITH"},{"data":"Finisher","floor":32,"key":"SMITH"},{"data":"After Image","floor":41,"key":"SMITH"},{"data":"ReplayTheSpireMod:Private Reserves","floor":49,"key":"SMITH"}],"circlet_count":0,"master_deck":["AscendersBane","Blade Dance","Deflect","Dagger Throw","Terror+1","Reflex","Cloak And Dagger","Footwork","Finisher+1","Dagger Spray","HandOfGreed+1","Underhanded Strike","REME_ShadowStrike","After Image+1","Acrobatics+1","ReplayTheSpireMod:Private Reserves+1","hubris:DuctTapeCard","Quick Slash+1"],"relics":["Ring of the Serpent","Busted Crown","HushsDoor","REME_ComplimentaryCards","hubris:AstralHammer","PunchingBag","Shuriken","CeramicFish","Mirror","Nunchaku","Replay:Kaleidoscope","hubris:Metronome","conspire:DeflatedDodgeball","Dota2Spire:MagicBottle","HornCleat","Dota2Spire:MantaStyle","hubris:ToyBattleship","Bottled Tornado","Blue Doll","Omamori","Chaos","Vajra","Ancient Tea Set","Black Star","DoctorsRemote","Abe\u0027s Treasure","hubris:FunFungus","Gremlin Horn","Dota2Spire:BladeMail","StrikeDummy","Quantum Egg","hubris:BundleOfHerbs","Darkstone Periapt","Dota2Spire:EtherealBlade","Onion Ring","SharpPlug","Dota2Spire:EchoSabre","Replay:Baseball","Void","TheAbacus","Dota2Spire:ArmletOfMordiggian","SlaversCollar","UnicornStump","Orrery","TuHaoJin","hubris:DuctTape","conspire:RoyalGoblet","YumHeart","construct:BoolHorns","Kunai","REME_DuelDisc","DataDisk","HoveringKite"],"acts_visited":["Exordium","TheCity","TheBeyond"],"potions_floor_usage":[16,19,20,51,51],"damage_taken":[{"damage":0,"enemies":"Small Slimes","floor":1,"turns":1},{"damage":0,"enemies":"Jaw Worm","floor":2,"turns":1},{"damage":0,"enemies":"Cultist","floor":4,"turns":1},{"damage":0,"enemies":"Looter","floor":5,"turns":1},{"damage":0,"enemies":"Lagavulin","floor":6,"turns":2},{"damage":0,"enemies":"3 Sentries","floor":8,"turns":2},{"damage":0,"enemies":"Lagavulin","floor":10,"turns":1},{"damage":0,"enemies":"3 Sentries","floor":11,"turns":2},{"damage":0,"enemies":"Lagavulin","floor":12,"turns":1},{"damage":0,"enemies":"Gremlin Nob","floor":13,"turns":1},{"damage":0,"enemies":"Exordium Wildlife","floor":14,"turns":1},{"damage":0,"enemies":"The Guardian","floor":16,"turns":1},{"damage":0,"enemies":"Chosen","floor":18,"turns":1},{"damage":0,"enemies":"2 Thieves","floor":19,"turns":2},{"damage":0,"enemies":"Shelled Parasite and Fungi","floor":20,"turns":1},{"damage":0,"enemies":"Snecko","floor":22,"turns":2},{"damage":0,"enemies":"Slavers","floor":23,"turns":2},{"damage":0,"enemies":"Gremlin Leader","floor":24,"turns":1},{"damage":0,"enemies":"Book of Stabbing","floor":25,"turns":1},{"damage":0,"enemies":"Slavers","floor":27,"turns":2},{"damage":0,"enemies":"Book of Stabbing","floor":30,"turns":1},{"damage":0,"enemies":"Slavers","floor":31,"turns":1},{"damage":0,"enemies":"Collector","floor":33,"turns":1},{"damage":0,"enemies":"3 Darklings","floor":35,"turns":1},{"damage":0,"enemies":"3 Shapes","floor":38,"turns":1},{"damage":0,"enemies":"R_Hoarder","floor":39,"turns":1},{"damage":0,"enemies":"Giant Head","floor":40,"turns":2},{"damage":0,"enemies":"Nemesis","floor":42,"turns":1},{"damage":0,"enemies":"R_Hoarder","floor":44,"turns":2},{"damage":0,"enemies":"Reptomancer","floor":46,"turns":2},{"damage":0,"enemies":"Giant Head","floor":47,"turns":2},{"damage":0,"enemies":"Maw","floor":48,"turns":1},{"damage":0,"enemies":"hubris:GrandSnecko","floor":50,"turns":1},{"damage":0,"enemies":"Donu and Deca","floor":51,"turns":1}],"seed_played":"-3345360594382861374","potions_obtained":[{"floor":2,"key":"Regen Potion"},{"floor":5,"key":"DuplicationPotion"},{"floor":16,"key":"Strength Potion"},{"floor":20,"key":"Reflective Coating"},{"floor":22,"key":"LiquidBronze"},{"floor":31,"key":"LifebloodPotion"},{"floor":42,"key":"Flashbang"}],"is_trial":true,"path_per_floor":["M","M","$","M","M","E","R","E","T","E","E","E","E","M","R","B",null,"M","M","M","$","M","E","E","E","T","E","$","R","E","E","R","B",null,"M","?","$","M","E","E","R","E","T","E","$","E","E","M","R","B","B",null],"character_chosen":"THE_SILENT","items_purchased":["Underhanded Strike","Chaos","Vajra","Ancient Tea Set","REME_ShadowStrike","Hidden Blade","Good Instincts","After Image","Acrobatics+1","ReplayTheSpireMod:Private Reserves","Quick Slash+1","Strawberry"],"campfire_rested":0,"item_purchase_floors":[3,21,21,21,28,28,28,34,37,37,45,45],"current_hp_per_floor":[59,59,59,59,59,59,59,59,59,59,59,59,59,59,59,59,64,64,66,66,66,66,66,66,66,66,66,66,66,66,66,66,66,62,62,62,62,62,62,62,62,62,62,62,69,69,69,69,69,69,69],"gold":275,"neow_bonus":"","is_daily":false,"chose_seed":false,"campfire_upgraded":6,"win_rate":0.0,"timestamp":1612709030,"path_taken":["M","M","$","M","M","E","R","E","T","E","E","E","E","M","R","BOSS","M","M","M","$","M","E","E","E","T","E","$","R","E","E","R","BOSS","M","?","$","M","?","E","R","E","T","E","$","E","E","M","R","BOSS","BOSS"],"items_purchased_type":["Card","Card","Relic","Relic","Card","Card","Card","Card","Card","Card","Card","Relic"],"build_version":"2020-12-18","purchased_purges":2,"victory":true,"max_hp_per_floor":[66,66,66,66,66,66,66,66,66,66,66,66,66,66,66,66,66,66,66,66,66,66,66,66,66,66,66,66,66,66,66,66,66,62,62,62,62,62,62,62,62,62,62,62,69,69,69,69,69,69,69],"card_choices":[],"player_experience":650816,"relics_obtained":[{"floor":1,"key":"Shuriken"},{"floor":2,"key":"CeramicFish"},{"floor":4,"key":"Mirror"},{"floor":5,"key":"Nunchaku"},{"floor":6,"key":"Replay:Kaleidoscope"},{"floor":8,"key":"hubris:Metronome"},{"floor":9,"key":"conspire:DeflatedDodgeball"},{"floor":10,"key":"Dota2Spire:MagicBottle"},{"floor":11,"key":"Gremlin Food"},{"floor":12,"key":"HornCleat"},{"floor":13,"key":"Dota2Spire:MantaStyle"},{"floor":14,"key":"hubris:ToyBattleship"},{"floor":18,"key":"Bottled Tornado"},{"floor":19,"key":"Blue Doll"},{"floor":20,"key":"Omamori"},{"floor":22,"key":"Black Star"},{"floor":23,"key":"DoctorsRemote"},{"floor":23,"key":"Abe\u0027s Treasure"},{"floor":24,"key":"hubris:FunFungus"},{"floor":24,"key":"Gremlin Horn"},{"floor":25,"key":"Dota2Spire:BladeMail"},{"floor":25,"key":"StrikeDummy"},{"floor":26,"key":"Quantum Egg"},{"floor":27,"key":"hubris:BundleOfHerbs"},{"floor":27,"key":"Darkstone Periapt"},{"floor":30,"key":"Dota2Spire:EtherealBlade"},{"floor":30,"key":"Onion Ring"},{"floor":31,"key":"SharpPlug"},{"floor":31,"key":"Dota2Spire:EchoSabre"},{"floor":35,"key":"Void"},{"floor":38,"key":"TheAbacus"},{"floor":39,"key":"Dota2Spire:ArmletOfMordiggian"},{"floor":39,"key":"SlaversCollar"},{"floor":40,"key":"UnicornStump"},{"floor":40,"key":"Orrery"},{"floor":42,"key":"TuHaoJin"},{"floor":42,"key":"hubris:DuctTape"},{"floor":43,"key":"conspire:RoyalGoblet"},{"floor":44,"key":"YumHeart"},{"floor":44,"key":"construct:BoolHorns"},{"floor":46,"key":"Kunai"},{"floor":47,"key":"REME_DuelDisc"},{"floor":47,"key":"DataDisk"},{"floor":48,"key":"HoveringKite"}],"event_choices":[{"damage_healed":0,"gold_gain":0,"player_choice":"Ignored","damage_taken":0,"max_hp_gain":0,"max_hp_loss":0,"event_name":"Tomb of Lord Red Mask","floor":36,"gold_loss":0}],"is_beta":true,"boss_relics":[{"not_picked":["Replay:Drink Me","construct:WeddingRing"],"picked":"Ring of the Serpent"},{"not_picked":[]},{"not_picked":["Frozen Egg 2","hubris:VirtuousBlindfold"],"picked":"Replay:Baseball"},{"not_picked":[]}],"items_purged_floors":[3,37],"is_endless":false,"potions_floor_spawned":[2,5,6,11,12,14,16,20,22,24,31,33,39,40,42,44,47,48],"ascension_level":20}}