{"host":"6xsbn6ynqlzwllfm","time":1612716670,"event":{"mods":["2.2 Compatiblity","BaseMod","Bestiary","Colored Map","Colored Powertips","Curses Come First","Highlight Path","Keyboard Shortcuts","Minty Spire (QoL Compilation)","Relic Stats","Slay the Relics Exporter","StSLib","SuperFastMode"],"gold_per_floor":[99,99,99,99,59,59,59,59,59],"floor_reached":8,"language":"ENG","playtime":849,"items_purged":[],"score":120,"play_id":"eafb38df-b544-4c07-bb3d-d88edd0a69a3","local_time":"20210207115110","is_ascension_mode":true,"campfire_choices":[],"circlet_count":0,"master_deck":["AscendersBane","Strike_G","Strike_G","Strike_G","Strike_G","Strike_G","Defend_G","Defend_G","Defend_G","Defend_G","Defend_G","Survivor","Neutralize","Poisoned Stab","Predator","Skewer","Bouncing Flask","Night Terror"],"relics":["Ectoplasm","Matryoshka"],"acts_visited":["Exordium"],"potions_floor_usage":[8],"damage_taken":[{"damage":3,"enemies":"Cultist","floor":1,"turns":5},{"damage":4,"enemies":"Jaw Worm","floor":3,"turns":4},{"damage":0,"enemies":"2 Louse","floor":4,"turns":3},{"damage":6,"enemies":"Looter","floor":5,"turns":3},{"damage":27,"enemies":"Lagavulin","floor":6,"turns":7},{"damage":8,"enemies":"3 Louse","floor":7,"turns":4},{"damage":27,"enemies":"Gremlin Nob","floor":8,"turns":3}],"seed_played":"-280442330041346378","potions_obtained":[{"floor":4,"key":"Fruit Juice"}],"is_trial":false,"path_per_floor":["M","?","M","M","M","E","M","E"],"character_chosen":"THE_SILENT","items_purchased":[],"campfire_rested":0,"item_purchase_floors":[],"current_hp_per_floor":[56,56,52,52,46,19,11,0,0],"gold":59,"neow_bonus":"BOSS_RELIC","is_daily":false,"chose_seed":false,"campfire_upgraded":0,"win_rate":0.0,"timestamp":1612716670,"path_taken":["M","?","M","M","M","E","M","E"],"items_purchased_type":[],"build_version":"2020-12-22","purchased_purges":0,"victory":false,"max_hp_per_floor":[66,66,66,66,66,66,66,71,71],"relic_stats":{"counters":[7,29],"Ectoplasm":229,"obtain_stats":[{"Matryoshka":6,"Ectoplasm":0,"Ring of the Snake":0},{"Matryoshka":5,"Ectoplasm":0,"Ring of the Snake":0},{"Matryoshka":22,"Ectoplasm":0,"Ring of the Snake":0}]},"card_choices":[{"not_picked":["Deadly Poison","Finisher"],"picked":"Poisoned Stab","floor":1},{"not_picked":["Flying Knee","Deflect"],"picked":"Predator","floor":3},{"not_picked":["Catalyst","Slice"],"picked":"Skewer","floor":4},{"not_picked":["Acrobatics","Setup","Concentrate"],"picked":"SKIP","floor":5},{"not_picked":["Slice","Reflex"],"picked":"Bouncing Flask","floor":6},{"not_picked":["Leg Sweep","Slice"],"picked":"Night Terror","floor":7}],"player_experience":1388287,"relics_obtained":[{"floor":6,"key":"Matryoshka"}],"event_choices":[{"damage_healed":0,"gold_gain":100,"player_choice":"Gold","damage_taken":0,"max_hp_gain":0,"max_hp_loss":0,"event_name":"Wheel of Change","floor":2,"gold_loss":0}],"is_beta":false,"boss_relics":[],"items_purged_floors":[],"is_endless":false,"potions_floor_spawned":[4],"killed_by":"Gremlin Nob","ascension_level":20}}