{"host":"i70yit5z0kpl303k","time":1612737337,"event":{"mods":["2.2 Compatiblity","Act Like it!","BaseMod","BetterRewards","Evolution","Infinite Spire","Ironclad Rager","Koishi","Marked Mod","Minty Spire (QoL Compilation)","Relic Stats","Reliquary","Replay The Spire","StSLib","The Blue Laboratory","The Marked"],"gold_per_floor":[116,116,126,136,151,178,188,217,217,217,187,152,166,266,266,368,368,383,343,343,443,462,462,495,495,495,188,188,188,218,218,218,336,386,422,490,536,583,502,560,560,610,633,633,338,388,423,423,423,423,423],"floor_reached":50,"language":"ENG","playtime":1671,"items_purged":[],"score":769,"play_id":"58d754c9-6f21-4e68-8945-21dcb82d78c2","local_time":"20210207143537","is_ascension_mode":false,"campfire_choices":[{"floor":10,"key":"REST"},{"data":"Neutralize","floor":15,"key":"SMITH"},{"floor":23,"key":"REST"},{"floor":32,"key":"REST"},{"floor":41,"key":"REST"},{"floor":49,"key":"REST"}],"circlet_count":0,"master_deck":["Quick Slash","Quick Slash","Quick Slash","Strike_G+1","Strike_G+2","Defend_G+1","Defend_G+1","Defend_G+1","Defend_G+2","Defend_G+1","Survivor","Neutralize+1","Sucker Punch","Neutralize","Blade Dance","Dagger Throw","Deadly Poison","Fluid Movement","Deadly Poison+1","Blade Dance","PiercingWail","Malaise+1","Poisoned Stab","Replay:Poison Smokescreen+1","Draining Mist+1","Accuracy+1","Cloak And Dagger","Corpse Explosion","Blade Dance","Deadly Poison+1","Infinite Blades","Noxious Fumes"],"relics":["Ring of the Snake","EVO:Axolotl","NeowsBlessing","Juzu Bracelet","TungstenRod","reliquary:JackalopeAntler","infinitespire:Cupcake","WristBlade","Basket Of Snakes","Singing Bowl","Simple Rune","Orrery","infinitespire:Joker Card","Ornamental Fan","Mercury Hourglass","infinitespire:EvilPickle","Tiny House","reliquary:FerryPass","Girya","reliquary:Boomerang","reliquary:Knoch","infinitespire:Beetle Shell","ReplayTheSpireMod:Ninjato","Divine Protection"],"acts_visited":["Exordium","TheCity","TheBeyond"],"potions_floor_usage":[8,33,42,46,50,50,50],"damage_taken":[{"damage":0,"enemies":"Small Slimes","floor":1,"turns":1},{"damage":0,"enemies":"Cultist","floor":3,"turns":1},{"damage":0,"enemies":"Jaw Worm","floor":4,"turns":1},{"damage":12,"enemies":"Lots of Slimes","floor":5,"turns":5},{"damage":26,"enemies":"Lagavulin","floor":6,"turns":5},{"damage":2,"enemies":"Blue Slaver","floor":7,"turns":3},{"damage":15,"enemies":"3 Sentries","floor":8,"turns":8},{"damage":0,"enemies":"Gremlin Gang","floor":13,"turns":3},{"damage":27,"enemies":"Hexaghost","floor":16,"turns":11},{"damage":7,"enemies":"Chosen","floor":18,"turns":5},{"damage":9,"enemies":"Spheric Guardian","floor":22,"turns":3},{"damage":15,"enemies":"Nightmare","floor":24,"turns":5},{"damage":34,"enemies":"Slavers","floor":30,"turns":5},{"damage":7,"enemies":"Pondfish","floor":33,"turns":10},{"damage":2,"enemies":"3 Shapes","floor":35,"turns":3},{"damage":0,"enemies":"Orb Walker","floor":37,"turns":3},{"damage":0,"enemies":"Sphere and 2 Shapes","floor":38,"turns":2},{"damage":36,"enemies":"Nightmare","floor":40,"turns":7},{"damage":0,"enemies":"Mind Bloom Boss Battle","floor":42,"turns":6},{"damage":20,"enemies":"Reptomancer","floor":46,"turns":3},{"damage":17,"enemies":"Jaw Worm Horde","floor":47,"turns":2},{"damage":45,"enemies":"Awakened One","floor":50,"turns":7}],"seed_played":"2700845775226316809","potions_obtained":[{"floor":3,"key":"Toxic Potion"},{"floor":5,"key":"SneckoOil"},{"floor":7,"key":"blueLaboratory:SavagePotion"},{"floor":11,"key":"blueLaboratory:EmptyBottle"},{"floor":30,"key":"Adrenaline Potion"},{"floor":33,"key":"Swift Potion"},{"floor":36,"key":"blueLaboratory:EnvenomedCoating"},{"floor":36,"key":"blueLaboratory:ImpenetrablePotion"},{"floor":42,"key":"blueLaboratory:BlinkPotion"},{"floor":47,"key":"AttackPotion"}],"is_trial":false,"path_per_floor":["M","?","M","M","M","E","M","E","T","R","?","?","M","?","R","B",null,"M","?","AVR","?","M","R","NM","?","T","$","?","?","E","T","R","B",null,"M","?","M","M","$","NM","R","?","T","?","$","E","M","AVR","R","B"],"character_chosen":"THE_SILENT","items_purchased":["Simple Rune","Orrery","Infinite Blades","reliquary:Knoch","infinitespire:Beetle Shell"],"campfire_rested":5,"item_purchase_floors":[27,27,39,45,45],"current_hp_per_floor":[70,70,70,70,58,32,30,15,15,36,36,53,53,53,53,26,70,63,63,63,63,54,70,57,57,57,61,61,61,29,29,52,45,85,83,52,52,54,54,18,44,46,46,46,46,28,13,13,40,0,0],"gold":423,"neow_bonus":"THREE_ENEMY_KILL","is_daily":false,"chose_seed":false,"campfire_upgraded":1,"win_rate":0.0,"timestamp":1612737337,"path_taken":["M","?","M","M","?","E","M","E","T","R","?","?","M","?","R","BOSS","M","?","AVR","?","M","R","NM","?","T","$","?","?","E","?","R","BOSS","M","?","M","M","$","NM","R","?","T","?","?","E","M","AVR","R","BOSS"],"items_purchased_type":["Relic","Relic","Card","Relic","Relic"],"build_version":"2020-12-22","purchased_purges":0,"victory":false,"max_hp_per_floor":[70,70,70,70,70,70,70,70,70,70,70,70,70,70,70,70,70,70,70,70,70,70,70,72,72,72,76,76,76,78,78,78,78,85,85,87,87,89,89,89,89,91,91,86,86,88,90,90,90,90,90],"relic_stats":{"Singing Bowl":20,"counters":[22,98],"Ornamental Fan":[140],"Juzu Bracelet":5,"obtain_stats":[{"Girya":42,"Divine Protection":48,"Tiny House":34,"reliquary:Boomerang":43,"ReplayTheSpireMod:Ninjato":46,"NeowsBlessing":0,"Singing Bowl":24,"Basket Of Snakes":20,"infinitespire:Joker Card":28,"infinitespire:Beetle Shell":45,"Juzu Bracelet":6,"EVO:Axolotl":0,"Mercury Hourglass":31,"reliquary:FerryPass":40,"reliquary:JackalopeAntler":9,"infinitespire:EvilPickle":33,"WristBlade":20,"Ornamental Fan":30,"Orrery":27,"Simple Rune":27,"reliquary:Knoch":45,"TungstenRod":8,"Ring of the Snake":0,"infinitespire:Cupcake":17},{"Girya":19,"Divine Protection":21,"Tiny House":14,"reliquary:Boomerang":19,"ReplayTheSpireMod:Ninjato":20,"NeowsBlessing":0,"Singing Bowl":12,"Basket Of Snakes":10,"infinitespire:Joker Card":12,"infinitespire:Beetle Shell":19,"Juzu Bracelet":5,"EVO:Axolotl":0,"Mercury Hourglass":13,"reliquary:FerryPass":18,"reliquary:JackalopeAntler":7,"infinitespire:EvilPickle":14,"WristBlade":10,"Ornamental Fan":13,"Orrery":12,"Simple Rune":12,"reliquary:Knoch":19,"TungstenRod":7,"Ring of the Snake":0,"infinitespire:Cupcake":9},{"Girya":86,"Divine Protection":91,"Tiny House":66,"reliquary:Boomerang":86,"ReplayTheSpireMod:Ninjato":89,"NeowsBlessing":0,"Singing Bowl":51,"Basket Of Snakes":43,"infinitespire:Joker Card":51,"infinitespire:Beetle Shell":86,"Juzu Bracelet":13,"EVO:Axolotl":0,"Mercury Hourglass":56,"reliquary:FerryPass":80,"reliquary:JackalopeAntler":24,"infinitespire:EvilPickle":66,"WristBlade":43,"Ornamental Fan":56,"Orrery":51,"Simple Rune":51,"reliquary:Knoch":86,"TungstenRod":24,"Ring of the Snake":0,"infinitespire:Cupcake":38}],"TungstenRod":43,"Ring of the Snake":[44],"Mercury Hourglass":[166]},"card_choices":[{"not_picked":["Draining Mist","Choke"],"picked":"Sucker Punch","floor":1},{"not_picked":["Deadly Poison","Bane"],"picked":"Blade Dance","floor":3},{"not_picked":["Hidden Blade","Wraith Form v2"],"picked":"Dagger Throw","floor":4},{"not_picked":["Bane","Sucker Punch"],"picked":"Deadly Poison","floor":5},{"not_picked":["Bane","Underhanded Strike"],"picked":"Fluid Movement","floor":6},{"not_picked":["Flying Knee","Bane"],"picked":"Deadly Poison","floor":7},{"not_picked":["Tactician","Underhanded Strike"],"picked":"Blade Dance","floor":8},{"not_picked":["Dagger Throw","Acrobatics"],"picked":"PiercingWail","floor":13},{"not_picked":["Glass Knife","Adrenaline"],"picked":"Malaise","floor":16},{"not_picked":["Draining Mist","Endless Agony"],"picked":"Poisoned Stab","floor":18},{"not_picked":["Acrobatics+1","Hidden Blade"],"picked":"Replay:Poison Smokescreen+1","floor":22},{"not_picked":["Prepared+1","Deadly Poison","Underhanded Strike"],"picked":"Singing Bowl","floor":24},{"not_picked":["A Thousand Cuts","Masterful Stab"],"picked":"Draining Mist+1","floor":27},{"not_picked":["Deflect+1","Hidden Blade","Outmaneuver"],"picked":"Singing Bowl","floor":27},{"not_picked":["Endless Agony+1","Backflip"],"picked":"Accuracy+1","floor":27},{"not_picked":["Dodge and Roll+1","Acrobatics+1"],"picked":"Cloak And Dagger","floor":27},{"not_picked":["Dagger Spray+1","Quick Slash","Phantasmal Killer"],"picked":"Singing Bowl","floor":27},{"not_picked":["Masterful Stab","Tactician+1","Heel Hook+1"],"picked":"Singing Bowl","floor":30},{"not_picked":["Night Terror","ReplayTheSpireMod:Necrosis"],"picked":"Corpse Explosion","floor":33},{"not_picked":["PiercingWail","Blade Dance","Flying Knee+1"],"picked":"Singing Bowl","floor":34},{"not_picked":["Underhanded Strike","Cloak And Dagger"],"picked":"Blade Dance","floor":35},{"not_picked":["Well Laid Plans","Leg Sweep","Escape Plan+1"],"picked":"Singing Bowl","floor":36},{"not_picked":["Eviscerate","Slice"],"picked":"Deadly Poison+1","floor":37},{"not_picked":["Finisher+1","All Out Attack","Unload"],"picked":"Singing Bowl","floor":38},{"not_picked":["Finisher+1","Draining Mist+1"],"picked":"Noxious Fumes","floor":40},{"not_picked":["Dodge and Roll+1","Poisoned Stab","ReplayTheSpireMod:Shiv Toss+1"],"picked":"Singing Bowl","floor":42},{"not_picked":["Prepared+1","Calculated Gamble+1","Caltrops+1"],"picked":"Singing Bowl","floor":46},{"not_picked":["Dodge and Roll","Distraction+1","Cloak And Dagger"],"picked":"Singing Bowl","floor":47}],"player_experience":258065,"relics_obtained":[{"floor":6,"key":"Juzu Bracelet"},{"floor":8,"key":"TungstenRod"},{"floor":9,"key":"reliquary:JackalopeAntler"},{"floor":24,"key":"Singing Bowl"},{"floor":30,"key":"Ornamental Fan"},{"floor":31,"key":"Mercury Hourglass"},{"floor":40,"key":"reliquary:FerryPass"},{"floor":42,"key":"Girya"},{"floor":43,"key":"reliquary:Boomerang"},{"floor":46,"key":"ReplayTheSpireMod:Ninjato"}],"event_choices":[{"damage_healed":0,"gold_gain":0,"player_choice":"1 cards matched","damage_taken":0,"max_hp_gain":0,"max_hp_loss":0,"event_name":"Match and Keep!","floor":2,"gold_loss":0,"cards_obtained":["Neutralize"]},{"damage_healed":0,"gold_gain":0,"player_choice":"Bought 2 Potions","damage_taken":0,"max_hp_gain":0,"max_hp_loss":0,"event_name":"The Woman in Blue","floor":11,"gold_loss":0},{"damage_healed":17,"gold_gain":0,"player_choice":"Healed","damage_taken":0,"max_hp_gain":0,"max_hp_loss":0,"event_name":"The Cleric","floor":12,"gold_loss":35},{"damage_healed":0,"gold_gain":100,"player_choice":"Gold","damage_taken":0,"max_hp_gain":0,"max_hp_loss":0,"event_name":"Wheel of Change","floor":14,"gold_loss":0},{"damage_healed":0,"gold_gain":0,"player_choice":"Upgrade","damage_taken":0,"max_hp_gain":0,"max_hp_loss":0,"event_name":"Designer","floor":19,"gold_loss":40,"cards_upgraded":["Malaise"]},{"damage_healed":0,"gold_gain":100,"player_choice":"Pray","damage_taken":0,"max_hp_gain":0,"max_hp_loss":0,"event_name":"Golden Shrine","floor":21,"gold_loss":0},{"damage_healed":0,"gold_gain":0,"player_choice":"Simplicity","damage_taken":0,"max_hp_gain":0,"max_hp_loss":0,"event_name":"Back to Basics","floor":25,"gold_loss":0,"cards_upgraded":["Strike_G","Strike_G","Defend_G","Defend_G","Defend_G","Defend_G","Defend_G"]},{"damage_healed":0,"gold_gain":0,"player_choice":"Gave Potion","damage_taken":0,"relics_obtained":["infinitespire:Joker Card"],"max_hp_gain":0,"max_hp_loss":0,"event_name":"WeMeetAgain","floor":28,"gold_loss":0},{"damage_healed":0,"gold_gain":0,"player_choice":"Fight","damage_taken":0,"max_hp_gain":0,"max_hp_loss":0,"event_name":"MindBloom","floor":42,"gold_loss":0},{"damage_healed":0,"gold_gain":0,"player_choice":"Max HP","damage_taken":0,"max_hp_gain":0,"max_hp_loss":5,"event_name":"Winding Halls","floor":44,"gold_loss":0}],"is_beta":false,"boss_relics":[{"not_picked":["reliquary:WritOfMandamus","Coffee Dripper"],"picked":"infinitespire:Cupcake"},{"not_picked":["Kintsugi","reliquary:Ember"],"picked":"Tiny House"}],"items_purged_floors":[],"is_endless":true,"potions_floor_spawned":[3,5,7,22,30,33,40,42,47],"killed_by":"Awakened One","ascension_level":0}}