{"host":"vt2y5t5o3g86377d","time":1612690675,"event":{"mods":["Act Like it!","BaseMod","BetterRewards","Friendly Minions","Minty Spire (QoL Compilation)","Quick Restart","StSLib","UnlockEverythingMod","[功能]功能增强和修复MOD","【功能Mod】混沌之环修复补丁"],"gold_per_floor":[110,110,129,190,206,206,238,255,331,356,366,414,439,452,452,556,556,569,588,513,523,543,543,572,572,646,662,662,662,261,275,275,375,375,395,411,429,441,457,484,484,519,543,569,582,275,275,291,291,291,291,291,108,136,136],"floor_reached":56,"language":"ZHS","playtime":4971,"items_purged":[],"score":1543,"play_id":"75098d00-de11-4c0d-9a90-8be27003b5b4","local_time":"20210207173755","daily_mods":["SealedDeck","Heirloom","DeadlyEvents","Elite Swarm","Uncertain Future"],"is_ascension_mode":true,"campfire_choices":[{"data":"Prostrate","floor":6,"key":"SMITH"},{"data":"WindmillStrike","floor":15,"key":"SMITH"},{"data":"WheelKick","floor":23,"key":"SMITH"},{"data":"Wallop","floor":25,"key":"SMITH"},{"data":"Evaluate+1","floor":29,"key":"PURGE"},{"floor":32,"key":"RECALL"},{"data":"LessonLearned","floor":41,"key":"PURGE"},{"floor":49,"key":"REST"},{"floor":52,"key":"REST"}],"circlet_count":0,"master_deck":["Swivel+1","WaveOfTheHand+1","WheelKick+1","Evaluate+1","Sanctity+1","Prostrate+1","Worship+1","Wallop+1","Devotion+1","Devotion+1","Brilliance+1","Prostrate+1"],"relics":["PureWater","Turnip","Pantograph","White Beast Statue","Centennial Puzzle","War Paint","Anchor","Bottled Lightning","Peace Pipe","Ginger","Black Star","Letter Opener","PreservedInsect","Pen Nib","Blue Candle","Art of War","Thread and Needle","Orichalcum","Membership Card","Lizard Tail","CloakClasp","StrikeDummy","Akabeko"],"acts_visited":["Exordium","TheCity","TheBeyond","TheEnding"],"potions_floor_usage":[19,21,31,35,48,55,55],"damage_taken":[{"damage":0,"enemies":"Cultist","floor":1,"turns":5},{"damage":0,"enemies":"2 Louse","floor":3,"turns":2},{"damage":0,"enemies":"Small Slimes","floor":5,"turns":2},{"damage":4,"enemies":"Lagavulin","floor":7,"turns":4},{"damage":0,"enemies":"Red Slaver","floor":8,"turns":3},{"damage":0,"enemies":"3 Sentries","floor":10,"turns":8},{"damage":0,"enemies":"Large Slime","floor":11,"turns":3},{"damage":0,"enemies":"Gremlin Nob","floor":13,"turns":4},{"damage":10,"enemies":"Looter","floor":14,"turns":3},{"damage":0,"enemies":"Hexaghost","floor":16,"turns":8},{"damage":12,"enemies":"3 Byrds","floor":18,"turns":4},{"damage":4,"enemies":"2 Thieves","floor":19,"turns":4},{"damage":2,"enemies":"Snake Plant","floor":21,"turns":3},{"damage":6,"enemies":"Snecko","floor":22,"turns":3},{"damage":0,"enemies":"Gremlin Leader","floor":24,"turns":3},{"damage":4,"enemies":"Shelled Parasite and Fungi","floor":27,"turns":3},{"damage":1,"enemies":"3 Cultists","floor":31,"turns":4},{"damage":0,"enemies":"Collector","floor":33,"turns":5},{"damage":2,"enemies":"3 Shapes","floor":35,"turns":3},{"damage":0,"enemies":"3 Darklings","floor":36,"turns":4},{"damage":6,"enemies":"Writhing Mass","floor":37,"turns":4},{"damage":1,"enemies":"Transient","floor":38,"turns":5},{"damage":4,"enemies":"Sphere and 2 Shapes","floor":39,"turns":3},{"damage":0,"enemies":"Giant Head","floor":40,"turns":6},{"damage":6,"enemies":"Nemesis","floor":42,"turns":3},{"damage":0,"enemies":"Reptomancer","floor":44,"turns":2},{"damage":0,"enemies":"Spire Growth","floor":45,"turns":3},{"damage":0,"enemies":"Writhing Mass","floor":48,"turns":3},{"damage":21,"enemies":"Time Eater","floor":50,"turns":6},{"damage":3,"enemies":"Shield and Spear","floor":54,"turns":3},{"damage":46,"enemies":"The Heart","floor":55,"turns":6}],"seed_played":"-5487280889632156445","potions_obtained":[{"floor":1,"key":"SpeedPotion"},{"floor":1,"key":"FearPotion"},{"floor":3,"key":"BottledMiracle"},{"floor":14,"key":"Energy Potion"},{"floor":18,"key":"Regen Potion"},{"floor":19,"key":"DuplicationPotion"},{"floor":21,"key":"Explosive Potion"},{"floor":22,"key":"LiquidMemories"},{"floor":31,"key":"BottledMiracle"},{"floor":36,"key":"DuplicationPotion"},{"floor":39,"key":"Energy Potion"}],"is_trial":true,"path_per_floor":["M","?","M","?","M","R","E","M","T","E","M","T","E","M","R","B",null,"M","M","?","M","M","R","E","R","T","M","T","R","$","M","R","B",null,"M","M","M","M","M","E","R","E","T","E","M","$","?","M","R","B",null,"R","$","E","B",null],"character_chosen":"WATCHER","items_purchased":["Ginger","Fruit Juice","Membership Card","Lizard Tail","CloakClasp","LiquidBronze"],"campfire_rested":2,"item_purchase_floors":[30,30,46,46,53,53],"current_hp_per_floor":[72,58,58,58,58,58,54,54,54,54,54,54,54,44,44,69,72,60,65,65,63,57,57,57,57,57,53,53,53,53,57,57,77,77,75,75,69,68,64,64,64,58,58,58,58,58,58,58,77,56,77,77,77,74,31],"gold":136,"neow_bonus":"","is_daily":false,"chose_seed":false,"campfire_upgraded":4,"win_rate":0.0,"timestamp":1612690675,"path_taken":["M","?","M","?","M","R","E","M","T","E","M","?","?","M","R","BOSS","M","M","?","M","M","R","E","R","T","M","?","R","$","M","R","BOSS","M","M","M","M","M","E","R","E","T","E","M","$","?","M","R","BOSS","R","$","E","BOSS"],"items_purchased_type":["Relic","Potion","Relic","Relic","Relic","Potion"],"build_version":"2020-11-29","purchased_purges":0,"victory":true,"max_hp_per_floor":[72,72,72,72,72,72,72,72,72,72,72,72,72,72,72,72,72,72,72,72,72,72,72,72,72,72,72,72,72,72,77,77,77,77,77,77,77,77,77,77,77,77,77,77,77,77,77,77,77,77,77,77,77,77,77],"card_choices":[{"not_picked":["CarveReality","PathToVictory","Protect"],"picked":"SKIP","floor":1},{"not_picked":["JustLucky","Worship","ForeignInfluence"],"picked":"SKIP","floor":3},{"not_picked":["Protect","Conclude","Nirvana"],"picked":"SKIP","floor":5},{"not_picked":["Wish","Alpha","ConjureBlade"],"picked":"SKIP","floor":7},{"not_picked":["FlurryOfBlows","JustLucky"],"picked":"Wallop","floor":8},{"not_picked":["SpiritShield","MasterReality"],"picked":"Devotion","floor":10},{"not_picked":["Evaluate","EmptyFist","Worship"],"picked":"SKIP","floor":11},{"not_picked":["ConjureBlade","Omniscience"],"picked":"Devotion","floor":13},{"not_picked":["FlyingSleeves","TalkToTheHand","EmptyBody"],"picked":"SKIP","floor":14},{"not_picked":["EmptyFist+1","WaveOfTheHand+1","BowlingBash"],"picked":"SKIP","floor":18},{"not_picked":["JustLucky","Halt","Wireheading"],"picked":"SKIP","floor":19},{"not_picked":["BowlingBash+1","Halt","JustLucky"],"picked":"SKIP","floor":21},{"not_picked":["BowlingBash+1","Halt","JustLucky"],"picked":"SKIP","floor":21},{"not_picked":["BowlingBash+1","Halt","JustLucky"],"picked":"SKIP","floor":21},{"not_picked":["Protect","PathToVictory","SpiritShield"],"picked":"SKIP","floor":22},{"not_picked":["ConjureBlade","Ragnarok"],"picked":"LessonLearned","floor":24},{"not_picked":["PathToVictory+1","BowlingBash","ThirdEye"],"picked":"SKIP","floor":27},{"not_picked":["FlyingSleeves","JustLucky","InnerPeace"],"picked":"SKIP","floor":31},{"not_picked":["Devotion","Alpha"],"picked":"Brilliance","floor":33},{"not_picked":["LikeWater","PathToVictory+1","TalkToTheHand+1"],"picked":"SKIP","floor":35},{"not_picked":["ThirdEye","EmptyBody+1","Prostrate"],"picked":"SKIP","floor":36},{"not_picked":["ThirdEye","EmptyBody+1"],"picked":"Prostrate","floor":36},{"not_picked":["SashWhip+1","Study+1","WindmillStrike+1"],"picked":"SKIP","floor":37},{"not_picked":["Consecrate","Crescendo","FlyingSleeves+1"],"picked":"SKIP","floor":38},{"not_picked":["EmptyFist","CrushJoints","Protect+1"],"picked":"SKIP","floor":39},{"not_picked":["LessonLearned","DevaForm","DeusExMachina"],"picked":"SKIP","floor":40},{"not_picked":["LessonLearned","ConjureBlade","Establishment"],"picked":"SKIP","floor":42},{"not_picked":["Ragnarok","DeusExMachina","Wish"],"picked":"SKIP","floor":44},{"not_picked":["Adaptation","BattleHymn","Meditate"],"picked":"SKIP","floor":45},{"not_picked":["Crescendo","BowlingBash+1","Tantrum+1"],"picked":"SKIP","floor":48},{"not_picked":["SpiritShield","Blasphemy","Alpha"],"picked":"SKIP","floor":54}],"player_experience":76978,"relics_obtained":[{"floor":7,"key":"Pantograph"},{"floor":10,"key":"White Beast Statue"},{"floor":12,"key":"Centennial Puzzle"},{"floor":13,"key":"War Paint"},{"floor":24,"key":"Anchor"},{"floor":26,"key":"Bottled Lightning"},{"floor":28,"key":"Peace Pipe"},{"floor":40,"key":"Letter Opener"},{"floor":40,"key":"PreservedInsect"},{"floor":42,"key":"Pen Nib"},{"floor":42,"key":"Blue Candle"},{"floor":43,"key":"Art of War"},{"floor":44,"key":"Thread and Needle"},{"floor":44,"key":"Orichalcum"},{"floor":54,"key":"StrikeDummy"},{"floor":54,"key":"Akabeko"}],"event_choices":[{"damage_healed":0,"gold_gain":0,"player_choice":"Entered Light","damage_taken":14,"max_hp_gain":0,"max_hp_loss":0,"event_name":"Shining Light","floor":2,"gold_loss":0,"cards_upgraded":["Swivel","Worship"]},{"damage_healed":0,"gold_gain":61,"player_choice":"Gained Gold","damage_taken":0,"max_hp_gain":0,"max_hp_loss":0,"event_name":"Golden Wing","floor":4,"gold_loss":0},{"cards_removed":["Sanctity"],"damage_healed":0,"gold_gain":0,"player_choice":"Gave Gold","damage_taken":0,"max_hp_gain":0,"max_hp_loss":0,"event_name":"Beggar","floor":20,"gold_loss":75},{"cards_removed":["WindmillStrike"],"damage_healed":0,"gold_gain":0,"player_choice":"Removed Attack","damage_taken":0,"max_hp_gain":0,"max_hp_loss":0,"event_name":"Falling","floor":47,"gold_loss":0}],"is_beta":false,"boss_relics":[{"not_picked":["Fusion Hammer","Sozu","VioletLotus"]},{"not_picked":["Calling Bell","Runic Pyramid"],"picked":"Black Star"}],"items_purged_floors":[],"is_endless":false,"potions_floor_spawned":[1,1,3,5,7,8,11,13,14,14,14,16,18,18,18,19,19,19,21,21,22,22,22,24,27,27,27,31,31,31,33,33,35,35,36,36,36,37,37,37,38,38,38,39,39,39,40,42,44,44,45,45,45,48,54,54,54,54],"ascension_level":1}}