{"host":"9bcvatsnbq1a3xq4","time":1612699595,"event":{"mods":["BaseMod","Bestiary","Block Reminder","Highlight Path","Minty Spire (QoL Compilation)","Relic Stats"],"gold_per_floor":[117,192,204,26,26,26,44,73,73,73,73],"floor_reached":10,"language":"ENG","playtime":581,"items_purged":[],"score":132,"play_id":"789a9a5b-2111-4dfe-990f-32d0d65c6db7","local_time":"20210207130635","is_ascension_mode":true,"campfire_choices":[{"data":"Cold Snap","floor":6,"key":"SMITH"}],"circlet_count":0,"master_deck":["AscendersBane","Strike_B","Strike_B","Strike_B","Strike_B","Defend_B","Defend_B","Defend_B","Defend_B","Zap","Dualcast","Cold Snap+1","Leap","Melter+1","BootSequence","Loop","Chill"],"relics":["Inserter","Mummified Hand","InkBottle"],"acts_visited":["Exordium"],"potions_floor_usage":[8,10],"damage_taken":[{"damage":4,"enemies":"Small Slimes","floor":1,"turns":4},{"damage":5,"enemies":"2 Louse","floor":3,"turns":5},{"damage":0,"enemies":"Jaw Worm","floor":7,"turns":4},{"damage":14,"enemies":"Lagavulin","floor":8,"turns":7},{"damage":34,"enemies":"Gremlin Nob","floor":10,"turns":3}],"seed_played":"3736225966612375409","potions_obtained":[{"floor":3,"key":"PowerPotion"}],"is_trial":false,"path_per_floor":["M","?","M","$","?","R","M","E","T","E"],"character_chosen":"DEFECT","items_purchased":["Melter","Strength Potion","BootSequence"],"campfire_rested":0,"item_purchase_floors":[4,4,4],"current_hp_per_floor":[60,49,44,44,44,44,44,30,30,0,0],"gold":73,"neow_bonus":"BOSS_RELIC","is_daily":false,"chose_seed":false,"campfire_upgraded":1,"win_rate":0.0,"timestamp":1612699595,"path_taken":["M","?","M","$","?","R","M","E","T","E"],"items_purchased_type":["Card","Potion","Card"],"build_version":"2020-12-22","purchased_purges":0,"victory":false,"max_hp_per_floor":[71,71,71,71,71,71,71,71,71,71,71],"relic_stats":{"Inserter":[11],"counters":[5,23],"Mummified Hand":[2],"obtain_stats":[{"Inserter":0,"Mummified Hand":8,"Cracked Core":0,"InkBottle":9},{"Inserter":0,"Mummified Hand":4,"Cracked Core":0,"InkBottle":4},{"Inserter":0,"Mummified Hand":20,"Cracked Core":0,"InkBottle":20}],"InkBottle":[1]},"card_choices":[{"not_picked":["Rebound","Auto Shields"],"picked":"Cold Snap","floor":1},{"not_picked":["Stack","Double Energy"],"picked":"Leap","floor":3},{"not_picked":["Beam Cell","Hologram"],"picked":"Loop","floor":7},{"not_picked":["Blizzard","Chaos"],"picked":"Chill","floor":8}],"player_experience":807805,"relics_obtained":[{"floor":8,"key":"Mummified Hand"},{"floor":9,"key":"InkBottle"}],"event_choices":[{"damage_healed":0,"gold_gain":75,"player_choice":"Gather Gold","damage_taken":11,"max_hp_gain":0,"max_hp_loss":0,"event_name":"World of Goop","floor":2,"gold_loss":0},{"damage_healed":0,"gold_gain":0,"player_choice":"Grow","damage_taken":0,"max_hp_gain":0,"max_hp_loss":0,"event_name":"Living Wall","floor":5,"gold_loss":0,"cards_upgraded":["Melter"]}],"is_beta":false,"boss_relics":[],"items_purged_floors":[],"is_endless":false,"potions_floor_spawned":[3,7],"killed_by":"Gremlin Nob","ascension_level":20}}