{"host":"at5b10nm0iti0w4x","time":1612656681,"event":{"mods":["AchievementEnabler","BaseMod","Bestiary","Block Reminder","Colored Map","Colored Powertips","Highlight Path","Keyboard Shortcuts","Minty Spire (QoL Compilation)","Relic Stats","StSLib","SuperFastMode"],"gold_per_floor":[11,11,28,40,60,60,85,105,105,105,59,70,82,28,28,126,126,144,144,155,172,182,182,198,113,113,123,123,213,17,17,17],"floor_reached":31,"language":"ENG","playtime":1901,"items_purged":[],"score":241,"play_id":"969f02ed-2f6e-4015-9f77-24d8c6474994","local_time":"20210206191121","is_ascension_mode":false,"campfire_choices":[{"data":"Zap","floor":6,"key":"SMITH"},{"floor":10,"key":"REST"},{"floor":15,"key":"REST"},{"floor":23,"key":"REST"},{"floor":28,"key":"REST"}],"circlet_count":0,"master_deck":["Strike_B","Strike_B","Strike_B+1","Defend_B","Defend_B","Defend_B","Defend_B","Zap+1","Dualcast","Streamline","Cold Snap","Gash+1","Gash","Echo Form","Sweeping Beam","Compile Driver","Darkness","Capacitor","Redo","Rainbow","Rebound","Go for the Eyes","Beam Cell","Tempest","Leap","Loop","All For One"],"relics":["Cracked Core","Mango","Whetstone","Ginger","Velvet Choker","CaptainsWheel","White Beast Statue","Juzu Bracelet"],"acts_visited":["Exordium","TheCity"],"potions_floor_usage":[22,24,27],"damage_taken":[{"damage":2,"enemies":"Jaw Worm","floor":1,"turns":4},{"damage":6,"enemies":"Cultist","floor":3,"turns":3},{"damage":10,"enemies":"Small Slimes","floor":4,"turns":3},{"damage":14,"enemies":"3 Louse","floor":5,"turns":3},{"damage":17,"enemies":"Lagavulin","floor":7,"turns":8},{"damage":21,"enemies":"Lots of Slimes","floor":8,"turns":5},{"damage":12,"enemies":"2 Fungi Beasts","floor":12,"turns":2},{"damage":12,"enemies":"3 Louse","floor":13,"turns":2},{"damage":22,"enemies":"Hexaghost","floor":16,"turns":9},{"damage":20,"enemies":"2 Thieves","floor":18,"turns":4},{"damage":23,"enemies":"3 Byrds","floor":20,"turns":4},{"damage":15,"enemies":"Sentry and Sphere","floor":21,"turns":4},{"damage":6,"enemies":"Cultist and Chosen","floor":22,"turns":4},{"damage":18,"enemies":"Chosen and Byrds","floor":24,"turns":6},{"damage":22,"enemies":"Centurion and Healer","floor":27,"turns":7},{"damage":25,"enemies":"3 Cultists","floor":31,"turns":4}],"seed_played":"4194771175378613944","potions_obtained":[{"floor":7,"key":"Weak Potion"},{"floor":12,"key":"SpeedPotion"},{"floor":16,"key":"Weak Potion"},{"floor":22,"key":"SkillPotion"},{"floor":24,"key":"EssenceOfSteel"},{"floor":27,"key":"Ancient Potion"}],"is_trial":false,"path_per_floor":["M","?","M","M","M","R","E","M","T","R","$","M","M","$","R","B",null,"M","?","M","M","M","R","M","?","T","M","R","?","$","M"],"character_chosen":"DEFECT","items_purchased":["Compile Driver","Redo","Juzu Bracelet","PowerPotion"],"campfire_rested":4,"item_purchase_floors":[11,14,30,30],"current_hp_per_floor":[87,79,73,63,49,49,32,11,11,37,37,25,13,13,39,17,89,69,69,46,31,25,51,33,33,33,11,37,25,25,0,0],"gold":17,"neow_bonus":"ONE_RARE_RELIC","is_daily":false,"chose_seed":false,"campfire_upgraded":1,"win_rate":0.0,"timestamp":1612656681,"path_taken":["M","?","M","M","M","R","E","?","T","R","$","M","M","?","R","BOSS","M","?","M","?","M","R","M","?","T","M","R","?","$","M"],"items_purchased_type":["Card","Card","Relic","Potion"],"build_version":"2020-12-22","purchased_purges":0,"victory":false,"max_hp_per_floor":[89,89,89,89,89,89,89,89,89,89,89,89,89,89,89,89,89,89,89,89,89,89,89,89,89,89,89,89,89,89,89,89],"relic_stats":{"counters":[16,72],"Juzu Bracelet":0,"Whetstone":["Strike_B","Gash"],"Ginger":[9],"obtain_stats":[{"CaptainsWheel":25,"Velvet Choker":17,"Mango":0,"Juzu Bracelet":30,"Whetstone":7,"Ginger":9,"Cracked Core":0,"White Beast Statue":26},{"CaptainsWheel":14,"Velvet Choker":9,"Mango":0,"Juzu Bracelet":15,"Whetstone":5,"Ginger":6,"Cracked Core":0,"White Beast Statue":14},{"CaptainsWheel":61,"Velvet Choker":39,"Mango":0,"Juzu Bracelet":68,"Whetstone":21,"Ginger":26,"Cracked Core":0,"White Beast Statue":61}]},"card_choices":[{"not_picked":["Stack","Lockon"],"picked":"Streamline","floor":1},{"not_picked":["Stack","Rip and Tear"],"picked":"Cold Snap","floor":3},{"not_picked":["Reprogram","Darkness"],"picked":"Gash","floor":4},{"not_picked":["Blizzard","Redo"],"picked":"Gash","floor":5},{"not_picked":["Reinforced Body","Undo"],"picked":"Echo Form","floor":7},{"not_picked":["Reprogram","Ball Lightning"],"picked":"Sweeping Beam","floor":8},{"not_picked":["Stack","Compile Driver"],"picked":"Darkness","floor":12},{"not_picked":["Heatsinks","Compile Driver"],"picked":"Capacitor","floor":13},{"not_picked":["Electrodynamics","Biased Cognition"],"picked":"Rainbow","floor":16},{"not_picked":["Loop","Compile Driver"],"picked":"Rebound","floor":18},{"not_picked":["Force Field+1","Coolheaded"],"picked":"Beam Cell","floor":20},{"not_picked":["Meteor Strike","Sweeping Beam"],"picked":"Tempest","floor":21},{"not_picked":["Coolheaded","Chaos"],"picked":"Leap","floor":22},{"not_picked":["Go for the Eyes+1","FTL"],"picked":"Loop","floor":24},{"not_picked":["Reinforced Body","Blizzard"],"picked":"All For One","floor":27}],"player_experience":60447,"relics_obtained":[{"floor":7,"key":"Whetstone"},{"floor":9,"key":"Ginger"},{"floor":26,"key":"White Beast Statue"}],"event_choices":[{"damage_healed":0,"gold_gain":0,"player_choice":"Damaged","damage_taken":8,"max_hp_gain":0,"max_hp_loss":0,"event_name":"Wheel of Change","floor":2,"gold_loss":0},{"damage_healed":0,"gold_gain":0,"cards_transformed":["Strike_B"],"player_choice":"Transformed","damage_taken":0,"max_hp_gain":0,"max_hp_loss":0,"event_name":"Transmorgrifier","floor":19,"gold_loss":0,"cards_obtained":["Go for the Eyes"]},{"damage_healed":0,"gold_gain":0,"player_choice":"Obtained Relic","damage_taken":0,"relics_obtained":["CaptainsWheel"],"max_hp_gain":0,"max_hp_loss":0,"event_name":"Addict","floor":25,"gold_loss":85},{"damage_healed":0,"gold_gain":90,"player_choice":"GOLD ","damage_taken":12,"max_hp_gain":0,"max_hp_loss":0,"event_name":"Knowing Skull","floor":29,"potions_obtained":[],"gold_loss":0,"cards_obtained":[]}],"is_beta":false,"boss_relics":[{"not_picked":["Coffee Dripper","Ectoplasm"],"picked":"Velvet Choker"}],"items_purged_floors":[],"is_endless":false,"potions_floor_spawned":[7,12,16,22,24,27],"killed_by":"3 Cultists","ascension_level":0}}