{"host":"jpcy2bclvs7juczu","time":1612668879,"event":{"mods":["Alarm Clock","BaseMod","Bestiary","Block Reminder","Colored Map","Colored Powertips","Current Relic Mod","Curses Come First","Dark Map","Filter the Spire","Minty Spire (QoL Compilation)","Quick Restart","RNG Fix","Relic Stats","Slay the Relics Exporter","Smile Girya","StSLib","everything is the same but u backflip on backflip","ojb\u0027s Better Paths Mod","ojb\u0027s Info Mod","slay the spire mod where everything is the same but ironclad has a cowboy hat"],"gold_per_floor":[112,129,1,17,17,48,48,77,77,77,90,124,89,103,103,196,196,215,231,231,206,277,277,316,20,20,60,53,101,101,135,135,135,135],"floor_reached":33,"language":"ENG","playtime":2181,"items_purged":["Strike_G"],"score":682,"play_id":"0ad8930d-388f-4bc8-aa99-2158ac4d89c1","local_time":"20210206223439","is_ascension_mode":true,"campfire_choices":[{"data":"Dagger Spray","floor":7,"key":"SMITH"},{"data":"Poisoned Stab","floor":15,"key":"SMITH"},{"floor":23,"key":"REST"},{"floor":30,"key":"REST"},{"floor":32,"key":"REST"}],"circlet_count":0,"master_deck":["AscendersBane","Strike_G","Strike_G","Strike_G","Defend_G","Defend_G","Defend_G","Defend_G","Defend_G","Survivor","Neutralize","Poisoned Stab+1","Dagger Throw","Footwork","Dagger Spray+1","Tools of the Trade","PiercingWail","PiercingWail","Underhanded Strike","Corpse Explosion","Deadly Poison","Catalyst","Tactician"],"relics":["Ring of the Snake","Orichalcum","Centennial Puzzle","Art of War","Golden Idol","Pear","Cursed Key","SsserpentHead","HornCleat","ClockworkSouvenir","CeramicFish","Tough Bandages"],"acts_visited":["Exordium","TheCity"],"potions_floor_usage":[6,11,16,19,27,31,31],"damage_taken":[{"damage":2,"enemies":"Cultist","floor":1,"turns":4},{"damage":15,"enemies":"Jaw Worm","floor":2,"turns":4},{"damage":0,"enemies":"2 Louse","floor":4,"turns":2},{"damage":14,"enemies":"Lagavulin","floor":6,"turns":9},{"damage":22,"enemies":"3 Sentries","floor":8,"turns":7},{"damage":13,"enemies":"Gremlin Gang","floor":11,"turns":6},{"damage":27,"enemies":"Gremlin Nob","floor":12,"turns":5},{"damage":2,"enemies":"Looter","floor":14,"turns":2},{"damage":38,"enemies":"Hexaghost","floor":16,"turns":11},{"damage":16,"enemies":"2 Thieves","floor":18,"turns":3},{"damage":10,"enemies":"Chosen","floor":19,"turns":7},{"damage":16,"enemies":"3 Cultists","floor":22,"turns":4},{"damage":8,"enemies":"Gremlin Leader","floor":24,"turns":6},{"damage":8,"enemies":"Book of Stabbing","floor":27,"turns":4},{"damage":5,"enemies":"Slavers","floor":29,"turns":3},{"damage":22,"enemies":"Gremlin Leader","floor":31,"turns":7},{"damage":55,"enemies":"Automaton","floor":33,"turns":6}],"seed_played":"-7786998236430723710","potions_obtained":[{"floor":1,"key":"DuplicationPotion"},{"floor":8,"key":"Regen Potion"},{"floor":11,"key":"Regen Potion"},{"floor":16,"key":"BlessingOfTheForge"},{"floor":24,"key":"Weak Potion"},{"floor":27,"key":"Swift Potion"}],"is_trial":false,"path_per_floor":["M","M","$","M","?","E","R","E","T","?","M","E","?","M","R","B",null,"M","M","?","?","M","R","E","$","T","E","$","E","R","E","R","B"],"character_chosen":"THE_SILENT","items_purchased":["Dagger Throw","Footwork","ClockworkSouvenir","ColorlessPotion","PowerPotion"],"campfire_rested":3,"item_purchase_floors":[3,3,25,25,28],"current_hp_per_floor":[57,42,42,42,64,50,50,28,28,28,30,13,30,28,28,5,54,38,28,28,28,12,33,25,25,25,17,17,12,33,11,32,0,0],"gold":135,"neow_bonus":"RANDOM_COMMON_RELIC","is_daily":false,"chose_seed":false,"campfire_upgraded":2,"win_rate":0.0,"timestamp":1612668879,"path_taken":["M","M","$","M","?","E","R","E","T","?","?","E","?","M","R","BOSS","M","M","?","?","?","R","E","$","T","E","?","E","R","E","R","BOSS"],"items_purchased_type":["Card","Card","Relic","Potion","Potion"],"build_version":"2020-12-22","purchased_purges":1,"victory":false,"max_hp_per_floor":[66,66,66,66,66,66,66,66,66,60,60,70,70,70,70,70,70,70,70,70,70,70,70,70,70,70,70,70,70,70,70,70,70,70],"relic_stats":{"SsserpentHead":150,"Centennial Puzzle":[39],"Tough Bandages":[9],"counters":[17,90],"Golden Idol":74,"CeramicFish":9,"Art of War":[6],"Orichalcum":[312],"Cursed Key":0,"obtain_stats":[{"SsserpentHead":20,"Centennial Puzzle":6,"Tough Bandages":31,"Pear":12,"HornCleat":24,"Golden Idol":10,"CeramicFish":27,"Art of War":8,"Orichalcum":0,"Cursed Key":17,"Ring of the Snake":0,"ClockworkSouvenir":25},{"SsserpentHead":11,"Centennial Puzzle":4,"Tough Bandages":16,"Pear":7,"HornCleat":13,"Golden Idol":5,"CeramicFish":14,"Art of War":5,"Orichalcum":0,"Cursed Key":9,"Ring of the Snake":0,"ClockworkSouvenir":13},{"SsserpentHead":60,"Centennial Puzzle":19,"Tough Bandages":84,"Pear":37,"HornCleat":70,"Golden Idol":26,"CeramicFish":74,"Art of War":26,"Orichalcum":0,"Cursed Key":50,"Ring of the Snake":0,"ClockworkSouvenir":70}],"Ring of the Snake":[34]},"card_choices":[{"not_picked":["Blur","PiercingWail"],"picked":"Poisoned Stab","floor":1},{"not_picked":["Tactician","Deflect","Prepared"],"picked":"SKIP","floor":2},{"not_picked":["Deadly Poison","Masterful Stab"],"picked":"Dagger Spray","floor":4},{"not_picked":["Expertise","Dodge and Roll","Slice"],"picked":"SKIP","floor":6},{"not_picked":["Slice","Skewer"],"picked":"Tools of the Trade","floor":8},{"not_picked":["Bane","Concentrate"],"picked":"PiercingWail","floor":11},{"not_picked":["Underhanded Strike","Blur"],"picked":"PiercingWail","floor":12},{"not_picked":["Backflip","Riddle With Holes"],"picked":"Underhanded Strike","floor":14},{"not_picked":["After Image","Night Terror"],"picked":"Corpse Explosion","floor":16},{"not_picked":["Backflip","PiercingWail","Deflect"],"picked":"SKIP","floor":18},{"not_picked":["Flying Knee","PiercingWail","Dodge and Roll"],"picked":"SKIP","floor":19},{"not_picked":["Deflect","Dagger Spray"],"picked":"Deadly Poison","floor":22},{"not_picked":["A Thousand Cuts","Well Laid Plans"],"picked":"Catalyst","floor":24},{"not_picked":["Deadly Poison","Caltrops","Prepared"],"picked":"SKIP","floor":27},{"not_picked":["Dagger Spray","Outmaneuver"],"picked":"Tactician","floor":29},{"not_picked":["PiercingWail","Blade Dance","Poisoned Stab"],"picked":"SKIP","floor":31}],"player_experience":1589075,"relics_obtained":[{"floor":6,"key":"Centennial Puzzle"},{"floor":8,"key":"Art of War"},{"floor":12,"key":"Pear"},{"floor":24,"key":"HornCleat"},{"floor":27,"key":"CeramicFish"},{"floor":31,"key":"Tough Bandages"}],"event_choices":[{"damage_healed":22,"gold_gain":0,"player_choice":"Banana","damage_taken":0,"max_hp_gain":0,"max_hp_loss":0,"event_name":"Big Fish","floor":5,"gold_loss":0},{"damage_healed":0,"gold_gain":0,"player_choice":"Lose Max HP","damage_taken":0,"relics_obtained":["Golden Idol"],"max_hp_gain":0,"max_hp_loss":6,"event_name":"Golden Idol","floor":10,"gold_loss":0},{"damage_healed":17,"gold_gain":0,"player_choice":"Healed","damage_taken":0,"max_hp_gain":0,"max_hp_loss":0,"event_name":"The Cleric","floor":13,"gold_loss":35},{"damage_healed":0,"gold_gain":0,"player_choice":"Trade","damage_taken":0,"relics_obtained":["SsserpentHead"],"max_hp_gain":0,"max_hp_loss":0,"event_name":"FaceTrader","floor":20,"gold_loss":0},{"cards_removed":["Strike_G"],"damage_healed":0,"gold_gain":0,"player_choice":"Gave Gold","damage_taken":0,"max_hp_gain":0,"max_hp_loss":0,"event_name":"Beggar","floor":21,"gold_loss":75}],"is_beta":false,"boss_relics":[{"not_picked":["Ectoplasm","Fusion Hammer"],"picked":"Cursed Key"}],"items_purged_floors":[25],"is_endless":false,"potions_floor_spawned":[1,8,11,16,24,27],"killed_by":"Automaton","ascension_level":20}}