{"host":"sum4dy402bbv9y4o","time":1612701435,"event":{"mods":["Aspiration","BaseMod","Conspire","Highlight Path","Minty Spire (QoL Compilation)","StSLib"],"gold_per_floor":[113,126,51,71,84,84,98,132,132,132,157,157,167,179,179,179,179],"floor_reached":16,"language":"ENG","playtime":711,"items_purged":["Defend_R"],"score":228,"play_id":"7ae4cd23-7137-4e01-80f7-667d7046bc3c","local_time":"20210207153715","is_ascension_mode":true,"campfire_choices":[{"data":"Body Slam","floor":6,"key":"SMITH"},{"data":"True Grit","floor":10,"key":"SMITH"},{"data":"Body Slam","floor":15,"key":"SMITH"}],"circlet_count":0,"master_deck":["AscendersBane","Strike_R","Strike_R","Strike_R","Strike_R","Defend_R","Defend_R","Defend_R","Bash","Ghostly Armor","Body Slam+1","True Grit+1","Battle Trance","Ghostly Armor","Inflame","Intimidate","Body Slam+1"],"relics":["Burning Blood","aspiration:Nostalgia","PureWater","Smiling Mask","aspiration:HummingbirdHeart","The Courier"],"acts_visited":["Exordium"],"potions_floor_usage":[7,8],"damage_taken":[{"damage":0,"enemies":"Small Slimes","floor":1,"turns":4},{"damage":2,"enemies":"Cultist","floor":2,"turns":4},{"damage":0,"enemies":"2 Louse","floor":4,"turns":2},{"damage":7,"enemies":"Looter","floor":5,"turns":4},{"damage":2,"enemies":"Red Slaver","floor":7,"turns":3},{"damage":39,"enemies":"Gremlin Nob","floor":8,"turns":4},{"damage":25,"enemies":"3 Sentries","floor":11,"turns":10},{"damage":0,"enemies":"3 Louse","floor":13,"turns":3},{"damage":0,"enemies":"Blue Slaver","floor":14,"turns":3},{"damage":41,"enemies":"Hexaghost","floor":16,"turns":11}],"seed_played":"-1561998805981538717","potions_obtained":[{"floor":1,"key":"Fire Potion"},{"floor":2,"key":"BlessingOfTheForge"},{"floor":11,"key":"Dexterity Potion"}],"is_trial":false,"path_per_floor":["M","M","$","M","M","R","M","E","T","R","E","?","M","M","R","B"],"character_chosen":"IRONCLAD","items_purchased":[],"campfire_rested":0,"item_purchase_floors":[],"current_hp_per_floor":[74,75,75,75,74,74,75,42,42,42,23,23,29,35,35,0,0],"gold":179,"neow_bonus":"NOSTALGIA","is_daily":false,"chose_seed":false,"campfire_upgraded":3,"win_rate":0.0,"timestamp":1612701435,"path_taken":["M","M","$","M","M","R","M","E","T","R","E","?","?","M","R","BOSS"],"items_purchased_type":[],"build_version":"2020-12-22","purchased_purges":1,"victory":false,"max_hp_per_floor":[75,75,75,75,75,75,75,75,75,75,75,75,75,75,75,75,75],"card_choices":[{"not_picked":["Bloodletting","Thunderclap"],"picked":"Ghostly Armor","floor":1},{"not_picked":["Wild Strike","conspire:ExplosiveBarrier"],"picked":"Body Slam","floor":2},{"not_picked":["Thunderclap","Perfected Strike"],"picked":"True Grit","floor":4},{"not_picked":["Warcry","Iron Wave"],"picked":"Battle Trance","floor":5},{"not_picked":["Pummel","Wild Strike"],"picked":"Ghostly Armor","floor":7},{"not_picked":["Demon Form","Shrug It Off"],"picked":"Inflame","floor":8},{"not_picked":["Ghostly Armor","Iron Wave"],"picked":"Intimidate","floor":11},{"not_picked":["Hemokinesis","conspire:ExplosiveBarrier","Thunderclap"],"picked":"SKIP","floor":13},{"not_picked":["Twin Strike","Shrug It Off"],"picked":"Body Slam","floor":14}],"player_experience":3051790,"relics_obtained":[{"floor":8,"key":"Smiling Mask"},{"floor":9,"key":"aspiration:HummingbirdHeart"},{"floor":11,"key":"The Courier"}],"event_choices":[{"cards_removed":["Strike_R"],"damage_healed":0,"gold_gain":0,"player_choice":"Card Removal","damage_taken":0,"max_hp_gain":0,"max_hp_loss":0,"event_name":"Wheel of Change","floor":12,"gold_loss":0}],"is_beta":false,"boss_relics":[],"items_purged_floors":[3],"is_endless":false,"potions_floor_spawned":[1,2,4,11],"killed_by":"Hexaghost","ascension_level":20}}