{"host":"stk82ot58bnorhun","time":1612709224,"event":{"mods":["BaseMod","Colored Powertips","Energized Spire","Highlight Path","Minty Spire (QoL Compilation)","Replay The Spire","StSLib","SuperFastMode","The Servant 0.9.4","UnlockEverythingMod"],"gold_per_floor":[114,128,128,139,139,139,173,173,173,198,198,218,246,256,256,355,355,369,379,379,193,208,208,223,251,251,251,251,251,288,326,326,457,457,483,514,542,582,599,663,663,696,696,63,63,63,121,165,165,215,215,215,44,106,114],"floor_reached":56,"language":"ZHS","playtime":5008,"items_purged":["Strike_S","Strike_S"],"score":1374,"play_id":"409f799c-945e-4478-b7a5-2b0052c1c4c4","local_time":"20210207224704","is_ascension_mode":true,"campfire_choices":[{"data":"Revamp","floor":6.0,"key":"SMITH"},{"floor":8.0,"key":"RECALL"},{"data":"FastForward","floor":11.0,"key":"SMITH"},{"data":"Rearm","floor":23.0,"key":"SMITH"},{"data":"Hightail","floor":28.0,"key":"SMITH"},{"data":"Deny","floor":32.0,"key":"SMITH"},{"data":"MurderousAura","floor":41.0,"key":"SMITH"},{"data":"Sunlight","floor":46.0,"key":"SMITH"},{"data":"Moonlight","floor":49.0,"key":"SMITH"},{"data":"Chrysalis","floor":52.0,"key":"SMITH"}],"circlet_count":0,"master_deck":["Strike_S","Defend_S","Defend_S","Defend_S","Defend_S","KidneyShot","Exchange+1","Rewind","FastForward+1","Revamp+1","FastForward+1","Hightail+1","ShiftingGears","Sunlight+1","TimeWarp+1","Replace+1","Rearm+1","FloweringNight+1","TimeWarp+1","Collapse+1","BottledTime+1","Deny+1","Replace+1","MurderousAura+1","Ricochet+1","Replace+1","FastForward+1","Moonlight+1","ShiftingGears","Potential","Chrysalis+1","Initiator","Initiator","RealityMarble"],"relics":["Coffee Dripper","ReplayTheSpireMod:Ring of Exchange","Thread and Needle","ReplayFunnel","InkBottle","Philosopher\u0027s Stone","Mango","Replay:Bandana","Pen Nib","energizedSpire:StickyHand","ReplayTheSpireMod:Shallot","Bottled Tornado","Pantograph","War Paint","Akabeko","Blood Vial"],"acts_visited":["Exordium","TheCity","TheBeyond","TheEnding"],"potions_floor_usage":[],"damage_taken":[{"damage":0.0,"enemies":"Cultist","floor":1.0,"turns":4.0},{"damage":2.0,"enemies":"Small Slimes","floor":2.0,"turns":4.0},{"damage":0.0,"enemies":"2 Louse","floor":4.0,"turns":3.0},{"damage":10.0,"enemies":"Lagavulin","floor":7.0,"turns":11.0},{"damage":12.0,"enemies":"Replay:BlueRogue","floor":10.0,"turns":8.0},{"damage":0.0,"enemies":"Blue Slaver","floor":12.0,"turns":5.0},{"damage":0.0,"enemies":"3 Sentries","floor":13.0,"turns":15.0},{"damage":0.0,"enemies":"2 Fungi Beasts","floor":14.0,"turns":6.0},{"damage":0.0,"enemies":"Fading Forest","floor":16.0,"turns":11.0},{"damage":0.0,"enemies":"Chosen","floor":18.0,"turns":10.0},{"damage":0.0,"enemies":"Spheric Guardian","floor":19.0,"turns":7.0},{"damage":0.0,"enemies":"Snake Plant","floor":22.0,"turns":5.0},{"damage":0.0,"enemies":"Shelled Parasite and Fungi","floor":24.0,"turns":5.0},{"damage":0.0,"enemies":"Gremlin Leader","floor":25.0,"turns":7.0},{"damage":0.0,"enemies":"Book of Stabbing","floor":30.0,"turns":6.0},{"damage":0.0,"enemies":"3 Cultists","floor":31.0,"turns":2.0},{"damage":0.0,"enemies":"Automaton","floor":33.0,"turns":8.0},{"damage":0.0,"enemies":"Orb Walker","floor":35.0,"turns":5.0},{"damage":6.0,"enemies":"3 Darklings","floor":36.0,"turns":4.0},{"damage":2.0,"enemies":"Sphere and 2 Shapes","floor":37.0,"turns":5.0},{"damage":3.0,"enemies":"Transient","floor":38.0,"turns":5.0},{"damage":0.0,"enemies":"Spire Growth","floor":39.0,"turns":4.0},{"damage":0.0,"enemies":"Reptomancer","floor":40.0,"turns":7.0},{"damage":0.0,"enemies":"Nemesis","floor":42.0,"turns":7.0},{"damage":0.0,"enemies":"Reptomancer","floor":47.0,"turns":5.0},{"damage":0.0,"enemies":"Sphere and 2 Shapes","floor":48.0,"turns":3.0},{"damage":33.0,"enemies":"Replay:Hell Engine","floor":50.0,"turns":7.0},{"damage":14,"enemies":"Shield and Spear","floor":54,"turns":6},{"damage":15,"enemies":"The Heart","floor":55,"turns":11}],"seed_played":"6684259321178452389","potions_obtained":[{"floor":2.0,"key":"Toxic Potion"},{"floor":7.0,"key":"PowerPotion"},{"floor":12.0,"key":"SkillPotion"},{"floor":13.0,"key":"Energy Potion"},{"floor":16.0,"key":"Doom Potion"},{"floor":19.0,"key":"FairyPotion"},{"floor":22.0,"key":"Energy Potion"},{"floor":37.0,"key":"Swift Potion"},{"floor":39.0,"key":"Venom Potion"},{"floor":54,"key":"Toxic Potion"}],"is_trial":false,"path_per_floor":["M","M","?","M","?","R","E","R","T","E","R","M","E","M","R","B",null,"M","M","?","$","M","R","M","E","T","?","R","?","E","M","R","B",null,"M","M","M","M","M","E","R","E","T","$","?","R","E","M","R","B",null,"R","$","E","B",null],"character_chosen":"THE_SERVANT","items_purchased":["FloweringNight+1","Moonlight","ShiftingGears","Potential","War Paint","Chrysalis","Initiator","RealityMarble"],"campfire_rested":0,"item_purchase_floors":[21,44,44,44,44,44,53,53],"current_hp_per_floor":[65,63,63,63,63,63,53,53,53,41,41,41,41,41,60,60,65,65,65,65,65,65,65,65,79,79,79,79,79,79,79,79,79,79,79,73,71,68,68,68,68,68,68,68,68,68,68,68,68,42,75,75,75,61,60],"gold":114,"neow_bonus":"BOSS_RELIC","is_daily":false,"chose_seed":false,"campfire_upgraded":9,"win_rate":0.0,"timestamp":1612709224,"path_taken":["M","M","?","M","?","R","E","R","T","E","R","M","E","M","R","BOSS","M","M","?","$","M","R","M","E","T","?","R","?","E","M","R","BOSS","M","M","M","M","M","E","R","E","T","$","?","R","E","M","R","BOSS","R","$","E","BOSS"],"items_purchased_type":["Card","Card","Card","Card","Relic","Card","Card","Card"],"build_version":"2020-12-22","purchased_purges":2,"victory":true,"max_hp_per_floor":[65,65,65,65,65,65,65,65,65,65,65,65,65,65,65,65,65,65,65,65,65,65,65,65,79,79,79,79,79,79,79,79,79,79,79,79,79,79,79,79,79,79,79,79,75,75,75,75,75,75,75,75,75,75,75],"card_choices":[{"not_picked":["Defy","Alleviate"],"picked":"Rewind","floor":1.0},{"not_picked":["DoubleEdge","Unruled"],"picked":"FastForward","floor":2.0},{"not_picked":["MoonPhase","DualDimension"],"picked":"Revamp","floor":4.0},{"not_picked":["Collapse","FanOfKnives","ReturningBlade"],"picked":"SKIP","floor":7.0},{"not_picked":["Collapse","FanOfKnives","ReturningBlade"],"picked":"SKIP","floor":7.0},{"not_picked":["Snipe","StarChef","Rewind"],"picked":"SKIP","floor":10.0},{"not_picked":["Starlight","Spin"],"picked":"FastForward","floor":12.0},{"not_picked":["Spin","Defy"],"picked":"Hightail","floor":13.0},{"not_picked":["Comet","ShatteredReality"],"picked":"ShiftingGears","floor":14.0},{"not_picked":["Initiator","Deny"],"picked":"Sunlight","floor":16.0},{"not_picked":["FastForward+1","Moondial"],"picked":"TimeWarp+1","floor":18.0},{"not_picked":["Potential","Barrier"],"picked":"Replace+1","floor":19.0},{"not_picked":["Spin","Alleviate+1"],"picked":"TimeWarp+1","floor":22.0},{"not_picked":["DoubleEdge","Spin+1"],"picked":"Collapse+1","floor":24.0},{"not_picked":["FastForward","ShatteredReality"],"picked":"BottledTime+1","floor":25.0},{"not_picked":["Spin","Rearm"],"picked":"Deny","floor":30.0},{"not_picked":["Collapse","Spin"],"picked":"Replace+1","floor":31.0},{"not_picked":["PendulumOfEternity","ForgedInTime"],"picked":"MurderousAura","floor":33.0},{"not_picked":["Revamp+1","Advance+1","SurpressingFire"],"picked":"SKIP","floor":35.0},{"not_picked":["Replace+1","FastForward"],"picked":"Ricochet+1","floor":36.0},{"not_picked":["Rearm","Ricochet","Revamp+1"],"picked":"SKIP","floor":37.0},{"not_picked":["Alleviate+1","StarChef","DualDimension"],"picked":"SKIP","floor":38.0},{"not_picked":["Rewind+1","BottledTime+1","FastForward"],"picked":"SKIP","floor":39.0},{"not_picked":["SilverBlades","Hightail","ShiftingGears"],"picked":"SKIP","floor":40.0},{"not_picked":["Reset","Deny","BestPractice"],"picked":"SKIP","floor":42.0},{"not_picked":["Defy","Moondial+1","Hightail"],"picked":"SKIP","floor":47.0},{"not_picked":["InstantArmor+1","Barrier+1","Rewind+1"],"picked":"SKIP","floor":48.0},{"not_picked":["Alleviate","Read","Comet"],"picked":"SKIP","floor":54}],"player_experience":62936,"relics_obtained":[{"floor":5.0,"key":"ReplayTheSpireMod:Ring of Exchange"},{"floor":7.0,"key":"Thread and Needle"},{"floor":10.0,"key":"ReplayFunnel"},{"floor":13.0,"key":"InkBottle"},{"floor":25.0,"key":"Mango"},{"floor":26.0,"key":"Replay:Bandana"},{"floor":30.0,"key":"Pen Nib"},{"floor":40.0,"key":"ReplayTheSpireMod:Shallot"},{"floor":42.0,"key":"Bottled Tornado"},{"floor":43.0,"key":"Pantograph"},{"floor":47.0,"key":"Akabeko"},{"floor":54,"key":"Blood Vial"}],"event_choices":[{"damage_healed":0.0,"max_hp_gain":0.0,"max_hp_loss":0.0,"gold_gain":0.0,"event_name":"Liars Game","player_choice":"Ignored","floor":3.0,"gold_loss":0.0,"damage_taken":0.0},{"damage_healed":0.0,"max_hp_gain":0.0,"max_hp_loss":0.0,"gold_gain":0.0,"event_name":"The Library","player_choice":"Read","floor":20.0,"gold_loss":0.0,"damage_taken":0.0,"cards_obtained":["Rearm"]},{"cards_removed":["Strike_S"],"damage_healed":0.0,"max_hp_gain":0.0,"max_hp_loss":0.0,"gold_gain":0.0,"event_name":"Back to Basics","player_choice":"Elegance","floor":27.0,"gold_loss":0.0,"damage_taken":0.0},{"damage_healed":0.0,"max_hp_gain":0.0,"max_hp_loss":0.0,"gold_gain":0.0,"event_name":"Vampires","player_choice":"Ignored","floor":29.0,"gold_loss":0.0,"damage_taken":0.0},{"damage_healed":0.0,"max_hp_gain":0.0,"max_hp_loss":4.0,"gold_gain":0.0,"event_name":"Winding Halls","player_choice":"Max HP","floor":45.0,"gold_loss":0.0,"damage_taken":0.0}],"is_beta":false,"boss_relics":[{"not_picked":["Calling Bell","energizedSpire:EnergizedDie"],"picked":"Philosopher\u0027s Stone"},{"not_picked":["Runic Dome","Guide Book"],"picked":"energizedSpire:StickyHand"}],"items_purged_floors":[21,44],"is_endless":false,"potions_floor_spawned":[2,7,12,13,16,19,22,24,37,39,47,54],"ascension_level":1}}