{"host":"t5kis9necmbui802","time":1612723181,"event":{"mods":["100% Spire Juice","Act Like it!","BaseMod","CapriCore","Chen","Colored Powertips","Downfall","Gensokyo","Hermit","HololiveMod","Koishi","KomeijiMod","Lobotomy","LobotomyExtend","Minty Spire (QoL Compilation)","MostiFishMod","Prisma Mod","Replay The Spire","Robot Space Explorer","Shop Mod","Spicy Shops","StSLib","The Alterego","The Immortal","TheWitcher","Uncapped","Yuri Mod","Yuyuko","noobMod"],"gold_per_floor":[76,76,76,88,108,135,210,210,290,321,338,354,372,385,385,486,586,586,586,597,614,634,660,660,678,703,703,722,750,750,290,290,389,389,399,399,415,426,436,469,469,494,494,494,494,494,494,509,521,550,550,550,550],"floor_reached":54,"language":"ZHS","playtime":3781,"items_purged":[],"score":1081,"play_id":"13ef2672-4828-4cf4-ab6f-37f46b6e09ee","local_time":"20210208023941","is_ascension_mode":false,"campfire_choices":[{"floor":8.0,"key":"REST"},{"data":"Hololive_OvertimeWork","floor":15.0,"key":"SMITH"},{"data":"Hololive_Trident","floor":24,"key":"SMITH"},{"data":"Hololive_Rebound","floor":32,"key":"SMITH"},{"data":"Hololive_DurableLive","floor":41,"key":"SMITH"},{"data":"Hololive_StrengthChampion","floor":44,"key":"SMITH"},{"data":"Hololive_StrengthChampion+1","floor":51,"key":"SMITH"}],"circlet_count":0,"master_deck":["Hololive_Strike","Hololive_Defend","Hololive_Defend","Hololive_Defend","Hololive_Defend","Hololive_LuckPotion","Hololive_Trident+1","Hololive_StrengthChampion","Hololive_OvertimeWork+1","Dazed","Hololive_CocoNews","Hololive_OvertimeWork+1","Hololive_FlyingPonyTail","Hololive_CocoNews","Hololive_AWSL","Hololive_FlyingPonyTail","Hololive_CandyCastle","Hololive_AWSL","Hololive_LuckPotion","Hololive_HuntDinosaur+1","Hololive_LuckPotion","Hololive_StrengthChampion+2","Hololive_HighAtkLowDef","Hololive_Psychosis+1","Hololive_Rebound+1","Hololive_AWSL","Hololive_DurableLive+1","Hololive_FlyingPonyTail+1","Hololive_OvertimeWork+1","Hololive_HighAtkLowDef","Hololive_HuntDinosaur+1","Hololive_Breathe+1","Parasite","Hololive_Rebound+1","Hololive_StrengthChampion+1","Hololive_DurableLive+1"],"relics":["Hololive_TheStar","Hololive_Peko","DaveBox","ice","ArrowTower","SynthV:TestCard","LetterFromLob","Regal Pillow","White Beast Statue","Toy Ornithopter","Replay:Wanted Poster","StoneCalendar","ReplayTheSpireMod:TigerMarble","PreservedInsect","MerchantsRug","MostiFishMod:Haymaker","Pet Ghost","GuanYuAspect","InkBottle","Centennial Puzzle","Toxic Egg 2","Hololive_FriedShrimpLion"],"acts_visited":["Exordium","TheCity","TheBeyond"],"potions_floor_usage":[23,23,23,28,29,29,38,39,40,42,48,50,52,52],"damage_taken":[{"damage":0.0,"enemies":"Jaw Worm","floor":1.0,"turns":2.0},{"damage":0.0,"enemies":"2 Louse","floor":4.0,"turns":2.0},{"damage":0.0,"enemies":"Cultist","floor":5.0,"turns":2.0},{"damage":0.0,"enemies":"Replay:BlueRogue","floor":6.0,"turns":3.0},{"damage":7.0,"enemies":"Lagavulin","floor":10.0,"turns":4.0},{"damage":0.0,"enemies":"3 Louse","floor":11.0,"turns":2.0},{"damage":0.0,"enemies":"Large Slime","floor":12.0,"turns":3.0},{"damage":0.0,"enemies":"Looter","floor":13.0,"turns":2.0},{"damage":0.0,"enemies":"2 Fungi Beasts","floor":14.0,"turns":2.0},{"damage":0.0,"enemies":"Hexaghost","floor":16.0,"turns":6.0},{"damage":0.0,"enemies":"Spheric Guardian","floor":20.0,"turns":3.0},{"damage":0.0,"enemies":"Shell Parasite","floor":21.0,"turns":3.0},{"damage":0.0,"enemies":"3 Cultists","floor":22.0,"turns":4.0},{"damage":10,"enemies":"Slavers","floor":23,"turns":4},{"damage":0,"enemies":"Cultist and Chosen","floor":25,"turns":3},{"damage":0,"enemies":"Snake Plant","floor":28,"turns":2},{"damage":0,"enemies":"Gremlin Leader","floor":29,"turns":3},{"damage":17,"enemies":"Champ","floor":33,"turns":7},{"damage":17,"enemies":"3 Darklings","floor":35,"turns":3},{"damage":0,"enemies":"Orb Walker","floor":37,"turns":2},{"damage":0,"enemies":"Sphere and 2 Shapes","floor":38,"turns":4},{"damage":0,"enemies":"Spire Growth","floor":39,"turns":3},{"damage":0,"enemies":"R_Hoarder","floor":40,"turns":4},{"damage":0,"enemies":"Reptomancer","floor":42,"turns":2},{"damage":0,"enemies":"Writhing Mass","floor":48,"turns":3},{"damage":0,"enemies":"Transient","floor":49,"turns":5},{"damage":0,"enemies":"Giant Head","floor":50,"turns":4},{"damage":0,"enemies":"Time Eater","floor":52,"turns":7}],"seed_played":"-6379025402816229745","potions_obtained":[{"floor":5.0,"key":"Weak Potion"},{"floor":6.0,"key":"bronze:BurnAndBuffPotion"},{"floor":10.0,"key":"Elixir"},{"floor":11.0,"key":"Strength Potion"},{"floor":12.0,"key":"CalmPotion"},{"floor":13.0,"key":"Explosive Potion"},{"floor":14.0,"key":"LiquidMemories"},{"floor":16.0,"key":"SkillPotion"},{"floor":21.0,"key":"bronze:BurnAndBuffPotion"},{"floor":22.0,"key":"Strength Potion"},{"floor":23,"key":"Block Potion"},{"floor":25,"key":"Fire Potion"},{"floor":28,"key":"Fire Potion"},{"floor":29,"key":"Fire Potion"},{"floor":33,"key":"Energy Potion"},{"floor":35,"key":"Weak Potion"},{"floor":38,"key":"FearPotion"},{"floor":39,"key":"Block Potion"},{"floor":40,"key":"CalmPotion"},{"floor":42,"key":"Weak Potion"},{"floor":48,"key":"Elixir"},{"floor":49,"key":"Strength Potion"},{"floor":50,"key":"Regen Potion"}],"is_trial":false,"path_per_floor":["M","?","?","M","M","E","?","R","T","E","M","M","M","M","R","B",null,"M","?","M","M","M","E","R","M","T","?","M","E","?","$","R","B",null,"M","?","M","M","M","E","R","E","T","R","PTL","PTL","?","M","M","E","R","B",null,null],"character_chosen":"Hololive_HololiveCharacter","items_purchased":["MerchantsRug","MostiFishMod:Haymaker","Pet Ghost"],"campfire_rested":1,"item_purchase_floors":[31,31,31],"current_hp_per_floor":[26,26,19,19,19,19,8,33,33,26,31,35,36,37,37,38,38,1,6,8,10,12,12,12,14,14,14,21,25,25,25,25,50,36,25,21,32,46,61,66,66,70,70,70,70,70,70,74,81,86,86,100,100],"gold":550,"neow_bonus":"REMOVE_TWO","is_daily":false,"chose_seed":false,"campfire_upgraded":6,"win_rate":0.0,"timestamp":1612723181,"path_taken":["M","?","?","M","M","E","?","R","T","E","?","?","M","M","R","BOSS","M","?","M","M","M","E","R","M","T","?","?","E","?","?","R","BOSS","M","?","?","M","?","E","R","E","T","R","PTL","PTL","?","M","M","E","R","BOSS"],"items_purchased_type":["Relic","Relic","Relic"],"build_version":"2020-12-22","purchased_purges":0,"victory":true,"max_hp_per_floor":[35,35,35,35,35,35,35,35,35,35,35,35,36,37,37,38,38,1,6,8,10,12,13,13,18,18,18,23,25,25,25,25,71,36,46,46,50,57,61,66,66,70,70,70,70,70,70,74,82,86,86,100,100],"card_choices":[{"not_picked":["Hololive_FlyingPonyTail","Hololive_Rebound","Hololive_CocoNews"],"picked":"Hololive_StrengthChampion","floor":1.0},{"not_picked":["Hololive_CallMinatoAqua","Hololive_Psychosis","Hololive_CallAyundaRisu","Hololive_CallRoboco","Hololive_LuckPotion"],"picked":"Hololive_FlyingPonyTail","floor":4.0},{"not_picked":["Hololive_BeCareful","Hololive_CocoNews","Hololive_DevilCharm","Hololive_Watashimo","Hololive_HuntDinosaur","Hololive_StrengthChampion"],"picked":"SKIP","floor":5.0},{"not_picked":["Hololive_Drill","Hololive_SoulCatcher","Hololive_HuntDinosaur","Hololive_StrengthChampion","Hololive_RevenueBasedLive","Hololive_CocoNews"],"picked":"SKIP","floor":6.0},{"not_picked":["Hololive_CallKiryuuCoco","Hololive_Sequa","Hololive_RevenueBasedLive","Hololive_SummonFox","Hololive_CallTokinoSora"],"picked":"Hololive_CocoNews","floor":10.0},{"not_picked":["Hololive_Drill","Hololive_DevilCharm","Hololive_Trident","Hololive_CallArtia","Hololive_Psychosis","Hololive_RevenueBasedLive"],"picked":"SKIP","floor":11.0},{"not_picked":["Hololive_Sequa","Hololive_CallMomosuzuNene","Hololive_Drill","Hololive_Rebound","Hololive_LuckPotion"],"picked":"Hololive_AWSL","floor":12.0},{"not_picked":["Hololive_Rebound","Hololive_Trident","Hololive_CallYogiri","Hololive_CallTokoyamiTowa","Hololive_CallManoAloe"],"picked":"Hololive_FlyingPonyTail","floor":13.0},{"not_picked":["Hololive_DevilCharm","Hololive_CallTokinoSora","Hololive_Breathe","Hololive_Drill","Hololive_Trident"],"picked":"Hololive_CandyCastle","floor":14.0},{"not_picked":["Hololive_DiamondStrike","Hololive_ScarfAndHalo","Hololive_DDD","Hololive_HighAtkLowDef","Hololive_WolfAndLamb"],"picked":"Hololive_AWSL","floor":16.0},{"not_picked":["Hololive_Sequa","Hololive_SoulCatcher","Hololive_OvertimeWork","Hololive_HuntDinosaur","Hololive_Breathe"],"picked":"Hololive_LuckPotion","floor":20.0},{"not_picked":["Hololive_CallMinatoAqua+1","Hololive_CallMomosuzuNene","Hololive_CallTsunomakiWatame","Hololive_StrengthChampion","Hololive_CallOkamiMio+1"],"picked":"Hololive_HuntDinosaur+1","floor":21.0},{"not_picked":["Hololive_HuntDinosaur","Hololive_Psychosis","Hololive_OvertimeWork","Hololive_Trident","Hololive_Breathe"],"picked":"Hololive_LuckPotion","floor":22.0},{"not_picked":["Hololive_Teleport","Hololive_CallYogiri","Hololive_Trident","Hololive_CallTokoyamiTowa","Hololive_Sequa"],"picked":"Hololive_StrengthChampion","floor":23},{"not_picked":["Hololive_Trident+1","Hololive_CallOkamiMio","Hololive_Drill","Hololive_RevenueBasedLive","Hololive_ILoveYou"],"picked":"Hololive_HighAtkLowDef","floor":25},{"not_picked":["Hololive_FlyingPonyTail","Hololive_Sequa+1","Hololive_RevenueBasedLive","Hololive_ScarfAndHalo","Hololive_HuntDinosaur"],"picked":"Hololive_Psychosis+1","floor":28},{"not_picked":["Hololive_DiamondStrike","Hololive_CallAmaneKanata","Hololive_Breathe","Hololive_Drill","Hololive_CallNatsuiroMatsuri"],"picked":"Hololive_Rebound","floor":29},{"not_picked":["Hololive_IdolExercise","Hololive_WolfAndLamb","Hololive_Thief","Hololive_BeCareful","Hololive_Rebirth"],"picked":"Hololive_DurableLive","floor":33},{"not_picked":["Hololive_CallHoushouMarine+1","Hololive_Drill+1","Hololive_Sequa","Hololive_Psychosis","Hololive_CallKiryuuCoco"],"picked":"Hololive_FlyingPonyTail+1","floor":35},{"not_picked":["Hololive_LuckPotion+1","Hololive_Sequa+1","Hololive_Trident","Hololive_BringToTrial+1","Hololive_RevenueBasedLive"],"picked":"Hololive_OvertimeWork+1","floor":37},{"not_picked":["Hololive_CallUruhaRushia+1","Hololive_CallYukihanaLamy","Hololive_HuntDinosaur","Hololive_Drill+1","Hololive_OvertimeWork"],"picked":"Hololive_HighAtkLowDef","floor":38},{"not_picked":["Hololive_Sequa+1","Hololive_Rebound","Hololive_CallTsunomakiWatame+1","Hololive_CallShiranuiFlare","Hololive_Teleport"],"picked":"Hololive_HuntDinosaur+1","floor":39},{"not_picked":["Hololive_CandyCastle","Hololive_CallNatsuiroMatsuri+1","Hololive_Sequa+1","Hololive_CocoNews","Hololive_Trident+1"],"picked":"Hololive_StrengthChampion+1","floor":40},{"not_picked":["Hololive_CallMinatoAqua+1","Hololive_CallYogiri","Hololive_CallRosalyn","Hololive_WolfAndLamb","Hololive_CallMomosuzuNene+1"],"picked":"Hololive_Breathe+1","floor":42},{"not_picked":["Hololive_FlyingPonyTail+1","Hololive_Sequa","Hololive_Spy+1","Hololive_StrengthChampion","Hololive_RevenueBasedLive+1"],"picked":"Hololive_Rebound+1","floor":48},{"not_picked":["Hololive_Psychosis+1","Hololive_CallManoAloe+1","Hololive_CocoNews+1","Hololive_Trident+1","Hololive_CallMinatoAqua+1"],"picked":"Hololive_StrengthChampion+1","floor":49},{"not_picked":["Hololive_HighAtkLowDef+1","Hololive_CocoNews+1","Hololive_FlyingPonyTail+1","Hololive_Psychosis+1","Hololive_CallCivia+1"],"picked":"Hololive_DurableLive+1","floor":50}],"player_experience":407223,"relics_obtained":[{"floor":1.0,"key":"SynthV:TestCard"},{"floor":1.0,"key":"LetterFromLob"},{"floor":6.0,"key":"Regal Pillow"},{"floor":9.0,"key":"White Beast Statue"},{"floor":10.0,"key":"Toy Ornithopter"},{"floor":23,"key":"StoneCalendar"},{"floor":26,"key":"ReplayTheSpireMod:TigerMarble"},{"floor":29,"key":"PreservedInsect"},{"floor":40,"key":"InkBottle"},{"floor":42,"key":"Centennial Puzzle"},{"floor":43,"key":"Toxic Egg 2"},{"floor":50,"key":"Hololive_FriedShrimpLion"}],"event_choices":[{"cards_removed":["Hololive_Strike"],"damage_healed":0.0,"max_hp_gain":0.0,"max_hp_loss":0.0,"gold_gain":0.0,"event_name":"Golden Wing","player_choice":"Card Removal","floor":3.0,"gold_loss":0.0,"damage_taken":7.0},{"damage_healed":0.0,"max_hp_gain":0.0,"max_hp_loss":0.0,"gold_gain":75.0,"event_name":"World of Goop","player_choice":"Gather Gold","floor":7.0,"gold_loss":0.0,"damage_taken":11.0},{"damage_healed":0.0,"max_hp_gain":5.0,"max_hp_loss":0.0,"gold_gain":0.0,"event_name":"Forgotten Altar","player_choice":"Shed Blood","floor":19.0,"gold_loss":0.0,"damage_taken":0.0},{"cards_removed":["Hololive_CallSakuraMiko"],"damage_healed":0,"gold_gain":0,"player_choice":"Purged","damage_taken":0,"max_hp_gain":0,"max_hp_loss":0,"event_name":"Purifier","floor":27,"gold_loss":0},{"damage_healed":0,"gold_gain":0,"player_choice":"Copied","damage_taken":0,"max_hp_gain":0,"max_hp_loss":0,"event_name":"Duplicator","floor":30,"gold_loss":0,"cards_obtained":["Hololive_AWSL"]},{"damage_healed":0,"gold_gain":0,"player_choice":"Damaged","damage_taken":4,"max_hp_gain":0,"max_hp_loss":0,"event_name":"Wheel of Change","floor":36,"gold_loss":0},{"cards_removed":["Hololive_StrengthChampion"],"damage_healed":0,"gold_gain":0,"player_choice":"Removed Attack","damage_taken":0,"max_hp_gain":0,"max_hp_loss":0,"event_name":"Falling","floor":47,"gold_loss":0}],"is_beta":false,"boss_relics":[{"not_picked":["Fusion Hammer","FixedStarFall"],"picked":"Replay:Wanted Poster"},{"not_picked":["EE1DDrone","BloodWine"],"picked":"GuanYuAspect"}],"items_purged_floors":[],"is_endless":false,"potions_floor_spawned":[5,6,10,11,12,13,14,16,20,21,22,23,25,28,29,33,35,37,38,39,40,42,48,49,50],"ascension_level":0}}