{"host":"f6f8cjhjgha9mpdq","time":1612719390,"event":{"mods":["BaseMod","Colored Map","DeckTracker","Keyboard Shortcuts","Minty Spire (QoL Compilation)","Permanent Neow","Quick Restart","Random Character Button","Relic Stats","StSLib","SuperFastMode"],"gold_per_floor":[110,110,120,137,212,239,239,42,42,57,57,73,88,121,121,199,199,212,212,231,251,264,264,264,264],"floor_reached":24,"language":"KOR","playtime":1120,"items_purged":["Strike_R"],"score":420,"play_id":"9bfa468d-8fe9-4592-9d9d-d2a836e8eb95","local_time":"20210208023630","is_ascension_mode":true,"campfire_choices":[{"data":"Havoc","floor":7.0,"key":"SMITH"},{"data":"Demon Form","floor":15.0,"key":"SMITH"},{"data":"Havoc","floor":23,"key":"SMITH"}],"circlet_count":0,"master_deck":["AscendersBane","Bash","Iron Wave","Havoc+1","Pommel Strike+1","Demon Form+1","Uppercut","Shockwave","Carnage","Feel No Pain","Havoc+1","Bludgeon+1","True Grit","Dark Embrace","Thunderclap+1","Impervious","Searing Blow+1","Clothesline+1","Sentinel"],"relics":["Burning Blood","Gambling Chip","StrikeDummy","Molten Egg 2","Pandora\u0027s Box"],"acts_visited":["Exordium","TheCity"],"potions_floor_usage":[21,24],"damage_taken":[{"damage":7.0,"enemies":"Small Slimes","floor":1.0,"turns":4.0},{"damage":1.0,"enemies":"Cultist","floor":3.0,"turns":4.0},{"damage":4.0,"enemies":"Jaw Worm","floor":4.0,"turns":4.0},{"damage":26.0,"enemies":"Gremlin Nob","floor":6.0,"turns":4.0},{"damage":3.0,"enemies":"2 Fungi Beasts","floor":10.0,"turns":5.0},{"damage":13.0,"enemies":"Exordium Thugs","floor":12.0,"turns":4.0},{"damage":1.0,"enemies":"Exordium Wildlife","floor":13.0,"turns":2.0},{"damage":4.0,"enemies":"Lagavulin","floor":14.0,"turns":6.0},{"damage":19.0,"enemies":"Slime Boss","floor":16.0,"turns":6.0},{"damage":19,"enemies":"Chosen","floor":18,"turns":4},{"damage":24,"enemies":"2 Thieves","floor":20,"turns":4},{"damage":30,"enemies":"Cultist and Chosen","floor":21,"turns":7},{"damage":13,"enemies":"Snecko","floor":22,"turns":4},{"damage":41,"enemies":"Slavers","floor":24,"turns":4}],"seed_played":"-8448976468922466963","potions_obtained":[{"floor":1.0,"key":"BlessingOfTheForge"},{"floor":13.0,"key":"PowerPotion"},{"floor":16.0,"key":"ElixirPotion"},{"floor":18,"key":"Explosive Potion"}],"is_trial":false,"path_per_floor":["M","?","M","M","?","E","R","$","T","M","?","M","M","E","R","B",null,"M","?","M","M","M","R","E"],"character_chosen":"IRONCLAD","items_purchased":["Uppercut","Shockwave"],"campfire_rested":0,"item_purchase_floors":[8,8],"current_hp_per_floor":[49,54,59,61,50,30,30,30,30,33,33,26,31,33,33,20,65,52,90,72,48,41,41,0,0],"gold":264,"neow_bonus":"TRANSFORM_TWO_CARDS","is_daily":false,"chose_seed":false,"campfire_upgraded":3,"win_rate":0.0,"timestamp":1612719390,"path_taken":["M","?","M","M","?","E","R","$","T","M","?","M","M","E","R","BOSS","M","?","M","M","M","R","E"],"items_purchased_type":["Card","Card"],"build_version":"2020-12-22","purchased_purges":1,"victory":false,"max_hp_per_floor":[75,80,80,80,80,80,80,80,80,80,80,80,80,80,80,80,80,80,90,90,90,90,90,90,90],"relic_stats":{"counters":[14,62],"Gambling Chip":[27],"Pandora\u0027s Box":["Bludgeon","True Grit","Dark Embrace","Thunderclap","Impervious","Searing Blow"],"obtain_stats":[{"Gambling Chip":6,"Molten Egg 2":14,"Pandora\u0027s Box":17,"StrikeDummy":9,"Burning Blood":0},{"Gambling Chip":4,"Molten Egg 2":8,"Pandora\u0027s Box":9,"StrikeDummy":4,"Burning Blood":0},{"Gambling Chip":16,"Molten Egg 2":33,"Pandora\u0027s Box":39,"StrikeDummy":16,"Burning Blood":0}],"Burning Blood":78},"card_choices":[{"not_picked":["Power Through","Intimidate","Iron Wave"],"picked":"SKIP","floor":1.0},{"not_picked":["Combust","Anger"],"picked":"Pommel Strike","floor":3.0},{"not_picked":["Armaments","Clothesline"],"picked":"Demon Form","floor":4.0},{"not_picked":["True Grit","Berserk","Searing Blow"],"picked":"SKIP","floor":6.0},{"not_picked":["Clash","True Grit"],"picked":"Carnage","floor":10.0},{"not_picked":["Thunderclap","Cleave"],"picked":"Feel No Pain","floor":12.0},{"not_picked":["Metallicize","Iron Wave"],"picked":"Havoc","floor":13.0},{"not_picked":["Thunderclap+1","Corruption","Combust"],"picked":"SKIP","floor":14.0},{"not_picked":["Limit Break","Juggernaut"],"picked":"Exhume","floor":16.0},{"not_picked":["Dual Wield","Infernal Blade"],"picked":"Clothesline+1","floor":18},{"not_picked":["Uppercut+1","Sword Boomerang+1","Fire Breathing"],"picked":"SKIP","floor":20},{"not_picked":["Anger+1","Armaments","Disarm"],"picked":"SKIP","floor":21},{"not_picked":["Carnage+1","Ghostly Armor"],"picked":"Sentinel","floor":22}],"player_experience":588262,"relics_obtained":[{"floor":6.0,"key":"Gambling Chip"},{"floor":9.0,"key":"StrikeDummy"},{"floor":14.0,"key":"Molten Egg 2"}],"event_choices":[{"damage_healed":0.0,"max_hp_gain":5.0,"max_hp_loss":0.0,"gold_gain":0.0,"event_name":"Big Fish","player_choice":"Donut","floor":2.0,"gold_loss":0.0,"damage_taken":0.0},{"damage_healed":0.0,"max_hp_gain":0.0,"max_hp_loss":0.0,"gold_gain":75.0,"event_name":"World of Goop","player_choice":"Gather Gold","floor":5.0,"gold_loss":0.0,"damage_taken":11.0},{"damage_healed":0.0,"max_hp_gain":0.0,"max_hp_loss":0.0,"gold_gain":0.0,"event_name":"Upgrade Shrine","player_choice":"Upgraded","floor":11.0,"gold_loss":0.0,"damage_taken":0.0,"cards_upgraded":["Pommel Strike"]},{"cards_removed":["Exhume"],"damage_healed":28,"gold_gain":0,"player_choice":"Offered Rare","damage_taken":0,"max_hp_gain":10,"max_hp_loss":0,"event_name":"Bonfire Elementals","floor":19,"gold_loss":0}],"is_beta":false,"boss_relics":[{"not_picked":["Busted Crown","Ectoplasm"],"picked":"Pandora\u0027s Box"}],"items_purged_floors":[8],"is_endless":false,"potions_floor_spawned":[1,13,16,18,20],"killed_by":"Slavers","ascension_level":20}}