{"host":"mgjbkrm6zb65cm01","time":1612695410,"event":{"mods":["ATMod(°¢èªMod)","BaseMod","Conspire","Good Game Mod","Minty Spire (QoL Compilation)","Quick Restart","Relic Stats","Replay The Spire","Spicy Shops","StSLib","The Servant 0.9.4","UnlockEverythingMod","noobMod"],"gold_per_floor":[119,137,156,173,185,197,217,231,309,325,351,18,48,65,65,166,166,176,192,209,222,235,235,235,267,267,281,281,298,327,327,327,346,346,445,445,461,561,581,593,6,32,43,43,66,66,84,119,129,159,159,159,159,159,10,38,38],"floor_reached":58,"language":"ZHS","playtime":5930,"items_purged":["Strike_R","Shame","Writhe","Decay"],"score":1688,"play_id":"f195883b-5c7c-4e9f-a243-996826041f2d","local_time":"20210207185650","is_ascension_mode":false,"campfire_choices":[{"data":"AT_LightSaberMaster","floor":15.0,"key":"SMITH"},{"floor":26,"key":"RECALL"},{"floor":34,"key":"DIG"},{"data":"AT_ShrugMaster","floor":44,"key":"SMITH"},{"floor":51,"key":"REST"},{"data":"AT_DrawKnifeCut","floor":54,"key":"SMITH"}],"circlet_count":0,"master_deck":["Strike_R+1","Defend_R+1","Defend_R+1","Bash","Die Die Die","Headbutt","Sword Boomerang","Heavy Blade","Flex","Bloodletting","Whirlwind","Whirlwind","Inflame","Heavy Blade","Life Link+1","AT_LightSaberMaster+1","AT_DrawKnifeCut+1","Demon Form","conspire:ExplosiveBarrier","Offering","Flex","Battle Trance+1","Thunderclap+1","AT_Dispersion","Rampage","Shrug It Off","Sentinel+1","Juggernaut","Sword Boomerang","ReplayTheSpireMod:Muscle Training","Sword Boomerang+1","AT_ShrugMaster+1","AT_BreakingExtremeWeapon","Headbutt+1","Pummel","Flash of Steel","Rampage+1","Combust+1","Sword Boomerang+1","Shockwave+1","Shockwave+1","Sword Boomerang+1"],"relics":["Burning Blood","REME:ComplimentaryCards","ice","AT_ATBox","NeowsBlessing","The Courier","Question Card","Orichalcum","Ooze Armor","Mercury Hourglass","AT_TimeSand","conspire:Boomerang","Strawberry","AT_EbonyIvory","Kintsugi","Bag of Marbles","Golden Egg","AT_BladeRuinedKing","Snack Pack","Mummified Hand","Toolbox","AT_RedTearstoneRing"],"acts_visited":["Exordium","TheCity","TheBeyond","TheEnding"],"potions_floor_usage":[22,29,29,29,35,52,57,57,57],"damage_taken":[{"damage":0.0,"enemies":"Cultist","floor":1.0,"turns":1.0},{"damage":0.0,"enemies":"Small Slimes","floor":2.0,"turns":1.0},{"damage":0.0,"enemies":"2 Louse","floor":3.0,"turns":1.0},{"damage":16.0,"enemies":"Red Slaver","floor":4.0,"turns":3.0},{"damage":10.0,"enemies":"Looter","floor":5.0,"turns":2.0},{"damage":7.0,"enemies":"Large Slime","floor":6.0,"turns":4.0},{"damage":14.0,"enemies":"Exordium Wildlife","floor":7.0,"turns":2.0},{"damage":0.0,"enemies":"3 Louse","floor":8.0,"turns":1.0},{"damage":3.0,"enemies":"Large Slime","floor":10.0,"turns":4.0},{"damage":12.0,"enemies":"3 Sentries","floor":11.0,"turns":2.0},{"damage":36.0,"enemies":"Lagavulin","floor":13.0,"turns":4.0},{"damage":4.0,"enemies":"Exordium Thugs","floor":14.0,"turns":2.0},{"damage":5.0,"enemies":"Slime Boss","floor":16.0,"turns":6.0},{"damage":9.0,"enemies":"Spheric Guardian","floor":18.0,"turns":3.0},{"damage":16.0,"enemies":"Shell Parasite","floor":19.0,"turns":4.0},{"damage":22.0,"enemies":"Sentry and Sphere","floor":20.0,"turns":4.0},{"damage":18.0,"enemies":"Snecko","floor":21.0,"turns":4.0},{"damage":3,"enemies":"3 Cultists","floor":22,"turns":2},{"damage":34,"enemies":"Slavers","floor":25,"turns":3},{"damage":3,"enemies":"Chosen and Byrds","floor":27,"turns":4},{"damage":16,"enemies":"Snecko","floor":29,"turns":3},{"damage":9,"enemies":"conspire:Head Lice","floor":30,"turns":4},{"damage":6,"enemies":"Snake Plant","floor":33,"turns":3},{"damage":9,"enemies":"Pondfish","floor":35,"turns":7},{"damage":9,"enemies":"Orb Walker","floor":37,"turns":2},{"damage":45,"enemies":"3 Shapes","floor":39,"turns":2},{"damage":3,"enemies":"Maw","floor":40,"turns":6},{"damage":1,"enemies":"Reptomancer","floor":42,"turns":3},{"damage":29,"enemies":"Spire Growth","floor":43,"turns":3},{"damage":0,"enemies":"Jaw Worm Horde","floor":47,"turns":2},{"damage":10,"enemies":"Giant Head","floor":48,"turns":4},{"damage":21,"enemies":"4 Shapes","floor":49,"turns":2},{"damage":0,"enemies":"R_Hoarder","floor":50,"turns":2},{"damage":70,"enemies":"Awakened One","floor":52,"turns":5},{"damage":30,"enemies":"Shield and Spear","floor":56,"turns":3},{"damage":83,"enemies":"The Heart","floor":57,"turns":5}],"seed_played":"-7867057396959105567","potions_obtained":[{"floor":4.0,"key":"DuplicationPotion"},{"floor":5.0,"key":"DuplicationPotion"},{"floor":7.0,"key":"Dexterity Potion"},{"floor":8.0,"key":"ElixirPotion"},{"floor":11.0,"key":"Dexterity Potion"},{"floor":13.0,"key":"Energy Potion"},{"floor":16.0,"key":"GamblersBrew"},{"floor":20.0,"key":"Reflective Coating"},{"floor":21.0,"key":"Energy Potion"},{"floor":25,"key":"Languid Potion"},{"floor":27,"key":"Toxic Potion"},{"floor":33,"key":"Adrenaline Potion"},{"floor":39,"key":"Swift Potion"},{"floor":43,"key":"Elixir"},{"floor":47,"key":"Weak Potion"},{"floor":48,"key":"DuplicationPotion"},{"floor":49,"key":"Regen Potion"}],"is_trial":false,"path_per_floor":["M","M","M","M","M","M","M","M","T","M","E","$","E","M","R","B",null,"M","M","M","M","M","PTL","PTL","E","R","M","T","M","E","T","?","M","R","B",null,"M","?","M","M","$","E","M","R","T","?","M","E","M","E","R","B",null,"R","$","E","B",null],"character_chosen":"IRONCLAD","items_purchased":["Life Link+1","AT_LightSaberMaster","Question Card","AT_ShrugMaster","AT_BreakingExtremeWeapon","Bag of Marbles","Toolbox","SkillPotion","Shockwave"],"campfire_rested":1,"item_purchase_floors":[12,12,12,41,41,41,55,55,55],"current_hp_per_floor":[80,80,80,70,66,65,57,63,63,66,60,60,30,32,32,33,80,77,67,51,39,42,42,42,14,14,17,17,80,77,84,84,84,84,81,104,101,101,62,65,65,70,47,47,47,47,53,49,36,46,86,30,139,139,139,117,62],"gold":38,"neow_bonus":"THREE_ENEMY_KILL","is_daily":false,"chose_seed":false,"campfire_upgraded":3,"win_rate":0.0,"timestamp":1612695410,"path_taken":["M","M","M","M","M","M","M","M","T","M","E","$","E","M","R","BOSS","M","M","M","M","M","PTL","PTL","E","R","M","T","M","E","?","?","M","R","BOSS","M","?","?","M","?","E","M","R","T","?","M","E","M","E","R","BOSS","R","$","E","BOSS"],"items_purchased_type":["Card","Card","Relic","Card","Card","Relic","Relic","Potion","Card"],"build_version":"2020-12-22","purchased_purges":4,"victory":true,"max_hp_per_floor":[80,80,80,80,80,80,80,80,80,80,80,80,80,80,80,80,80,80,80,80,80,80,80,80,80,80,80,80,80,81,88,88,91,91,104,104,105,105,120,123,123,124,126,126,126,126,126,128,136,136,136,139,139,139,139,144,195],"relic_stats":{"counters":[36,113],"Mummified Hand":[20],"Orichalcum":[222],"Question Card":25,"obtain_stats":[{"Golden Egg":42,"AT_RedTearstoneRing":56,"AT_ATBox":0,"NeowsBlessing":0,"The Courier":11,"AT_EbonyIvory":34,"AT_BladeRuinedKing":45,"ice":0,"AT_TimeSand":28,"conspire:Boomerang":30,"Orichalcum":13,"Question Card":12,"Burning Blood":0,"Mercury Hourglass":25,"REME:ComplimentaryCards":0,"Ooze Armor":17,"Mummified Hand":50,"Strawberry":31,"Toolbox":55,"Bag of Marbles":41,"Snack Pack":48,"Kintsugi":36},{"Golden Egg":28,"AT_RedTearstoneRing":35,"AT_ATBox":0,"NeowsBlessing":0,"The Courier":10,"AT_EbonyIvory":23,"AT_BladeRuinedKing":29,"ice":0,"AT_TimeSand":20,"conspire:Boomerang":22,"Orichalcum":11,"Question Card":10,"Burning Blood":0,"Mercury Hourglass":19,"REME:ComplimentaryCards":0,"Ooze Armor":13,"Mummified Hand":33,"Strawberry":22,"Toolbox":34,"Bag of Marbles":27,"Snack Pack":31,"Kintsugi":24},{"Golden Egg":87,"AT_RedTearstoneRing":108,"AT_ATBox":0,"NeowsBlessing":0,"The Courier":21,"AT_EbonyIvory":67,"AT_BladeRuinedKing":90,"ice":0,"AT_TimeSand":57,"conspire:Boomerang":64,"Orichalcum":25,"Question Card":21,"Burning Blood":0,"Mercury Hourglass":53,"REME:ComplimentaryCards":0,"Ooze Armor":33,"Mummified Hand":100,"Strawberry":64,"Toolbox":105,"Bag of Marbles":84,"Snack Pack":96,"Kintsugi":74}],"Burning Blood":192,"Mercury Hourglass":[255]},"card_choices":[{"not_picked":["AT_BodySlamDance","Run Through"],"picked":"Headbutt","floor":1.0},{"not_picked":["Cleave","Clash"],"picked":"Sword Boomerang","floor":2.0},{"not_picked":["Iron Wave","Clothesline"],"picked":"Heavy Blade","floor":3.0},{"not_picked":["ReplayTheSpireMod:Stacked","Life Link"],"picked":"Flex","floor":4.0},{"not_picked":["Iron Wave","Clash","ReplayTheSpireMod:Strike From Hell"],"picked":"SKIP","floor":5.0},{"not_picked":["Clothesline","Heavy Blade"],"picked":"Bloodletting","floor":6.0},{"not_picked":["Iron Wave","Armaments"],"picked":"Whirlwind","floor":7.0},{"not_picked":["Barricade","Clash"],"picked":"Whirlwind","floor":8.0},{"not_picked":["AT_IchimonjiDouble","Clothesline"],"picked":"Inflame","floor":10.0},{"not_picked":["Body Slam","Bloodletting"],"picked":"Heavy Blade","floor":11.0},{"not_picked":["Wild Strike","ReplayTheSpireMod:Stacked","Heavy Blade"],"picked":"AT_DrawKnifeCut","floor":13.0},{"not_picked":["Anger","Dark Embrace","Heavy Blade","Evolve"],"picked":"SKIP","floor":14.0},{"not_picked":["Juggernaut","Bludgeon","Immolate"],"picked":"Demon Form","floor":16.0},{"not_picked":["Perfected Strike","Iron Wave","AT_IchimonjiDouble+1"],"picked":"conspire:ExplosiveBarrier","floor":18.0},{"not_picked":["Wild Strike+1","Burning Pact","Body Slam"],"picked":"Offering","floor":19.0},{"not_picked":["AT_DrawKnifeCut","Headbutt","Anger"],"picked":"Flex","floor":20.0},{"not_picked":["Flame Barrier","Sentinel","Replay:Undeath\u0027s Touch+1"],"picked":"Battle Trance+1","floor":21.0},{"not_picked":["Metallicize+1","AT_BodySlamDance","Perfected Strike"],"picked":"Thunderclap+1","floor":22},{"not_picked":["AT_IchimonjiDouble","Corruption","Armaments"],"picked":"AT_Dispersion","floor":25},{"not_picked":["Wild Strike","Cleave+1","Disarm"],"picked":"Rampage","floor":27},{"not_picked":["Flex","AT_IchimonjiDouble","Body Slam"],"picked":"Shrug It Off","floor":29},{"not_picked":["Clash","Perfected Strike","Iron Wave","Sever Soul"],"picked":"SKIP","floor":30},{"not_picked":["Disarm","ReplayTheSpireMod:Limb From Limb","Twin Strike"],"picked":"Sentinel+1","floor":33},{"not_picked":["Bludgeon","Corruption","Demon Form"],"picked":"Juggernaut","floor":35},{"not_picked":["AT_BodySlamDance","Intimidate","Armaments"],"picked":"Sword Boomerang","floor":37},{"not_picked":["True Grit","Pommel Strike","Havoc"],"picked":"ReplayTheSpireMod:Muscle Training","floor":39},{"not_picked":["ReplayReversal+1","Fire Breathing","Wild Strike"],"picked":"Sword Boomerang+1","floor":40},{"not_picked":["Twin Strike+1","Replay:Undeath\u0027s Touch","AT_CaressingTears"],"picked":"Headbutt+1","floor":42},{"not_picked":["Sword Boomerang","Perfected Strike","Replay:Undeath\u0027s Touch+1"],"picked":"Pummel","floor":43},{"not_picked":["ReplayTheSpireMod:Private Reserves","Enlightenment","The Bomb"],"picked":"Flash of Steel","floor":46},{"not_picked":["Headbutt+1","Dark Embrace","ReplayReversal+1","Flex+1"],"picked":"SKIP","floor":47},{"not_picked":["Wild Strike","Sword Boomerang","Thunderclap"],"picked":"Rampage+1","floor":48},{"not_picked":["Replay:Undeath\u0027s Touch","ReplayTheSpireMod:Corrosion Curse+1","Headbutt+1"],"picked":"Combust+1","floor":49},{"not_picked":["AT_CaressingTears","Twin Strike+1","Havoc"],"picked":"Sword Boomerang+1","floor":50},{"not_picked":["Hemogenesis","Clothesline+1","Inflame"],"picked":"Sword Boomerang+1","floor":56}],"player_experience":132944,"relics_obtained":[{"floor":11.0,"key":"The Courier"},{"floor":13.0,"key":"Orichalcum"},{"floor":25,"key":"Mercury Hourglass"},{"floor":28,"key":"AT_TimeSand"},{"floor":30,"key":"conspire:Boomerang"},{"floor":31,"key":"Strawberry"},{"floor":34,"key":"AT_EbonyIvory"},{"floor":42,"key":"Golden Egg"},{"floor":45,"key":"AT_BladeRuinedKing"},{"floor":48,"key":"Snack Pack"},{"floor":50,"key":"Mummified Hand"},{"floor":56,"key":"AT_RedTearstoneRing"}],"event_choices":[{"damage_healed":0,"gold_gain":0,"player_choice":"Simplicity","damage_taken":0,"max_hp_gain":0,"max_hp_loss":0,"event_name":"Back to Basics","floor":32,"gold_loss":0,"cards_upgraded":["Strike_R","Strike_R","Strike_R","Strike_R","Defend_R","Defend_R","Defend_R","Defend_R"]},{"damage_healed":0,"gold_gain":100,"player_choice":"Pray","damage_taken":0,"max_hp_gain":0,"max_hp_loss":0,"event_name":"Golden Shrine","floor":38,"gold_loss":0},{"damage_healed":0,"gold_gain":0,"player_choice":"Memory 1","damage_taken":0,"max_hp_gain":0,"max_hp_loss":0,"event_name":"SensoryStone","floor":46,"gold_loss":0}],"is_beta":false,"boss_relics":[{"not_picked":["Black Star","Runic Dome"],"picked":"Ooze Armor"},{"not_picked":["Replay:Wanted Poster","conspire:SpecialSausage"],"picked":"Kintsugi"}],"items_purged_floors":[12,12,41,41],"is_endless":false,"potions_floor_spawned":[4,5,7,8,11,13,16,20,21,25,27,33,39,43,47,48,49],"ascension_level":0}}