{"host":"9r21pjsoidsmrzpr","time":1612712933,"event":{"mods":["AchievementEnabler","BaseMod","Hermit","Minty Spire (QoL Compilation)","Reliquary","Replay The Spire","StSLib","The Disciple","The Hierophant","The Runesmith"],"gold_per_floor":[14,25,36,46,65,65,140,156,232,232,305,305,141,141,141,246,246,264,143,153,153,153],"floor_reached":21,"language":"ENG","playtime":1949,"items_purged":["Runesmith:Defend_RS"],"score":171,"play_id":"9467896a-527e-40c4-8d65-22514e35677f","local_time":"20210207184853","is_ascension_mode":false,"campfire_choices":[{"data":"Runesmith:Empowerment","floor":6.0,"key":"SMITH"},{"data":"Runesmith:CraftFirestone","floor":10.0,"key":"SMITH"},{"data":"Runesmith:RuneHurl","floor":12.0,"key":"SMITH"},{"floor":15.0,"key":"REST"}],"circlet_count":0,"master_deck":["Runesmith:Strike_RS+1","Runesmith:Strike_RS+1","Runesmith:Strike_RS+1","Runesmith:Defend_RS","Runesmith:CraftFirestone+1","Runesmith:Fortify","Runesmith:ChargedHammer","Runesmith:UnstableHammer","Runesmith:BackupBattery","Runesmith:Discharge","Runesmith:Empowerment+1","Runesmith:CraftMagma","Runesmith:RuneHurl+1","Runesmith:EarthShield","Dramatic Entrance","Runesmith:Duplicate","Runesmith:CraftProtectio","Runesmith:UnstableHammer+1","Runesmith:ChaoticBlast","Runesmith:CraftMagma+1"],"relics":["Runesmith:BrokenRuby","Letter Opener","Replay:Bottled Eggs","Ring of Chaos"],"acts_visited":["Exordium","TheCity"],"potions_floor_usage":[],"damage_taken":[{"damage":0.0,"enemies":"Cultist","floor":1.0,"turns":2.0},{"damage":6.0,"enemies":"Jaw Worm","floor":2.0,"turns":4.0},{"damage":11.0,"enemies":"2 Louse","floor":3.0,"turns":3.0},{"damage":1.0,"enemies":"Looter","floor":4.0,"turns":3.0},{"damage":11.0,"enemies":"Large Slime","floor":5.0,"turns":5.0},{"damage":9.0,"enemies":"3 Louse","floor":8.0,"turns":3.0},{"damage":23.0,"enemies":"The Guardian","floor":16.0,"turns":6.0},{"damage":20.0,"enemies":"2 Thieves","floor":18.0,"turns":3.0},{"damage":24,"enemies":"Spheric Guardian","floor":20,"turns":4},{"damage":26,"enemies":"Snecko","floor":21,"turns":4}],"seed_played":"-699261166890009751","potions_obtained":[{"floor":3.0,"key":"PowerPotion"},{"floor":5.0,"key":"Flashbang"},{"floor":8.0,"key":"BlessingOfTheForge"},{"floor":18.0,"key":"PowerPotion"}],"is_trial":false,"path_per_floor":["M","M","M","M","M","R","?","M","T","R","T","R","$","?","R","B",null,"M","$","M","M"],"character_chosen":"RUNESMITH_CLASS","items_purchased":["Dramatic Entrance","Runesmith:UnstableHammer+1","Runesmith:ChaoticBlast"],"campfire_rested":1,"item_purchase_floors":[13,19,19],"current_hp_per_floor":[70,64,53,52,41,41,30,21,21,21,21,21,21,14,35,12,70,50,50,26,0,0],"gold":153,"neow_bonus":"TRANSFORM_TWO_CARDS","is_daily":false,"chose_seed":false,"campfire_upgraded":3,"win_rate":0.0,"timestamp":1612712933,"path_taken":["M","?","?","M","M","R","?","M","T","R","?","R","$","?","R","BOSS","M","$","M","M"],"items_purchased_type":["Card","Card","Card"],"build_version":"2020-12-22","purchased_purges":1,"victory":false,"max_hp_per_floor":[70,70,70,70,70,70,70,70,70,70,70,70,70,70,70,70,70,70,70,70,70,70],"card_choices":[{"not_picked":["Runesmith:StaticCage","Runesmith:OneForEveryone"],"picked":"Runesmith:BackupBattery","floor":1.0},{"not_picked":["Runesmith:CraftProtectio","Runesmith:CraftSpiculum"],"picked":"Runesmith:Discharge","floor":2.0},{"not_picked":["Runesmith:PerfectChisel","Runesmith:ChiselStab"],"picked":"Runesmith:Empowerment","floor":3.0},{"not_picked":["Runesmith:Firewall","Runesmith:Grindstone"],"picked":"Runesmith:CraftMagma","floor":4.0},{"not_picked":["Runesmith:UnstableHammer","Runesmith:ShiftingStrike"],"picked":"Runesmith:RuneHurl","floor":5.0},{"not_picked":["Runesmith:MakeshiftArmor","Runesmith:Grindstone"],"picked":"Runesmith:EarthShield","floor":8.0},{"not_picked":["Runesmith:LastStand","Runesmith:Supernova"],"picked":"Runesmith:Duplicate","floor":16.0},{"not_picked":["Runesmith:StaticCage","Runesmith:HeatedChisel+1"],"picked":"Runesmith:CraftProtectio","floor":18.0},{"not_picked":["Runesmith:LithiumIon","Runesmith:HeatedChisel+1"],"picked":"Runesmith:CraftMagma+1","floor":20}],"player_experience":705912,"relics_obtained":[{"floor":9.0,"key":"Letter Opener"},{"floor":11.0,"key":"Replay:Bottled Eggs"}],"event_choices":[{"damage_healed":0.0,"max_hp_gain":0.0,"max_hp_loss":0.0,"gold_gain":75.0,"event_name":"World of Goop","player_choice":"Gather Gold","floor":7.0,"gold_loss":0.0,"damage_taken":11.0},{"cards_removed":["Runesmith:Defend_RS"],"damage_healed":0.0,"max_hp_gain":0.0,"max_hp_loss":0.0,"gold_gain":0.0,"event_name":"Golden Wing","player_choice":"Card Removal","floor":14.0,"gold_loss":0.0,"damage_taken":7.0}],"is_beta":false,"boss_relics":[{"not_picked":["SacredBark","Runesmith:PocketReactor"],"picked":"Ring of Chaos"}],"items_purged_floors":[13],"is_endless":false,"potions_floor_spawned":[3,5,8,18],"killed_by":"Snecko","ascension_level":0}}