{"host":"Á¤±Û¸µ","time":1612670530,"event":{"mods":["AchievementEnabler","BaseMod","Colored Map","DeckTracker","Highlight Path","Keyboard Shortcuts","Minty Spire (QoL Compilation)","Permanent Neow","Quick Restart","Rare Cards Sparkle","StSLib","SuperFastMode","everything is the same but u backflip on backflip"],"gold_per_floor":[114,125,142,142,152,179,179,193,193,203,203,260,47,57,57,184,184,196,246,171,90,15,15,15],"floor_reached":23,"language":"KOR","playtime":921,"items_purged":["Pain"],"score":400,"play_id":"d9de3de1-61ae-44c0-a116-ca64770251b4","local_time":"20210207130210","is_ascension_mode":true,"campfire_choices":[{"floor":7.0,"key":"REST"},{"data":"Noxious Fumes","floor":11.0,"key":"SMITH"},{"floor":15.0,"key":"REST"}],"circlet_count":0,"master_deck":["AscendersBane","Strike_G","Strike_G","Strike_G","Strike_G","Defend_G","Defend_G","Defend_G","Defend_G","Defend_G","Survivor","Neutralize","Poisoned Stab","Noxious Fumes+1","Deadly Poison","Reflex","Flechettes","Prepared","HandOfGreed","Burst","Bouncing Flask"],"relics":["Ring of the Snake","Akabeko","CultistMask","WarpedTongs","Lantern","White Beast Statue","Pen Nib","HoveringKite"],"acts_visited":["Exordium","TheCity"],"potions_floor_usage":[23,23],"damage_taken":[{"damage":0.0,"enemies":"Cultist","floor":1.0,"turns":2.0},{"damage":4.0,"enemies":"Small Slimes","floor":2.0,"turns":3.0},{"damage":0.0,"enemies":"Jaw Worm","floor":3.0,"turns":1.0},{"damage":22.0,"enemies":"Exordium Thugs","floor":5.0,"turns":4.0},{"damage":11.0,"enemies":"Lagavulin","floor":6.0,"turns":6.0},{"damage":9.0,"enemies":"Looter","floor":8.0,"turns":3.0},{"damage":4.0,"enemies":"2 Fungi Beasts","floor":10.0,"turns":3.0},{"damage":22.0,"enemies":"Lagavulin Event","floor":12.0,"turns":6.0},{"damage":2.0,"enemies":"Red Slaver","floor":14.0,"turns":2.0},{"damage":15.0,"enemies":"Slime Boss","floor":16.0,"turns":9.0},{"damage":38.0,"enemies":"Shell Parasite","floor":18.0,"turns":6.0},{"damage":20,"enemies":"Gremlin Leader","floor":23,"turns":3}],"seed_played":"-293141993959625818","potions_obtained":[{"floor":6.0,"key":"SkillPotion"},{"floor":10.0,"key":"SkillPotion"},{"floor":12.0,"key":"Dexterity Potion"},{"floor":14.0,"key":"SmokeBomb"},{"floor":16.0,"key":"Energy Potion"},{"floor":18.0,"key":"Explosive Potion"}],"is_trial":false,"path_per_floor":["M","M","M","?","M","E","R","M","T","M","R","?","$","M","R","B",null,"M","?","$","$","?","E"],"character_chosen":"THE_SILENT","items_purchased":["HandOfGreed","Bouncing Flask"],"campfire_rested":2,"item_purchase_floors":[13,21],"current_hp_per_floor":[59,55,55,55,33,22,41,32,32,28,28,6,6,4,23,8,52,14,14,14,14,14,0,0],"gold":15,"neow_bonus":"RANDOM_COMMON_RELIC","is_daily":false,"chose_seed":false,"campfire_upgraded":1,"win_rate":0.0,"timestamp":1612670530,"path_taken":["M","M","M","?","M","E","R","?","T","M","R","?","$","M","R","BOSS","M","?","?","$","?","E"],"items_purchased_type":["Card","Card"],"build_version":"2020-12-18","purchased_purges":1,"victory":false,"max_hp_per_floor":[66,66,66,66,66,66,66,66,66,66,66,66,66,66,66,66,66,66,66,66,66,66,66,66],"card_choices":[{"not_picked":["Deflect","Dodge and Roll"],"picked":"Poisoned Stab","floor":1.0},{"not_picked":["Deflect","Underhanded Strike"],"picked":"Noxious Fumes","floor":2.0},{"not_picked":["Prepared","Poisoned Stab"],"picked":"Deadly Poison","floor":3.0},{"not_picked":["Tools of the Trade","Choke"],"picked":"Reflex","floor":5.0},{"not_picked":["Dodge and Roll","Dagger Throw","Blade Dance"],"picked":"SKIP","floor":6.0},{"not_picked":["Masterful Stab","Skewer","Deadly Poison"],"picked":"SKIP","floor":8.0},{"not_picked":["Dagger Throw","Predator"],"picked":"Flechettes","floor":10.0},{"not_picked":["Escape Plan","Eviscerate"],"picked":"Prepared","floor":12.0},{"not_picked":["Blade Dance","Infinite Blades","Flying Knee"],"picked":"SKIP","floor":14.0},{"not_picked":["Glass Knife","Grand Finale"],"picked":"Burst","floor":16.0},{"not_picked":["Deadly Poison","Bane","Sucker Punch"],"picked":"SKIP","floor":18.0}],"player_experience":336837,"relics_obtained":[{"floor":6.0,"key":"Lantern"},{"floor":9.0,"key":"White Beast Statue"},{"floor":12.0,"key":"Pen Nib"}],"event_choices":[{"damage_healed":0.0,"max_hp_gain":0.0,"max_hp_loss":0.0,"gold_gain":0.0,"event_name":"Accursed Blacksmith","player_choice":"Rummage","floor":4.0,"gold_loss":0.0,"damage_taken":0.0,"relics_obtained":["WarpedTongs"],"cards_obtained":["Pain"]},{"damage_healed":0.0,"max_hp_gain":0.0,"max_hp_loss":0.0,"gold_gain":0.0,"event_name":"Dead Adventurer","player_choice":"Searched \u00271\u0027 times","floor":12.0,"gold_loss":0.0,"damage_taken":0.0},{"damage_healed":0.0,"max_hp_gain":0.0,"max_hp_loss":0.0,"gold_gain":100.0,"event_name":"The Joust","player_choice":"Bet on Murderer","floor":19.0,"gold_loss":50.0,"damage_taken":0.0},{"cards_removed":["Strike_G"],"damage_healed":0,"gold_gain":0,"player_choice":"Gave Gold","damage_taken":0,"max_hp_gain":0,"max_hp_loss":0,"event_name":"Beggar","floor":22,"gold_loss":75}],"is_beta":true,"boss_relics":[{"not_picked":["Philosopher\u0027s Stone","Snecko Eye"],"picked":"HoveringKite"}],"items_purged_floors":[20],"is_endless":false,"potions_floor_spawned":[6,10,12,14,16,18],"killed_by":"Gremlin Leader","ascension_level":17}}