{"host":"ek3xvuouaw6vk9if","time":1612663692,"event":{"mods":["BaseMod","BetterRewards","Curses Come First","Dark Map","Hubris","Minty Spire (QoL Compilation)","Permanent Neow","Quick Restart","Relic Stats","Replay The Spire","Robot Space Explorer","Spire Arcade","StSLib","The Cursed"],"gold_per_floor":[113,129,147,157,184,184,219,219,242,274,294,323,323,336,336,436,436,456,456,470,570,570,570,598,610,646,21,21,21,50,50,50,150,150,163,163,163],"floor_reached":36,"language":"ENG","playtime":3391,"items_purged":["TheCursedMod:Strike_TheCursed"],"score":506,"play_id":"74c6c01c-ed35-4e0d-9c96-0c28635d9e8f","local_time":"20210206210812","is_ascension_mode":true,"campfire_choices":[{"data":"TheCursedMod:VitalStrike","floor":6,"key":"SMITH"},{"data":"TheCursedMod:Hemoplague","floor":8,"key":"SMITH"},{"data":"TheCursedMod:CircleOfFocus","floor":13,"key":"SMITH"},{"data":"TheCursedMod:VitalStrike","floor":15,"key":"SMITH"},{"data":"TheCursedMod:StingEye","floor":23,"key":"SMITH"},{"data":"Pot Of Greed","floor":28,"key":"SMITH"},{"floor":32,"key":"REST"}],"circlet_count":0,"master_deck":["TheCursedMod:Strike_TheCursed","TheCursedMod:Strike_TheCursed","TheCursedMod:Strike_TheCursed","TheCursedMod:Defend_TheCursed","TheCursedMod:Defend_TheCursed","TheCursedMod:Defend_TheCursed","TheCursedMod:Defend_TheCursed","TheCursedMod:CursedWand","TheCursedMod:CleanUpWorkshop","TheCursedMod:Dregs","TheCursedMod:NeowsMight","TheCursedMod:Hemoplague+1","TheCursedMod:VitalStrike","TheCursedMod:Stigma","TheCursedMod:VitalStrike+1","Pot Of Greed","Pot Of Greed","TheCursedMod:CircleOfBlood","TheCursedMod:VitalStrike+1","TheCursedMod:CircleOfFocus+1","TheCursedMod:StunningStrike","TheCursedMod:SoulReap","TheCursedMod:StingEye+1","TheCursedMod:AbyssShockwave","TheCursedMod:Neurasthenia","Pot Of Greed+1","Delirium","TheCursedMod:VitalStrike","RitualDagger","TheCursedMod:VitalStrike","TheCursedMod:CircleOfAbyss","TheCursedMod:Stigma+1"],"relics":["TheCursedMod:BlackMagic101","Boot","Grinning Jar","Toy Ornithopter","Juzu Bracelet","Pocketwatch","Cursed Key","hubris:Icosahedron","MawBank","Oddly Smooth Stone","PreservedInsect","Thread and Needle","hubris:DeckOfHolding","TheCursedMod:FourLeafCloverCharm"],"acts_visited":["Exordium","TheCity","TheBeyond"],"potions_floor_usage":[12,24,24,30,33],"damage_taken":[{"damage":0,"enemies":"Cultist","floor":1,"turns":4},{"damage":0,"enemies":"2 Louse","floor":2,"turns":2},{"damage":0,"enemies":"Small Slimes","floor":3,"turns":3},{"damage":2,"enemies":"2 Fungi Beasts","floor":4,"turns":3},{"damage":17,"enemies":"Lagavulin","floor":7,"turns":5},{"damage":17,"enemies":"Gremlin Nob","floor":10,"turns":3},{"damage":10,"enemies":"Lots of Slimes","floor":11,"turns":4},{"damage":12,"enemies":"Lagavulin","floor":12,"turns":3},{"damage":7,"enemies":"Looter","floor":14,"turns":3},{"damage":13,"enemies":"Fading Forest","floor":16,"turns":11},{"damage":2,"enemies":"Chosen","floor":18,"turns":3},{"damage":17,"enemies":"2 Thieves","floor":20,"turns":3},{"damage":32,"enemies":"Gremlin Leader","floor":24,"turns":5},{"damage":14,"enemies":"Slavers","floor":30,"turns":5},{"damage":47,"enemies":"Champ","floor":33,"turns":10},{"damage":44,"enemies":"3 Darklings","floor":35,"turns":6},{"damage":43,"enemies":"2 Orb Walkers","floor":36,"turns":2}],"seed_played":"8744036726500649962","potions_obtained":[{"floor":1,"key":"Fire Potion"},{"floor":3,"key":"Death Potion"},{"floor":10,"key":"BlessingOfTheForge"},{"floor":11,"key":"Swift Potion"},{"floor":20,"key":"Strength Potion"},{"floor":30,"key":"Milkshake"},{"floor":33,"key":"Energy Potion"}],"is_trial":false,"path_per_floor":["M","M","M","M","T","R","E","R","T","E","M","E","R","M","R","B",null,"M","?","M","?","?","R","E","?","T","$","R","?","E","$","R","B",null,"M","?"],"character_chosen":"THE_CURSED","items_purchased":["PreservedInsect","LiquidMemories","TheCursedMod:VitalStrike","Thread and Needle"],"campfire_rested":1,"item_purchase_floors":[27,27,27,27],"current_hp_per_floor":[75,75,75,73,73,73,56,56,56,45,41,50,50,47,47,48,75,75,75,60,60,60,60,44,44,44,44,44,38,38,38,60,28,75,42,0,0],"gold":163,"neow_bonus":"ONE_RANDOM_RARE_CARD","is_daily":false,"chose_seed":false,"campfire_upgraded":6,"win_rate":0.0,"timestamp":1612663692,"path_taken":["M","M","M","M","?","R","E","R","T","E","M","E","R","M","R","BOSS","M","?","M","?","?","R","E","?","T","$","R","?","E","$","R","BOSS","M","?"],"items_purchased_type":["Relic","Potion","Card","Relic"],"build_version":"2020-12-22","purchased_purges":1,"victory":false,"max_hp_per_floor":[75,75,75,75,75,75,75,75,75,75,75,75,75,75,75,75,75,75,75,75,75,75,75,75,75,75,75,75,75,75,75,75,75,75,75,75,75],"relic_stats":{"counters":[17,75],"PreservedInsect":40,"Juzu Bracelet":2,"Boot":[19],"Cursed Key":1,"MawBank":36,"obtain_stats":[{"TheCursedMod:BlackMagic101":0,"TheCursedMod:FourLeafCloverCharm":34,"Oddly Smooth Stone":26,"Thread and Needle":27,"PreservedInsect":27,"Juzu Bracelet":10,"Boot":5,"Cursed Key":17,"MawBank":24,"hubris:Icosahedron":22,"hubris:DeckOfHolding":30,"Grinning Jar":7,"Toy Ornithopter":9,"Pocketwatch":12},{"TheCursedMod:BlackMagic101":0,"TheCursedMod:FourLeafCloverCharm":15,"Oddly Smooth Stone":13,"Thread and Needle":13,"PreservedInsect":13,"Juzu Bracelet":6,"Boot":4,"Cursed Key":10,"MawBank":13,"hubris:Icosahedron":12,"hubris:DeckOfHolding":14,"Grinning Jar":5,"Toy Ornithopter":5,"Pocketwatch":8},{"TheCursedMod:BlackMagic101":0,"TheCursedMod:FourLeafCloverCharm":67,"Oddly Smooth Stone":52,"Thread and Needle":52,"PreservedInsect":52,"Juzu Bracelet":20,"Boot":12,"Cursed Key":41,"MawBank":52,"hubris:Icosahedron":47,"hubris:DeckOfHolding":57,"Grinning Jar":17,"Toy Ornithopter":17,"Pocketwatch":27}],"Toy Ornithopter":25,"Pocketwatch":[15]},"card_choices":[{"not_picked":["TheCursedMod:FuryStrike","TheCursedMod:TroublousMinions"],"picked":"TheCursedMod:Hemoplague","floor":1},{"not_picked":["TheCursedMod:BloodBarrier","TheCursedMod:CursedMace"],"picked":"TheCursedMod:VitalStrike","floor":2},{"not_picked":["TheCursedMod:DoubleShield","TheCursedMod:TacticalStrike"],"picked":"TheCursedMod:Stigma","floor":3},{"not_picked":["TheCursedMod:CircleOfBlood","TheCursedMod:CircleOfCorruption"],"picked":"TheCursedMod:VitalStrike","floor":4},{"not_picked":["TheCursedMod:ReleasedKnowledge","TheCursedMod:WearCloak"],"picked":"TheCursedMod:CircleOfBlood","floor":7},{"not_picked":["TheCursedMod:RavingStaff","TheCursedMod:TroublousMinions","TheCursedMod:SurpriseAttack"],"picked":"SKIP","floor":10},{"not_picked":["TheCursedMod:Obscuration","TheCursedMod:ManaBullet"],"picked":"TheCursedMod:VitalStrike","floor":11},{"not_picked":["TheCursedMod:CursedSpellbook","TheCursedMod:DemonicPact"],"picked":"TheCursedMod:CircleOfFocus","floor":12},{"not_picked":["TheCursedMod:LuckyCharm","TheCursedMod:BloodBarrier","TheCursedMod:SoulCrush"],"picked":"SKIP","floor":14},{"not_picked":["TheCursedMod:ShockAndAwe","TheCursedMod:AntiAging"],"picked":"TheCursedMod:StunningStrike","floor":16},{"not_picked":["TheCursedMod:TroublousMinions+1","TheCursedMod:RapidMovement+1"],"picked":"TheCursedMod:SoulReap","floor":18},{"not_picked":["TheCursedMod:Obscuration","TheCursedMod:AshesToAshes+1"],"picked":"TheCursedMod:StingEye","floor":20},{"not_picked":["TheCursedMod:CircleOfFocus","TheCursedMod:SoulCrush"],"picked":"TheCursedMod:AbyssShockwave","floor":24},{"not_picked":["TheCursedMod:AntiAging","TheCursedMod:RapidMovement"],"picked":"TheCursedMod:VitalStrike","floor":30},{"not_picked":["TheCursedMod:CollectTribute","TheCursedMod:ForbiddenAlchemy"],"picked":"TheCursedMod:CircleOfAbyss","floor":33},{"not_picked":["TheCursedMod:SmokeScreen+1","TheCursedMod:RapidMovement"],"picked":"TheCursedMod:Stigma+1","floor":35}],"player_experience":557715,"relics_obtained":[{"floor":5,"key":"Boot"},{"floor":7,"key":"Grinning Jar"},{"floor":9,"key":"Toy Ornithopter"},{"floor":10,"key":"Juzu Bracelet"},{"floor":12,"key":"Pocketwatch"},{"floor":24,"key":"MawBank"},{"floor":26,"key":"Oddly Smooth Stone"},{"floor":30,"key":"hubris:DeckOfHolding"}],"event_choices":[{"damage_healed":0,"gold_gain":100,"player_choice":"Pray","damage_taken":0,"max_hp_gain":0,"max_hp_loss":0,"event_name":"Golden Shrine","floor":21,"gold_loss":0},{"damage_healed":0,"gold_gain":0,"player_choice":"1 cards matched","damage_taken":0,"max_hp_gain":0,"max_hp_loss":0,"event_name":"Match and Keep!","floor":25,"gold_loss":0,"cards_obtained":["TheCursedMod:Neurasthenia"]},{"damage_healed":0,"gold_gain":0,"player_choice":"Joined the Cult","damage_taken":6,"max_hp_gain":0,"max_hp_loss":0,"event_name":"Nest","floor":29,"gold_loss":0,"cards_obtained":["RitualDagger"]},{"damage_healed":0,"gold_gain":0,"player_choice":"Fight","damage_taken":0,"max_hp_gain":0,"max_hp_loss":0,"event_name":"Mysterious Sphere","floor":36,"gold_loss":0}],"is_beta":false,"boss_relics":[{"not_picked":["Snecko Eye","Runic Pyramid"],"picked":"Cursed Key"},{"not_picked":["Empty Cage","Abe\u0027s Treasure"],"picked":"TheCursedMod:FourLeafCloverCharm"}],"items_purged_floors":[27],"is_endless":false,"potions_floor_spawned":[1,3,10,11,20,30,33],"killed_by":"2 Orb Walkers","ascension_level":3}}