{"host":"takgv9cv6xf64vhq","time":1612673301,"event":{"mods":["BaseMod","Colored Powertips","Conspire","Decade(王小明)","Downfall","Energized Spire","Hermit","Hubris","LagranYue(拉格朗・月)","Marisa（F雨　魔理沙）","Minty Spire (QoL Compilation)","Replay The Spire","StSLib","The Cursed","The Hierophant","The Jungle","The Servant 0.9.4","TheHeartMod"],"gold_per_floor":[118,118,134,59,59,59,90,114,160,5,5,18,61,82,165,294,294,317,416,416,432,122,160,184,184,184,217,237,256,256,145,145,276,276,295,40,40,60,60,94,94,130,130,150,150,76,100,123,123,123,123,123,10,44,44],"floor_reached":56,"language":"ZHS","playtime":4048,"items_purged":["Strike_B","Strike_B","Strike_B","Defend_B","Parasite"],"score":2108,"play_id":"2c6ac29f-53f1-4c70-9e87-66e55e25f3b3","local_time":"20210207124821","is_ascension_mode":true,"campfire_choices":[{"data":"Dualcast","floor":6.0,"key":"SMITH"},{"data":"Creative AI","floor":30.0,"key":"SMITH"},{"data":"Seek","floor":32.0,"key":"SMITH"},{"floor":41.0,"key":"RECALL"},{"data":"ReplayTheSpireMod:System Scan","floor":45.0,"key":"SMITH"},{"data":"Rainbow","floor":49.0,"key":"SMITH"},{"data":"hubris:PowerSurge","floor":52.0,"key":"SMITH"}],"circlet_count":0,"master_deck":["Strike_B+1","Defend_B","Defend_B","Defend_B+1","Zap+1","Dualcast+1","Ball Lightning","Coolheaded","Compile Driver","Self Repair","Capacitor","Capacitor","Defragment","Panic Button","Hologram","Creative AI+1","BasicCrystalCard+1","Glacier+1","ReplayTheSpireMod:System Scan+1","Crystallizer+1","Cold Snap","BasicCrystalCard+1","Seek+1","hubris:PowerSurge+1","Reboot","Defragment+1","Storm","Creative AI+1","BasicCrystalCard+1","Heatsinks+1","Rainbow+1","conspire:Rain+1","Glacier"],"relics":["FrozenCore","NeowsBlessing","hubris:Towel","Golden Idol","hubris:PeanutButter","Simple Rune","Happy Flower","HornCleat","hubris:TerracottaHorce","FaceOfCleric","Membership Card","Blood Vial","Replay:Mystery Machine","LagranYue:MagicReflectiveArmorRelic","Letter Opener","Durian","hubris:Spice","champ:Barbells","Symbiotic Virus"],"acts_visited":["Exordium","TheCity","TheBeyond","TheEnding"],"potions_floor_usage":[55,55,55],"damage_taken":[{"damage":0.0,"enemies":"2 Louse","floor":1.0,"turns":1.0},{"damage":0.0,"enemies":"Jaw Worm","floor":3.0,"turns":1.0},{"damage":0.0,"enemies":"Lagavulin","floor":7.0,"turns":1.0},{"damage":0.0,"enemies":"Cultist","floor":8.0,"turns":2.0},{"damage":0.0,"enemies":"Blue Slaver","floor":12.0,"turns":3.0},{"damage":12.0,"enemies":"3 Sentries","floor":13.0,"turns":6.0},{"damage":0.0,"enemies":"3 Louse","floor":14.0,"turns":2.0},{"damage":13.0,"enemies":"The Guardian","floor":16.0,"turns":13.0},{"damage":17.0,"enemies":"Chosen","floor":18.0,"turns":7.0},{"damage":0.0,"enemies":"Shell Parasite","floor":21.0,"turns":7.0},{"damage":54.0,"enemies":"Slavers","floor":23.0,"turns":9.0},{"damage":5.0,"enemies":"Sentry and Sphere","floor":24.0,"turns":6.0},{"damage":14.0,"enemies":"Gremlin Leader","floor":27.0,"turns":11.0},{"damage":8.0,"enemies":"Snake Plant","floor":28.0,"turns":5.0},{"damage":0.0,"enemies":"Cultist and Chosen","floor":29.0,"turns":9.0},{"damage":0.0,"enemies":"conspire:MysteriousRune","floor":33.0,"turns":9.0},{"damage":0.0,"enemies":"3 Shapes","floor":35.0,"turns":3.0},{"damage":0.0,"enemies":"3 Darklings","floor":38.0,"turns":5.0},{"damage":0.0,"enemies":"Giant Head","floor":40.0,"turns":7.0},{"damage":0.0,"enemies":"R_Hoarder","floor":42.0,"turns":12.0},{"damage":0.0,"enemies":"Maw","floor":44.0,"turns":5.0},{"damage":5.0,"enemies":"4 Shapes","floor":47.0,"turns":4.0},{"damage":9.0,"enemies":"Writhing Mass","floor":48.0,"turns":5.0},{"damage":0.0,"enemies":"hubris:GrandSnecko","floor":50.0,"turns":9.0},{"damage":43.0,"enemies":"Shield and Spear","floor":54.0,"turns":12.0},{"damage":0,"enemies":"The Heart","floor":55,"turns":10}],"seed_played":"-4612830274164022685","potions_obtained":[{"floor":1.0,"key":"champ:CounterPotion"},{"floor":3.0,"key":"ColorlessPotion"},{"floor":12.0,"key":"Dexterity Potion"},{"floor":24.0,"key":"BlessingOfTheForge"},{"floor":29.0,"key":"Explosive Potion"},{"floor":33.0,"key":"Fire Potion"},{"floor":35.0,"key":"SteroidPotion"},{"floor":37.0,"key":"PowerPotion"},{"floor":37.0,"key":"Swift Potion"},{"floor":38.0,"key":"Swift Potion"},{"floor":54.0,"key":"FocusPotion"}],"is_trial":false,"path_per_floor":["M","?","M","$","?","R","E","M","T","$","T","M","E","M","R","B",null,"M","?","?","M","$","E","M","?","T","E","M","M","R","$","R","B",null,"M","$","?","M","?","E","R","E","T","M","R","$","M","M","R","B",null,"R","$","E","B",null],"character_chosen":"DEFECT","items_purchased":["Capacitor","Membership Card","ReplayTheSpireMod:System Scan","Blood Vial","hubris:PowerSurge","hubris:Spice","champ:Barbells","Storm","Rainbow","Energy Potion"],"campfire_rested":0,"item_purchase_floors":[10,22,22,22,31,36,36,36,46,53],"current_hp_per_floor":[75,75,75,75,57,57,57,57,57,57,57,64,59,66,66,60,71,61,61,61,69,69,25,30,30,30,31,33,43,43,43,43,53,79,88,96,96,97,97,106,106,107,107,108,108,108,109,108,108,111,111,111,108,73,83],"gold":44,"neow_bonus":"THREE_ENEMY_KILL","is_daily":false,"chose_seed":false,"campfire_upgraded":6,"win_rate":0.0,"timestamp":1612673301,"path_taken":["M","?","M","$","?","R","E","M","T","$","?","M","E","?","R","BOSS","M","?","?","M","$","E","?","?","T","E","M","M","R","$","R","BOSS","M","$","?","?","?","E","R","E","T","?","R","$","M","M","R","BOSS","R","$","E","BOSS"],"items_purchased_type":["Card","Relic","Card","Relic","Card","Relic","Relic","Card","Card","Potion"],"build_version":"2020-12-22","purchased_purges":5,"victory":true,"max_hp_per_floor":[75,75,75,75,75,75,75,75,75,75,75,75,75,75,75,75,75,75,75,75,76,76,77,78,78,78,84,85,86,86,86,86,87,87,88,96,96,97,97,106,106,107,107,108,108,108,109,110,110,111,111,111,108,101,102],"card_choices":[{"not_picked":["conspire:Rain","Go for the Eyes"],"picked":"Ball Lightning","floor":1.0},{"not_picked":["Leap","Hologram"],"picked":"Coolheaded","floor":3.0},{"not_picked":["ReplayGash","hubris:DoWhile"],"picked":"Compile Driver","floor":7.0},{"not_picked":["Ball Lightning","Chill"],"picked":"Self Repair","floor":8.0},{"not_picked":["Self Repair","Go for the Eyes"],"picked":"Defragment","floor":12.0},{"not_picked":["Redo","Darkness"],"picked":"Panic Button","floor":13.0},{"not_picked":["Stack","Gash"],"picked":"Hologram","floor":14.0},{"not_picked":["Core Surge","Rainbow"],"picked":"Creative AI","floor":16.0},{"not_picked":["Streamline","Leap"],"picked":"BasicCrystalCard+1","floor":18.0},{"not_picked":["Streamline","Beam Cell"],"picked":"Glacier","floor":21.0},{"not_picked":["Hello World","Genetic Algorithm+1"],"picked":"Crystallizer","floor":23.0},{"not_picked":["Panic Button","Ball Lightning","Stack"],"picked":"SKIP","floor":24.0},{"not_picked":["Panic Button","Beam Cell"],"picked":"Cold Snap","floor":27.0},{"not_picked":["Compile Driver+1","Steam"],"picked":"BasicCrystalCard+1","floor":28.0},{"not_picked":["ReplayTheSpireMod:System Scan","Compile Driver+1"],"picked":"Seek","floor":29.0},{"not_picked":["hubris:Prefetch","ReplayTheSpireMod:Fabricate Wheel"],"picked":"Reboot","floor":33.0},{"not_picked":["Self Repair","FIFO Queue+1"],"picked":"Defragment+1","floor":35.0},{"not_picked":["Streamline","All For One","Ball Lightning"],"picked":"SKIP","floor":38.0},{"not_picked":["Redo","Gash","Leap+1"],"picked":"SKIP","floor":40.0},{"not_picked":["Beam Cell+1","Rebound"],"picked":"BasicCrystalCard+1","floor":42.0},{"not_picked":["Steam","hubris:SpiceAddiction"],"picked":"Heatsinks","floor":44.0},{"not_picked":["Leap","Compile Driver+1","Lockon"],"picked":"SKIP","floor":47.0},{"not_picked":["Lockon+1","Meteor Strike"],"picked":"conspire:Rain+1","floor":48.0},{"not_picked":["BasicCrystalCard+1","hubris:SpiceAddiction"],"picked":"Glacier","floor":54.0}],"player_experience":459684,"relics_obtained":[{"floor":7.0,"key":"hubris:PeanutButter"},{"floor":9.0,"key":"Simple Rune"},{"floor":11.0,"key":"Happy Flower"},{"floor":13.0,"key":"HornCleat"},{"floor":23.0,"key":"Replay:Mystery Machine"},{"floor":26.0,"key":"Letter Opener"},{"floor":27.0,"key":"Durian"},{"floor":40.0,"key":"hubris:Spice"},{"floor":42.0,"key":"Symbiotic Virus"},{"floor":54.0,"key":"hubris:Spice"}],"event_choices":[{"damage_healed":0.0,"max_hp_gain":0.0,"max_hp_loss":0.0,"gold_gain":0.0,"event_name":"Golden Idol","player_choice":"Take Damage","floor":5.0,"gold_loss":0.0,"damage_taken":18.0,"relics_obtained":["Golden Idol"]},{"damage_healed":0.0,"max_hp_gain":0.0,"max_hp_loss":0.0,"gold_gain":99.0,"event_name":"Nest","player_choice":"Stole From Cult","floor":19.0,"gold_loss":0.0,"damage_taken":0.0},{"damage_healed":0.0,"max_hp_gain":0.0,"max_hp_loss":0.0,"gold_gain":0.0,"event_name":"FaceTrader","player_choice":"Trade","floor":20.0,"gold_loss":0.0,"damage_taken":0.0,"relics_obtained":["FaceOfCleric"]},{"damage_healed":0.0,"max_hp_gain":0.0,"max_hp_loss":0.0,"gold_gain":0.0,"event_name":"WeMeetAgain","player_choice":"Gave Potion","floor":25.0,"gold_loss":0.0,"damage_taken":0.0,"relics_obtained":["LagranYue:MagicReflectiveArmorRelic"]},{"damage_healed":0.0,"max_hp_gain":0.0,"max_hp_loss":0.0,"gold_gain":0.0,"event_name":"Lab","player_choice":"Got Potions","floor":37.0,"gold_loss":0.0,"damage_taken":0.0},{"damage_healed":0.0,"max_hp_gain":0.0,"max_hp_loss":0.0,"gold_gain":0.0,"event_name":"Duplicator","player_choice":"Copied","floor":39.0,"gold_loss":0.0,"damage_taken":0.0,"cards_obtained":["Creative AI"]}],"is_beta":false,"boss_relics":[{"not_picked":["Ectoplasm","energizedSpire:UnstableMolecules"],"picked":"hubris:TerracottaHorce"},{"not_picked":["Tiny House","hubris:RunicObelisk"],"picked":"FrozenCore"}],"items_purged_floors":[4,10,22,31,53],"is_endless":false,"potions_floor_spawned":[1,3,12,24,29,33,35,38,54],"ascension_level":10}}