{"host":"KYO","time":1612694222,"event":{"mods":["ATMod(°¢èªMod)","BaseMod","Better Vampires","Minty Spire (QoL Compilation)","Permanent Neow","Replay The Spire","Shop Mod","StSLib","SuperFastMode","TestMod","[IsaacMod]ÒÔÈö¼âËþ","¡¾ÒÅÎï¿¨ÅÆ¡¿REMEMod"],"gold_per_floor":[109,159,559,575,334,396,396,396,396],"floor_reached":8,"language":"ZHS","playtime":394,"items_purged":["Strike_R"],"score":108,"play_id":"d4503c10-c0b3-41bd-b17f-71f018ac27f3","local_time":"20210207183702","is_ascension_mode":true,"campfire_choices":[{"data":"Ragnarok","floor":7.0,"key":"SMITH"}],"circlet_count":0,"master_deck":["AscendersBane","Strike_R","Strike_R","Strike_R","Defend_R","Defend_R","Defend_R","Defend_R","Bash","Ragnarok+1"],"relics":["Burning Blood","AT_ATBox","REME_ComplimentaryCards","testmod-TestBox","BookOfRevelations","testmod-CrystalShield","Shuriken","Happy Flower","AT_ArchangelStaff","AT_SunfireAegis"],"acts_visited":["Exordium"],"potions_floor_usage":[8],"damage_taken":[{"damage":8.0,"enemies":"2 Louse","floor":1.0,"turns":2.0},{"damage":14.0,"enemies":"Hiden Room Battle","floor":2.0,"turns":2.0},{"damage":0.0,"enemies":"Cultist","floor":4.0,"turns":3.0},{"damage":23.0,"enemies":"Replay:BlueRogue","floor":6.0,"turns":9.0},{"damage":30,"enemies":"3 Sentries","floor":8,"turns":6}],"seed_played":"-5147583676682817311","potions_obtained":[{"floor":2.0,"key":"Flashbang"},{"floor":4.0,"key":"REME_GoldPotion"}],"is_trial":false,"path_per_floor":["M","?","?","M","$","E","R","E"],"character_chosen":"IRONCLAD","items_purchased":["AT_ArchangelStaff"],"campfire_rested":0,"item_purchase_floors":[5],"current_hp_per_floor":[66,43,43,49,49,32,32,2,2],"gold":396,"neow_bonus":"TRANSFORM_CARD","is_daily":false,"chose_seed":false,"campfire_upgraded":1,"win_rate":0.0,"timestamp":1612694222,"path_taken":["M","?","?","?","?","E","R","E"],"items_purchased_type":["Relic"],"build_version":"2020-12-18","purchased_purges":1,"victory":false,"max_hp_per_floor":[75,75,75,75,75,75,75,75,75],"card_choices":[{"not_picked":[],"picked":"Bomb","floor":0.0},{"not_picked":["Shockwave","ReplayTheSpireMod:Muscle Training","Havoc"],"picked":"SKIP","floor":1.0},{"not_picked":["Twin Strike","REME_SingleHolding","Whirlwind"],"picked":"SKIP","floor":4.0},{"not_picked":["AT_IchimonjiDouble","Sword Boomerang","AT_ShrugMaster"],"picked":"SKIP","floor":6.0}],"player_experience":751386,"relics_obtained":[{"floor":2.0,"key":"Shuriken"},{"floor":2.0,"key":"Happy Flower"},{"floor":6.0,"key":"AT_SunfireAegis"}],"event_choices":[{"damage_healed":0.0,"max_hp_gain":0.0,"max_hp_loss":0.0,"gold_gain":0.0,"event_name":"HidenRoomEvent","player_choice":"Fight","floor":2.0,"gold_loss":0.0,"damage_taken":0.0},{"damage_healed":0.0,"max_hp_gain":0.0,"max_hp_loss":0.0,"gold_gain":400.0,"event_name":"¶÷ÂåË¹µÄÅÌ×Ó","player_choice":"Sell","floor":3.0,"relics_lost":["HushsDoor"],"gold_loss":0.0,"damage_taken":0.0}],"is_beta":true,"boss_relics":[],"items_purged_floors":[5],"is_endless":false,"potions_floor_spawned":[2,4],"killed_by":"3 Sentries","ascension_level":20}}