{"host":"u0hb5we0hmj7y3yv","time":1612696166,"event":{"mods":["BaseMod","Colored Powertips","Conspire","KinomotoSakuraMod(Ä¾Ö®±¾Ó£)","Minty Spire (QoL Compilation)"],"gold_per_floor":[118,138,148,168,168,202,222,248,248,248,283,301,311,331,331,428,428,442,459,470,470,488,514,514,539,551,576,588,632,245,261,261,359,359,369,419,434,277,292,292,322,377,377,11,11,11,11,39,39,39,39,39,10,44,44],"floor_reached":56,"language":"ZHS","playtime":3085,"items_purged":["ClowCardTheShield","ClowCardTheSword","ClowCardTheShield"],"score":2212,"play_id":"8477bd69-61dd-49e4-9086-1a962c69469c","local_time":"20210207190926","is_ascension_mode":true,"campfire_choices":[{"data":"ClowCardTheGlow","floor":10.0,"key":"SMITH"},{"data":"ClowCardTheEarthy","floor":15.0,"key":"SMITH"},{"data":"ClowCardTheFlower","floor":24.0,"key":"SMITH"},{"data":"ClowCardTheChange","floor":28.0,"key":"SMITH"},{"data":"ClowCardTheWave","floor":32.0,"key":"SMITH"},{"floor":40.0,"key":"RECALL"},{"data":"ClowCardTheDash","floor":45,"key":"SMITH"},{"data":"Apotheosis","floor":49,"key":"SMITH"},{"data":"ClowCardTheMove","floor":52,"key":"SMITH"}],"circlet_count":0,"master_deck":["SakuraCardTheGlow+","SakuraCardTheFight+","SakuraCardTheEarthy+","SakuraCardTheSword+","AscendersBane","ClowCardTheSword","ClowCardTheSword","ClowCardTheShield","ClowCardTheShield","SpellCardRelease","ClowCardTheFlower+1","ClowCardTheWave+1","ClowCardTheEarthy+1","ClowCardTheFly","ClowCardTheRain","ClowCardTheDash+1","ClowCardTheArrow","ClowCardTheTwin","ClowCardTheChange+1","ClowCardTheWood","ClowCardTheMove+1","ClowCardTheRain+1","ClowCardTheBig","ClowCardTheDash","ClowCardTheSleep","CurseOfTheBell","ClowCardTheFloat","ClowCardTheMove+1","ClowCardTheLittle","ClowCardTheTwin","ClowCardTheSong","ClowCardTheWave+1","Apotheosis+1","ClowCardTheWave"],"relics":["KSMOD_SealedBook","KSMOD_SealedWand","NeowsBlessing","conspire:BottledYoYo","Pocketwatch","Mummified Hand","KSMOD_MoonBell","Runic Dome","Meat on the Bone","MawBank","conspire:Dentures","HornCleat","Membership Card","Matryoshka","Calling Bell","Vajra","Pear","KSMOD_Cerberus","Prayer Wheel","Happy Flower","Ancient Tea Set","conspire:Boomerang","conspire:Flyswatter","DollysMirror","Centennial Puzzle","KSMOD_RollerSkates","Smiling Mask","Art of War","The Courier","Bronze Scales"],"acts_visited":["Exordium","TheCity","TheBeyond","TheEnding"],"potions_floor_usage":[54,55],"damage_taken":[{"damage":0.0,"enemies":"Cultist","floor":1.0,"turns":1.0},{"damage":0.0,"enemies":"Small Slimes","floor":2.0,"turns":3.0},{"damage":0.0,"enemies":"Jaw Worm","floor":3.0,"turns":1.0},{"damage":5.0,"enemies":"3 Louse","floor":4.0,"turns":5.0},{"damage":35.0,"enemies":"3 Sentries","floor":6.0,"turns":9.0},{"damage":9.0,"enemies":"2 Fungi Beasts","floor":7.0,"turns":2.0},{"damage":8.0,"enemies":"Lagavulin","floor":8.0,"turns":5.0},{"damage":0.0,"enemies":"Gremlin Nob","floor":11.0,"turns":2.0},{"damage":0.0,"enemies":"Looter","floor":12.0,"turns":3.0},{"damage":22.0,"enemies":"3 Louse","floor":13.0,"turns":5.0},{"damage":3.0,"enemies":"2 Fungi Beasts","floor":14.0,"turns":4.0},{"damage":3.0,"enemies":"Hexaghost","floor":16.0,"turns":4.0},{"damage":5.0,"enemies":"Shell Parasite","floor":18.0,"turns":4.0},{"damage":0.0,"enemies":"conspire:FuzzyDice","floor":19.0,"turns":3.0},{"damage":0.0,"enemies":"Snecko","floor":20.0,"turns":3.0},{"damage":2.0,"enemies":"Snake Plant","floor":22.0,"turns":4.0},{"damage":26.0,"enemies":"Slavers","floor":23.0,"turns":5.0},{"damage":7.0,"enemies":"conspire:SneckoGhost","floor":25.0,"turns":6.0},{"damage":0.0,"enemies":"Chosen and Byrds","floor":27.0,"turns":2.0},{"damage":4.0,"enemies":"Book of Stabbing","floor":29.0,"turns":4.0},{"damage":7.0,"enemies":"Centurion and Healer","floor":31.0,"turns":3.0},{"damage":0.0,"enemies":"Collector","floor":33.0,"turns":5.0},{"damage":0.0,"enemies":"Orb Walker","floor":35.0,"turns":2.0},{"damage":0.0,"enemies":"Mind Bloom Boss Battle","floor":36.0,"turns":3.0},{"damage":0.0,"enemies":"3 Shapes","floor":37.0,"turns":3.0},{"damage":11.0,"enemies":"Sphere and 2 Shapes","floor":39.0,"turns":2.0},{"damage":13.0,"enemies":"Reptomancer","floor":41.0,"turns":7.0},{"damage":0.0,"enemies":"2 Orb Walkers","floor":42.0,"turns":4.0},{"damage":0,"enemies":"Giant Head","floor":48,"turns":4},{"damage":0,"enemies":"Donu and Deca","floor":50,"turns":6},{"damage":42,"enemies":"Shield and Spear","floor":54,"turns":5},{"damage":52,"enemies":"The Heart","floor":55,"turns":6}],"seed_played":"4252201865712902983","potions_obtained":[{"floor":1.0,"key":"EntropicBrew"},{"floor":6.0,"key":"PowerPotion"},{"floor":7.0,"key":"Block Potion"},{"floor":8.0,"key":"ColorlessPotion"},{"floor":16.0,"key":"Ancient Potion"},{"floor":19.0,"key":"SpeedPotion"},{"floor":20.0,"key":"BlessingOfTheForge"},{"floor":25.0,"key":"Weak Potion"},{"floor":27.0,"key":"SkillPotion"},{"floor":31.0,"key":"ColorlessPotion"},{"floor":41.0,"key":"DuplicationPotion"},{"floor":48,"key":"Swift Potion"}],"is_trial":false,"path_per_floor":["M","M","M","M","?","E","M","E","T","R","E","M","M","M","R","B",null,"M","M","M","?","M","E","R","E","T","M","R","E","$","M","R","B",null,"M","?","M","$","M","R","E","?","T","$","R","?","T","E","R","B",null,"R","$","E","B",null],"character_chosen":"KINOMOTOSAKURA","items_purchased":["Membership Card","ClowCardTheDash","Matryoshka","Happy Flower","ClowCardTheLittle","DollysMirror","Centennial Puzzle","KSMOD_RollerSkates","Apotheosis","ClowCardTheWave"],"campfire_rested":0,"item_purchase_floors":[30,30,30,38,38,44,44,44,44,53],"current_hp_per_floor":[63,63,63,58,70,35,26,18,18,18,18,20,15,15,15,15,56,54,56,61,48,48,25,25,32,32,46,46,45,45,42,42,47,78,79,82,84,84,74,74,63,66,66,66,66,66,66,68,68,72,82,82,82,43,37],"gold":44,"neow_bonus":"THREE_ENEMY_KILL","is_daily":false,"chose_seed":false,"campfire_upgraded":8,"win_rate":0.0,"timestamp":1612696166,"path_taken":["M","M","M","M","?","E","M","E","T","R","E","M","M","M","R","BOSS","M","M","?","?","M","E","R","E","T","M","R","E","$","M","R","BOSS","M","?","M","$","M","R","E","?","T","$","R","?","?","E","R","BOSS","R","$","E","BOSS"],"items_purchased_type":["Relic","Card","Relic","Relic","Card","Relic","Relic","Relic","Card","Card"],"build_version":"2020-12-22","purchased_purges":3,"victory":true,"max_hp_per_floor":[70,70,70,70,70,70,70,70,70,70,70,70,70,70,70,70,70,70,70,70,75,75,75,75,75,75,75,75,75,75,75,75,75,85,85,85,85,85,85,85,85,85,85,85,85,85,85,85,85,85,85,85,85,85,85],"card_choices":[{"not_picked":["ClowCardTheSong","ClowCardTheChange"],"picked":"ClowCardTheFlower","floor":1.0},{"not_picked":["ClowCardTheFirey","ClowCardTheLibra"],"picked":"ClowCardTheWave","floor":2.0},{"not_picked":["ClowCardTheLibra","ClowCardTheSnow"],"picked":"ClowCardTheGlow","floor":3.0},{"not_picked":["ClowCardTheFlower","ClowCardTheDream","ClowCardThePower"],"picked":"SKIP","floor":4.0},{"not_picked":["ClowCardTheBubbles","ClowCardTheMirror"],"picked":"ClowCardTheEarthy","floor":6.0},{"not_picked":["ClowCardTheIllusion","ClowCardTheBubbles"],"picked":"ClowCardTheEarthy","floor":7.0},{"not_picked":["ClowCardTheIllusion","ClowCardTheLittle"],"picked":"ClowCardTheFly","floor":8.0},{"not_picked":["ClowCardTheFreeze","ClowCardTheMist"],"picked":"ClowCardTheRain","floor":11.0},{"not_picked":["ClowCardTheMaze","ClowCardTheErase"],"picked":"ClowCardTheDash","floor":12.0},{"not_picked":["ClowCardTheLock","ClowCardThePower","ClowCardTheRain"],"picked":"SKIP","floor":13.0},{"not_picked":["ClowCardTheJump","ClowCardTheErase"],"picked":"ClowCardTheArrow","floor":14.0},{"not_picked":["ClowCardTheReturn","ClowCardTheThrough"],"picked":"ClowCardTheTwin","floor":16.0},{"not_picked":["ClowCardTheMist","ClowCardThePower+1","ClowCardTheRain"],"picked":"SKIP","floor":18.0},{"not_picked":["ClowCardTheJump","ClowCardTheLock"],"picked":"ClowCardTheChange","floor":19.0},{"not_picked":["ClowCardTheShot","ClowCardTheSilent"],"picked":"ClowCardTheWood","floor":20.0},{"not_picked":["ClowCardTheMaze","ClowCardTheMirror","ClowCardTheDream"],"picked":"SKIP","floor":22.0},{"not_picked":["ClowCardTheRain","ClowCardTheCloud","ClowCardTheSilent"],"picked":"SKIP","floor":23.0},{"not_picked":["ClowCardTheSong","ClowCardTheChange"],"picked":"ClowCardTheMove+1","floor":25.0},{"not_picked":["ClowCardTheCloud","ClowCardTheChange"],"picked":"ClowCardTheRain+1","floor":27.0},{"not_picked":["ClowCardTheShot","ClowCardTheErase"],"picked":"ClowCardTheBig","floor":29.0},{"not_picked":["ClowCardTheWatery","ClowCardTheDream+1"],"picked":"ClowCardTheSleep","floor":31.0},{"not_picked":["ClowCardTheTime","ClowCardTheReturn"],"picked":"ClowCardTheFight","floor":33.0},{"not_picked":["ClowCardTheArrow","ClowCardTheBig"],"picked":"ClowCardTheFloat","floor":35.0},{"not_picked":["ClowCardTheFloat","ClowCardTheMirror"],"picked":"ClowCardTheMove","floor":36.0},{"not_picked":["ClowCardTheFlower","ClowCardTheStorm","ClowCardTheEarthy"],"picked":"SKIP","floor":37.0},{"not_picked":["ClowCardTheMaze+1","ClowCardTheShot","ClowCardTheLibra+1"],"picked":"SKIP","floor":37.0},{"not_picked":["ClowCardTheFlower","ClowCardTheStorm","ClowCardTheEarthy"],"picked":"SKIP","floor":37.0},{"not_picked":["ClowCardTheMaze+1","ClowCardTheShot","ClowCardTheLibra+1"],"picked":"SKIP","floor":37.0},{"not_picked":["ClowCardTheSilent","ClowCardTheRain+1"],"picked":"ClowCardTheTwin","floor":39.0},{"not_picked":["ClowCardTheJump","ClowCardTheSnow","ClowCardTheDream"],"picked":"SKIP","floor":39.0},{"not_picked":["ClowCardTheFreeze","ClowCardTheSong","ClowCardTheSleep+1"],"picked":"SKIP","floor":41.0},{"not_picked":["ClowCardTheSilent","ClowCardTheMove"],"picked":"ClowCardTheSong","floor":42},{"not_picked":["ClowCardTheMirror","ClowCardTheBig","ClowCardTheDream+1"],"picked":"SKIP","floor":48},{"not_picked":["ClowCardTheLibra","ClowCardTheFlower","ClowCardTheRain"],"picked":"SKIP","floor":54}],"player_experience":103668,"relics_obtained":[{"floor":6.0,"key":"conspire:BottledYoYo"},{"floor":8.0,"key":"Pocketwatch"},{"floor":9.0,"key":"Mummified Hand"},{"floor":11.0,"key":"KSMOD_MoonBell"},{"floor":23.0,"key":"Meat on the Bone"},{"floor":25.0,"key":"MawBank"},{"floor":26.0,"key":"conspire:Dentures"},{"floor":29.0,"key":"HornCleat"},{"floor":34.0,"key":"Vajra"},{"floor":34.0,"key":"Pear"},{"floor":34.0,"key":"KSMOD_Cerberus"},{"floor":36.0,"key":"Prayer Wheel"},{"floor":41.0,"key":"Ancient Tea Set"},{"floor":42,"key":"conspire:Boomerang"},{"floor":43,"key":"conspire:Flyswatter"},{"floor":47,"key":"Smiling Mask"},{"floor":47,"key":"Art of War"},{"floor":48,"key":"The Courier"},{"floor":54,"key":"Bronze Scales"}],"event_choices":[{"damage_healed":12.0,"max_hp_gain":0.0,"max_hp_loss":0.0,"gold_gain":0.0,"event_name":"Wheel of Change","player_choice":"Full Heal","floor":5.0,"gold_loss":0.0,"damage_taken":0.0},{"damage_healed":0.0,"max_hp_gain":5.0,"max_hp_loss":0.0,"gold_gain":0.0,"event_name":"Forgotten Altar","player_choice":"Shed Blood","floor":21.0,"gold_loss":0.0,"damage_taken":18.0},{"damage_healed":0.0,"max_hp_gain":0.0,"max_hp_loss":0.0,"gold_gain":0.0,"event_name":"MindBloom","player_choice":"Fight","floor":36.0,"gold_loss":0.0,"damage_taken":0.0},{"damage_healed":0.0,"max_hp_gain":0.0,"max_hp_loss":0.0,"gold_gain":0.0,"event_name":"Mysterious Sphere","player_choice":"Fight","floor":42.0,"gold_loss":0.0,"damage_taken":0.0},{"cards_removed":["SpellCardSeal"],"damage_healed":0,"gold_gain":0,"player_choice":"Removed Attack","damage_taken":0,"max_hp_gain":0,"max_hp_loss":0,"event_name":"Falling","floor":46,"gold_loss":0}],"is_beta":false,"boss_relics":[{"not_picked":["Astrolabe","Snecko Eye"],"picked":"Runic Dome"},{"not_picked":["Black Star","KSMOD_StarWand"],"picked":"Calling Bell"}],"items_purged_floors":[30,38,44],"is_endless":false,"potions_floor_spawned":[1,6,7,8,12,16,19,20,25,27,31,37,39,41,48],"ascension_level":12}}