{"host":"p0hktren06injwdf","time":1612725646,"event":{"mods":["AchievementEnabler","BaseMod","Colored Map","DeckTracker","Minty Spire (QoL Compilation)","Permanent Neow","StSLib","SuperFastMode"],"gold_per_floor":[109,120,133,133,150,150,183,183,183,216,216,248,308,9,9,85,85,102,152,172,187,207,239,204,233,257,257,14,64,64,77,77,156,156,170,183,233,246,89,114,114,164,164,164,64,74,93,166,166,166,166],"floor_reached":50,"language":"KOR","playtime":1027,"items_purged":["Strike_R","Barricade+1"],"score":1210,"play_id":"3c9d324e-3398-4545-a920-d17e814703ba","local_time":"20210208042045","is_ascension_mode":true,"campfire_choices":[{"data":"Whirlwind","floor":6.0,"key":"SMITH"},{"data":"Demon Form","floor":8.0,"key":"SMITH"},{"data":"Uppercut","floor":15.0,"key":"SMITH"},{"floor":27,"key":"REST"},{"data":"True Grit","floor":30,"key":"SMITH"},{"data":"Immolate","floor":32,"key":"SMITH"},{"floor":41,"key":"REST"},{"data":"Heavy Blade","floor":44,"key":"SMITH"},{"floor":49,"key":"RECALL"}],"circlet_count":0,"master_deck":["AscendersBane","Strike_R","Defend_R","Bash","Anger","Battle Trance","Pommel Strike","Whirlwind+1","Demon Form+1","Bloodletting","True Grit+1","Evolve+1","Uppercut+1","Double Tap","Whirlwind","Disarm","Feel No Pain+1","Shrug It Off","Fire Breathing+1","Immolate+1","Sword Boomerang+1","Pommel Strike+1","Forethought","Thunderclap","Heavy Blade+1","Sword Boomerang"],"relics":["Burning Blood","TungstenRod","Regal Pillow","Frozen Egg 2","Thread and Needle","SsserpentHead","Charon\u0027s Ashes","Vajra","Mark of Pain","Dream Catcher","Ornamental Fan","Blood Vial","Tiny Chest","Toolbox","Astrolabe","Akabeko","Anchor","Bag of Preparation"],"acts_visited":["Exordium","TheCity","TheBeyond"],"potions_floor_usage":[33,40,50,50],"damage_taken":[{"damage":6.0,"enemies":"Small Slimes","floor":1.0,"turns":4.0},{"damage":0.0,"enemies":"Cultist","floor":2.0,"turns":3.0},{"damage":1.0,"enemies":"2 Louse","floor":3.0,"turns":3.0},{"damage":0.0,"enemies":"Large Slime","floor":5.0,"turns":4.0},{"damage":18.0,"enemies":"3 Sentries","floor":7.0,"turns":5.0},{"damage":37.0,"enemies":"Gremlin Nob","floor":10.0,"turns":4.0},{"damage":10.0,"enemies":"Lagavulin","floor":12.0,"turns":5.0},{"damage":3.0,"enemies":"Looter","floor":13.0,"turns":3.0},{"damage":2.0,"enemies":"Slime Boss","floor":16.0,"turns":4.0},{"damage":13.0,"enemies":"Spheric Guardian","floor":18.0,"turns":4.0},{"damage":10.0,"enemies":"3 Byrds","floor":20.0,"turns":4.0},{"damage":2.0,"enemies":"3 Cultists","floor":21.0,"turns":3.0},{"damage":9.0,"enemies":"Cultist and Chosen","floor":22.0,"turns":5.0},{"damage":9.0,"enemies":"Slavers","floor":23.0,"turns":3.0},{"damage":31,"enemies":"Book of Stabbing","floor":25,"turns":4},{"damage":16,"enemies":"Snake Plant","floor":31,"turns":4},{"damage":16,"enemies":"Champ","floor":33,"turns":8},{"damage":22,"enemies":"3 Shapes","floor":35,"turns":4},{"damage":8,"enemies":"3 Darklings","floor":36,"turns":2},{"damage":14,"enemies":"Maw","floor":38,"turns":6},{"damage":44,"enemies":"Giant Head","floor":40,"turns":6},{"damage":12,"enemies":"Sphere and 2 Shapes","floor":46,"turns":4},{"damage":0,"enemies":"Jaw Worm Horde","floor":47,"turns":1},{"damage":55,"enemies":"Awakened One","floor":50,"turns":6}],"seed_played":"4436997641400277964","potions_obtained":[{"floor":2.0,"key":"Regen Potion"},{"floor":10.0,"key":"Fire Potion"},{"floor":12.0,"key":"LiquidMemories"},{"floor":16.0,"key":"Dexterity Potion"},{"floor":18.0,"key":"SneckoOil"},{"floor":31,"key":"PowerPotion"},{"floor":36,"key":"AttackPotion"},{"floor":40,"key":"SpeedPotion"},{"floor":46,"key":"PowerPotion"},{"floor":47,"key":"Swift Potion"}],"is_trial":false,"path_per_floor":["M","M","M","?","M","R","E","R","T","E","?","E","M","$","R","B",null,"M","?","M","M","M","E","?","E","T","R","$","?","R","M","R","B",null,"M","M","?","M","$","E","R","?","T","R","$","M","M","T","R","B"],"character_chosen":"IRONCLAD","items_purchased":["Evolve+1","Vajra","Uppercut","Toolbox","Akabeko"],"campfire_rested":2,"item_purchase_floors":[14,14,14,28,39],"current_hp_per_floor":[50,56,61,55,61,61,49,49,49,18,18,28,31,31,31,35,65,58,58,54,58,55,52,52,27,27,64,64,64,64,56,56,48,68,54,54,54,48,48,12,49,49,49,49,49,45,53,53,53,0,0],"gold":166,"neow_bonus":"ONE_RARE_RELIC","is_daily":false,"chose_seed":false,"campfire_upgraded":6,"win_rate":0.0,"timestamp":1612725645,"path_taken":["M","M","M","?","M","R","E","R","T","E","?","E","?","$","R","BOSS","M","?","M","M","M","E","?","E","T","R","$","?","R","M","R","BOSS","M","M","?","M","$","E","R","?","T","R","$","M","M","?","R","BOSS"],"items_purchased_type":["Card","Relic","Card","Relic","Relic"],"build_version":"2020-12-22","purchased_purges":2,"victory":false,"max_hp_per_floor":[75,75,75,75,75,75,75,75,75,75,75,75,75,75,75,75,75,75,75,75,75,75,75,75,75,75,75,75,75,75,75,75,75,75,75,75,75,75,75,75,75,75,75,75,75,75,75,75,75,75,75],"card_choices":[{"not_picked":["Iron Wave","Infernal Blade"],"picked":"Anger","floor":1.0},{"not_picked":["Havoc","Perfected Strike"],"picked":"Battle Trance","floor":2.0},{"not_picked":["Disarm","Anger"],"picked":"Pommel Strike","floor":3.0},{"not_picked":["Shockwave","Feel No Pain"],"picked":"Whirlwind","floor":5.0},{"not_picked":["Fiend Fire","Intimidate"],"picked":"Demon Form","floor":7.0},{"not_picked":["Iron Wave","Body Slam","Bloodletting"],"picked":"SKIP","floor":10.0},{"not_picked":["Iron Wave","Body Slam"],"picked":"Bloodletting","floor":10.0},{"not_picked":["Heavy Blade","Body Slam"],"picked":"True Grit","floor":12.0},{"not_picked":["Pommel Strike","Headbutt","Exhume"],"picked":"SKIP","floor":13.0},{"not_picked":["Feed","Corruption+1"],"picked":"Double Tap","floor":16.0},{"not_picked":["Dark Embrace+1","Heavy Blade","Clash"],"picked":"SKIP","floor":18.0},{"not_picked":["Pommel Strike","Disarm","Uppercut"],"picked":"SKIP","floor":20.0},{"not_picked":["Pommel Strike","Disarm","Uppercut"],"picked":"SKIP","floor":20.0},{"not_picked":["Rupture+1","True Grit","Flex"],"picked":"SKIP","floor":21.0},{"not_picked":["Havoc","True Grit","Flex"],"picked":"SKIP","floor":22.0},{"not_picked":["Havoc","True Grit","Flex"],"picked":"SKIP","floor":22.0},{"not_picked":["Dropkick","Thunderclap"],"picked":"Feel No Pain+1","floor":23.0},{"not_picked":["Combust+1","Pommel Strike"],"picked":"Shrug It Off","floor":25},{"not_picked":["Clash","Heavy Blade"],"picked":"Fire Breathing+1","floor":27},{"not_picked":["Iron Wave","Twin Strike+1"],"picked":"Immolate","floor":31},{"not_picked":["Clothesline+1","Carnage","Body Slam"],"picked":"SKIP","floor":35},{"not_picked":["Pommel Strike+1","Cleave","Infernal Blade"],"picked":"SKIP","floor":36},{"not_picked":["Chrysalis","Jack Of All Trades"],"picked":"Forethought","floor":37},{"not_picked":["Intimidate","Carnage","Hemokinesis"],"picked":"SKIP","floor":38},{"not_picked":["Rage","Flame Barrier"],"picked":"Thunderclap","floor":40},{"not_picked":["Flex","Perfected Strike+1"],"picked":"Heavy Blade","floor":41},{"not_picked":["Hemokinesis","Dropkick"],"picked":"Sword Boomerang","floor":46},{"not_picked":["Blood for Blood","Wild Strike","Cleave"],"picked":"SKIP","floor":47}],"player_experience":1031388,"relics_obtained":[{"floor":7.0,"key":"Regal Pillow"},{"floor":9.0,"key":"Frozen Egg 2"},{"floor":10.0,"key":"Thread and Needle"},{"floor":12.0,"key":"Charon\u0027s Ashes"},{"floor":23.0,"key":"Dream Catcher"},{"floor":25,"key":"Blood Vial"},{"floor":26,"key":"Tiny Chest"},{"floor":40,"key":"Anchor"},{"floor":48,"key":"Bag of Preparation"}],"event_choices":[{"cards_removed":["Defend_R"],"damage_healed":0.0,"max_hp_gain":0.0,"max_hp_loss":0.0,"gold_gain":0.0,"event_name":"Golden Wing","player_choice":"Card Removal","floor":4.0,"gold_loss":0.0,"damage_taken":7.0},{"damage_healed":0.0,"max_hp_gain":0.0,"max_hp_loss":0.0,"gold_gain":0.0,"event_name":"FaceTrader","player_choice":"Trade","floor":11.0,"gold_loss":0.0,"damage_taken":0.0,"relics_obtained":["SsserpentHead"]},{"damage_healed":0.0,"max_hp_gain":0.0,"max_hp_loss":0.0,"gold_gain":0.0,"cards_transformed":["Strike_R","Strike_R"],"event_name":"Drug Dealer","player_choice":"Became Test Subject","floor":19.0,"gold_loss":0.0,"damage_taken":0.0,"cards_obtained":["Whirlwind","Disarm"]},{"damage_healed":0.0,"max_hp_gain":0.0,"max_hp_loss":0.0,"gold_gain":0.0,"event_name":"Addict","player_choice":"Obtained Relic","floor":24.0,"gold_loss":85.0,"damage_taken":0.0,"relics_obtained":["Ornamental Fan"]},{"damage_healed":0,"gold_gain":0,"player_choice":"Ignored","damage_taken":0,"max_hp_gain":0,"max_hp_loss":0,"event_name":"Vampires","floor":29,"gold_loss":0},{"damage_healed":0,"gold_gain":0,"player_choice":"Memory 1","damage_taken":0,"max_hp_gain":0,"max_hp_loss":0,"event_name":"SensoryStone","floor":37,"gold_loss":0},{"damage_healed":0,"gold_gain":0,"player_choice":"Ignored","damage_taken":0,"max_hp_gain":0,"max_hp_loss":0,"event_name":"Tomb of Lord Red Mask","floor":42,"gold_loss":0}],"is_beta":false,"boss_relics":[{"not_picked":["Black Star","Sozu"],"picked":"Mark of Pain"},{"not_picked":["Coffee Dripper","SacredBark"],"picked":"Astrolabe"}],"items_purged_floors":[28,45],"is_endless":false,"potions_floor_spawned":[2,10,12,16,18,20,31,36,40,46,47],"killed_by":"Awakened One","ascension_level":20}}