{"host":"s2jwg59yskzk2eda","time":1612711827,"event":{"mods":["BaseMod","Better Note","Block Reminder","Colored Map","Colored Powertips","Dark Map","Downfall","Fox Events","Minty Spire (QoL Compilation)","Relic Sorter","Reliquary","Spire Arcade","StSLib"],"gold_per_floor":[99,24,24,24,24,57,69,98,110,122,134,146,143,191,215,227,227,227],"floor_reached":16,"language":"ENG","playtime":943,"items_purged":[],"score":109,"play_id":"da8e5787-4768-4577-8633-22c34995db17","local_time":"20210207163027","is_ascension_mode":true,"campfire_choices":[{"data":"sneckomod:SnekBite","floor":1,"key":"SMITH"},{"data":"sneckomod:WideSting","floor":11,"key":"SMITH"}],"circlet_count":0,"master_deck":["sneckomod:Strike","sneckomod:Strike","sneckomod:Strike","sneckomod:Defend","sneckomod:Defend","sneckomod:Defend","sneckomod:TailWhip+1","sneckomod:SnekBite+1","sneckomod:Unknown","sneckomod:Unknown1Cost","sneckomod:WideSting+1","sneckomod:UnknownBlock","Regret","sneckomod:UnknownBlock","sneckomod:DiceBlock+1","sneckomod:QuickMove","sneckomod:UnknownBlock","Guardian:SphericShield","CurseOfTheBell","CurseOfTheBell","downfall:Haunted","sneckomod:Restock+1","sneckomod:SerpentIdol+1","sneckomod:UnknownDexterity+1","sneckomod:DiceBlock+1"],"relics":["sneckomod:SneckoSoul","downfall:HeartsMalice","Calipers","MawBank","reliquary:QuartzCube","downfall:ExtraCursedBell","PreservedInsect","Toxic Egg 2","Unceasing Top","reliquary:Buckler","MealTicket"],"acts_visited":["Exordium"],"potions_floor_usage":[],"damage_taken":[{"damage":0,"enemies":"downfall:FleeingMerchant","floor":2,"turns":1},{"damage":0,"enemies":"Cultist","floor":4,"turns":1},{"damage":0,"enemies":"2 Louse","floor":5,"turns":1},{"damage":24,"enemies":"Lagavulin","floor":6,"turns":7},{"damage":7,"enemies":"Jaw Worm","floor":8,"turns":5},{"damage":2,"enemies":"downfall:FleeingMerchant","floor":13,"turns":4},{"damage":41,"enemies":"3 Sentries","floor":14,"turns":7},{"damage":4,"enemies":"2 Fungi Beasts","floor":15,"turns":4},{"damage":7,"enemies":"IC_STATUS_ARCHETYPE","floor":16,"turns":5}],"seed_played":"361398808933947677","potions_obtained":[{"floor":14,"key":"BlessingOfTheForge"},{"floor":15,"key":"sneckomod:OffclassReductionPotion"}],"is_trial":false,"path_per_floor":["R","$","?","M","M","E","T","M","R","?","R","?","$","E","M","B"],"character_chosen":"THE_SNECKO","items_purchased":["sneckomod:WideSting","sneckomod:UnknownBlock"],"campfire_rested":0,"item_purchase_floors":[2,2],"current_hp_per_floor":[90,90,90,90,90,66,66,59,59,59,59,52,50,9,5,0,0,0],"gold":227,"neow_bonus":"THREE_ENEMY_KILL","is_daily":false,"chose_seed":false,"campfire_upgraded":2,"win_rate":0.0,"timestamp":1612711827,"path_taken":["R","?","?","M","M","E","T","?","R","?","R","?","?","E","M","BOSS"],"items_purchased_type":["Card","Card"],"build_version":"2020-12-22","purchased_purges":0,"victory":false,"max_hp_per_floor":[90,90,90,90,90,90,90,90,90,90,90,90,90,90,90,90,90,90],"card_choices":[{"not_picked":["sneckomod:WideSting","sneckomod:RainOfDice"],"picked":"sneckomod:Unknown1Cost","floor":2},{"not_picked":["sneckomod:UnknownClassGUARDIAN","sneckomod:UnknownClassHEXA_GHOST_PURPLE"],"picked":"sneckomod:UnknownBlock","floor":4},{"not_picked":["sneckomod:UnknownCommonAttack","sneckomod:QuickBite"],"picked":"sneckomod:DiceBlock","floor":5},{"not_picked":["sneckomod:WideSting","sneckomod:DiceBlock"],"picked":"sneckomod:QuickMove","floor":6},{"not_picked":["sneckomod:SoulDraw","sneckomod:UnknownVulnerable"],"picked":"sneckomod:UnknownBlock","floor":8},{"not_picked":["sneckomod:QuickBite","sneckomod:UnknownRareAttack"],"picked":"sneckomod:SerpentIdol+1","floor":13},{"not_picked":["sneckomod:UnknownX+1","sneckomod:QuickMove+1"],"picked":"sneckomod:UnknownDexterity+1","floor":14},{"not_picked":["sneckomod:Rotation+1","sneckomod:UnknownColorless+1"],"picked":"sneckomod:DiceBlock+1","floor":15}],"player_experience":799381,"relics_obtained":[{"floor":6,"key":"MawBank"},{"floor":7,"key":"reliquary:QuartzCube"},{"floor":10,"key":"PreservedInsect"},{"floor":10,"key":"Toxic Egg 2"},{"floor":10,"key":"Unceasing Top"},{"floor":14,"key":"MealTicket"}],"event_choices":[{"damage_healed":0,"gold_gain":0,"player_choice":"Box","damage_taken":0,"relics_obtained":["Calipers"],"max_hp_gain":0,"max_hp_loss":0,"event_name":"Big Fish","floor":3,"gold_loss":0,"cards_obtained":["Regret"]},{"damage_healed":0,"gold_gain":0,"player_choice":"Success","damage_taken":7,"relics_obtained":["reliquary:Buckler"],"max_hp_gain":0,"max_hp_loss":0,"event_name":"Scrap Ooze","floor":12,"gold_loss":0}],"is_beta":false,"boss_relics":[],"items_purged_floors":[],"is_endless":false,"potions_floor_spawned":[14,15],"killed_by":"IC_STATUS_ARCHETYPE","ascension_level":1}}