{"host":"oq0u6q7bjztc2jwc","time":1612671438,"event":{"mods":["AchievementEnabler","BaseMod","Colored Map","Downfall","Highlight Path","Minty Spire (QoL Compilation)","Permanent Neow","StSLib"],"gold_per_floor":[99,99,374,374,374,400,424,324,324,342,342,359,359,420,438,438,438,438],"floor_reached":16,"language":"ENG","playtime":634,"items_purged":[],"score":106,"play_id":"66c05e2f-94b6-4625-9fc8-65175c82dd33","local_time":"20210206231718","is_ascension_mode":true,"campfire_choices":[{"data":"Slimebound:Split","floor":1.0,"key":"SMITH"},{"data":"Slimebound:RollThrough","floor":8.0,"key":"SMITH"},{"data":"Slimebound:ComboTackle","floor":11.0,"key":"SMITH"},{"floor":13.0,"key":"REST"}],"circlet_count":0,"master_deck":["Slimebound:Strike_Slimebound","Slimebound:Strike_Slimebound","Slimebound:Strike_Slimebound","Slimebound:Tackle","Slimebound:Defend_Slimebound","Slimebound:Defend_Slimebound","Slimebound:Defend_Slimebound","Slimebound:Defend_Slimebound","Slimebound:Split+1","Slimebound:CorrosiveSpit","Slimebound:RollThrough+1","Regret","Slimebound:SlimeSpikes+1","Slimebound:ComboTackle+1","Slimebound:GoopTackle+1","downfall:Aged","Slimebound:FinishingTackle","Slimebound:RainOfGoop","Slimebound:Gluttony","Slimebound:SplitMire"],"relics":["Slimebound:AbsorbEndCombat","downfall:HeartsMalice","Potion Belt","Anchor","downfall:HeartBlessingGreen","Bird Faced Urn"],"acts_visited":["Exordium"],"potions_floor_usage":[16],"damage_taken":[{"damage":0.0,"enemies":"Cultist","floor":2.0,"turns":1.0},{"damage":0.0,"enemies":"Jaw Worm","floor":4.0,"turns":1.0},{"damage":0.0,"enemies":"Small Slimes","floor":5.0,"turns":1.0},{"damage":40.0,"enemies":"Gremlin Nob","floor":6.0,"turns":5.0},{"damage":5.0,"enemies":"3 Louse","floor":10.0,"turns":3.0},{"damage":18.0,"enemies":"Exordium Thugs","floor":12.0,"turns":4.0},{"damage":24.0,"enemies":"Gremlin Nob","floor":14.0,"turns":3.0},{"damage":5,"enemies":"Blue Slaver","floor":15,"turns":2},{"damage":17,"enemies":"IC_STATUS_ARCHETYPE","floor":16,"turns":2}],"seed_played":"1385548076554813740","potions_obtained":[{"floor":6.0,"key":"SteroidPotion"},{"floor":10.0,"key":"FearPotion"},{"floor":15,"key":"champ:CounterPotion"}],"is_trial":false,"path_per_floor":["R","M","?","M","M","E","T","R","?","M","R","M","R","?","M","B"],"character_chosen":"SLIMEBOUND","items_purchased":[],"campfire_rested":1,"item_purchase_floors":[],"current_hp_per_floor":[65,65,65,65,65,31,31,31,31,26,26,12,31,11,8,0,0,0],"gold":438,"neow_bonus":"THREE_ENEMY_KILL","is_daily":false,"chose_seed":false,"campfire_upgraded":3,"win_rate":0.0,"timestamp":1612671438,"path_taken":["R","M","?","?","?","E","T","R","?","?","R","M","R","?","M","BOSS"],"items_purchased_type":[],"build_version":"2020-12-22","purchased_purges":0,"victory":false,"max_hp_per_floor":[65,65,65,65,65,65,65,65,65,65,65,65,65,65,65,65,65,65],"card_choices":[{"not_picked":["Slimebound:SplitBruiser","Slimebound:PressTheAttack"],"picked":"Slimebound:RollThrough","floor":2.0},{"not_picked":["Slimebound:LivingWall","Slimebound:HauntingLick"],"picked":"Slimebound:SlimeSpikes","floor":4.0},{"not_picked":["Slimebound:ForwardTackle","Slimebound:SlimeSpikes"],"picked":"Slimebound:ComboTackle","floor":5.0},{"not_picked":["Slimebound:ComboTackle","Slimebound:LeechEnergy"],"picked":"Slimebound:GoopTackle","floor":6.0},{"not_picked":["Slimebound:SlimeBarrage","Slimebound:Grow"],"picked":"Slimebound:FinishingTackle","floor":10.0},{"not_picked":["Slimebound:LeechEnergy","Slimebound:MassRepurpose"],"picked":"Slimebound:RainOfGoop","floor":12.0},{"not_picked":["Slimebound:SplitBruiser","Slimebound:PressTheAttack"],"picked":"Slimebound:Gluttony","floor":14.0},{"not_picked":["Slimebound:DivideAndConquer","Slimebound:SamplingLick"],"picked":"Slimebound:SplitMire","floor":15}],"player_experience":575712,"relics_obtained":[{"floor":6.0,"key":"Potion Belt"},{"floor":7.0,"key":"Anchor"},{"floor":14.0,"key":"Bird Faced Urn"}],"event_choices":[],"is_beta":false,"boss_relics":[],"items_purged_floors":[],"is_endless":false,"potions_floor_spawned":[6,10,15],"killed_by":"IC_STATUS_ARCHETYPE","ascension_level":2}}