{"host":"5dk97cf2ubw2v967","time":1612694601,"event":{"mods":["AlwaysNeverKeys","BaseMod","Better Altar","Better Vampires","Block Reminder","Card Filter","Colored Powertips","Downfall","Googly Eyes","Highlight Path","Minty Spire (QoL Compilation)","Permanent Neow","Potion Indicator Mod","Quick Restart","Relic Filter","Relic Stats","Say the Spire","Spicy Shops","StSLib","Waifu the Spire","everything is the same but u backflip on backflip"],"gold_per_floor":[0,16,26,26,36,36,36,36,67,80,100,100,134,148,162,239,239,239,250,268,268,268,268,268],"floor_reached":22,"language":"ENG","playtime":1042,"items_purged":[],"score":356,"play_id":"c4dde5a9-94ae-4fcd-8d88-19af11f09615","local_time":"20210207104321","is_ascension_mode":true,"campfire_choices":[{"data":"Guardian:TwinSlam","floor":1,"key":"SMITH"},{"floor":12,"key":"REST"},{"floor":18,"key":"RECALL"}],"circlet_count":0,"master_deck":["AscendersBane","Guardian:Strike_Guardian","Guardian:Strike_Guardian","Guardian:Defend_Guardian","Guardian:Defend_Guardian","Guardian:CurlUp","Guardian:TwinSlam+1","Guardian:Recover","Guardian:StasisEngine","Guardian:Reroute","Guardian:Reroute","Guardian:TemporalShield","Guardian:StasisStrike","Guardian:TemporalStrike","Guardian:Gem_White","Guardian:SentryBeam","Guardian:FastForward","Guardian:TemporalStrike"],"relics":["Guardian:ModeShifter","Pen Nib","Guardian:PickAxe","Centennial Puzzle","Bottled Tornado","Philosopher\u0027s Stone","Bloody Idol"],"acts_visited":["Exordium","TheCity"],"potions_floor_usage":[8,16,16,20,22],"damage_taken":[{"damage":1,"enemies":"Cultist","floor":2,"turns":4},{"damage":3,"enemies":"2 Louse","floor":3,"turns":2},{"damage":1,"enemies":"Jaw Worm","floor":5,"turns":4},{"damage":13,"enemies":"Jaw Worm","floor":8,"turns":5},{"damage":13,"enemies":"Lagavulin","floor":9,"turns":9},{"damage":12,"enemies":"Red Slaver","floor":10,"turns":3},{"damage":0,"enemies":"Large Slime","floor":11,"turns":5},{"damage":6,"enemies":"3 Sentries","floor":13,"turns":5},{"damage":6,"enemies":"Blue Slaver","floor":14,"turns":3},{"damage":1,"enemies":"Red Slaver","floor":15,"turns":3},{"damage":12,"enemies":"IC_STATUS_ARCHETYPE","floor":16,"turns":10},{"damage":3,"enemies":"Shell Parasite","floor":19,"turns":4},{"damage":10,"enemies":"Chosen","floor":20,"turns":4},{"damage":11,"enemies":"Snecko","floor":22,"turns":3}],"seed_played":"-4126221801853319794","potions_obtained":[{"floor":2,"key":"Block Potion"},{"floor":14,"key":"Regen Potion"},{"floor":15,"key":"Slimebound:ThreeZeroPotion"},{"floor":16,"key":"hexamod:SoulburnPotion"},{"floor":19,"key":"Weak Potion"},{"floor":20,"key":"Strength Potion"}],"is_trial":false,"path_per_floor":["R","M","M","?","M","?","T","?","E","M","M","R","E","M","M","B",null,"R","M","M","?","M"],"character_chosen":"GUARDIAN","items_purchased":[],"campfire_rested":1,"item_purchase_floors":[],"current_hp_per_floor":[65,64,61,61,60,60,60,39,26,14,14,35,29,23,22,25,60,60,57,47,7,0,0,0],"gold":268,"neow_bonus":"TRANSFORM_TWO_CARDS","is_daily":false,"chose_seed":false,"campfire_upgraded":1,"win_rate":0.0,"timestamp":1612694601,"path_taken":["R","M","M","?","?","?","T","?","E","M","M","R","E","M","M","BOSS","R","M","M","?","M"],"items_purchased_type":[],"build_version":"2020-12-22","purchased_purges":0,"victory":false,"max_hp_per_floor":[72,72,72,72,72,72,72,72,72,72,72,72,72,72,72,72,72,72,72,72,72,72,72,72],"relic_stats":{"Centennial Puzzle":[21],"counters":[14,64],"Bloody Idol":0,"Pen Nib":[12],"obtain_stats":[{"Guardian:PickAxe":8,"Centennial Puzzle":9,"Bloody Idol":21,"Guardian:ModeShifter":0,"Philosopher\u0027s Stone":17,"Pen Nib":7,"Bottled Tornado":13},{"Guardian:PickAxe":4,"Centennial Puzzle":5,"Bloody Idol":13,"Guardian:ModeShifter":0,"Philosopher\u0027s Stone":11,"Pen Nib":3,"Bottled Tornado":8},{"Guardian:PickAxe":15,"Centennial Puzzle":24,"Bloody Idol":61,"Guardian:ModeShifter":0,"Philosopher\u0027s Stone":53,"Pen Nib":10,"Bottled Tornado":37}]},"card_choices":[{"not_picked":["Guardian:ArmoredProtocol","Guardian:Repulse"],"picked":"Guardian:Reroute","floor":2},{"not_picked":["Guardian:ShieldSpikes","Guardian:ChargeCore"],"picked":"Guardian:Reroute","floor":3},{"not_picked":["Guardian:PrimingBeam","Guardian:Gem_Lightblue"],"picked":"Guardian:TemporalShield","floor":5},{"not_picked":["Guardian:Planning","Guardian:Preprogram"],"picked":"Guardian:StasisStrike","floor":9},{"not_picked":["Guardian:TemporalShield","Guardian:Incinerate","Guardian:Gem_Red"],"picked":"SKIP","floor":10},{"not_picked":["Guardian:VentSteam","Guardian:Recover"],"picked":"Guardian:TemporalStrike","floor":11},{"not_picked":["Guardian:TimeCapacitor","Guardian:VentSteam"],"picked":"Guardian:Gem_White","floor":13},{"not_picked":["Guardian:PiercingHide","Guardian:CrystalBeam"],"picked":"Guardian:Gem_Orange","floor":14},{"not_picked":["Guardian:CrystalBeam","Guardian:BronzeArmor"],"picked":"Guardian:SentryBeam","floor":15},{"not_picked":["Guardian:GatlingBeam","Guardian:StasisStrike"],"picked":"Guardian:FastForward","floor":16},{"not_picked":["Guardian:PiercingHide","Guardian:PolyBeam","Guardian:Gem_Red"],"picked":"SKIP","floor":19},{"not_picked":["Guardian:PrimingBeam","Guardian:Gem_Lightblue","Guardian:TemporalStrike"],"picked":"SKIP","floor":20},{"not_picked":["Guardian:PrimingBeam","Guardian:Gem_Lightblue"],"picked":"Guardian:TemporalStrike","floor":20}],"player_experience":1295275,"relics_obtained":[{"floor":7,"key":"Pen Nib"},{"floor":9,"key":"Centennial Puzzle"},{"floor":13,"key":"Bottled Tornado"}],"event_choices":[{"cards_removed":["Guardian:Strike_Guardian"],"damage_healed":0,"gold_gain":0,"player_choice":"Offered Basic","damage_taken":0,"max_hp_gain":0,"max_hp_loss":0,"event_name":"Bonfire Elementals","floor":4,"gold_loss":0},{"cards_removed":["Guardian:Defend_Guardian"],"damage_healed":0,"gold_gain":0,"player_choice":"Forget","damage_taken":0,"max_hp_gain":0,"max_hp_loss":0,"event_name":"Living Wall","floor":6,"gold_loss":0},{"damage_healed":0,"gold_gain":0,"player_choice":" Idol ","damage_taken":40,"relics_obtained":["Bloody Idol"],"max_hp_gain":47,"max_hp_loss":7,"event_name":"betterAltar:BetterAltar","floor":21,"potions_obtained":[],"relics_lost":[],"gold_loss":0}],"is_beta":false,"boss_relics":[{"not_picked":["Busted Crown","SlaversCollar"],"picked":"Philosopher\u0027s Stone"}],"items_purged_floors":[],"is_endless":false,"potions_floor_spawned":[2,8,14,15,16,19,20],"killed_by":"Snecko","ascension_level":16}}