{"host":"ydh61a5ftgdajrbo","time":1612716526,"event":{"mods":["BaseMod","Colored Map","DeckTracker","Downfall","HololiveMod","Minty Spire (QoL Compilation)","Spire Arcade","StSLib","The Alterego","The Cursed","The Gatherer","The Hierophant","The Mystic","The Servant 0.9.4"],"gold_per_floor":[111,127,147,165,183,183,210,210,237,270,270,287,287,287,287,385,385,399,399,412,522,189,222,222,240,240,275,275,29,29,429,429,527,527,546,558,53,53,64,91,91,102,127,137,137,153,153,203,203,203],"floor_reached":51,"language":"ZHS","playtime":3394,"items_purged":["alterego_mod:Defend","alterego_mod:Strike"],"score":775,"play_id":"48f928ed-93f4-4e04-b24c-89d348da7cc8","local_time":"20210208004846","is_ascension_mode":false,"campfire_choices":[{"data":"alterego_mod:Impale","floor":6.0,"key":"SMITH"},{"data":"alterego_mod:Mirror","floor":8.0,"key":"SMITH"},{"floor":15.0,"key":"REST"},{"floor":24,"key":"REST"},{"floor":28,"key":"REST"},{"floor":30,"key":"REST"},{"floor":32,"key":"REST"},{"floor":41,"key":"REST"},{"floor":49,"key":"REST"}],"circlet_count":0,"master_deck":["alterego_mod:Strike","alterego_mod:Strike","alterego_mod:Defend","alterego_mod:Defend","alterego_mod:Defend","alterego_mod:Impale+1","alterego_mod:BigMeatyClaws","alterego_mod:BrynhildrsRune","alterego_mod:BiFurious+1","alterego_mod:Mirror+1","alterego_mod:RocketPunch","alterego_mod:GoddessCore","alterego_mod:TrashNCrash+1","alterego_mod:Undulate","alterego_mod:MagicResistance","alterego_mod:BrynhildrRomantia","alterego_mod:1TonWallop","alterego_mod:DiscoLights","alterego_mod:PainIsPleasure","alterego_mod:Bounce+1","alterego_mod:Stockings","alterego_mod:ChallengeComplete","downfall:Haunted","downfall:Haunted","downfall:Icky"],"relics":["alterego_mod:MasochisticConstitution","Slimebound:PreparedRelic","Strawberry","Happy Flower","Nunchaku","Fusion Hammer","Meat on the Bone","Centennial Puzzle","Mercury Hourglass","Pantograph","Kunai","Old Coin","Ornamental Fan","Busted Crown","Singing Bowl","Oddly Smooth Stone","White Beast Statue","Vajra","Du-Vu Doll","StoneCalendar"],"acts_visited":["Exordium","TheCity","TheBeyond"],"potions_floor_usage":[27],"damage_taken":[{"damage":2.0,"enemies":"Small Slimes","floor":1.0,"turns":6.0},{"damage":5.0,"enemies":"Cultist","floor":2.0,"turns":4.0},{"damage":14.0,"enemies":"2 Louse","floor":3.0,"turns":3.0},{"damage":10.0,"enemies":"Blue Slaver","floor":4.0,"turns":6.0},{"damage":24.0,"enemies":"Large Slime","floor":5.0,"turns":8.0},{"damage":20.0,"enemies":"Lagavulin","floor":7.0,"turns":6.0},{"damage":1.0,"enemies":"3 Sentries","floor":10.0,"turns":7.0},{"damage":12.0,"enemies":"2 Fungi Beasts","floor":12.0,"turns":3.0},{"damage":35.0,"enemies":"The Guardian","floor":16.0,"turns":7.0},{"damage":8.0,"enemies":"Spheric Guardian","floor":18.0,"turns":3.0},{"damage":22.0,"enemies":"Shell Parasite","floor":20.0,"turns":6.0},{"damage":42,"enemies":"Gremlin Leader","floor":23,"turns":5},{"damage":10,"enemies":"3 Cultists","floor":25,"turns":5},{"damage":50,"enemies":"Book of Stabbing","floor":27,"turns":5},{"damage":5,"enemies":"Colosseum Slavers","floor":31,"turns":3},{"damage":36,"enemies":"Colosseum Nobs","floor":31,"turns":4},{"damage":8,"enemies":"Champ","floor":33,"turns":9},{"damage":15,"enemies":"3 Shapes","floor":35,"turns":4},{"damage":16,"enemies":"Orb Walker","floor":36,"turns":3},{"damage":16,"enemies":"Transient","floor":39,"turns":5},{"damage":34,"enemies":"Giant Head","floor":40,"turns":8},{"damage":4,"enemies":"3 Darklings","floor":42,"turns":6},{"damage":2,"enemies":"Maw","floor":44,"turns":6},{"damage":23,"enemies":"Writhing Mass","floor":46,"turns":6},{"damage":4,"enemies":"Mind Bloom Boss Battle","floor":48,"turns":6},{"damage":63,"enemies":"Time Eater","floor":50,"turns":8}],"seed_played":"4667737730110477864","potions_obtained":[{"floor":1.0,"key":"ColorlessPotion"},{"floor":12.0,"key":"Guardian:BlockOnCardUsePotion"},{"floor":16.0,"key":"SteroidPotion"},{"floor":31,"key":"Swift Potion"},{"floor":42,"key":"EntropicBrew"}],"is_trial":false,"path_per_floor":["M","M","M","M","M","R","E","R","T","E","?","M","?","?","R","B",null,"M","?","M","?","$","E","R","M","T","E","R","$","R","?","R","B",null,"M","M","$","?","M","E","R","M","T","M","?","M","?","?","R","B",null],"character_chosen":"The_Alterego","items_purchased":["Meat on the Bone","Kunai","Singing Bowl","Oddly Smooth Stone"],"campfire_rested":7,"item_purchase_floors":[22,29,37,37],"current_hp_per_floor":[76,72,73,71,62,62,43,43,50,57,57,46,39,39,66,32,93,86,67,56,56,56,48,79,91,91,54,85,85,106,67,99,101,109,98,83,83,85,70,51,87,122,122,123,123,103,108,136,136,126],"gold":203,"neow_bonus":"TEN_PERCENT_HP_BONUS","is_daily":false,"chose_seed":false,"campfire_upgraded":2,"win_rate":0.0,"timestamp":1612716526,"path_taken":["M","M","M","M","M","R","E","R","T","E","?","?","?","?","R","BOSS","M","?","M","?","$","E","R","M","T","E","R","$","R","?","R","BOSS","M","M","$","?","M","E","R","M","T","M","?","?","?","?","R","BOSS"],"items_purchased_type":["Relic","Relic","Relic","Relic"],"build_version":"2020-12-22","purchased_purges":2,"victory":true,"max_hp_per_floor":[78,79,80,81,82,82,83,83,90,91,91,92,92,92,92,93,93,94,99,103,103,103,104,104,105,105,106,106,106,106,108,108,109,109,113,114,114,116,117,120,120,122,122,125,125,128,133,136,136,140],"card_choices":[{"not_picked":["alterego_mod:Valentines","alterego_mod:Cycle"],"picked":"alterego_mod:BiFurious","floor":1.0},{"not_picked":["alterego_mod:Complex","alterego_mod:GoddessCore"],"picked":"alterego_mod:Mirror","floor":2.0},{"not_picked":["alterego_mod:RidiculouslyBig","alterego_mod:Birthday"],"picked":"alterego_mod:RocketPunch","floor":3.0},{"not_picked":["alterego_mod:PresenceConcealment","alterego_mod:PerceptionDisorder","alterego_mod:Punishment"],"picked":"SKIP","floor":4.0},{"not_picked":["alterego_mod:Valentines","alterego_mod:Crossover"],"picked":"alterego_mod:GoddessCore","floor":5.0},{"not_picked":["alterego_mod:Vow","alterego_mod:Cycle"],"picked":"alterego_mod:TrashNCrash","floor":7.0},{"not_picked":["alterego_mod:Jiggle","alterego_mod:DiscoLights"],"picked":"alterego_mod:Undulate","floor":10.0},{"not_picked":["alterego_mod:Cooking","alterego_mod:BoobPocket"],"picked":"alterego_mod:MagicResistance","floor":12.0},{"not_picked":["alterego_mod:ClassAdvantage","alterego_mod:Palingenesis"],"picked":"alterego_mod:BrynhildrRomantia","floor":16.0},{"not_picked":["alterego_mod:Bounce","alterego_mod:Table+1","alterego_mod:Complex"],"picked":"SKIP","floor":18.0},{"not_picked":["alterego_mod:Skirt","alterego_mod:Undulate"],"picked":"alterego_mod:1TonWallop","floor":20.0},{"not_picked":["alterego_mod:Schoolgirl","alterego_mod:Clones","alterego_mod:Clap"],"picked":"SKIP","floor":23},{"not_picked":["alterego_mod:Cushion","alterego_mod:Punishment"],"picked":"alterego_mod:DiscoLights","floor":25},{"not_picked":["alterego_mod:Maid","alterego_mod:HighServant","alterego_mod:Cushion"],"picked":"SKIP","floor":27},{"not_picked":["alterego_mod:InsideBaseball","alterego_mod:TrickOrTreatment"],"picked":"alterego_mod:PainIsPleasure","floor":33},{"not_picked":[],"picked":"alterego_mod:Bounce+1","floor":35},{"not_picked":[],"picked":"alterego_mod:Stockings","floor":36},{"not_picked":["Violence"],"picked":"Singing Bowl","floor":38},{"not_picked":[],"picked":"alterego_mod:ChallengeComplete","floor":39},{"not_picked":["alterego_mod:1TonWallop"],"picked":"Singing Bowl","floor":40},{"not_picked":["alterego_mod:SuperDuperMasochism"],"picked":"Singing Bowl","floor":42},{"not_picked":["alterego_mod:TrashNCrash"],"picked":"Singing Bowl","floor":44},{"not_picked":["alterego_mod:TrashNCrash+1"],"picked":"Singing Bowl","floor":46},{"not_picked":["alterego_mod:DestructionOfProperty+1"],"picked":"Singing Bowl","floor":48}],"player_experience":364154,"relics_obtained":[{"floor":7.0,"key":"Slimebound:PreparedRelic"},{"floor":9.0,"key":"Strawberry"},{"floor":10.0,"key":"Happy Flower"},{"floor":23,"key":"Centennial Puzzle"},{"floor":26,"key":"Mercury Hourglass"},{"floor":27,"key":"Pantograph"},{"floor":31,"key":"Old Coin"},{"floor":31,"key":"Ornamental Fan"},{"floor":40,"key":"White Beast Statue"},{"floor":43,"key":"Vajra"},{"floor":48,"key":"StoneCalendar"}],"event_choices":[{"damage_healed":0.0,"max_hp_gain":0.0,"max_hp_loss":0.0,"gold_gain":0.0,"event_name":"Upgrade Shrine","player_choice":"Upgraded","floor":11.0,"gold_loss":0.0,"damage_taken":0.0,"cards_upgraded":["alterego_mod:BiFurious"]},{"cards_removed":["alterego_mod:Strike"],"damage_healed":0.0,"max_hp_gain":0.0,"max_hp_loss":0.0,"gold_gain":0.0,"event_name":"Golden Wing","player_choice":"Card Removal","floor":13.0,"gold_loss":0.0,"damage_taken":7.0},{"damage_healed":0.0,"max_hp_gain":0.0,"max_hp_loss":0.0,"gold_gain":0.0,"event_name":"Dead Adventurer","player_choice":"Searched \u00271\u0027 times","floor":14.0,"gold_loss":0.0,"damage_taken":0.0,"relics_obtained":["Nunchaku"]},{"damage_healed":0.0,"max_hp_gain":5.0,"max_hp_loss":0.0,"gold_gain":0.0,"event_name":"Forgotten Altar","player_choice":"Shed Blood","floor":19.0,"gold_loss":0.0,"damage_taken":24.0},{"damage_healed":0,"gold_gain":0,"player_choice":"Fight","damage_taken":0,"max_hp_gain":0,"max_hp_loss":0,"event_name":"Colosseum","floor":31,"gold_loss":0},{"damage_healed":0,"gold_gain":0,"player_choice":"Fought Nobs","damage_taken":0,"max_hp_gain":0,"max_hp_loss":0,"event_name":"Colosseum","floor":31,"gold_loss":0},{"damage_healed":0,"gold_gain":0,"player_choice":"Memory 1","damage_taken":0,"max_hp_gain":0,"max_hp_loss":0,"event_name":"SensoryStone","floor":38,"gold_loss":0},{"damage_healed":0,"gold_gain":0,"player_choice":"Upgraded","damage_taken":0,"max_hp_gain":0,"max_hp_loss":0,"event_name":"Upgrade Shrine","floor":45,"gold_loss":0,"cards_upgraded":["alterego_mod:TrashNCrash"]},{"damage_healed":0,"gold_gain":0,"player_choice":"Fight","damage_taken":0,"max_hp_gain":0,"max_hp_loss":0,"event_name":"MindBloom","floor":48,"gold_loss":0}],"is_beta":false,"boss_relics":[{"not_picked":["Runic Pyramid","SacredBark"],"picked":"Fusion Hammer"},{"not_picked":["Astrolabe","Hololive_TopUpMoneyS"],"picked":"Busted Crown"}],"items_purged_floors":[22,37],"is_endless":false,"potions_floor_spawned":[1,3,12,16,23,31,31,33,40,42,44,46,48],"ascension_level":0}}