{"host":"ga4s3hj9m6nkn6gp","time":1612702763,"event":{"mods":["AchievementEnabler","BaseMod","Bestiary","Colored Powertips","Highlight Path","Minty Spire (QoL Compilation)","Relic Stats","everything is the same but u backflip on backflip"],"gold_per_floor":[109,184,197,197,222,266,289,289,289,289,325,0,0,0,0,0,0],"floor_reached":16,"language":"ENG","playtime":705,"items_purged":[],"score":216,"play_id":"f4d4d03d-fc2d-4819-a2a2-66fdb747fc33","local_time":"20210207135923","is_ascension_mode":true,"campfire_choices":[{"floor":8,"key":"REST"},{"data":"Poisoned Stab","floor":10,"key":"SMITH"},{"data":"Noxious Fumes","floor":13,"key":"SMITH"},{"floor":15,"key":"REST"}],"circlet_count":0,"master_deck":["AscendersBane","Strike_G","Strike_G","Strike_G","Strike_G","Strike_G","Defend_G","Defend_G","Defend_G","Defend_G","Defend_G","Survivor","Neutralize","Flying Knee","Quick Slash","Poisoned Stab+1","Choke+1","Blade Dance","Noxious Fumes+1","Backstab"],"relics":["Ring of the Snake","Golden Idol","Oddly Smooth Stone","Juzu Bracelet","Meat on the Bone","Snake Skull"],"acts_visited":["Exordium"],"potions_floor_usage":[6,6,11],"damage_taken":[{"damage":0.0,"enemies":"2 Louse","floor":1.0,"turns":3.0},{"damage":0,"enemies":"Jaw Worm","floor":3,"turns":6},{"damage":4,"enemies":"Small Slimes","floor":5,"turns":4},{"damage":48,"enemies":"Lagavulin","floor":6,"turns":12},{"damage":0,"enemies":"Looter","floor":7,"turns":3},{"damage":13,"enemies":"3 Sentries","floor":11,"turns":11},{"damage":35,"enemies":"Slime Boss","floor":16,"turns":9}],"seed_played":"4494518227796364951","potions_obtained":[{"floor":3,"key":"Weak Potion"},{"floor":5,"key":"SkillPotion"},{"floor":7,"key":"EssenceOfSteel"}],"is_trial":false,"path_per_floor":["M","?","M","?","M","E","M","R","T","R","E","$","R","?","R","B"],"character_chosen":"THE_SILENT","items_purchased":["Noxious Fumes","Snake Skull","Backstab"],"campfire_rested":2,"item_purchase_floors":[12,12,12],"current_hp_per_floor":[65,54,54,54,50,2,2,21,21,21,8,8,8,8,27,0,0],"gold":0,"neow_bonus":"TEN_PERCENT_HP_BONUS","is_daily":false,"chose_seed":false,"campfire_upgraded":2,"win_rate":0.0,"timestamp":1612702763,"path_taken":["M","?","M","?","M","E","M","R","T","R","E","$","R","?","R","BOSS"],"items_purchased_type":["Card","Relic","Card"],"build_version":"2020-12-22","purchased_purges":0,"victory":false,"max_hp_per_floor":[72,72,72,65,65,65,65,65,65,65,65,65,65,65,65,65,65],"relic_stats":{"counters":[7,48],"Golden Idol":26,"Snake Skull":[13],"Juzu Bracelet":0,"obtain_stats":[{"Golden Idol":4,"Oddly Smooth Stone":6,"Snake Skull":12,"Juzu Bracelet":9,"Ring of the Snake":0,"Meat on the Bone":11},{"Golden Idol":2,"Oddly Smooth Stone":4,"Snake Skull":6,"Juzu Bracelet":5,"Ring of the Snake":0,"Meat on the Bone":6},{"Golden Idol":9,"Oddly Smooth Stone":25,"Snake Skull":39,"Juzu Bracelet":28,"Ring of the Snake":0,"Meat on the Bone":39}],"Ring of the Snake":[14],"Meat on the Bone":0},"card_choices":[{"not_picked":["Cloak And Dagger","Tactician"],"picked":"Flying Knee","floor":1.0},{"not_picked":["Underhanded Strike","Deadly Poison"],"picked":"Quick Slash","floor":3},{"not_picked":["Deflect","Prepared"],"picked":"Poisoned Stab","floor":5},{"not_picked":["Prepared","Cloak And Dagger"],"picked":"Choke","floor":6},{"not_picked":["Deflect","PiercingWail"],"picked":"Blade Dance","floor":7},{"not_picked":["Outmaneuver","Skewer","Heel Hook"],"picked":"SKIP","floor":11}],"player_experience":746827,"relics_obtained":[{"floor":6,"key":"Oddly Smooth Stone"},{"floor":9,"key":"Juzu Bracelet"},{"floor":11,"key":"Meat on the Bone"}],"event_choices":[{"damage_healed":0.0,"max_hp_gain":0.0,"max_hp_loss":0.0,"gold_gain":75.0,"event_name":"World of Goop","player_choice":"Gather Gold","floor":2.0,"gold_loss":0.0,"damage_taken":11.0},{"damage_healed":0,"gold_gain":0,"player_choice":"Lose Max HP","damage_taken":0,"relics_obtained":["Golden Idol"],"max_hp_gain":0,"max_hp_loss":7,"event_name":"Golden Idol","floor":4,"gold_loss":0},{"damage_healed":0,"gold_gain":0,"player_choice":"Grow","damage_taken":0,"max_hp_gain":0,"max_hp_loss":0,"event_name":"Living Wall","floor":14,"gold_loss":0,"cards_upgraded":["Choke"]}],"is_beta":false,"boss_relics":[],"items_purged_floors":[],"is_endless":false,"potions_floor_spawned":[3,5,7],"killed_by":"Slime Boss","ascension_level":20}}