{"host":"w01zow3jg16g8jdh","time":1612696628,"event":{"mods":["AchievementEnabler","BaseMod","DeckTracker","Keyboard Shortcuts","Minty Spire (QoL Compilation)","Permanent Neow","StSLib","SuperFastMode"],"gold_per_floor":[359,284,209,209,284,284,37,75,75,94,94,107,142,142,142,238,238,253,110,110,135,156,156,196,196,496,514,558,582,621,621,621,716,716,730,751,465,481,50,50,85,98,98,98,114,158,158,158,158,158,158,158,158,158,196,196,196],"floor_reached":56,"language":"KOR","playtime":1755,"items_purged":["Strike_G","Choke","Masterful Stab","Bane"],"score":2042,"play_id":"f69f7cd5-2403-48ca-8661-07db3b2db1b0","local_time":"20210207201708","is_ascension_mode":true,"campfire_choices":[{"data":"Crippling Poison","floor":6.0,"key":"SMITH"},{"floor":11.0,"key":"REST"},{"data":"Noxious Fumes","floor":15.0,"key":"SMITH"},{"data":"Noxious Fumes","floor":23.0,"key":"SMITH"},{"data":"Noxious Fumes","floor":25,"key":"SMITH"},{"data":"Acrobatics","floor":32,"key":"SMITH"},{"data":"Prepared","floor":40,"key":"SMITH"},{"floor":44,"key":"REST"},{"floor":49,"key":"RECALL"},{"data":"Corpse Explosion","floor":53,"key":"SMITH"}],"circlet_count":0,"master_deck":["AscendersBane","Survivor","Crippling Poison+1","Noxious Fumes+1","PiercingWail","Noxious Fumes+1","Noxious Fumes+1","Corpse Explosion+1","Dagger Throw","Deflect","Dodge and Roll","PiercingWail","Prepared+1","Acrobatics+1","Noxious Fumes+1","Footwork+1","Bullet Time","Blur","Tactician+1","Noxious Fumes+1","Reflex+1","Adrenaline","Backflip"],"relics":["Ring of the Snake","Golden Idol","Snake Skull","Torii","HornCleat","Ornamental Fan","Nloth\u0027s Gift","Orichalcum","Old Coin","Strawberry","Omamori","Sozu","Medical Kit","Sundial","Meat on the Bone","Incense Burner","Turnip"],"acts_visited":["Exordium","TheCity","TheBeyond","TheEnding"],"potions_floor_usage":[28,41],"damage_taken":[{"damage":2.0,"enemies":"Small Slimes","floor":1.0,"turns":4.0},{"damage":23.0,"enemies":"3 Sentries","floor":8.0,"turns":9.0},{"damage":1.0,"enemies":"Jaw Worm","floor":10.0,"turns":4.0},{"damage":0.0,"enemies":"2 Louse","floor":12.0,"turns":3.0},{"damage":16.0,"enemies":"Gremlin Nob","floor":13.0,"turns":4.0},{"damage":29.0,"enemies":"Slime Boss","floor":16.0,"turns":10.0},{"damage":0.0,"enemies":"3 Byrds","floor":18.0,"turns":3.0},{"damage":10.0,"enemies":"Spheric Guardian","floor":21.0,"turns":4.0},{"damage":9.0,"enemies":"Snake Plant","floor":22.0,"turns":5.0},{"damage":2.0,"enemies":"Slavers","floor":24.0,"turns":3.0},{"damage":2,"enemies":"Cultist and Chosen","floor":27,"turns":6},{"damage":27,"enemies":"Gremlin Leader","floor":28,"turns":6},{"damage":8,"enemies":"Centurion and Healer","floor":29,"turns":4},{"damage":14,"enemies":"Book of Stabbing","floor":30,"turns":6},{"damage":16,"enemies":"Collector","floor":33,"turns":7},{"damage":0,"enemies":"3 Darklings","floor":35,"turns":3},{"damage":14,"enemies":"Orb Walker","floor":36,"turns":4},{"damage":12,"enemies":"Maw","floor":38,"turns":7},{"damage":18,"enemies":"Reptomancer","floor":41,"turns":5},{"damage":6,"enemies":"Writhing Mass","floor":42,"turns":5},{"damage":1,"enemies":"Jaw Worm Horde","floor":45,"turns":3},{"damage":1,"enemies":"Giant Head","floor":46,"turns":7},{"damage":16,"enemies":"Awakened One","floor":50,"turns":6},{"damage":31,"enemies":"Time Eater","floor":51,"turns":7},{"damage":35,"enemies":"Shield and Spear","floor":55,"turns":5},{"damage":8,"enemies":"The Heart","floor":56,"turns":1}],"seed_played":"486877104191989094","potions_obtained":[{"floor":1.0,"key":"SteroidPotion"},{"floor":16.0,"key":"AttackPotion"},{"floor":18.0,"key":"ColorlessPotion"},{"floor":21.0,"key":"PowerPotion"},{"floor":24,"key":"LiquidMemories"},{"floor":28,"key":"SmokeBomb"},{"floor":33,"key":"SkillPotion"}],"is_trial":false,"path_per_floor":["M","?","$","?","?","R","$","E","T","M","R","M","E","?","R","B",null,"M","$","?","M","M","R","E","R","T","M","E","M","E","?","R","B",null,"M","M","$","M","$","R","E","M","T","R","M","E","?","?","R","B","B",null,"R","$","E","B"],"character_chosen":"THE_SILENT","items_purchased":["Snake Skull","Noxious Fumes","Noxious Fumes","Medical Kit","Sundial"],"campfire_rested":2,"item_purchase_floors":[7,7,19,37,39],"current_hp_per_floor":[42,42,42,42,31,31,31,8,8,7,25,25,9,9,9,30,53,53,53,53,43,34,34,32,32,32,30,42,34,20,20,20,4,51,51,37,37,25,25,25,7,13,13,33,44,43,43,43,43,39,20,53,53,53,30,22,22],"gold":196,"neow_bonus":"TWO_FIFTY_GOLD","is_daily":false,"chose_seed":false,"campfire_upgraded":7,"win_rate":0.0,"timestamp":1612696628,"path_taken":["M","?","$","?","?","R","$","E","T","M","R","?","E","?","R","BOSS","M","$","?","M","M","R","E","R","T","M","E","?","E","?","R","BOSS","M","M","$","M","$","R","E","M","T","R","M","E","?","?","R","BOSS","BOSS","R","$","E","BOSS"],"items_purchased_type":["Relic","Card","Card","Relic","Relic"],"build_version":"2020-12-22","purchased_purges":4,"victory":false,"max_hp_per_floor":[66,66,66,60,60,60,60,60,60,60,60,60,60,60,60,60,60,60,60,60,60,60,60,60,60,60,60,67,67,67,67,67,67,67,67,67,67,67,67,67,67,67,67,67,67,67,67,64,64,64,64,64,64,64,64,64,64],"card_choices":[{"not_picked":["Choke","Flying Knee"],"picked":"Crippling Poison","floor":1.0},{"not_picked":["Slice","Dodge and Roll"],"picked":"PiercingWail","floor":8.0},{"not_picked":["Cloak And Dagger","Deflect"],"picked":"Noxious Fumes","floor":10.0},{"not_picked":["Flying Knee","Unload","Underhanded Strike"],"picked":"SKIP","floor":12.0},{"not_picked":["Sucker Punch","Slice"],"picked":"Noxious Fumes","floor":13.0},{"not_picked":["Wraith Form v2","Unload"],"picked":"Corpse Explosion","floor":16.0},{"not_picked":["Deflect","Dagger Spray"],"picked":"Acrobatics","floor":18.0},{"not_picked":["Sucker Punch","Dodge and Roll+1"],"picked":"Footwork+1","floor":21.0},{"not_picked":["Glass Knife","Distraction","Bane"],"picked":"SKIP","floor":22.0},{"not_picked":["Backflip","Deflect"],"picked":"Bullet Time","floor":24},{"not_picked":["Outmaneuver+1","Poisoned Stab"],"picked":"Blur","floor":27},{"not_picked":["Quick Slash","Bullet Time","Predator"],"picked":"SKIP","floor":28},{"not_picked":["Dagger Spray","Phantasmal Killer","Slice"],"picked":"SKIP","floor":29},{"not_picked":["Bouncing Flask","Glass Knife"],"picked":"Tactician+1","floor":30},{"not_picked":["Dodge and Roll","Underhanded Strike","Accuracy"],"picked":"SKIP","floor":35},{"not_picked":["Deflect","Slice"],"picked":"Noxious Fumes+1","floor":36},{"not_picked":["Caltrops","Dodge and Roll"],"picked":"Reflex+1","floor":38},{"not_picked":["Tools of the Trade","Dodge and Roll+1"],"picked":"Adrenaline","floor":41},{"not_picked":["Quick Slash","Masterful Stab"],"picked":"Backflip","floor":42},{"not_picked":["Backflip","Dagger Throw+1","Grand Finale"],"picked":"SKIP","floor":45},{"not_picked":["Bane","Sucker Punch","All Out Attack"],"picked":"SKIP","floor":46},{"not_picked":["Dash+1","Outmaneuver+1","Bane"],"picked":"SKIP","floor":55}],"player_experience":361916,"relics_obtained":[{"floor":8.0,"key":"Torii"},{"floor":9.0,"key":"HornCleat"},{"floor":13.0,"key":"Ornamental Fan"},{"floor":24,"key":"Orichalcum"},{"floor":26,"key":"Old Coin"},{"floor":28,"key":"Strawberry"},{"floor":30,"key":"Omamori"},{"floor":41,"key":"Meat on the Bone"},{"floor":46,"key":"Incense Burner"},{"floor":55,"key":"Turnip"}],"event_choices":[{"cards_removed":["Defend_G"],"damage_healed":0.0,"max_hp_gain":0.0,"max_hp_loss":0.0,"gold_gain":0.0,"event_name":"The Cleric","player_choice":"Card Removal","floor":2.0,"gold_loss":75.0,"damage_taken":0.0},{"damage_healed":0.0,"max_hp_gain":0.0,"max_hp_loss":6.0,"gold_gain":0.0,"event_name":"Golden Idol","player_choice":"Lose Max HP","floor":4.0,"gold_loss":0.0,"damage_taken":0.0,"relics_obtained":["Golden Idol"]},{"damage_healed":0.0,"max_hp_gain":0.0,"max_hp_loss":0.0,"gold_gain":75.0,"event_name":"World of Goop","player_choice":"Gather Gold","floor":5.0,"gold_loss":0.0,"damage_taken":11.0},{"damage_healed":0.0,"max_hp_gain":0.0,"max_hp_loss":0.0,"gold_gain":0.0,"event_name":"Shining Light","player_choice":"Ignored","floor":14.0,"gold_loss":0.0,"damage_taken":0.0},{"damage_healed":0.0,"max_hp_gain":0.0,"max_hp_loss":0.0,"gold_gain":0.0,"event_name":"N\u0027loth","player_choice":"Traded Relic","floor":20.0,"relics_lost":["Pandora\u0027s Box"],"gold_loss":0.0,"damage_taken":0.0,"relics_obtained":["Nloth\u0027s Gift"]},{"damage_healed":0,"gold_gain":0,"player_choice":"Forge","damage_taken":0,"max_hp_gain":0,"max_hp_loss":0,"event_name":"Accursed Blacksmith","floor":31,"gold_loss":0,"cards_upgraded":["Noxious Fumes"]},{"cards_removed":["Neutralize"],"damage_healed":0,"gold_gain":0,"player_choice":"Removed Attack","damage_taken":0,"max_hp_gain":0,"max_hp_loss":0,"event_name":"Falling","floor":47,"gold_loss":0},{"damage_healed":0,"gold_gain":0,"player_choice":"Max HP","damage_taken":0,"max_hp_gain":0,"max_hp_loss":3,"event_name":"Winding Halls","floor":48,"gold_loss":0}],"is_beta":false,"boss_relics":[{"not_picked":["Snecko Eye","WristBlade"],"picked":"Pandora\u0027s Box"},{"not_picked":["Coffee Dripper","Busted Crown"],"picked":"Sozu"}],"items_purged_floors":[3,19,37,39],"is_endless":false,"potions_floor_spawned":[1,16,18,21,24,28,33,35,38,41],"killed_by":"The Heart","ascension_level":20}}