{"host":"hf2f7r8j0okuuwnk","time":1612715880,"event":{"mods":["Bard","BaseMod","Conspire","Energized Spire","Hubris","Mad Scientist","Minty Spire (QoL Compilation)","Replay The Spire","Robot Space Explorer","StSLib","The Blackbeard","The Cursed","The Hayseed","The Jungle","The Mystic","The Showman"],"gold_per_floor":[116,133,150,165,165,197,197,222,247,274,287,313,313,326,326,428,478,492,93,93,13,18,18,45,45,70,82,122,147,259,259],"floor_reached":30,"language":"DEU","playtime":10479,"items_purged":[],"score":306,"play_id":"da5a9d27-bb09-4e2e-853e-1a792b276298","local_time":"20210207173800","is_ascension_mode":true,"campfire_choices":[{"floor":7,"key":"REST"},{"floor":13,"key":"REST"},{"floor":15,"key":"REST"},{"floor":23,"key":"RECALL"},{"floor":25,"key":"REST"},{"data":"ReplayTheSpireMod:Brewmster","floor":27,"key":"SMITH"}],"circlet_count":0,"master_deck":["Strike_B","Strike_B","Strike_B+1","Strike_B","Defend_B","Defend_B","Defend_B","Defend_B","Zap","Dualcast","Go for the Eyes","Lockon","Chaos","Sweeping Beam","Rip and Tear","Redo","Ball Lightning","Ball Lightning","Stack","Mirror Shield","Capacitor","ReplayTheSpireMod:Brewmster+1","Crystallizer","Hello World"],"relics":["Cracked Core","NeowsBlessing","Pet Ghost","conspire:TopHat","hubris:Potato","hubris:DeckOfHolding","Tiny House","Replay:Rubber Ducky","hubris:Icosahedron","Orichalcum","MawBank","Ancient Tea Set"],"acts_visited":["Exordium","TheCity"],"potions_floor_usage":[6,6,6,11,12,18,18,28,28,28,29,29,29,29,30],"damage_taken":[{"damage":0,"enemies":"2 Louse","floor":1,"turns":1},{"damage":0,"enemies":"Cultist","floor":2,"turns":1},{"damage":0,"enemies":"Jaw Worm","floor":3,"turns":1},{"damage":7,"enemies":"Exordium Wildlife","floor":4,"turns":4},{"damage":22,"enemies":"3 Sentries","floor":6,"turns":7},{"damage":24,"enemies":"Gremlin Nob","floor":8,"turns":4},{"damage":14,"enemies":"Replay:BlueRogue","floor":10,"turns":5},{"damage":18,"enemies":"Lots of Slimes","floor":11,"turns":3},{"damage":6,"enemies":"Gremlin Nob","floor":12,"turns":3},{"damage":5,"enemies":"2 Fungi Beasts","floor":14,"turns":3},{"damage":17,"enemies":"Fading Forest","floor":16,"turns":11},{"damage":50,"enemies":"conspire:FuzzyDice","floor":18,"turns":7},{"damage":17,"enemies":"Spheric Guardian","floor":22,"turns":6},{"damage":27,"enemies":"Book of Stabbing","floor":28,"turns":6},{"damage":28,"enemies":"Shelled Parasite and Fungi","floor":29,"turns":7},{"damage":23,"enemies":"Chosen and Byrds","floor":30,"turns":4}],"seed_played":"-5261824229757523028","potions_obtained":[{"floor":2,"key":"SkillPotion"},{"floor":4,"key":"PotionOfCapacity"},{"floor":5,"key":"EssenceOfDarkness"},{"floor":8,"key":"Adrenaline Potion"},{"floor":11,"key":"BlessingOfTheForge"},{"floor":12,"key":"conspire:TimeTravelPotion"},{"floor":17,"key":"HauntedGourdPotion"}],"is_trial":false,"path_per_floor":["M","M","M","M","?","E","R","E","T","E","M","E","R","M","R","B",null,"M","$","?","$","M","R","T","R","T","R","E","M","M"],"character_chosen":"DEFECT","items_purchased":["Replay:Rubber Ducky","ReplayTheSpireMod:Brewmster","Crystallizer","Hello World"],"campfire_rested":4,"item_purchase_floors":[19,19,19,21],"current_hp_per_floor":[75,75,75,68,68,46,68,44,44,30,12,6,28,23,45,28,80,58,58,58,58,41,41,41,65,65,65,38,10,0,0],"gold":259,"neow_bonus":"THREE_ENEMY_KILL","is_daily":false,"chose_seed":false,"campfire_upgraded":1,"win_rate":0.0,"timestamp":1612715880,"path_taken":["M","M","M","M","?","E","R","E","T","E","?","E","R","M","R","BOSS","M","$","?","$","M","R","?","R","T","R","E","M","M"],"items_purchased_type":["Relic","Card","Card","Card"],"build_version":"2020-12-22","purchased_purges":0,"victory":false,"max_hp_per_floor":[75,75,75,75,75,75,75,75,75,75,75,75,75,75,75,75,80,80,80,80,80,80,80,80,80,80,80,80,80,80,80],"card_choices":[{"not_picked":["ReplaySolidLightProjector","BasicCrystalCard"],"picked":"Go for the Eyes","floor":1},{"not_picked":["conspire:Rain","Beam Cell"],"picked":"Lockon","floor":2},{"not_picked":["ReplayTheSpireMod:GoodbyeWorld","Steam Power","Go for the Eyes"],"picked":"SKIP","floor":3},{"not_picked":["BasicCrystalCard","Gash"],"picked":"Chaos","floor":4},{"not_picked":["Rebound","Compile Driver"],"picked":"Sweeping Beam","floor":6},{"not_picked":["Compile Driver","Hologram"],"picked":"Rip and Tear","floor":8},{"not_picked":["Go for the Eyes","Hyperbeam"],"picked":"Redo","floor":10},{"not_picked":["Go for the Eyes","Rebound"],"picked":"Ball Lightning","floor":11},{"not_picked":["Redo","Sweeping Beam"],"picked":"Ball Lightning","floor":12},{"not_picked":["BasicCrystalCard","hubris:Ukulele"],"picked":"Stack","floor":14},{"not_picked":["All For One","hubris:DoWhile"],"picked":"Mirror Shield","floor":16},{"not_picked":["Hologram","hubris:Ukulele"],"picked":"Capacitor","floor":17},{"not_picked":["Time Bomb","Compile Driver","BasicCrystalCard"],"picked":"SKIP","floor":18},{"not_picked":["Hologram","Panic Button","BasicCrystalCard"],"picked":"SKIP","floor":22},{"not_picked":["Undo+1","Redo","Skim"],"picked":"SKIP","floor":28},{"not_picked":["Beam Cell","Steam","Rebound+1"],"picked":"SKIP","floor":29}],"player_experience":306511,"relics_obtained":[{"floor":6,"key":"Pet Ghost"},{"floor":8,"key":"conspire:TopHat"},{"floor":10,"key":"hubris:Potato"},{"floor":12,"key":"hubris:DeckOfHolding"},{"floor":24,"key":"Orichalcum"},{"floor":26,"key":"MawBank"},{"floor":28,"key":"Ancient Tea Set"}],"event_choices":[{"damage_healed":0,"gold_gain":0,"player_choice":"Got Potions","damage_taken":0,"max_hp_gain":0,"max_hp_loss":0,"event_name":"Lab","floor":5,"gold_loss":0}],"is_beta":false,"boss_relics":[{"not_picked":["Philosopher\u0027s Stone","hubris:BlackHole"],"picked":"Tiny House"}],"items_purged_floors":[],"is_endless":false,"potions_floor_spawned":[2,4,8,11,12,22],"killed_by":"Chosen and Byrds","ascension_level":2}}