{"host":"w05x4i13f2m9joq1","time":1612688365,"event":{"mods":["100% Spire Juice","BaseMod","Better Altar","Better Match","Better Note","Better Sensory Stone","Better Skull","Better Third Choice","BetterRewards","CapriCore","Colored Map","Colored Powertips","Defective Defect","Downfall","Duelist Mod","GifTheSpireLib","Googly Eyes","Infinite Spire","Ironclad Rager","Lobotomy","LobotomyExtend","Marisa????????","Melee Mod","Minty Spire (QoL Compilation)","Morshu Shopkeeper - ENHANCED","MostiFishMod","Quick Restart","Rare Cards Sparkle","Replay The Spire","Shop Mod","Spicy Shops","Spire Birthday Party","StSLib","The IronCluck","Uncapped","everything is the same but u backflip on backflip","slay the spire mod where everything is the same but ironclad has a cowboy hat"],"gold_per_floor":[192,209,223,238,249,269,318,318,337,355,13,13,113,126,145,241,241,241,251,270,287,302,302,302,318,349,349,349,349],"floor_reached":28,"language":"ENG","playtime":1755,"items_purged":[],"score":238,"play_id":"64abd164-193f-4f5c-9237-4e3ce2a92461","local_time":"20210207035925","is_ascension_mode":false,"campfire_choices":[{"data":"hexamod:Rewind","floor":18,"key":"SMITH"},{"data":"hexamod:BurningTouch","floor":23,"key":"SMITH"}],"circlet_count":0,"master_deck":["hexamod:Strike+1","hexamod:Strike+1","hexamod:Strike+1","hexamod:Strike","hexamod:Defend+1","hexamod:Defend+1","hexamod:Defend+1","hexamod:Defend+1","hexamod:Sear+1","hexamod:Float+1","hexamod:RadiantFlame+1","hexamod:SwordOfDarkness+1","hexamod:BurningTouch+1","hexamod:ShieldOfDarkness+1","hexamod:GhostShield+1","hexamod:GhostLash","hexamod:Rewind+1","hexamod:WildfireWeapon","hexamod:FirstSeal","hexamod:HeatCrush+1","hexamod:Hexaguard+1","hexamod:WildfireWeapon+1","hexamod:ChargedBarrage+1","hexamod:Hexaguard","hexamod:ShieldOfDarkness+1","hexamod:PhantomFireball+1","hexamod:AdvancingGuard+1","hexamod:Firestarter","hexamod:WildfireWeapon"],"relics":["hexamod:SpiritBrand","DaveBox","DSteel32","LetterFromLob","Replay:Baseball","Bottled Tornado","GuanYuAspect","hexamod:InflammatoryLetter","Kunai"],"acts_visited":["Exordium","TheCity"],"potions_floor_usage":[6,16,16,16,19,25],"damage_taken":[{"damage":7,"enemies":"2 Louse","floor":2,"turns":3},{"damage":3,"enemies":"Jaw Worm","floor":3,"turns":3},{"damage":5,"enemies":"Small Slimes","floor":4,"turns":3},{"damage":9,"enemies":"Blue Slaver","floor":5,"turns":3},{"damage":20,"enemies":"Exordium Thugs","floor":6,"turns":3},{"damage":4,"enemies":"Blue Slaver","floor":9,"turns":3},{"damage":0,"enemies":"3 Louse","floor":10,"turns":4},{"damage":0,"enemies":"downfall:FleeingMerchant","floor":11,"turns":4},{"damage":9,"enemies":"Exordium Thugs","floor":14,"turns":3},{"damage":0,"enemies":"Blue Slaver","floor":15,"turns":2},{"damage":15,"enemies":"DF_ARCHETYPE_STREAMLINE","floor":16,"turns":7},{"damage":15,"enemies":"Spheric Guardian","floor":19,"turns":5},{"damage":4,"enemies":"Snake Plant","floor":20,"turns":3},{"damage":0,"enemies":"3 Cultists","floor":21,"turns":6},{"damage":2,"enemies":"Shelled Parasite and Fungi","floor":22,"turns":3},{"damage":11,"enemies":"Centurion and Healer","floor":25,"turns":5},{"damage":13,"enemies":"theDuelist:KaibaA2","floor":26,"turns":5},{"damage":49,"enemies":"Gremlin Leader","floor":28,"turns":5}],"seed_played":"2830352583802615980","potions_obtained":[{"floor":4,"key":"LiquidMemories"},{"floor":6,"key":"Elixir"},{"floor":10,"key":"hexamod:SoulburnPotion"},{"floor":15,"key":"LiquidMemories"},{"floor":16,"key":"DuplicationPotion"},{"floor":21,"key":"Adrenaline Potion"}],"is_trial":false,"path_per_floor":["R_BF","M","M","M","M","M","T","M","M","M","$","?","?","M","M","B",null,"R","M","M","M","M","R","T","M","E","?","E"],"character_chosen":"THE_SPIRIT","items_purchased":["Bottled Tornado","hexamod:FirstSeal"],"campfire_rested":0,"item_purchase_floors":[11,11],"current_hp_per_floor":[77,70,67,62,53,33,33,33,29,29,29,29,29,27,27,19,39,39,31,32,39,39,39,39,36,32,32,0,0],"gold":349,"neow_bonus":"TEN_PERCENT_HP_BONUS","is_daily":false,"chose_seed":false,"campfire_upgraded":2,"win_rate":0.0,"timestamp":1612688365,"path_taken":["R_BF","M","M","M","M","M","T","M","M","M","$","?","?","M","M","BOSS","R","M","M","M","M","R","T","M","E","?","E"],"items_purchased_type":["Relic","Card"],"build_version":"2020-12-22","purchased_purges":0,"victory":false,"max_hp_per_floor":[77,77,77,77,77,77,77,77,77,77,77,77,77,77,77,77,39,39,39,39,39,39,39,39,39,39,39,39,39],"card_choices":[{"not_picked":["hexamod:HeatCrush","hexamod:Hexaguard"],"picked":"hexamod:RadiantFlame","floor":2},{"not_picked":["hexamod:HeatMetal","hexamod:BacktrackSmack"],"picked":"hexamod:SwordOfDarkness","floor":3},{"not_picked":["hexamod:EtherealExpedition","hexamod:SpectersWail"],"picked":"hexamod:BurningTouch","floor":4},{"not_picked":["hexamod:BacktrackSmack","hexamod:HauntingEcho"],"picked":"hexamod:ShieldOfDarkness","floor":5},{"not_picked":["hexamod:SecondSeal","hexamod:FourthSeal"],"picked":"hexamod:GhostShield","floor":6},{"not_picked":["hexamod:CatchUp","hexamod:SpectersWail"],"picked":"hexamod:GhostLash","floor":9},{"not_picked":["hexamod:Hexaguard","hexamod:GhostShield"],"picked":"hexamod:Rewind","floor":10},{"not_picked":["hexamod:NecessarySacrifice","hexamod:HeatMetal"],"picked":"hexamod:WildfireWeapon","floor":11},{"not_picked":["hexamod:FastForward","hexamod:DynamicBlow"],"picked":"hexamod:HeatCrush","floor":14},{"not_picked":["hexamod:AdvancingGuard","hexamod:HeatCrush"],"picked":"hexamod:Hexaguard","floor":15},{"not_picked":["hexamod:GhostflameInferno","hexamod:HexaLevel"],"picked":"hexamod:WildfireWeapon","floor":16},{"not_picked":["hexamod:HauntingEcho","hexamod:NightmareGuise"],"picked":"hexamod:ChargedBarrage","floor":19},{"not_picked":["hexamod:FastForward","hexamod:ShieldOfDarkness"],"picked":"hexamod:Hexaguard","floor":20},{"not_picked":["hexamod:FirstSeal","hexamod:Haunt"],"picked":"hexamod:ShieldOfDarkness+1","floor":21},{"not_picked":["hexamod:NightmareGuise+1","hexamod:FastForward"],"picked":"hexamod:PhantomFireball+1","floor":22},{"not_picked":["hexamod:GhostOfSpirePast","hexamod:NightmareGuise+1"],"picked":"hexamod:AdvancingGuard+1","floor":25},{"not_picked":["hexamod:HeatCrush","hexamod:GhostOfSpirePast"],"picked":"hexamod:Firestarter","floor":26}],"player_experience":167540,"relics_obtained":[{"floor":2,"key":"LetterFromLob"},{"floor":7,"key":"Replay:Baseball"},{"floor":24,"key":"hexamod:InflammatoryLetter"},{"floor":26,"key":"Kunai"}],"event_choices":[],"is_beta":false,"boss_relics":[{"not_picked":["TimeKeys","Black Star"],"picked":"GuanYuAspect"}],"items_purged_floors":[],"is_endless":false,"potions_floor_spawned":[4,6,10,15,16,21],"killed_by":"Gremlin Leader","ascension_level":0}}