{"host":"fzjk61lpi4bwj033","time":1612734216,"event":{"mods":["BaseMod","Downfall","Hermit","Jorbs\u0027s Wanderer Trilogy","Minty Spire (QoL Compilation)","Rare Cards Sparkle","Relic Stats","StSLib"],"gold_per_floor":[99,115,125,140,240,274,274,291,291,441,472,572,472,486,505,607,607,607,618,79,90,102,134,134,149,149,149,168,194,194,228,239,341,341,341,357,408,419,419,419,419,448,467,467,267,296,312,74,88,88,88,122,1,1,1,1,1,1],"floor_reached":56,"language":"ENG","playtime":3806,"items_purged":["champ:Strike","downfall:Haunted"],"score":879,"play_id":"629c2b2b-2f7a-4e14-a9b7-2711eeda035f","local_time":"20210207154336","is_ascension_mode":false,"campfire_choices":[{"data":"champ:Taunt","floor":1,"key":"SMITH"},{"data":"champ:Duel","floor":9,"key":"SMITH"},{"floor":13,"key":"REST"},{"data":"champ:HoldFirm","floor":18,"key":"SMITH"},{"data":"champ:UltimateStance","floor":27,"key":"SMITH"},{"floor":30,"key":"REST"},{"data":"champ:BerserkerStyle","floor":35,"key":"SMITH"},{"floor":40,"key":"RECALL"},{"floor":45,"key":"REST"},{"floor":54,"key":"REST"}],"circlet_count":0,"master_deck":["champ:Strike","champ:Strike","champ:Strike","champ:Defend","champ:Defend","champ:Defend","champ:Execute","champ:Taunt+1","champ:BringItOn","champ:Duel+1","champ:FocusedBerserking","champ:FlashCut","champ:CrookedStrike","champ:Backstep","downfall:Icky","champ:LastStand","champ:HoldFirm+1","champ:AdrenalArmor","champ:VampiricStrike","champ:PreciseThrust","champ:ShieldWall","champ:UltimateStance+1","Pain","champ:StanceDance+1","champ:BerserkerStyle+1","champ:SteelEdge","champ:Haymaker","expansioncontent:GuardianWhirl","expansioncontent:Chronoboost","champ:RecklessLeap+1","Parasite","expansioncontent:StudyTheSpire"],"relics":["champ:ChampionCrown","CloakClasp","White Beast Statue","Anchor","The Courier","downfall:HeartBlessingGreen","Snecko Eye","champ:GladiatorsBookOfMartialProwess","Potion Belt","Pen Nib","Bronze Scales","Bottled Tornado","MealTicket","Calipers","Cursed Key","FossilizedHelix","Bottled Lightning","downfall:HeartBlessingRed","downfall:HeartBlessingBlue","Question Card","Pocketwatch","HandDrill"],"acts_visited":["Exordium","TheCity","TheBeyond","TheEnding"],"potions_floor_usage":[5,5,5,6,11,22,23,23,31,32,33,50,50,55,55,56],"damage_taken":[{"damage":11,"enemies":"2 Louse","floor":2,"turns":3},{"damage":10,"enemies":"Small Slimes","floor":3,"turns":4},{"damage":21,"enemies":"Jaw Worm","floor":4,"turns":2},{"damage":52,"enemies":"Jaw Worm","floor":5,"turns":7},{"damage":44,"enemies":"Gremlin Nob","floor":6,"turns":4},{"damage":5,"enemies":"Blue Slaver","floor":8,"turns":4},{"damage":41,"enemies":"Lagavulin","floor":11,"turns":7},{"damage":10,"enemies":"3 Louse","floor":14,"turns":4},{"damage":0,"enemies":"Red Slaver","floor":15,"turns":4},{"damage":68,"enemies":"SI_SHIV_ARCHETYPE","floor":16,"turns":13},{"damage":0,"enemies":"Chosen","floor":19,"turns":4},{"damage":50,"enemies":"downfall:FleeingMerchant","floor":20,"turns":4},{"damage":0,"enemies":"Shell Parasite","floor":21,"turns":6},{"damage":20,"enemies":"Snecko","floor":22,"turns":4},{"damage":99,"enemies":"Gremlin Leader","floor":23,"turns":12},{"damage":29,"enemies":"Centurion and Healer","floor":25,"turns":7},{"damage":15,"enemies":"Sentry and Sphere","floor":28,"turns":4},{"damage":31,"enemies":"Book of Stabbing","floor":29,"turns":5},{"damage":34,"enemies":"Slavers","floor":31,"turns":4},{"damage":4,"enemies":"Shelled Parasite and Fungi","floor":32,"turns":3},{"damage":57,"enemies":"WA_ARCHETYPE_CALM","floor":33,"turns":9},{"damage":4,"enemies":"Orb Walker","floor":36,"turns":3},{"damage":38,"enemies":"2 Orb Walkers","floor":37,"turns":5},{"damage":16,"enemies":"3 Shapes","floor":38,"turns":4},{"damage":86,"enemies":"Nemesis","floor":42,"turns":7},{"damage":33,"enemies":"Jaw Worm Horde","floor":43,"turns":4},{"damage":44,"enemies":"Giant Head","floor":46,"turns":8},{"damage":16,"enemies":"Writhing Mass","floor":47,"turns":5},{"damage":1,"enemies":"downfall:FleeingMerchant","floor":48,"turns":4},{"damage":16,"enemies":"Spire Growth","floor":49,"turns":4},{"damage":90,"enemies":"DF_ARCHETYPE_ORBS","floor":50,"turns":9},{"damage":143,"enemies":"downfall:CharBossMerchant","floor":52,"turns":10},{"damage":88,"enemies":"downfall:NeowBoss","floor":55,"turns":15},{"damage":77,"enemies":"downfall:NeowBossFinal","floor":56,"turns":6}],"seed_played":"-1451363166803660761","potions_obtained":[{"floor":2,"key":"DuplicationPotion"},{"floor":4,"key":"EntropicBrew"},{"floor":8,"key":"CultistPotion"},{"floor":11,"key":"Fire Potion"},{"floor":14,"key":"Regen Potion"},{"floor":21,"key":"Slimebound:ThreeZeroPotion"},{"floor":22,"key":"DuplicationPotion"},{"floor":23,"key":"EssenceOfSteel"},{"floor":25,"key":"sneckomod:MuddlingPotion"},{"floor":29,"key":"Weak Potion"},{"floor":31,"key":"LiquidBronze"},{"floor":32,"key":"Block Potion"},{"floor":33,"key":"Swift Potion"},{"floor":37,"key":"champ:TechniquePotion"},{"floor":52,"key":"Slimebound:ThreeZeroPotion"}],"is_trial":false,"path_per_floor":["R","M","M","M","?","E","T","M","R","?","E","?","R","M","M","B",null,"R","M","$","M","M","E","T","M","?","R","M","E","R","E","M","B",null,"R","M","?","M","?","R","T","E","M","?","R","E","M","$","M","B",null,"E","$","R","B","B"],"character_chosen":"THE_CHAMP","items_purchased":["champ:VampiricStrike","champ:GladiatorsBookOfMartialProwess","Potion Belt","champ:OpenerPotion","expansioncontent:StudyTheSpire","HandDrill"],"campfire_rested":4,"item_purchase_floors":[20,20,20,20,48,53],"current_hp_per_floor":[99,98,98,87,70,51,51,51,51,51,45,45,74,74,74,56,99,99,99,99,99,99,65,65,46,46,46,41,30,59,40,45,36,99,99,95,88,96,91,91,91,57,59,59,101,102,100,109,109,70,109,11,26,58,56,0,0,0],"gold":1,"neow_bonus":"TEN_PERCENT_HP_BONUS","is_daily":false,"chose_seed":false,"campfire_upgraded":5,"win_rate":0.0,"timestamp":1612734216,"path_taken":["R","M","M","M","?","E","T","M","R","?","E","?","R","?","M","BOSS","R","M","$","M","M","E","T","M","?","R","M","E","R","E","M","BOSS","R","M","?","M","?","R","T","E","M","?","R","E","M","$","M","BOSS","E","$","R","BOSS","BOSS"],"items_purchased_type":["Card","Relic","Relic","Potion","Card","Relic"],"build_version":"2020-12-22","purchased_purges":2,"victory":false,"max_hp_per_floor":[99,99,99,99,99,99,99,99,99,99,99,99,99,99,99,99,99,99,99,99,99,99,99,99,99,99,99,99,99,99,99,99,99,99,99,99,99,99,99,99,99,99,99,99,109,109,109,109,109,109,109,109,109,109,109,109,109,109],"relic_stats":{"counters":[34,198],"Bronze Scales":[295],"Snecko Eye":[180,204,199,199],"MealTicket":24,"Pen Nib":[19],"CloakClasp":[565],"HandDrill":[20],"Cursed Key":1,"Question Card":4,"obtain_stats":[{"Potion Belt":20,"Calipers":31,"downfall:HeartBlessingRed":45,"champ:ChampionCrown":0,"downfall:HeartBlessingGreen":13,"The Courier":11,"Pen Nib":23,"CloakClasp":5,"Bottled Tornado":26,"Cursed Key":34,"Question Card":46,"White Beast Statue":6,"champ:GladiatorsBookOfMartialProwess":20,"Anchor":7,"downfall:HeartBlessingBlue":45,"Bronze Scales":24,"Snecko Eye":17,"MealTicket":29,"HandDrill":53,"Bottled Lightning":42,"FossilizedHelix":37,"Pocketwatch":52},{"Potion Belt":12,"Calipers":19,"downfall:HeartBlessingRed":26,"champ:ChampionCrown":0,"downfall:HeartBlessingGreen":7,"The Courier":7,"Pen Nib":15,"CloakClasp":4,"Bottled Tornado":16,"Cursed Key":21,"Question Card":27,"White Beast Statue":5,"champ:GladiatorsBookOfMartialProwess":12,"Anchor":5,"downfall:HeartBlessingBlue":26,"Bronze Scales":15,"Snecko Eye":10,"MealTicket":18,"HandDrill":32,"Bottled Lightning":25,"FossilizedHelix":23,"Pocketwatch":32},{"Potion Belt":60,"Calipers":102,"downfall:HeartBlessingRed":137,"champ:ChampionCrown":0,"downfall:HeartBlessingGreen":31,"The Courier":31,"Pen Nib":82,"CloakClasp":16,"Bottled Tornado":89,"Cursed Key":114,"Question Card":145,"White Beast Statue":20,"champ:GladiatorsBookOfMartialProwess":60,"Anchor":20,"downfall:HeartBlessingBlue":137,"Bronze Scales":82,"Snecko Eye":52,"MealTicket":98,"HandDrill":177,"Bottled Lightning":133,"FossilizedHelix":122,"Pocketwatch":177}],"Pocketwatch":[18]},"card_choices":[{"not_picked":["champ:FlashCut","champ:BladeFlurry"],"picked":"champ:BringItOn","floor":2},{"not_picked":["champ:CrownThrow","champ:FanOfKnives"],"picked":"champ:Duel","floor":3},{"not_picked":["champ:PreemptiveStrike","champ:Haymaker"],"picked":"champ:FocusedBerserking","floor":4},{"not_picked":["champ:RapidStrikes","champ:TornadoPunch"],"picked":"champ:FlashCut","floor":5},{"not_picked":["champ:BerserkersShout","champ:Lariat"],"picked":"champ:CrookedStrike","floor":6},{"not_picked":["champ:AdrenalArmor","champ:SkillfulDodge"],"picked":"champ:Backstep","floor":8},{"not_picked":["champ:Encircle","champ:FancyFootwork","champ:FlashCut"],"picked":"SKIP","floor":11},{"not_picked":["champ:Haymaker","champ:RapidStrikes","champ:CrownThrow"],"picked":"SKIP","floor":14},{"not_picked":["champ:BladeFlurry","champ:FlashCut"],"picked":"champ:LastStand","floor":15},{"not_picked":["champ:TripleStrike","champ:SteelEdge"],"picked":"champ:HoldFirm","floor":16},{"not_picked":["champ:CrownThrow","champ:PerfectedStrike"],"picked":"champ:AdrenalArmor","floor":19},{"not_picked":["champ:Parry","champ:BerserkersShout","champ:DefensiveShout"],"picked":"SKIP","floor":20},{"not_picked":["champ:DefensiveShout+1","champ:Circumvent+1"],"picked":"champ:PreciseThrust","floor":21},{"not_picked":["champ:CrownThrow","champ:Shatter","champ:EnGarde"],"picked":"SKIP","floor":22},{"not_picked":["champ:Parry","champ:Duel"],"picked":"champ:ShieldWall","floor":23},{"not_picked":["champ:FalseCounter+1","champ:Circumvent"],"picked":"champ:UltimateStance","floor":25},{"not_picked":["champ:BringItOn","champ:FaceSlap","champ:FocusedDefense"],"picked":"SKIP","floor":28},{"not_picked":["champ:BladeFlurry","champ:Haymaker+1"],"picked":"champ:StanceDance+1","floor":29},{"not_picked":["champ:TornadoPunch+1","champ:Backstep+1","champ:BladeFlurry+1"],"picked":"SKIP","floor":31},{"not_picked":["champ:DeathBlow","champ:GutPunch"],"picked":"champ:BerserkerStyle","floor":32},{"not_picked":["champ:MurderStrike","champ:DancingMaster"],"picked":"champ:SteelEdge","floor":33},{"not_picked":["champ:FocusedBerserking+1","champ:IronFortress+1"],"picked":"champ:Haymaker","floor":36},{"not_picked":["champ:RapidStrikes","champ:FalseCounter","champ:FaceSlap"],"picked":"SKIP","floor":38},{"not_picked":["expansioncontent:InvincibleStrength","expansioncontent:HyperBeam"],"picked":"expansioncontent:GuardianWhirl","floor":39},{"not_picked":["expansioncontent:HyperBeam","expansioncontent:GuardianWhirl"],"picked":"expansioncontent:Chronoboost","floor":39},{"not_picked":["champ:Lariat+1","champ:FanOfKnives+1"],"picked":"champ:RecklessLeap+1","floor":42},{"not_picked":["champ:BladeFlurry+1","champ:RecklessLeap","champ:AdrenalArmor"],"picked":"SKIP","floor":43},{"not_picked":["champ:RecklessLeap","champ:ShieldSlam+1","champ:PreemptiveStrike"],"picked":"SKIP","floor":46},{"not_picked":["champ:PreemptiveStrike","champ:BladeFlurry+1","champ:FanOfKnives+1","champ:DancingMaster"],"picked":"SKIP","floor":47},{"not_picked":["champ:FlashCut","champ:GutPunch+1","champ:ShieldWall+1","champ:ArenaPreparation+1"],"picked":"SKIP","floor":48},{"not_picked":["champ:FancyFootwork+1","champ:EnGarde","champ:GutPunch","champ:FanOfKnives+1"],"picked":"SKIP","floor":49},{"not_picked":["champ:Shatter+1","champ:IronFortress","champ:RisingSlash+1","champ:Circumvent+1"],"picked":"SKIP","floor":52}],"player_experience":838879,"relics_obtained":[{"floor":5,"key":"CloakClasp"},{"floor":6,"key":"White Beast Statue"},{"floor":7,"key":"Anchor"},{"floor":11,"key":"The Courier"},{"floor":23,"key":"Pen Nib"},{"floor":24,"key":"Bronze Scales"},{"floor":29,"key":"MealTicket"},{"floor":31,"key":"Calipers"},{"floor":37,"key":"FossilizedHelix"},{"floor":42,"key":"Bottled Lightning"},{"floor":46,"key":"Question Card"},{"floor":52,"key":"Pocketwatch"}],"event_choices":[{"damage_healed":0,"gold_gain":0,"player_choice":"Fight","damage_taken":0,"max_hp_gain":0,"max_hp_loss":0,"event_name":"Mysterious Sphere","floor":37,"gold_loss":0},{"cards_removed":["champ:Defend"],"damage_healed":0,"gold_gain":0,"player_choice":"Removed Skill","damage_taken":0,"max_hp_gain":0,"max_hp_loss":0,"event_name":"Falling","floor":44,"gold_loss":0}],"is_beta":false,"boss_relics":[{"not_picked":["Calling Bell","Astrolabe"],"picked":"Snecko Eye"},{"not_picked":["bronze:MakeshiftBattery","Philosopher\u0027s Stone"],"picked":"Cursed Key"}],"items_purged_floors":[20,48],"is_endless":false,"potions_floor_spawned":[2,4,8,11,14,15,16,19,20,21,22,23,25,28,29,31,32,33,36,37,38,42,43,46,47,48,49,52],"killed_by":"downfall:NeowBossFinal","ascension_level":0}}