{"host":"1poy056mauca3bbh","time":1612729324,"event":{"mods":["Ascension Unlocker","BaseMod","Bestiary","Block Reminder","Colored Map","Colored Powertips","Curses Come First","Highlight Path","Minty Spire (QoL Compilation)","Permanent Neow","Quick Restart","Rare Cards Sparkle","Relic Stats","Smile Girya","StSLib","UnlockEverythingMod"],"gold_per_floor":[110,135,16,16,33,33,9,9,9,9,9,38,53,70,70,143,143,155,155,29,46,46,46,46,46,46,46,63,63,63,79,79,79,79],"floor_reached":33,"language":"ENG","playtime":955,"items_purged":["Strike_B","Defend_B"],"score":482,"play_id":"609b4d78-55ea-4104-8024-739488158b5f","local_time":"20210207152204","is_ascension_mode":true,"campfire_choices":[{"data":"Streamline","floor":6,"key":"SMITH"},{"data":"Doom and Gloom","floor":8,"key":"SMITH"},{"data":"Sweeping Beam","floor":10,"key":"SMITH"},{"floor":15,"key":"REST"},{"data":"Rainbow","floor":23,"key":"SMITH"},{"floor":25,"key":"REST"},{"data":"Undo","floor":27,"key":"SMITH"},{"data":"Hologram","floor":29,"key":"SMITH"},{"data":"Dualcast","floor":32,"key":"SMITH"}],"circlet_count":0,"master_deck":["AscendersBane","Strike_B+1","Strike_B","Strike_B+1","Defend_B","Defend_B","Defend_B","Zap","Dualcast+1","Streamline+1","Doom and Gloom+1","Streamline+1","Sweeping Beam+1","Undo+1","Go for the Eyes","Coolheaded","Rainbow+1","Doom and Gloom","Beam Cell","Defragment+1","Doubt","Hologram+1","Meteor Strike"],"relics":["Nuclear Battery","Pen Nib","PreservedInsect","Whetstone","Cursed Key","MutagenicStrength","FaceOfCleric","Question Card"],"acts_visited":["Exordium","TheCity"],"potions_floor_usage":[16,18,33],"damage_taken":[{"damage":7,"enemies":"Cultist","floor":1,"turns":4},{"damage":7,"enemies":"Small Slimes","floor":5,"turns":3},{"damage":20,"enemies":"Lagavulin","floor":12,"turns":4},{"damage":0,"enemies":"Jaw Worm","floor":13,"turns":2},{"damage":1,"enemies":"Looter","floor":14,"turns":2},{"damage":27,"enemies":"The Guardian","floor":16,"turns":8},{"damage":0,"enemies":"Chosen","floor":18,"turns":3},{"damage":10,"enemies":"Shell Parasite","floor":21,"turns":3},{"damage":0,"enemies":"Snake Plant","floor":28,"turns":1},{"damage":7,"enemies":"Centurion and Healer","floor":31,"turns":4},{"damage":66,"enemies":"Champ","floor":33,"turns":10}],"seed_played":"-2663387341390138423","potions_obtained":[{"floor":5,"key":"SpeedPotion"},{"floor":12,"key":"ColorlessPotion"},{"floor":14,"key":"AttackPotion"},{"floor":21,"key":"Block Potion"}],"is_trial":false,"path_per_floor":["M","T","$","?","M","R","$","R","T","R","$","E","M","M","R","B",null,"M","?","$","M","?","R","?","R","T","R","M","R","$","M","R","B"],"character_chosen":"DEFECT","items_purchased":["Doom and Gloom","Sweeping Beam","Beam Cell"],"campfire_rested":2,"item_purchase_floors":[3,7,20],"current_hp_per_floor":[57,57,57,57,50,50,50,50,50,50,50,30,30,29,50,23,59,59,59,59,49,49,49,49,70,70,70,71,71,71,65,65,0,0],"gold":79,"neow_bonus":"BOSS_RELIC","is_daily":false,"chose_seed":false,"campfire_upgraded":7,"win_rate":0.0,"timestamp":1612729324,"path_taken":["M","?","$","?","M","R","?","R","T","R","$","E","M","M","R","BOSS","M","?","$","M","?","R","?","R","T","R","?","R","$","M","R","BOSS"],"items_purchased_type":["Card","Card","Card"],"build_version":"2020-12-22","purchased_purges":2,"victory":false,"max_hp_per_floor":[71,71,71,71,71,71,71,71,71,71,71,71,71,71,71,71,71,71,71,71,71,71,71,71,71,71,71,72,72,72,73,73,73,73],"relic_stats":{"FaceOfCleric":2,"counters":[11,44],"Pen Nib":[7],"PreservedInsect":29,"Whetstone":["Strike_B","Strike_B"],"Cursed Key":1,"Question Card":2,"obtain_stats":[{"FaceOfCleric":24,"MutagenicStrength":19,"Pen Nib":2,"PreservedInsect":9,"Whetstone":12,"Cracked Core":0,"Cursed Key":17,"Question Card":26,"Nuclear Battery":0},{"FaceOfCleric":8,"MutagenicStrength":7,"Pen Nib":1,"PreservedInsect":2,"Whetstone":3,"Cracked Core":0,"Cursed Key":6,"Question Card":8,"Nuclear Battery":0},{"FaceOfCleric":29,"MutagenicStrength":26,"Pen Nib":4,"PreservedInsect":7,"Whetstone":11,"Cracked Core":0,"Cursed Key":23,"Question Card":29,"Nuclear Battery":0}]},"card_choices":[{"not_picked":["Capacitor","Lockon"],"picked":"Streamline","floor":1},{"not_picked":["Turbo","FTL"],"picked":"Streamline","floor":5},{"not_picked":["Storm","Compile Driver"],"picked":"Undo","floor":12},{"not_picked":["Beam Cell","Barrage"],"picked":"Go for the Eyes","floor":13},{"not_picked":["Conserve Battery","Rip and Tear"],"picked":"Coolheaded","floor":14},{"not_picked":["Biased Cognition","Amplify"],"picked":"Rainbow","floor":16},{"not_picked":["Leap","Fusion"],"picked":"Doom and Gloom","floor":18},{"not_picked":["Genetic Algorithm","Barrage"],"picked":"Defragment+1","floor":21},{"not_picked":["Compile Driver","Redo","Rebound"],"picked":"Hologram","floor":28},{"not_picked":["Leap","Rip and Tear","Ball Lightning"],"picked":"Meteor Strike","floor":31}],"player_experience":133043,"relics_obtained":[{"floor":2,"key":"Pen Nib"},{"floor":9,"key":"PreservedInsect"},{"floor":12,"key":"Whetstone"},{"floor":26,"key":"Question Card"}],"event_choices":[{"damage_healed":0,"gold_gain":0,"player_choice":"Grow","damage_taken":0,"max_hp_gain":0,"max_hp_loss":0,"event_name":"Living Wall","floor":4,"gold_loss":0,"cards_upgraded":["Streamline"]},{"damage_healed":0,"gold_gain":0,"player_choice":"Inject Mutagens","damage_taken":0,"relics_obtained":["MutagenicStrength"],"max_hp_gain":0,"max_hp_loss":0,"event_name":"Drug Dealer","floor":19,"gold_loss":0},{"damage_healed":0,"gold_gain":0,"player_choice":"Ignored","damage_taken":0,"max_hp_gain":0,"max_hp_loss":0,"event_name":"Ghosts","floor":22,"gold_loss":0},{"damage_healed":0,"gold_gain":0,"player_choice":"Trade","damage_taken":0,"relics_obtained":["FaceOfCleric"],"max_hp_gain":0,"max_hp_loss":0,"event_name":"FaceTrader","floor":24,"gold_loss":0}],"is_beta":false,"boss_relics":[{"not_picked":["Tiny House","SacredBark"],"picked":"Cursed Key"}],"items_purged_floors":[3,20],"is_endless":false,"potions_floor_spawned":[5,12,14,21],"killed_by":"Champ","ascension_level":20}}