{"host":"x3688v8yj57o2b0e","time":1612732412,"event":{"mods":["BaseMod","Minty Spire (QoL Compilation)"],"gold_per_floor":[111,34,49,49,62,95,108,143,169,16,0,28,44,59,59,59,59],"floor_reached":16,"language":"ENG","playtime":1907,"items_purged":[],"score":154,"play_id":"8b4df8df-6d30-469e-aac8-bdcde712b6f4","local_time":"20210207161332","is_ascension_mode":true,"campfire_choices":[{"data":"Vigilance","floor":15.0,"key":"SMITH"}],"circlet_count":0,"master_deck":["Strike_P","Strike_P","Strike_P","Defend_P","Defend_P","Defend_P","Defend_P","Eruption","Vigilance+1","Vengeance","Conclude","JustLucky","CutThroughFate","EmptyBody","FlurryOfBlows","EmptyFist","Wireheading","CutThroughFate","Protect"],"relics":["Velvet Choker","Anchor","Juzu Bracelet","Nunchaku","Oddly Smooth Stone","Centennial Puzzle"],"acts_visited":["Exordium"],"potions_floor_usage":[],"damage_taken":[{"damage":0.0,"enemies":"Small Slimes","floor":1.0,"turns":4.0},{"damage":2.0,"enemies":"2 Louse","floor":3.0,"turns":2.0},{"damage":0.0,"enemies":"Jaw Worm","floor":5.0,"turns":2.0},{"damage":22.0,"enemies":"3 Sentries","floor":6.0,"turns":6.0},{"damage":0.0,"enemies":"Red Slaver","floor":7.0,"turns":3.0},{"damage":16.0,"enemies":"Lagavulin","floor":8.0,"turns":7.0},{"damage":0.0,"enemies":"Gremlin Nob","floor":12.0,"turns":2.0},{"damage":0.0,"enemies":"Exordium Thugs","floor":13.0,"turns":3.0},{"damage":7.0,"enemies":"Blue Slaver","floor":14.0,"turns":3.0},{"damage":21,"enemies":"Hexaghost","floor":16,"turns":11}],"seed_played":"549495158847933345","potions_obtained":[{"floor":1.0,"key":"Ancient Potion"},{"floor":5.0,"key":"SteroidPotion"},{"floor":7.0,"key":"FearPotion"},{"floor":8.0,"key":"EssenceOfSteel"}],"is_trial":false,"path_per_floor":["M","$","M","?","M","E","M","E","T","$","?","E","M","M","R","B"],"character_chosen":"WATCHER","items_purchased":["Conclude","Oddly Smooth Stone"],"campfire_rested":0,"item_purchase_floors":[2,10],"current_hp_per_floor":[72,72,70,63,63,41,41,25,25,25,25,25,25,18,18,0,0],"gold":59,"neow_bonus":"BOSS_RELIC","is_daily":false,"chose_seed":false,"campfire_upgraded":1,"win_rate":0.0,"timestamp":1612732412,"path_taken":["M","$","M","?","M","E","M","E","T","$","?","E","M","M","R","BOSS"],"items_purchased_type":["Card","Relic"],"build_version":"2020-12-22","purchased_purges":0,"victory":false,"max_hp_per_floor":[72,72,72,72,72,72,72,72,72,72,72,72,72,72,72,72,72],"card_choices":[{"not_picked":["Prostrate","CarveReality"],"picked":"Vengeance","floor":1.0},{"not_picked":["WindmillStrike","InnerPeace"],"picked":"JustLucky","floor":3.0},{"not_picked":["CrushJoints","EmptyFist"],"picked":"CutThroughFate","floor":5.0},{"not_picked":["Prostrate","Swivel"],"picked":"EmptyBody","floor":6.0},{"not_picked":["SpiritShield","JustLucky"],"picked":"FlurryOfBlows","floor":7.0},{"not_picked":["Consecrate","Nirvana"],"picked":"EmptyFist","floor":8.0},{"not_picked":["Worship","EmptyBody"],"picked":"Wireheading","floor":12.0},{"not_picked":["PathToVictory","Evaluate"],"picked":"CutThroughFate","floor":13.0},{"not_picked":["Vengeance","DevaForm"],"picked":"Protect","floor":14.0}],"player_experience":215860,"relics_obtained":[{"floor":6.0,"key":"Anchor"},{"floor":8.0,"key":"Juzu Bracelet"},{"floor":9.0,"key":"Nunchaku"},{"floor":12.0,"key":"Centennial Puzzle"}],"event_choices":[{"cards_removed":["Strike_P"],"damage_healed":0.0,"max_hp_gain":0.0,"max_hp_loss":0.0,"gold_gain":0.0,"event_name":"Golden Wing","player_choice":"Card Removal","floor":4.0,"gold_loss":0.0,"damage_taken":7.0},{"damage_healed":0.0,"max_hp_gain":0.0,"max_hp_loss":0.0,"gold_gain":0.0,"event_name":"World of Goop","player_choice":"Left Gold","floor":11.0,"gold_loss":16.0,"damage_taken":0.0}],"is_beta":false,"boss_relics":[],"items_purged_floors":[],"is_endless":false,"potions_floor_spawned":[1,5,7,8],"killed_by":"Hexaghost","ascension_level":1}}