{"host":"l029r2dqxfiqiq5i","time":1612715931,"event":{"mods":["Act Like it!","Arknights","BaseMod","Minty Spire (QoL Compilation)","StSLib","óô»ðÖ¸ÄÏ"],"gold_per_floor":[219,236,247,230,101,128,78,88,88,88,106,125,152,164,164,164,164],"floor_reached":16,"language":"ZHS","playtime":768,"items_purged":["ats:Strike S"],"score":116,"play_id":"b0bd1323-c78d-499b-a33d-0eafb5a0f672","local_time":"20210208003851","is_ascension_mode":false,"campfire_choices":[{"floor":15,"key":"REST"}],"circlet_count":0,"master_deck":["ats:Strike C","ats:Strike G","ats:Armor Crushing Shot","ats:Defend","ats:Defend","ats:Defend","ats:Defend","ats:Emotion Absorption","ats:Blood Oath","ats:Cat Scratch","ats:Healing Drone","ats:Part Time Job"],"relics":["ats:Sanity","ats:Originium","Art of War","Mercury Hourglass"],"acts_visited":["Exordium"],"potions_floor_usage":[13],"damage_taken":[{"damage":10,"enemies":"Small Slimes","floor":1,"turns":5},{"damage":6,"enemies":"Jaw Worm","floor":2,"turns":4},{"damage":1,"enemies":"2 Louse","floor":3,"turns":3},{"damage":10,"enemies":"Exordium Thugs","floor":4,"turns":4},{"damage":20,"enemies":"Gremlin Nob","floor":6,"turns":5},{"damage":15,"enemies":"3 Louse","floor":8,"turns":5},{"damage":17,"enemies":"Gremlin Gang","floor":11,"turns":5},{"damage":9,"enemies":"Blue Slaver","floor":12,"turns":5},{"damage":49,"enemies":"Lagavulin","floor":13,"turns":10},{"damage":32,"enemies":"Exordium Thugs","floor":14,"turns":7},{"damage":79,"enemies":"Hexaghost","floor":16,"turns":12}],"seed_played":"-2772959830209469852","potions_obtained":[{"floor":1,"key":"Energy Potion"},{"floor":2,"key":"SneckoOil"},{"floor":4,"key":"DistilledChaos"}],"is_trial":false,"path_per_floor":["M","M","M","M","$","E","?","M","T","$","M","M","E","M","R","B"],"character_chosen":"DOCTOR_CLASS","items_purchased":["ats:Cat Scratch"],"campfire_rested":1,"item_purchase_floors":[5],"current_hp_per_floor":[62,62,64,60,60,46,46,40,40,40,32,26,19,14,35,0,0],"gold":164,"neow_bonus":"HUNDRED_GOLD","is_daily":false,"chose_seed":false,"campfire_upgraded":0,"win_rate":0.0,"timestamp":1612715931,"path_taken":["M","M","M","M","$","E","?","M","T","$","M","M","E","M","R","BOSS"],"items_purchased_type":["Card"],"build_version":"2020-12-22","purchased_purges":1,"victory":false,"max_hp_per_floor":[72,72,72,72,72,72,72,72,72,72,72,72,72,72,72,72,72],"card_choices":[{"not_picked":["ats:Literary Storm","ats:Shell Defense"],"picked":"ats:Blood Oath","floor":1},{"not_picked":["ats:Ignite","ats:Guard Mode","ats:Flame Of Heaven"],"picked":"SKIP","floor":2},{"not_picked":["ats:Apocalypse","ats:Collapsing Strike","ats:Flexible Camouflage"],"picked":"SKIP","floor":3},{"not_picked":["ats:Curse Doll","ats:Absolute Focus","ats:Powerful Strike"],"picked":"SKIP","floor":4},{"not_picked":["ats:Wolf Pack","ats:Roar Of Ursus","ats:Flexible Camouflage"],"picked":"SKIP","floor":6},{"not_picked":["ats:Flexible Camouflage","ats:Very Hot Blade","ats:Overload"],"picked":"SKIP","floor":8},{"not_picked":["ats:Curse Doll","ats:Overload","ats:Leaping Hammer"],"picked":"SKIP","floor":11},{"not_picked":["ats:Shadow Assault","ats:Sunburst"],"picked":"ats:Healing Drone","floor":12},{"not_picked":["ats:Automatic Cover","ats:Ambush"],"picked":"ats:Part Time Job","floor":13},{"not_picked":["ats:Hammer On","ats:Red Shift","ats:Closed Bolt Burst Fire"],"picked":"SKIP","floor":14}],"player_experience":190138,"relics_obtained":[{"floor":6,"key":"ats:Originium"},{"floor":6,"key":"Art of War"},{"floor":13,"key":"ats:Originium"},{"floor":13,"key":"Mercury Hourglass"}],"event_choices":[{"cards_removed":["ats:Strike V"],"damage_healed":0,"gold_gain":0,"player_choice":"Card Removal","damage_taken":0,"max_hp_gain":0,"max_hp_loss":0,"event_name":"The Cleric","floor":7,"gold_loss":50}],"is_beta":false,"boss_relics":[],"items_purged_floors":[5],"is_endless":false,"potions_floor_spawned":[1,2,4,12],"killed_by":"Hexaghost","ascension_level":0}}