{"host":"l15sdf2mmi0nobpi","time":1612689716,"event":{"mods":["BaseMod","Highlight Path","Minty Spire (QoL Compilation)","MostiFishMod","Quick Restart","StSLib"],"gold_per_floor":[366,120,120,132,207,242,242,274,301,328,342,362,375,375,375,449,449,465,465,465,485,501,501,526,268,338,364,289,320,320,354,354,431,431,450,1449,1460,1512,1532,1564,1564,1564,1590,1623,1641,1667,1667,1682,1682,1682,1682,1682,1682,1092,1122,1122],"floor_reached":57,"language":"ZHS","playtime":2230,"items_purged":["Writhe","Strike_R","Strike_R"],"score":3747,"play_id":"a988323a-4357-45fb-91c1-40f7b17de01d","local_time":"20210207172156","is_ascension_mode":true,"campfire_choices":[{"data":"Armaments","floor":7.0,"key":"SMITH"},{"data":"MostiFishMod:FireWorks","floor":15.0,"key":"SMITH"},{"data":"Feel No Pain","floor":23.0,"key":"SMITH"},{"floor":32.0,"key":"REST"},{"floor":41.0,"key":"RECALL"},{"floor":49.0,"key":"REST"},{"data":"MostiFishMod:EE1D","floor":53.0,"key":"SMITH"}],"circlet_count":0,"master_deck":["AscendersBane","Strike_R","Defend_R","Defend_R","Defend_R","Defend_R","Bash","Armaments+1","Inflame","Shrug It Off","Offering","Feel No Pain+1","Pommel Strike+1","Shockwave","MostiFishMod:FireWorks+1","Regret","MostiFishMod:ChineseTea","Blood for Blood+1","Second Wind","Sword Boomerang+1","Disarm+1","MostiFishMod:FlyOverUtopia+1","Offering","Battle Trance+1","Writhe","Feel No Pain+1","MostiFishMod:RacingGame","MostiFishMod:EE1D+1","MostiFishMod:EE1D","MostiFishMod:EE1D","Body Slam+1","Normality","Normality","Whirlwind+1","Berserk+1","Corruption+1","Impervious","Shrug It Off+1","Impervious"],"relics":["Burning Blood","DaveBox","RhineCircuit","SynthV:TestCard","ChiLing","Chi","Ling","Lantern","Molten Egg 2","HornCleat","Blue Candle","Sozu","Orichalcum","Frozen Egg 2","PreservedInsect","Happy Flower","Turnip","Nunchaku","EE1DDrone","CaptainsWheel","Bottled Lightning","Question Card","Pen Nib","CombinedTypeHook","Centennial Puzzle","Membership Card","Mango","Shuriken","Pantograph"],"acts_visited":["Exordium","TheCity","TheBeyond","TheEnding"],"potions_floor_usage":[56],"damage_taken":[{"damage":1.0,"enemies":"Cultist","floor":1.0,"turns":3.0},{"damage":2.0,"enemies":"Small Slimes","floor":4.0,"turns":2.0},{"damage":13.0,"enemies":"Lagavulin","floor":6.0,"turns":4.0},{"damage":22.0,"enemies":"3 Sentries","floor":8.0,"turns":4.0},{"damage":9.0,"enemies":"Gremlin Nob","floor":10.0,"turns":2.0},{"damage":1.0,"enemies":"2 Louse","floor":11.0,"turns":1.0},{"damage":8.0,"enemies":"Large Slime","floor":12.0,"turns":2.0},{"damage":1.0,"enemies":"3 Louse","floor":13.0,"turns":2.0},{"damage":18.0,"enemies":"Hexaghost","floor":16.0,"turns":4.0},{"damage":2.0,"enemies":"Spheric Guardian","floor":18.0,"turns":1.0},{"damage":8.0,"enemies":"3 Byrds","floor":21.0,"turns":2.0},{"damage":20.0,"enemies":"Centurion and Healer","floor":22.0,"turns":4.0},{"damage":13.0,"enemies":"Gremlin Leader","floor":24.0,"turns":2.0},{"damage":27.0,"enemies":"Slavers","floor":27.0,"turns":2.0},{"damage":17.0,"enemies":"Gremlin Leader","floor":29.0,"turns":3.0},{"damage":19.0,"enemies":"Book of Stabbing","floor":31.0,"turns":5.0},{"damage":31.0,"enemies":"Collector","floor":33.0,"turns":3.0},{"damage":18.0,"enemies":"3 Darklings","floor":35.0,"turns":1.0},{"damage":11.0,"enemies":"3 Shapes","floor":37.0,"turns":1.0},{"damage":19.0,"enemies":"2 Orb Walkers","floor":38.0,"turns":3.0},{"damage":10.0,"enemies":"Jaw Worm Horde","floor":39.0,"turns":3.0},{"damage":12.0,"enemies":"Reptomancer","floor":40.0,"turns":2.0},{"damage":42.0,"enemies":"Giant Head","floor":44.0,"turns":6.0},{"damage":7.0,"enemies":"Maw","floor":45.0,"turns":3.0},{"damage":6.0,"enemies":"Reptomancer","floor":46.0,"turns":2.0},{"damage":6.0,"enemies":"Transient","floor":48.0,"turns":6.0},{"damage":11.0,"enemies":"Time Eater","floor":50.0,"turns":4.0},{"damage":14.0,"enemies":"Donu and Deca","floor":51.0,"turns":8.0},{"damage":31.0,"enemies":"Shield and Spear","floor":55.0,"turns":4.0},{"damage":58,"enemies":"The Heart","floor":56,"turns":5}],"seed_played":"3569657772004048147","potions_obtained":[{"floor":1.0,"key":"BlessingOfTheForge"},{"floor":4.0,"key":"GamblersBrew"},{"floor":8.0,"key":"PowerPotion"}],"is_trial":false,"path_per_floor":["M","$","?","M","?","E","R","E","T","E","M","M","M","?","R","B",null,"M","?","?","M","M","R","E","$","T","E","?","E","?","E","R","B",null,"M","?","M","?","M","E","R","T","T","E","M","E","?","M","R","B","B",null,"R","$","E","B",null],"character_chosen":"IRONCLAD","items_purchased":["ChiLing","MostiFishMod:FlyOverUtopia","Membership Card","Mango","Shuriken","Impervious"],"campfire_rested":2,"item_purchase_floors":[2,25,54,54,54,54],"current_hp_per_floor":[73,73,66,70,59,52,52,36,36,33,38,36,41,41,41,29,64,68,68,68,73,66,66,59,59,59,38,38,34,34,28,50,32,64,59,59,54,48,44,45,45,45,45,16,15,22,22,29,51,53,52,69,69,83,66,45],"gold":1122,"neow_bonus":"TWO_FIFTY_GOLD","is_daily":false,"chose_seed":false,"campfire_upgraded":4,"win_rate":0.0,"timestamp":1612689716,"path_taken":["M","$","?","M","?","E","R","E","T","E","M","M","M","?","R","BOSS","M","?","?","M","M","R","E","$","T","E","?","E","?","E","R","BOSS","M","?","M","?","M","E","R","?","T","E","M","E","?","M","R","BOSS","BOSS","R","$","E","BOSS"],"items_purchased_type":["Relic","Card","Relic","Relic","Relic","Card"],"build_version":"2020-12-22","purchased_purges":3,"victory":true,"max_hp_per_floor":[75,75,75,75,75,75,75,75,75,75,75,75,75,75,75,75,75,75,75,75,75,75,75,75,75,75,75,75,75,75,75,75,75,75,75,75,75,75,75,75,75,75,75,75,75,75,75,75,75,75,75,75,75,89,89,89],"card_choices":[{"not_picked":["Clash","Battle Trance"],"picked":"Armaments","floor":1.0},{"not_picked":["Intimidate","Perfected Strike","Iron Wave","Flex"],"picked":"Inflame","floor":4.0},{"not_picked":["Havoc","Hemokinesis","Perfected Strike","Blood for Blood"],"picked":"Shrug It Off","floor":6.0},{"not_picked":["Feel No Pain","Pommel Strike+1","Shrug It Off","Iron Wave+1"],"picked":"Offering","floor":8.0},{"not_picked":["Headbutt+1","Pommel Strike+1","Clash+1","Dual Wield"],"picked":"Feel No Pain","floor":10.0},{"not_picked":["True Grit","Clothesline+1","Disarm","Warcry"],"picked":"Pommel Strike+1","floor":11.0},{"not_picked":["Pommel Strike+1","Flex","Rage","Cleave+1"],"picked":"Shockwave","floor":12.0},{"not_picked":["Iron Wave+1","Dropkick+1","Rampage+1","Wild Strike+1"],"picked":"MostiFishMod:FireWorks","floor":13.0},{"not_picked":["Bludgeon+1","MostiFishMod:OrdinaryWorld+1","Brutality","MostiFishMod:404NotFound+1"],"picked":"MostiFishMod:ChineseTea","floor":16.0},{"not_picked":["Flex","Anger+1","Wild Strike+1","Shrug It Off"],"picked":"Blood for Blood+1","floor":18.0},{"not_picked":["Rage","Clash+1","True Grit","Armaments","Headbutt+1"],"picked":"SKIP","floor":21.0},{"not_picked":["Clothesline+1","Pommel Strike+1","Rage","Flex"],"picked":"Sword Boomerang+1","floor":22.0},{"not_picked":["Cleave+1","Heavy Blade+1","MostiFishMod:WingOfPhoenix","Flex"],"picked":"Disarm+1","floor":24.0},{"not_picked":["Intimidate","Warcry","Twin Strike+1","Clothesline+1"],"picked":"Offering","floor":27.0},{"not_picked":["Twin Strike+1","Heavy Blade+1","Wild Strike+1","Flex"],"picked":"Battle Trance+1","floor":29.0},{"not_picked":["Cleave+1","Flex","Twin Strike+1","Clash+1"],"picked":"Feel No Pain+1","floor":31.0},{"not_picked":["MostiFishMod:404NotFound+1","MostiFishMod:KnuckleDown","MostiFishMod:Chiaki","MostiFishMod:HellRitual"],"picked":"MostiFishMod:RacingGame","floor":33.0},{"not_picked":["Burning Pact","Shrug It Off","Ghostly Armor","Headbutt+1"],"picked":"Body Slam+1","floor":35.0},{"not_picked":["Sword Boomerang+1","Carnage+1","Hemokinesis+1","Flame Barrier+1","Second Wind"],"picked":"SKIP","floor":37.0},{"not_picked":["Flex","Armaments","Combust+1","Havoc+1"],"picked":"Whirlwind+1","floor":39.0},{"not_picked":["Havoc","Thunderclap+1","Sword Boomerang+1","Warcry"],"picked":"Berserk+1","floor":40.0},{"not_picked":["Cleave+1","True Grit+1","Sword Boomerang+1","Power Through","Iron Wave+1"],"picked":"Corruption+1","floor":44.0},{"not_picked":["Thunderclap+1","Wild Strike+1","Shrug It Off","MostiFishMod:#F4004+1","Combust+1","Intimidate+1"],"picked":"SKIP","floor":45.0},{"not_picked":["Headbutt+1","Heavy Blade+1","Feel No Pain+1","Cleave+1","Combust+1"],"picked":"Impervious","floor":46.0},{"not_picked":["Body Slam+1","Armaments","Havoc","Thunderclap+1","Twin Strike+1"],"picked":"Shrug It Off+1","floor":48.0},{"not_picked":["Headbutt+1","Pommel Strike+1","Flex","Infernal Blade","Heavy Blade+1","Shrug It Off"],"picked":"SKIP","floor":55.0}],"player_experience":555841,"relics_obtained":[{"floor":1.0,"key":"SynthV:TestCard"},{"floor":6.0,"key":"Lantern"},{"floor":8.0,"key":"Molten Egg 2"},{"floor":10.0,"key":"HornCleat"},{"floor":24.0,"key":"Orichalcum"},{"floor":26.0,"key":"Frozen Egg 2"},{"floor":27.0,"key":"PreservedInsect"},{"floor":29.0,"key":"Happy Flower"},{"floor":31.0,"key":"Nunchaku"},{"floor":38.0,"key":"CaptainsWheel"},{"floor":40.0,"key":"Bottled Lightning"},{"floor":42.0,"key":"Question Card"},{"floor":43.0,"key":"Pen Nib"},{"floor":44.0,"key":"CombinedTypeHook"},{"floor":46.0,"key":"Centennial Puzzle"},{"floor":55.0,"key":"Pantograph"}],"event_choices":[{"cards_removed":["Strike_R"],"damage_healed":0.0,"max_hp_gain":0.0,"max_hp_loss":0.0,"gold_gain":0.0,"event_name":"Golden Wing","player_choice":"Card Removal","floor":3.0,"gold_loss":0.0,"damage_taken":7.0},{"damage_healed":0.0,"max_hp_gain":0.0,"max_hp_loss":0.0,"gold_gain":75.0,"event_name":"World of Goop","player_choice":"Gather Gold","floor":5.0,"gold_loss":0.0,"damage_taken":11.0},{"damage_healed":0.0,"max_hp_gain":0.0,"max_hp_loss":0.0,"gold_gain":0.0,"event_name":"Big Fish","player_choice":"Box","floor":14.0,"gold_loss":0.0,"damage_taken":0.0,"relics_obtained":["Blue Candle"],"cards_obtained":["Regret"]},{"damage_healed":0.0,"max_hp_gain":0.0,"max_hp_loss":0.0,"gold_gain":0.0,"event_name":"Vampires","player_choice":"Ignored","floor":19.0,"gold_loss":0.0,"damage_taken":0.0},{"damage_healed":0.0,"max_hp_gain":0.0,"max_hp_loss":0.0,"gold_gain":0.0,"event_name":"The Library","player_choice":"Read","floor":20.0,"gold_loss":0.0,"damage_taken":0.0,"cards_obtained":["Second Wind"]},{"cards_removed":["Strike_R"],"damage_healed":0.0,"max_hp_gain":0.0,"max_hp_loss":0.0,"gold_gain":0.0,"event_name":"Beggar","player_choice":"Gave Gold","floor":28.0,"gold_loss":75.0,"damage_taken":0.0},{"damage_healed":0.0,"max_hp_gain":0.0,"max_hp_loss":0.0,"gold_gain":0.0,"event_name":"The Mausoleum","player_choice":"Opened","floor":30.0,"gold_loss":0.0,"damage_taken":0.0,"relics_obtained":["Turnip"],"cards_obtained":["Writhe"]},{"damage_healed":0.0,"max_hp_gain":0.0,"max_hp_loss":0.0,"gold_gain":999.0,"event_name":"MindBloom","player_choice":"Gold","floor":36.0,"gold_loss":0.0,"damage_taken":0.0,"cards_obtained":["Normality","Normality"]},{"damage_healed":0.0,"max_hp_gain":0.0,"max_hp_loss":0.0,"gold_gain":0.0,"event_name":"Mysterious Sphere","player_choice":"Fight","floor":38.0,"gold_loss":0.0,"damage_taken":0.0},{"damage_healed":0.0,"max_hp_gain":0.0,"max_hp_loss":0.0,"gold_gain":0.0,"event_name":"Upgrade Shrine","player_choice":"Upgraded","floor":47.0,"gold_loss":0.0,"damage_taken":0.0,"cards_upgraded":["MostiFishMod:FlyOverUtopia"]}],"is_beta":false,"boss_relics":[{"not_picked":["SacredBark","FixedStarFall"],"picked":"Sozu"},{"not_picked":["RhineSuit","Runic Pyramid"],"picked":"EE1DDrone"}],"items_purged_floors":[2,25,54],"is_endless":false,"potions_floor_spawned":[1,4,8,11,18,22,24,37,39,40,44,46],"ascension_level":20}}