{"host":"nwd160me4iqdtr8u","time":1612715430,"event":{"mods":["AchievementEnabler","Act Like it!","BaseMod","Colored Map","DeckTracker","Hallownest","Keyboard Shortcuts","Minty Spire (QoL Compilation)","Quick Restart","Rare Cards Sparkle","Smile Girya","StSLib","SuperFastMode","The Bug Knight","everything is the same but u backflip on backflip"],"gold_per_floor":[112,131,144,159,159,159,189,204,227,227,237,237,237,262,262,357,357,374,389,400,400,411,411,436,436,436,436,37,14,14,29,29,132,132,149,163,208,83,83,83,108,108,108,118,147,147,2,36,36,36],"floor_reached":51,"language":"KOR","playtime":3619,"items_purged":["Pain","HollowMod:FocusHealStart"],"score":929,"play_id":"af571bbf-6b67-42c8-adc0-f39e5ce4f2ec","local_time":"20210208013030","is_ascension_mode":true,"campfire_choices":[{"data":"HollowMod:DungDefenderAura","floor":6.0,"key":"SMITH"},{"data":"HollowMod:CrystalDash","floor":10.0,"key":"SMITH"},{"data":"HollowMod:DoubleDash","floor":12.0,"key":"SMITH"},{"data":"HollowMod:PaleKingsBlessing","floor":15.0,"key":"SMITH"},{"data":"HollowMod:AwokenDreamNail","floor":23.0,"key":"SMITH"},{"data":"HollowMod:NewJinnsSoul","floor":27.0,"key":"SMITH"},{"floor":32.0,"key":"REST"},{"data":"HollowMod:QuirrelsAssistance","floor":40.0,"key":"SMITH"},{"data":"HollowMod:HowlingWraiths","floor":46.0,"key":"SMITH"},{"data":"HollowMod:ShapeofUnn","floor":49.0,"key":"SMITH"}],"circlet_count":0,"master_deck":["HollowMod:NailStrikeStart","HollowMod:NailStrikeStart","HollowMod:NailStrikeStart+1","HollowMod:QuickDashStart","HollowMod:QuickDashStart","HollowMod:QuickDashStart","HollowMod:QuickDashStart","HollowMod:PogoStrike+1","HollowMod:DungDefenderAura+1","HollowMod:InfectedCysts+1","HollowMod:NewJinnsSoul+1","HollowMod:CycloneSlash+1","HollowMod:CrystalDash+1","HollowMod:DoubleDash+1","HollowMod:PaleKingsBlessing+1","HollowMod:SoulSplash+1","HollowMod:CloakDash+1","Hallownest:attackPureNailEdge+1","HollowMod:CornifersMapStart+1","HollowMod:VoidDash+1","HollowMod:HowlingWraiths+1","HollowMod:QuirrelsAssistance+1","HollowMod:SiblingsSouls+1","HollowMod:PerfectDash+1","HollowMod:MawleksShell+1","HollowMod:SoulMaster","HollowMod:MonarchWings+1","HollowMod:DreamGate+1","HollowMod:ShapeofUnn+1"],"relics":["HollowMod:VesselMask","Blood Vial","Potion Belt","Akabeko","Hallownest:DreamNailRelic","PreservedInsect","Philosopher\u0027s Stone","Toxic Egg 2","Whetstone","FossilizedHelix","TheAbacus","SacredBark","Bag of Preparation","Regal Pillow","Eternal Feather","Meat on the Bone","Orrery","Singing Bowl"],"acts_visited":["Hallownest:Greenpath","Hallownest:CityofTears","Hallownest:KingdomsEdge"],"potions_floor_usage":[50,50],"damage_taken":[{"damage":0.0,"enemies":"Hallownest:monsterHuskWarrior","floor":1.0,"turns":4.0},{"damage":0.0,"enemies":"Hallownest:2_Baldur","floor":2.0,"turns":2.0},{"damage":7.0,"enemies":"Hallownest:monsterHuskGuard","floor":3.0,"turns":4.0},{"damage":3.0,"enemies":"Hallownest:1_Baldur_1_Crawlid_1_Warrior","floor":4.0,"turns":3.0},{"damage":17.0,"enemies":"Hallownest:eliteCrystalGuardian","floor":7.0,"turns":5.0},{"damage":1.0,"enemies":"Hallownest:monsterMossCharger","floor":8.0,"turns":4.0},{"damage":0.0,"enemies":"Hallownest:monsterAspidMother","floor":11.0,"turns":3.0},{"damage":2.0,"enemies":"Hallownest:eliteMossKnight","floor":14.0,"turns":11.0},{"damage":10.0,"enemies":"Hallownest:BossBrokenVessel","floor":16.0,"turns":16.0},{"damage":16.0,"enemies":"Hallownest:2_Mistakes","floor":18.0,"turns":6.0},{"damage":12.0,"enemies":"Hallownest:Guard_and_Sentry","floor":19.0,"turns":5.0},{"damage":16.0,"enemies":"Hallownest:2_Flukemon","floor":20.0,"turns":8.0},{"damage":6.0,"enemies":"Hallownest:Master_and_Novice","floor":22.0,"turns":4.0},{"damage":61.0,"enemies":"Hallownest:eliteWatcherKnight","floor":24.0,"turns":18.0},{"damage":12.0,"enemies":"Hallownest:3_Mistakes","floor":31.0,"turns":6.0},{"damage":1.0,"enemies":"Hallownest:BossGrimm","floor":33.0,"turns":9.0},{"damage":5.0,"enemies":"Hallownest:Shield_Heavy","floor":35.0,"turns":7.0},{"damage":9.0,"enemies":"Hallownest:2_Littles","floor":36.0,"turns":9.0},{"damage":0.0,"enemies":"Hallownest:StalkingDevout","floor":41.0,"turns":7.0},{"damage":8.0,"enemies":"Hallownest:monsterPrimalAspid","floor":44.0,"turns":5.0},{"damage":21.0,"enemies":"Hallownest:eliteCollector","floor":45.0,"turns":9.0},{"damage":7.0,"enemies":"Hallownest:StalkingDevout","floor":48.0,"turns":8.0},{"damage":38,"enemies":"Hallownest:BossGreyPrinceZote","floor":50,"turns":10}],"seed_played":"5373002307261755595","potions_obtained":[{"floor":1.0,"key":"SteroidPotion"},{"floor":2.0,"key":"PowerPotion"},{"floor":3.0,"key":"SkillPotion"},{"floor":7.0,"key":"Fruit Juice"},{"floor":19.0,"key":"GamblersBrew"},{"floor":24.0,"key":"SkillPotion"},{"floor":35.0,"key":"EntropicBrew"},{"floor":41.0,"key":"Weak Potion"},{"floor":48.0,"key":"ColorlessPotion"}],"is_trial":false,"path_per_floor":["M","M","M","M","?","R","E","M","T","R","M","R","?","E","R","B",null,"M","M","M","?","M","R","E","?","T","R","$","$","?","M","R","B",null,"M","M","T","$","$","R","E","?","T","M","E","R","$","E","R","B",null],"character_chosen":"THE_BUGKNIGHT","items_purchased":["TheAbacus","Fruit Juice","EssenceOfSteel","HollowMod:CornifersMapStart+1","HollowMod:SiblingsSouls+1","Orrery"],"campfire_rested":1,"item_purchase_floors":[28,28,28,29,38,47],"current_hp_per_floor":[75,75,68,67,67,67,57,58,58,58,60,60,60,60,60,72,80,76,68,64,64,70,70,27,27,27,27,32,32,32,28,53,60,85,80,79,79,79,79,79,85,80,80,72,61,76,76,77,80,42],"gold":36,"neow_bonus":"RANDOM_COMMON_RELIC","is_daily":false,"chose_seed":false,"campfire_upgraded":9,"win_rate":0.0,"timestamp":1612715430,"path_taken":["M","M","M","M","?","R","E","M","T","R","M","R","?","E","R","BOSS","M","M","M","?","M","R","E","?","T","R","$","?","?","?","R","BOSS","M","?","?","$","?","R","E","?","T","M","E","R","$","E","R","BOSS"],"items_purchased_type":["Relic","Potion","Potion","Card","Card","Relic"],"build_version":"2020-12-22","purchased_purges":2,"victory":true,"max_hp_per_floor":[75,75,75,75,75,75,80,80,80,80,80,80,80,80,80,80,80,80,80,80,80,80,80,80,80,80,80,85,85,85,85,85,85,85,85,85,85,85,85,85,85,80,80,80,80,80,80,80,80,80],"card_choices":[{"not_picked":["HollowMod:DesolateDive","HollowMod:SharpenedNail"],"picked":"HollowMod:DungDefenderAura","floor":1.0},{"not_picked":["HollowMod:CycloneSlash","HollowMod:LifebloodCocoon"],"picked":"HollowMod:InfectedCysts","floor":2.0},{"not_picked":["HollowMod:ShadowDash","HollowMod:HeavyBlow","HollowMod:SharpenedShadows"],"picked":"SKIP","floor":3.0},{"not_picked":["HollowMod:ChannelNail","HollowMod:CycloneSlash"],"picked":"HollowMod:NewJinnsSoul","floor":4.0},{"not_picked":["HollowMod:GreatSlash","HollowMod:BaldurShell"],"picked":"HollowMod:CycloneSlash","floor":7.0},{"not_picked":["HollowMod:Hiveblood","HollowMod:InfectedCysts"],"picked":"HollowMod:CrystalDash","floor":8.0},{"not_picked":["HollowMod:GoodIntentions","HollowMod:LifebloodCocoon"],"picked":"HollowMod:DoubleDash","floor":11.0},{"not_picked":["HollowMod:GreatSlash","HollowMod:WraithStrike"],"picked":"HollowMod:PaleKingsBlessing","floor":14.0},{"not_picked":["HollowMod:MidwifesHunger","HollowMod:Hiveblood"],"picked":"HollowMod:AwokenDreamNail","floor":16.0},{"not_picked":["HollowMod:DescendingDark","HollowMod:LifebloodCocoon","HollowMod:CycloneSlash"],"picked":"SKIP","floor":18.0},{"not_picked":["HollowMod:MonomonsArchive+1","HollowMod:SoulVessel+1"],"picked":"HollowMod:SoulSplash+1","floor":19.0},{"not_picked":["HollowMod:SharpenedNail","HollowMod:MonomonsArchive","HollowMod:LuriensSpire"],"picked":"SKIP","floor":20.0},{"not_picked":["HollowMod:NewJinnsSoul+1","HollowMod:VengefulVoid","HollowMod:ShadowDash+1"],"picked":"SKIP","floor":22.0},{"not_picked":["HollowMod:PureVessel","HollowMod:ChannelNail+1"],"picked":"HollowMod:CloakDash+1","floor":24.0},{"not_picked":["HollowMod:CycloneSlash","HollowMod:DashSlash","HollowMod:TaintedHusks+1"],"picked":"SKIP","floor":31.0},{"not_picked":["HollowMod:Weaversong","HollowMod:RadiancesLament+1"],"picked":"HollowMod:VoidDash+1","floor":33.0},{"not_picked":["HollowMod:HeavyBlow","HollowMod:DoubleDash+1"],"picked":"HollowMod:HowlingWraiths","floor":35.0},{"not_picked":["HollowMod:SoulSplash+1","HollowMod:ShadowDash+1"],"picked":"HollowMod:QuirrelsAssistance","floor":36.0},{"not_picked":["HollowMod:DashSlash","HollowMod:HowlingWraiths+1"],"picked":"HollowMod:PerfectDash+1","floor":41.0},{"not_picked":["HollowMod:LifebloodCocoon+1","HollowMod:DoubleDash+1"],"picked":"HollowMod:MawleksShell+1","floor":44.0},{"not_picked":["HollowMod:SharpenedNail","HollowMod:NewLittleFool+1"],"picked":"HollowMod:SoulMaster","floor":45.0},{"not_picked":["HollowMod:GoodIntentions+1","HollowMod:HeavyBlow+1"],"picked":"HollowMod:MonarchWings+1","floor":47.0},{"not_picked":["HollowMod:CloakDash+1","HollowMod:ZotesMagnificence"],"picked":"HollowMod:DreamGate+1","floor":47.0},{"not_picked":["HollowMod:WraithStrike+1","HollowMod:SiblingsSouls+1"],"picked":"HollowMod:ShapeofUnn","floor":48.0}],"player_experience":450345,"relics_obtained":[{"floor":7.0,"key":"Potion Belt"},{"floor":9.0,"key":"Akabeko"},{"floor":14.0,"key":"PreservedInsect"},{"floor":24.0,"key":"Whetstone"},{"floor":26.0,"key":"FossilizedHelix"},{"floor":37.0,"key":"Bag of Preparation"},{"floor":41.0,"key":"Regal Pillow"},{"floor":43.0,"key":"Eternal Feather"},{"floor":45.0,"key":"Meat on the Bone"},{"floor":48.0,"key":"Singing Bowl"}],"event_choices":[],"is_beta":false,"boss_relics":[{"not_picked":["Pandora\u0027s Box","HollowMod:KingsSoulRelic"],"picked":"Philosopher\u0027s Stone"},{"not_picked":["Runic Pyramid","Astrolabe"],"picked":"SacredBark"}],"items_purged_floors":[28,38],"is_endless":false,"potions_floor_spawned":[1,2,3,7,19,24,35,41,48],"ascension_level":3}}