{"host":"neeznpvpgo0qgfkd","time":1612659124,"event":{"mods":["AchievementEnabler","BaseMod","BetterRewards","Colored Map","Colored Powertips","Exacting","Minty Spire (QoL Compilation)","Permanent Neow","Quick Restart","Shop Mod"],"gold_per_floor":[132,159,159,174,24,53,53,99,126,126,159,192,222,239,239,338,338,353,371,51,51,76,103,103,138,138,138,153,153,153,186,186,284,284,302,302,313,313,323,323,354,354,404,420,445,445,474,474,474,474,474,474,298,329,329],"floor_reached":56,"language":"ENG","playtime":2374,"items_purged":["Pain"],"score":2091,"play_id":"5e553114-45e9-4fa2-b5b2-f938e14b53ec","local_time":"20210206195204","is_ascension_mode":true,"campfire_choices":[{"floor":7.0,"key":"REST"},{"floor":15,"key":"REST"},{"floor":24,"key":"REST"},{"floor":27,"key":"REST"},{"floor":32,"key":"REST"},{"floor":40,"key":"RECALL"},{"data":"Storm","floor":42,"key":"SMITH"},{"data":"Creative AI","floor":46,"key":"SMITH"},{"data":"Storm","floor":49,"key":"SMITH"},{"data":"Defragment","floor":52,"key":"SMITH"}],"circlet_count":0,"master_deck":["Strike_B","Strike_B+1","Strike_B","Strike_B","Defend_B","Defend_B","Defend_B","Defend_B","Zap","Dualcast","Redo+1","Leap+1","Rip and Tear+1","Electrodynamics","Conserve Battery+1","Creative AI+1","Ball Lightning","Redo+1","Storm+1","Leap+1","Core Surge","Redo+1","Redo+1","Sweeping Beam","Dramatic Entrance","Defragment+1","Static Discharge","Capacitor","Capacitor","Conserve Battery+1","Leap+1","Amplify+1","Storm+1","Conserve Battery+1","Self Repair+1","Madness+1","Madness+1","Loop+1","Force Field+1"],"relics":["Cracked Core","OrangePellets","TungstenRod","Toxic Egg 2","Prayer Wheel","PreservedInsect","Pen Nib","Bronze Scales","Bag of Marbles","WarpedTongs","Shuriken","Black Star","ClockworkSouvenir","The Courier","DataDisk","Incense Burner","Art of War","Cables","Nilry\u0027s Codex","HornCleat","Whetstone","Busted Crown","Akabeko","Strawberry","Bottled Tornado","White Beast Statue","Pear","Frozen Egg 2","Emotion Chip","Orichalcum","Centennial Puzzle"],"acts_visited":["Exordium","TheCity","TheBeyond","TheEnding"],"potions_floor_usage":[14,16,16,18,25,28,33,33,37,39,54,54,55,55],"damage_taken":[{"damage":2.0,"enemies":"Jaw Worm","floor":1.0,"turns":3.0},{"damage":2.0,"enemies":"2 Louse","floor":2.0,"turns":2.0},{"damage":0.0,"enemies":"Cultist","floor":4.0,"turns":3.0},{"damage":33.0,"enemies":"Lagavulin","floor":6.0,"turns":4.0},{"damage":9.0,"enemies":"Gremlin Nob","floor":8.0,"turns":3.0},{"damage":3.0,"enemies":"3 Sentries","floor":11.0,"turns":4.0},{"damage":13.0,"enemies":"Exordium Wildlife","floor":12.0,"turns":3.0},{"damage":33.0,"enemies":"Gremlin Gang","floor":13.0,"turns":4.0},{"damage":0,"enemies":"Looter","floor":14,"turns":1},{"damage":0,"enemies":"Slime Boss","floor":16,"turns":4},{"damage":22,"enemies":"2 Thieves","floor":18,"turns":4},{"damage":5,"enemies":"Spheric Guardian","floor":19,"turns":3},{"damage":30,"enemies":"Cultist and Chosen","floor":22,"turns":5},{"damage":0,"enemies":"Gremlin Leader","floor":23,"turns":4},{"damage":19,"enemies":"Book of Stabbing","floor":25,"turns":3},{"damage":10,"enemies":"Chosen and Byrds","floor":28,"turns":2},{"damage":3,"enemies":"Slavers","floor":31,"turns":2},{"damage":10,"enemies":"Collector","floor":33,"turns":5},{"damage":0,"enemies":"3 Shapes","floor":35,"turns":2},{"damage":10,"enemies":"3 Darklings","floor":37,"turns":3},{"damage":2,"enemies":"4 Shapes","floor":39,"turns":2},{"damage":0,"enemies":"Nemesis","floor":41,"turns":4},{"damage":0,"enemies":"Spire Growth","floor":44,"turns":2},{"damage":0,"enemies":"Giant Head","floor":45,"turns":5},{"damage":0,"enemies":"Reptomancer","floor":47,"turns":4},{"damage":83,"enemies":"Time Eater","floor":50,"turns":7},{"damage":10,"enemies":"Shield and Spear","floor":54,"turns":2},{"damage":77,"enemies":"The Heart","floor":55,"turns":6}],"seed_played":"3128203605473690604","potions_obtained":[{"floor":2.0,"key":"FearPotion"},{"floor":4.0,"key":"Weak Potion"},{"floor":11.0,"key":"SteroidPotion"},{"floor":14,"key":"FearPotion"},{"floor":22,"key":"PowerPotion"},{"floor":23,"key":"EssenceOfSteel"},{"floor":25,"key":"FearPotion"},{"floor":31,"key":"Energy Potion"},{"floor":33,"key":"Block Potion"},{"floor":37,"key":"Fruit Juice"},{"floor":41,"key":"PowerPotion"},{"floor":47,"key":"Fire Potion"},{"floor":54,"key":"FocusPotion"}],"is_trial":false,"path_per_floor":["M","M","?","M","$","E","R","E","T","?","E","M","M","M","R","B",null,"M","M","$","?","M","E","R","E","T","R","M","?","?","E","R","B",null,"M","?","M","?","M","R","E","R","T","M","E","R","E","?","R","B",null,"R","$","E","B",null],"character_chosen":"DEFECT","items_purchased":["OrangePellets","TungstenRod","Toxic Egg 2","BlessingOfTheForge","PreservedInsect","ClockworkSouvenir","Dramatic Entrance","Loop+1","LiquidMemories","PotionOfCapacity"],"campfire_rested":5,"item_purchase_floors":[0,0,0,0,5,20,20,53,53,53],"current_hp_per_floor":[73,71,71,71,71,38,60,51,51,51,48,35,2,2,24,24,75,53,48,48,48,18,18,40,21,21,43,33,33,21,18,40,30,75,75,75,70,70,68,68,87,87,87,87,97,97,97,86,86,13,97,97,97,87,20],"gold":329,"neow_bonus":"","is_daily":false,"chose_seed":false,"campfire_upgraded":4,"win_rate":0.0,"timestamp":1612659124,"path_taken":["M","M","?","M","$","E","R","E","T","?","E","?","M","M","R","BOSS","M","M","$","?","M","E","R","E","T","R","?","?","?","E","R","BOSS","M","?","M","?","?","R","E","R","T","M","E","R","E","?","R","BOSS","R","$","E","BOSS"],"items_purchased_type":["Relic","Relic","Relic","Potion","Relic","Relic","Card","Card","Potion","Potion"],"build_version":"2020-12-22","purchased_purges":1,"victory":true,"max_hp_per_floor":[75,75,75,75,75,75,75,75,75,75,75,75,75,75,75,75,75,75,75,75,75,75,75,75,75,75,75,75,75,75,75,75,75,75,75,75,80,80,80,80,87,87,87,87,97,97,97,97,97,97,97,97,97,97,97],"card_choices":[{"not_picked":["Streamline","Cold Snap"],"picked":"Redo+1","floor":1.0},{"not_picked":["Barrage","Undo+1","Compile Driver"],"picked":"SKIP","floor":1.0},{"not_picked":["Stack+1","Turbo+1"],"picked":"Leap+1","floor":2.0},{"not_picked":["FTL","Gash"],"picked":"Rip and Tear","floor":2.0},{"not_picked":["Ball Lightning","Scrape"],"picked":"Electrodynamics","floor":4.0},{"not_picked":["Leap+1","Barrage","Steam Power+1"],"picked":"SKIP","floor":4.0},{"not_picked":["Sweeping Beam","Scrape","Barrage"],"picked":"SKIP","floor":6.0},{"not_picked":["Consume+1","Hologram+1"],"picked":"Conserve Battery+1","floor":8.0},{"not_picked":["Sweeping Beam","Heatsinks"],"picked":"Creative AI","floor":11.0},{"not_picked":["Gash","BootSequence+1"],"picked":"Ball Lightning","floor":12.0},{"not_picked":["Gash","Coolheaded+1","Cold Snap"],"picked":"SKIP","floor":12.0},{"not_picked":["Cold Snap","Gash"],"picked":"Redo+1","floor":13.0},{"not_picked":["Scrape","Steam+1"],"picked":"Storm","floor":13.0},{"not_picked":["Gash","Fission+1"],"picked":"Leap+1","floor":14},{"not_picked":["Consume+1","Hologram+1","White Noise+1"],"picked":"SKIP","floor":14},{"not_picked":["Machine Learning","Rainbow+1"],"picked":"Core Surge","floor":16},{"not_picked":["Glacier+1","Reinforced Body+1"],"picked":"Redo+1","floor":18},{"not_picked":["Hello World","Gash","Reprogram+1"],"picked":"SKIP","floor":18},{"not_picked":["Gash","Ball Lightning"],"picked":"Redo+1","floor":19},{"not_picked":["Barrage","Chaos+1"],"picked":"Sweeping Beam","floor":19},{"not_picked":["Fission+1","Ball Lightning"],"picked":"Defragment","floor":22},{"not_picked":["Coolheaded+1","Stack+1"],"picked":"Static Discharge","floor":22},{"not_picked":["Coolheaded+1","Compile Driver","Go for the Eyes"],"picked":"SKIP","floor":23},{"not_picked":["Gash","Compile Driver"],"picked":"Capacitor","floor":25},{"not_picked":["Hologram+1","Go for the Eyes+1"],"picked":"Capacitor","floor":28},{"not_picked":["Beam Cell","Redo+1"],"picked":"Conserve Battery+1","floor":28},{"not_picked":["Double Energy+1","Stack+1"],"picked":"Leap+1","floor":31},{"not_picked":["Reboot+1","Hyperbeam"],"picked":"Amplify+1","floor":33},{"not_picked":["Stack+1"],"picked":"SKIP","floor":35},{"not_picked":["Turbo+1"],"picked":"SKIP","floor":35},{"not_picked":[],"picked":"Storm","floor":37},{"not_picked":["Scrape+1"],"picked":"SKIP","floor":37},{"not_picked":[],"picked":"Conserve Battery+1","floor":39},{"not_picked":["Chaos+1"],"picked":"SKIP","floor":39},{"not_picked":[],"picked":"Self Repair+1","floor":41},{"not_picked":["Steam Power+1"],"picked":"SKIP","floor":44},{"not_picked":["Heatsinks"],"picked":"SKIP","floor":44},{"not_picked":["Leap+1"],"picked":"SKIP","floor":45},{"not_picked":["Turbo+1"],"picked":"SKIP","floor":47},{"not_picked":[],"picked":"Force Field+1","floor":54}],"player_experience":1323879,"relics_obtained":[{"floor":6.0,"key":"Pen Nib"},{"floor":8.0,"key":"Bronze Scales"},{"floor":9.0,"key":"Bag of Marbles"},{"floor":11.0,"key":"Shuriken"},{"floor":23,"key":"The Courier"},{"floor":23,"key":"DataDisk"},{"floor":25,"key":"Incense Burner"},{"floor":25,"key":"Art of War"},{"floor":26,"key":"Cables"},{"floor":30,"key":"Nilry\u0027s Codex"},{"floor":31,"key":"HornCleat"},{"floor":31,"key":"Whetstone"},{"floor":35,"key":"Akabeko"},{"floor":41,"key":"Strawberry"},{"floor":41,"key":"Bottled Tornado"},{"floor":45,"key":"White Beast Statue"},{"floor":45,"key":"Pear"},{"floor":47,"key":"Frozen Egg 2"},{"floor":47,"key":"Emotion Chip"},{"floor":54,"key":"Orichalcum"},{"floor":54,"key":"Centennial Puzzle"}],"event_choices":[{"damage_healed":0.0,"max_hp_gain":0.0,"max_hp_loss":0.0,"gold_gain":0.0,"event_name":"The Cleric","player_choice":"Leave","floor":3.0,"gold_loss":0.0,"damage_taken":0.0},{"damage_healed":0.0,"max_hp_gain":0.0,"max_hp_loss":0.0,"gold_gain":0.0,"event_name":"Accursed Blacksmith","player_choice":"Rummage","floor":10.0,"gold_loss":0.0,"damage_taken":0.0,"relics_obtained":["WarpedTongs"],"cards_obtained":["Pain"]},{"damage_healed":0,"gold_gain":0,"player_choice":"Ignored","damage_taken":0,"max_hp_gain":0,"max_hp_loss":0,"event_name":"Transmorgrifier","floor":21,"gold_loss":0},{"damage_healed":0,"gold_gain":0,"player_choice":"Ignored","damage_taken":0,"max_hp_gain":0,"max_hp_loss":0,"event_name":"Vampires","floor":29,"gold_loss":0},{"damage_healed":0,"gold_gain":0,"player_choice":"Obtained Book","damage_taken":16,"max_hp_gain":0,"max_hp_loss":0,"event_name":"Cursed Tome","floor":30,"gold_loss":0},{"damage_healed":0,"gold_gain":0,"player_choice":"Ignored","damage_taken":0,"max_hp_gain":0,"max_hp_loss":0,"event_name":"Tomb of Lord Red Mask","floor":36,"gold_loss":0},{"damage_healed":0,"gold_gain":0,"player_choice":"Ignored","damage_taken":0,"max_hp_gain":0,"max_hp_loss":0,"event_name":"Purifier","floor":38,"gold_loss":0},{"damage_healed":0,"gold_gain":0,"player_choice":"Embrace Madness","damage_taken":12,"max_hp_gain":0,"max_hp_loss":0,"event_name":"Winding Halls","floor":48,"gold_loss":0,"cards_obtained":["Madness","Madness"]}],"is_beta":false,"boss_relics":[{"not_picked":["SlaversCollar","Calling Bell"],"picked":"Black Star"},{"not_picked":["Philosopher\u0027s Stone","Sozu"],"picked":"Busted Crown"}],"items_purged_floors":[20],"is_endless":false,"potions_floor_spawned":[2,4,12,14,22,23,25,33,37,41,47,54],"ascension_level":4}}