{"host":"i2ntsfwoh5q5m216","time":1612660522,"event":{"mods":["BaseMod","Colored Map","Downfall","Minty Spire (QoL Compilation)","StSLib"],"gold_per_floor":[114,64,74,74,86,113,113,113,138,138,172,172,212,137,137,265,265,283,283,52,66,66,66,99,122,122,122,82,126,139,187,187,311,311,336,336,336,361,379,379,400,444,468,482,482,497,513,1,1,1],"floor_reached":51,"language":"ENG","playtime":1912,"items_purged":["Bash","Strike_R","Strike_R"],"score":781,"play_id":"5aed385d-c7f1-4685-8c1c-6aaa8882e86d","local_time":"20210206191522","is_ascension_mode":false,"campfire_choices":[{"floor":8.0,"key":"REST"},{"data":"Anger","floor":10.0,"key":"SMITH"},{"data":"Body Slam","floor":15.0,"key":"SMITH"},{"data":"Flex","floor":23.0,"key":"SMITH"},{"data":"Anger","floor":27.0,"key":"SMITH"},{"data":"Seeing Red","floor":32.0,"key":"SMITH"},{"data":"Corruption","floor":40.0,"key":"SMITH"},{"data":"Madness","floor":45,"key":"SMITH"},{"data":"Metamorphosis","floor":49,"key":"SMITH"}],"circlet_count":0,"master_deck":["Strike_R","Strike_R","Defend_R","Defend_R","Defend_R","Defend_R","Anger+1","Rupture","Anger+1","Rage","Body Slam+1","Rage","Clash","Dark Shackles","Flex+1","Burning Pact","Disarm","Seeing Red+1","Corruption+1","Madness","Madness+1","Body Slam+1","Metamorphosis+1"],"relics":["Black Blood","Unceasing Top","Bronze Scales","Golden Idol","Potion Belt","Vajra","White Beast Statue","StoneCalendar","Boot","Red Skull","Happy Flower","Ancient Tea Set","Busted Crown","Toy Ornithopter","Omamori","TheAbacus"],"acts_visited":["Exordium","TheCity","TheBeyond"],"potions_floor_usage":[42,44,46,47,50,50,50],"damage_taken":[{"damage":18.0,"enemies":"Jaw Worm","floor":1.0,"turns":5.0},{"damage":0.0,"enemies":"Small Slimes","floor":3.0,"turns":3.0},{"damage":10.0,"enemies":"Cultist","floor":5.0,"turns":4.0},{"damage":37.0,"enemies":"3 Sentries","floor":6.0,"turns":9.0},{"damage":6.0,"enemies":"Gremlin Nob","floor":11.0,"turns":3.0},{"damage":13.0,"enemies":"3 Sentries","floor":13.0,"turns":8.0},{"damage":26.0,"enemies":"Hexaghost","floor":16.0,"turns":9.0},{"damage":7.0,"enemies":"2 Thieves","floor":18.0,"turns":3.0},{"damage":0.0,"enemies":"Shell Parasite","floor":21.0,"turns":4.0},{"damage":0.0,"enemies":"Gremlin Leader","floor":24.0,"turns":4.0},{"damage":17.0,"enemies":"Slavers","floor":29.0,"turns":4.0},{"damage":17.0,"enemies":"3 Cultists","floor":30.0,"turns":5.0},{"damage":9.0,"enemies":"Automaton","floor":33.0,"turns":6.0},{"damage":0.0,"enemies":"Orb Walker","floor":35.0,"turns":2.0},{"damage":0.0,"enemies":"3 Darklings","floor":38.0,"turns":3.0},{"damage":2.0,"enemies":"Jaw Worm Horde","floor":39.0,"turns":3.0},{"damage":0.0,"enemies":"Transient","floor":41.0,"turns":3.0},{"damage":62,"enemies":"Nemesis","floor":42,"turns":5},{"damage":0,"enemies":"Writhing Mass","floor":44,"turns":3},{"damage":5,"enemies":"Sphere and 2 Shapes","floor":46,"turns":3},{"damage":16,"enemies":"4 Shapes","floor":47,"turns":6},{"damage":13,"enemies":"Awakened One","floor":50,"turns":4}],"seed_played":"9086928347899292709","potions_obtained":[{"floor":3.0,"key":"GamblersBrew"},{"floor":4.0,"key":"Slimebound:ThreeZeroPotion"},{"floor":4.0,"key":"DuplicationPotion"},{"floor":4.0,"key":"hexamod:SoulburnPotion"},{"floor":11.0,"key":"Strength Potion"},{"floor":13.0,"key":"SkillPotion"},{"floor":16.0,"key":"Weak Potion"},{"floor":18.0,"key":"SkillPotion"},{"floor":21.0,"key":"Explosive Potion"},{"floor":24.0,"key":"champ:CounterPotion"},{"floor":29.0,"key":"Dexterity Potion"},{"floor":30.0,"key":"Block Potion"},{"floor":33.0,"key":"Explosive Potion"},{"floor":35.0,"key":"Ancient Potion"},{"floor":38.0,"key":"Guardian:BlockOnCardUsePotion"},{"floor":42,"key":"SkillPotion"},{"floor":44,"key":"LiquidBronze"},{"floor":46,"key":"FairyPotion"},{"floor":47,"key":"Regen Potion"}],"is_trial":false,"path_per_floor":["M","?","M","?","M","E","?","R","T","R","E","?","E","$","R","B",null,"M","?","$","M","?","R","E","T","T","R","$","E","M","T","R","B",null,"M","?","?","M","M","R","M","E","T","M","R","M","M","$","R","B",null],"character_chosen":"IRONCLAD","items_purchased":["Clash","Dark Shackles","Burning Pact","Metamorphosis","TheAbacus","Swift Potion"],"campfire_rested":1,"item_purchase_floors":[20,20,28,48,48,48],"current_hp_per_floor":[68,68,74,74,70,39,19,43,43,43,43,48,41,41,41,21,85,85,85,85,85,85,85,85,85,85,85,85,80,75,75,75,78,85,85,74,74,85,85,85,85,35,35,52,52,64,65,65,65,79],"gold":1,"neow_bonus":"ONE_RARE_RELIC","is_daily":false,"chose_seed":false,"campfire_upgraded":8,"win_rate":0.0,"timestamp":1612660522,"path_taken":["M","?","M","?","?","E","?","R","T","R","E","?","E","$","R","BOSS","M","?","$","M","?","R","E","?","T","R","?","E","M","?","R","BOSS","M","?","?","M","M","R","?","E","T","M","R","M","M","?","R","BOSS"],"items_purchased_type":["Card","Card","Card","Card","Relic","Potion"],"build_version":"2020-12-22","purchased_purges":3,"victory":true,"max_hp_per_floor":[80,80,80,80,80,80,80,80,80,80,80,85,85,85,85,85,85,85,85,85,85,85,85,85,85,85,85,85,85,85,85,85,85,85,85,85,85,85,85,85,85,85,85,85,85,85,85,85,85,85],"card_choices":[{"not_picked":["Clothesline","Sever Soul"],"picked":"Anger","floor":1.0},{"not_picked":["Perfected Strike","Battle Trance"],"picked":"Rupture","floor":3.0},{"not_picked":["True Grit","Flame Barrier"],"picked":"Anger","floor":5.0},{"not_picked":["Double Tap","Twin Strike"],"picked":"Rage","floor":6.0},{"not_picked":["Whirlwind","Headbutt"],"picked":"Body Slam","floor":11.0},{"not_picked":["Power Through","Rupture"],"picked":"Rage","floor":13.0},{"not_picked":["Thunderclap","Pommel Strike","Searing Blow"],"picked":"SKIP","floor":18.0},{"not_picked":["Twin Strike","Pommel Strike"],"picked":"Flex","floor":21.0},{"not_picked":["Feed","Entrench","Perfected Strike"],"picked":"SKIP","floor":24.0},{"not_picked":["Barricade","Sword Boomerang+1"],"picked":"Disarm","floor":29.0},{"not_picked":["Dropkick","Searing Blow"],"picked":"Seeing Red","floor":30.0},{"not_picked":["Reaper","Barricade"],"picked":"Corruption","floor":33.0},{"not_picked":["Battle Trance+1"],"picked":"SKIP","floor":35.0},{"not_picked":["Cleave"],"picked":"SKIP","floor":38.0},{"not_picked":["Cleave+1"],"picked":"SKIP","floor":39.0},{"not_picked":["Perfected Strike+1"],"picked":"SKIP","floor":41.0},{"not_picked":["Shrug It Off"],"picked":"SKIP","floor":42},{"not_picked":["Twin Strike+1"],"picked":"SKIP","floor":44},{"not_picked":["Iron Wave+1"],"picked":"SKIP","floor":46},{"not_picked":[],"picked":"Body Slam+1","floor":47}],"player_experience":35585,"relics_obtained":[{"floor":6.0,"key":"Bronze Scales"},{"floor":9.0,"key":"Potion Belt"},{"floor":11.0,"key":"Vajra"},{"floor":13.0,"key":"White Beast Statue"},{"floor":24.0,"key":"StoneCalendar"},{"floor":25.0,"key":"Boot"},{"floor":26.0,"key":"Red Skull"},{"floor":29.0,"key":"Happy Flower"},{"floor":31.0,"key":"Ancient Tea Set"},{"floor":42,"key":"Toy Ornithopter"},{"floor":43,"key":"Omamori"}],"event_choices":[{"cards_removed":["Pain"],"damage_healed":0.0,"max_hp_gain":0.0,"max_hp_loss":0.0,"gold_gain":0.0,"event_name":"The Cleric","player_choice":"Card Removal","floor":2.0,"gold_loss":50.0,"damage_taken":0.0},{"damage_healed":0.0,"max_hp_gain":0.0,"max_hp_loss":0.0,"gold_gain":0.0,"event_name":"Lab","player_choice":"Got Potions","floor":4.0,"gold_loss":0.0,"damage_taken":0.0},{"damage_healed":0.0,"max_hp_gain":0.0,"max_hp_loss":0.0,"gold_gain":0.0,"event_name":"Golden Idol","player_choice":"Take Damage","floor":7.0,"gold_loss":0.0,"damage_taken":20.0,"relics_obtained":["Golden Idol"]},{"damage_healed":0.0,"max_hp_gain":5.0,"max_hp_loss":0.0,"gold_gain":0.0,"event_name":"Big Fish","player_choice":"Donut","floor":12.0,"gold_loss":0.0,"damage_taken":0.0},{"damage_healed":0.0,"max_hp_gain":0.0,"max_hp_loss":0.0,"gold_gain":0.0,"event_name":"Cursed Tome","player_choice":"Ignored","floor":19.0,"gold_loss":0.0,"damage_taken":0.0},{"damage_healed":0.0,"max_hp_gain":0.0,"max_hp_loss":0.0,"gold_gain":0.0,"event_name":"Winding Halls","player_choice":"Embrace Madness","floor":36.0,"gold_loss":0.0,"damage_taken":11.0,"cards_obtained":["Madness","Madness"]},{"cards_removed":["Strike_R"],"damage_healed":0.0,"max_hp_gain":0.0,"max_hp_loss":0.0,"gold_gain":0.0,"event_name":"Purifier","player_choice":"Purged","floor":37.0,"gold_loss":0.0,"damage_taken":0.0}],"is_beta":false,"boss_relics":[{"not_picked":["Mark of Pain","Astrolabe"],"picked":"Black Blood"},{"not_picked":["Calling Bell","Philosopher\u0027s Stone"],"picked":"Busted Crown"}],"items_purged_floors":[14,20,48],"is_endless":false,"potions_floor_spawned":[3,11,13,16,18,21,24,29,30,33,35,38,39,41,42,44,46,47],"ascension_level":0}}