{"host":"favrcuc0pmi4z15q","time":1612732588,"event":{"mods":["Act Like it!","BaseMod","Bestiary","Colored Powertips","Minty Spire (QoL Compilation)","Reliquary","Replay The Spire","Shop Mod","StSLib","The Animator","The Jungle"],"gold_per_floor":[121,172,28,42,57,57,75,110,110,110,43,61,87,87,87,184,184,198,226,54,54,54,84,94,108,108,108,108,128,153,153,153,248,248,267,318,318,318,338,338,382,382,382,102,117,145,145,155,155,155,155,155,544,602,669,669,669,73,148,252,252,9,104,104,104,104,219,219,219,219],"floor_reached":69,"language":"ENG","playtime":9427,"items_purged":["animator:Strike","Overencumbered","animator:Strike"],"score":1036,"play_id":"8052acb7-ede8-4446-9a4a-3ff38fe7cfef","local_time":"20210207221628","is_ascension_mode":false,"campfire_choices":[{"data":"animator:Aqua","floor":6.0,"key":"SMITH"},{"data":"animator:EmiyaShirou","floor":10.0,"key":"SMITH"},{"data":"animator:Vesta","floor":15.0,"key":"SMITH"},{"data":"Doubt","floor":28.0,"key":"PURGE"},{"data":"animator:Curse_Nutcracker","floor":32.0,"key":"PURGE"},{"floor":40.0,"key":"RECALL"},{"data":"animator:Wiz","floor":42.0,"key":"SMITH"},{"data":"animator:Strike","floor":47.0,"key":"PURGE"},{"data":"animator:Defend","floor":49.0,"key":"PURGE"},{"data":"animator:TukaLunaMarceau","floor":52.0,"key":"PURGE"},{"data":"animator:Darkness","floor":66,"key":"SMITH"},{"floor":68,"key":"REST"}],"circlet_count":0,"master_deck":["animator:Strike_Konosuba+1","animator:Defend_Konosuba+1","animator:Defend","animator:Kazuma+1","animator:Aqua+1","animator:Megumin+18","animator:FielNirvalen+1","animator:Mikaela+1","animator:EmiyaShirou+1","animator:Darkness+1","animator:Vesta+1","animator:DolaStephanie+1","animator:FeridBathory+1","animator:Wiz+1","animator:Darkness+1","animator:YunYun+1","animator:Arpeggio+1","animator:Caster+1","animator:DolaSchwi","animator:Shuna+1","animator:Eve","animator:FielNirvalen+1","animator:Mitsuba+1","animator:MumenRider+1","animator:Rena+1","animator:DolaRiku","animator:Vanir+1","animator:Fredrika+1","animator:Sora+1","animator:NononJakuzure+1","animator:Mitsurugi+1","animator:Verdia+1","animator:Sonic+1"],"relics":["animator:TheEgnaroPiece","animator:LivingPicture","animator:TheMissingPiece","animator:AncientMedallion"],"acts_visited":["Exordium","TheCity","TheBeyond","TheEnding","EYB:TheUnnamedReign"],"potions_floor_usage":[69,69],"damage_taken":[{"damage":0.0,"enemies":"Small Slimes","floor":1.0,"turns":1.0},{"damage":0.0,"enemies":"Jaw Worm","floor":4.0,"turns":4.0},{"damage":0.0,"enemies":"Cultist","floor":5.0,"turns":1.0},{"damage":5.0,"enemies":"3 Louse","floor":7.0,"turns":2.0},{"damage":18.0,"enemies":"Gremlin Nob","floor":8.0,"turns":4.0},{"damage":0.0,"enemies":"Exordium Wildlife","floor":12.0,"turns":3.0},{"damage":0.0,"enemies":"Replay:BlueRogue","floor":13.0,"turns":7.0},{"damage":0.0,"enemies":"Slime Boss","floor":16.0,"turns":15.0},{"damage":13.0,"enemies":"Chosen","floor":18.0,"turns":6.0},{"damage":0.0,"enemies":"Shell Parasite","floor":19.0,"turns":6.0},{"damage":45.0,"enemies":"Gremlin Leader","floor":23.0,"turns":6.0},{"damage":10.0,"enemies":"Snake Plant","floor":24.0,"turns":2.0},{"damage":0.0,"enemies":"Sentry and Sphere","floor":25.0,"turns":2.0},{"damage":10.0,"enemies":"Shelled Parasite and Fungi","floor":29.0,"turns":5.0},{"damage":0.0,"enemies":"Replay:Snechameleon","floor":30.0,"turns":5.0},{"damage":38.0,"enemies":"Collector","floor":33.0,"turns":8.0},{"damage":0.0,"enemies":"3 Darklings","floor":35.0,"turns":1.0},{"damage":16.0,"enemies":"2 Orb Walkers","floor":36.0,"turns":4.0},{"damage":0.0,"enemies":"Orb Walker","floor":39.0,"turns":5.0},{"damage":35.0,"enemies":"Reptomancer","floor":41.0,"turns":6.0},{"damage":18.0,"enemies":"Spire Growth","floor":45.0,"turns":4.0},{"damage":18.0,"enemies":"R_Hoarder","floor":46.0,"turns":10.0},{"damage":0.0,"enemies":"Sphere and 2 Shapes","floor":48.0,"turns":2.0},{"damage":11.0,"enemies":"Donu and Deca","floor":50.0,"turns":4.0},{"damage":10.0,"enemies":"animator:TRIPLE_SHAPES_WEAK","floor":54.0,"turns":16.0},{"damage":3.0,"enemies":"animator:UNNAMED_CULTIST_1","floor":55.0,"turns":15.0},{"damage":29.0,"enemies":"animator:LARGE_WISP","floor":59.0,"turns":9.0},{"damage":23.0,"enemies":"animator:TRIPLE_LAGAVULIN","floor":60.0,"turns":8.0},{"damage":40.0,"enemies":"animator:ULTIMATE_CUBE","floor":63.0,"turns":12.0},{"damage":36,"enemies":"animator:ULTIMATE_CRYSTAL","floor":67,"turns":12},{"damage":90,"enemies":"animator:TheUnnamed","floor":69,"turns":15}],"seed_played":"-7970541466549337805","potions_obtained":[{"floor":1.0,"key":"Fire Potion"},{"floor":4.0,"key":"Cursed Concoction"},{"floor":7.0,"key":"PowerPotion"},{"floor":12.0,"key":"Elixir"},{"floor":19.0,"key":"BlessingOfTheForge"},{"floor":23.0,"key":"BlessingOfTheForge"},{"floor":25.0,"key":"AttackPotion"},{"floor":35.0,"key":"Adrenaline Potion"},{"floor":46.0,"key":"DuplicationPotion"},{"floor":48.0,"key":"DistilledChaos"},{"floor":54.0,"key":"animator:FalseLifePotion"},{"floor":55.0,"key":"animator:FalseLifePotion"},{"floor":59.0,"key":"animator:FalseLifePotion"},{"floor":60.0,"key":"animator:FalseLifePotion"},{"floor":63.0,"key":"animator:FalseLifePotion"},{"floor":67,"key":"animator:FalseLifePotion"}],"is_trial":false,"path_per_floor":["M","?","$","M","M","R","M","E","T","R","$","M","E","?","R","B",null,"M","M","$","?","$","E","M","M","T","$","R","M","E","?","R","B",null,"M","?","?","?","M","R","E","R","T","$","M","E","R","M","R","B",null,"R","??","M","M","T","?","$","M","M","?","$","E","T","?","R","E","R","B"],"character_chosen":"THE_ANIMATOR","items_purchased":["animator:FielNirvalen","animator:Darkness","animator:Arpeggio","Toolbox","animator:AncientMedallion","animator:AncientMedallion","animator:NononJakuzure","animator:AncientMedallion"],"campfire_rested":1,"item_purchase_floors":[3,11,20,44,58,58,58,62],"current_hp_per_floor":[66,66,66,66,66,66,61,46,46,46,46,49,52,52,52,56,67,54,60,60,60,60,30,35,50,50,50,50,43,49,74,74,50,76,79,66,66,66,72,72,52,52,52,52,49,46,46,53,53,45,86,86,86,86,85,85,85,85,76,63,63,63,40,40,51,51,39,65,0,0],"gold":219,"neow_bonus":"THREE_ENEMY_KILL","is_daily":false,"chose_seed":false,"campfire_upgraded":5,"win_rate":0.0,"timestamp":1612732588,"path_taken":["M","?","?","M","?","R","M","E","T","R","$","M","E","?","R","BOSS","M","M","$","?","$","E","M","M","T","$","R","M","E","?","R","BOSS","M","?","?","?","M","R","E","R","T","?","M","E","R","M","R","BOSS","R","??","M","M","T","?","$","M","M","?","$","E","T","?","R","E","R","BOSS"],"items_purchased_type":["Card","Card","Card","Relic","Relic","Relic","Card","Relic"],"build_version":"2020-12-22","purchased_purges":3,"victory":false,"max_hp_per_floor":[66,66,66,66,66,66,66,66,66,66,66,66,66,66,66,67,67,67,70,70,70,70,70,70,73,73,73,73,73,76,76,76,76,76,79,79,79,79,82,82,82,82,82,82,82,82,82,86,86,86,86,86,86,86,86,86,86,86,86,86,86,86,88,88,88,88,89,89,89,89],"card_choices":[{"not_picked":["animator:Verdia","animator:Melzalgald"],"picked":"animator:Megumin","floor":1.0},{"not_picked":["animator:Bozes","animator:Lancer"],"picked":"animator:TukaLunaMarceau","floor":4.0},{"not_picked":["animator:MumenRider","animator:Jibril"],"picked":"animator:Mikaela","floor":5.0},{"not_picked":["animator:Mitsurugi","animator:Kazuma"],"picked":"animator:Megumin","floor":7.0},{"not_picked":["animator:Viivi","animator:SilverFang"],"picked":"animator:EmiyaShirou","floor":8.0},{"not_picked":["animator:MumenRider","animator:Guy"],"picked":"animator:Vesta","floor":12.0},{"not_picked":["animator:Chris","animator:IzunaHatsuse"],"picked":"animator:DolaStephanie","floor":13.0},{"not_picked":["animator:Hans","animator:Eve"],"picked":"animator:Wiz","floor":16.0},{"not_picked":["animator:Curse_Greed","Hallucinations"],"picked":"animator:Curse_Nutcracker","floor":17.0},{"not_picked":["ReplayTheSpireMod:Restless Dread","ReplayTheSpireMod:Faulty Equipment"],"picked":"Overencumbered","floor":17.0},{"not_picked":["animator:Curse_Greed","Languid"],"picked":"Doubt","floor":17.0},{"not_picked":["animator:Aqua","animator:Vanir"],"picked":"animator:Darkness","floor":18.0},{"not_picked":["animator:Chung","animator:Vesta"],"picked":"animator:YunYun","floor":19.0},{"not_picked":["animator:Verdia","animator:Aqua"],"picked":"animator:Caster","floor":23.0},{"not_picked":["animator:MumenRider","animator:Tyuule"],"picked":"animator:DolaSchwi+1","floor":24.0},{"not_picked":["animator:Kazuma","animator:Verdia"],"picked":"animator:Megumin","floor":25.0},{"not_picked":["animator:Shion+1","animator:YaoHaDucy","animator:TukaLunaMarceau"],"picked":"SKIP","floor":29.0},{"not_picked":["animator:Aisha","animator:Mikaela"],"picked":"animator:Shuna","floor":30.0},{"not_picked":["animator:AcuraShin","animator:Shizu"],"picked":"animator:Eve","floor":33.0},{"not_picked":["animator:Aisha","animator:TukaLunaMarceau+1"],"picked":"animator:FielNirvalen","floor":35.0},{"not_picked":["animator:Melzalgald","animator:Caster+1"],"picked":"animator:Mitsuba","floor":36.0},{"not_picked":["animator:Shuna","animator:DolaRiku"],"picked":"animator:MumenRider+1","floor":41.0},{"not_picked":["animator:Assassin","animator:MumenRider"],"picked":"animator:Rena","floor":45.0},{"not_picked":["animator:Mitsuba","animator:Shinoa"],"picked":"animator:DolaRiku","floor":46.0},{"not_picked":["animator:Verdia","animator:Megumin"],"picked":"animator:Vanir","floor":48.0},{"not_picked":["animator:AcuraTooru","animator:Gilgamesh","animator:Mikaela+1"],"picked":"SKIP","floor":54.0},{"not_picked":["animator:DolaSchwi","animator:Raven"],"picked":"animator:Fredrika","floor":55.0},{"not_picked":["animator:Hans+1","animator:Saitama+1"],"picked":"animator:Sora+1","floor":57.0},{"not_picked":["animator:YaoHaDucy+1","animator:Yoichi+1","animator:Verdia"],"picked":"SKIP","floor":59.0},{"not_picked":["animator:Kazuma","animator:YunYun"],"picked":"animator:Mitsurugi","floor":60.0},{"not_picked":["animator:Gillette+1","animator:Kuribayashi"],"picked":"animator:Verdia+1","floor":63.0},{"not_picked":["animator:ChlammyZell","animator:DolaSchwi"],"picked":"animator:Sonic+1","floor":67}],"player_experience":1205371,"relics_obtained":[{"floor":8.0,"key":"FossilizedHelix"},{"floor":9.0,"key":"Meat on the Bone"},{"floor":13.0,"key":"Replay:Bottled Snecko"},{"floor":23.0,"key":"animator:HeavyHalberd"},{"floor":30.0,"key":"reliquary:WeakTea"},{"floor":36.0,"key":"Ginger"},{"floor":41.0,"key":"Calipers"},{"floor":43.0,"key":"animator:ShionDessert"},{"floor":46.0,"key":"Vajra"},{"floor":53.0,"key":"animator:TheEgnaroPiece"},{"floor":56.0,"key":"animator:AncientMedallion"},{"floor":63.0,"key":"animator:AncientMedallion"},{"floor":64.0,"key":"animator:AncientMedallion"},{"floor":67,"key":"animator:AncientMedallion"}],"event_choices":[{"damage_healed":0.0,"max_hp_gain":0.0,"max_hp_loss":0.0,"gold_gain":51.0,"event_name":"Golden Wing","player_choice":"Gained Gold","floor":2.0,"gold_loss":0.0,"damage_taken":0.0},{"damage_healed":0.0,"max_hp_gain":0.0,"max_hp_loss":0.0,"gold_gain":0.0,"cards_transformed":["animator:Defend"],"event_name":"Transmorgrifier","player_choice":"Transformed","floor":14.0,"gold_loss":0.0,"damage_taken":0.0,"cards_obtained":["animator:FeridBathory"]},{"damage_healed":0.0,"max_hp_gain":0.0,"max_hp_loss":0.0,"gold_gain":0.0,"event_name":"Drug Dealer","player_choice":"Inject Mutagens","floor":21.0,"gold_loss":0.0,"damage_taken":0.0,"relics_obtained":["MutagenicStrength"]},{"damage_healed":25.0,"max_hp_gain":0.0,"max_hp_loss":0.0,"gold_gain":0.0,"event_name":"The Library","player_choice":"Heal","floor":31.0,"gold_loss":0.0,"damage_taken":0.0},{"damage_healed":0.0,"max_hp_gain":0.0,"max_hp_loss":0.0,"gold_gain":0.0,"event_name":"Mysterious Sphere","player_choice":"Fight","floor":36.0,"gold_loss":0.0,"damage_taken":0.0},{"damage_healed":0.0,"max_hp_gain":0.0,"max_hp_loss":0.0,"gold_gain":0.0,"event_name":"Tomb of Lord Red Mask","player_choice":"Ignored","floor":38.0,"gold_loss":0.0,"damage_taken":0.0}],"is_beta":false,"boss_relics":[{"not_picked":["reliquary:Craggleroot","reliquary:KinkedSpring"],"picked":"Replay:Ancient Bell"},{"not_picked":["Dream Catcher","Nunchaku"],"picked":"Juzu Bracelet"},{"not_picked":["Ornamental Fan","Toxic Egg 2"],"picked":"animator:Hoodie"},{"not_picked":["WingedGreaves","Replay:Towering Pillar of Hats"],"picked":"Peace Pipe"},{"not_picked":["animator:RacePiece","ReplayTheSpireMod:DimensionalGlitch"],"picked":"SacredBark"}],"items_purged_floors":[3,20,44],"is_endless":false,"potions_floor_spawned":[1,4,7,12,19,23,25,35,46,48,54,59,63],"killed_by":"animator:TheUnnamed","ascension_level":0}}