{"host":"njruw0b0uprlitpx","time":1612703328,"event":{"mods":["2.2 Compatiblity","Act Like it!","Aspiration","Bartender","BaseMod","Better Altar","Better Match","Better Note","Better Sensory Stone","Better Skull","Better Third Choice","BetterRewards","Block Reminder","Colored Map","Colored Powertips","Curses Come First","Energized Spire","Hallownest","Jedi Mod","Keyboard Shortcuts","Magitek Elite","Minty Spire (QoL Compilation)","Quick Restart","Rare Cards Sparkle","Relic Stats","Replay The Spire","SacredBarkPlus","Spicy Shops","StSLib","SuperFastMode","The Blackbeard","The Bug Knight"],"gold_per_floor":[114,114,129,144,192,192,177,177,177,177,177,17,17,17,17,17,17,0,193,208,223,223,223,238,238,238,238,253,283,283,298,298,398,398,413,428,443,443,443],"floor_reached":40,"language":"ENG","playtime":1802,"items_purged":["Defend_Bartender","Injury"],"score":745,"play_id":"28ad2ce5-28d6-4471-aaf1-b7687ea18268","local_time":"20210207070848","daily_mods":["Heirloom","Purple Cards","Lethality"],"is_ascension_mode":false,"campfire_choices":[{"data":"Momentum","floor":6.0,"key":"SMITH"},{"floor":10.0,"key":"REST"},{"floor":15.0,"key":"REST"},{"floor":23,"key":"REST"},{"data":"Dolphin_Blow","floor":25,"key":"SMITH"},{"data":"Midas Touch","floor":27,"key":"SMITH"},{"floor":30,"key":"REST"},{"data":"Dolphin_Blow","floor":32,"key":"SMITH"}],"circlet_count":0,"master_deck":["Strike_Bartender","Strike_Bartender","Strike_Bartender","Strike_Bartender","Defend_Bartender","Defend_Bartender","Defend_Bartender","Somersault","Power_Up_Punch","Secret Technique","Snap_Punch","Axe_Heel_Kick","Momentum+1","Midas Touch+1","Thinking Ahead","Ball_Of_Ice","Wall_of_Ice","Glare","Clumsy","Dart","Dolphin_Blow+1","Glare","Greased_Lightning","Hook","Dolphin_Blow+1","Overencumbered","RockBreaker","Ripple","Form_Shift","Bitters","Insight_B","Axe_Heel_Kick"],"relics":["Sneakers","aspiration:HatOfInfinitePower","jedi:ominousloannote","jedi:firstaidkit","ReplayTheSpireMod:ShopPack","Orichalcum","Frozen Egg 2","aspiration:Nostalgia","Sizzling Blood","Potion Belt","ReplayTheSpireMod:CursedCoin","Cursed Key","Replay:Ringing Soul","Mango","ReplayTheSpireMod:DimensionalGlitch"],"acts_visited":["Exordium","TheCity","TheBeyond"],"potions_floor_usage":[16,16,29,29,29,29,33,33,39,39,39],"damage_taken":[{"damage":3.0,"enemies":"2 Louse","floor":1.0,"turns":2.0},{"damage":9.0,"enemies":"Jaw Worm","floor":3.0,"turns":2.0},{"damage":0.0,"enemies":"Cultist","floor":4.0,"turns":2.0},{"damage":8.0,"enemies":"Looter","floor":7.0,"turns":2.0},{"damage":17.0,"enemies":"Gremlin Nob","floor":8.0,"turns":3.0},{"damage":6.0,"enemies":"Replay:BlueRogue","floor":11.0,"turns":3.0},{"damage":26.0,"enemies":"Gremlin Gang","floor":13.0,"turns":2.0},{"damage":3.0,"enemies":"Red Slaver","floor":14.0,"turns":2.0},{"damage":0,"enemies":"Slime Boss","floor":16,"turns":3},{"damage":7,"enemies":"2 Thieves","floor":18,"turns":2},{"damage":12,"enemies":"3 Byrds","floor":20,"turns":3},{"damage":3,"enemies":"3 Cultists","floor":21,"turns":4},{"damage":9,"enemies":"Centurion and Healer","floor":24,"turns":4},{"damage":26,"enemies":"Shelled Parasite and Fungi","floor":28,"turns":3},{"damage":6,"enemies":"Slavers","floor":29,"turns":3},{"damage":7,"enemies":"Sentry and Sphere","floor":31,"turns":3},{"damage":10,"enemies":"Champ","floor":33,"turns":3},{"damage":8,"enemies":"Orb Walker","floor":35,"turns":3},{"damage":14,"enemies":"3 Darklings","floor":36,"turns":2},{"damage":0,"enemies":"Sphere and 2 Shapes","floor":37,"turns":3},{"damage":5,"enemies":"Time Eater","floor":39,"turns":4}],"seed_played":"8884597751285247366","potions_obtained":[{"floor":3.0,"key":"Death Potion"},{"floor":4.0,"key":"Fire Potion"},{"floor":13.0,"key":"AttackPotion"},{"floor":16,"key":"EntropicBrew"},{"floor":24,"key":"Milkshake"},{"floor":29,"key":"SkillPotion"},{"floor":31,"key":"BlessingOfTheForge"},{"floor":33,"key":"Languid Potion"}],"is_trial":false,"path_per_floor":["M","?","M","M","$","R","M","E","T","R","E","$","M","M","R","B",null,"M","?","M","M","?","R","M","R","T","R","M","E","R","M","R","B",null,"M","M","M","?","B",null],"character_chosen":"BARTENDER","items_purchased":["jedi:ominousloannote","jedi:firstaidkit","Momentum","EntropicBrew","ReplayTheSpireMod:ShopPack","Potion Belt","ReplayTheSpireMod:CursedCoin"],"campfire_rested":4,"item_purchase_floors":[5,5,5,5,5,12,12],"current_hp_per_floor":[67,67,58,58,58,58,50,33,33,54,54,54,36,37,59,63,74,71,53,45,46,46,68,66,66,66,66,46,63,90,90,90,89,97,95,86,91,91,89],"gold":443,"neow_bonus":"","is_daily":true,"chose_seed":false,"campfire_upgraded":4,"win_rate":0.0,"timestamp":1612703328,"path_taken":["M","?","M","M","$","R","M","E","T","R","E","?","M","?","R","BOSS","M","?","?","M","?","R","M","R","T","R","M","E","R","M","R","BOSS","M","M","?","?","BOSS"],"items_purchased_type":["Relic","Relic","Card","Potion","Relic","Relic","Relic"],"build_version":"2020-12-22","purchased_purges":2,"victory":true,"max_hp_per_floor":[70,70,70,70,70,70,70,70,70,70,74,74,74,74,74,74,74,74,74,74,74,74,74,74,74,74,74,74,91,91,94,94,97,97,100,103,106,106,106],"relic_stats":{"counters":[21,57],"Orichalcum":[168],"Cursed Key":1,"obtain_stats":[{"Potion Belt":12,"Sneakers":0,"aspiration:Nostalgia":11,"ReplayTheSpireMod:CursedCoin":12,"Mango":29,"Sizzling Blood":11,"Orichalcum":8,"Frozen Egg 2":9,"Cursed Key":17,"Replay:Ringing Soul":26,"jedi:ominousloannote":5,"jedi:firstaidkit":5,"aspiration:HatOfInfinitePower":0,"ReplayTheSpireMod:DimensionalGlitch":34,"ReplayTheSpireMod:ShopPack":5},{"Potion Belt":6,"Sneakers":0,"aspiration:Nostalgia":6,"ReplayTheSpireMod:CursedCoin":6,"Mango":15,"Sizzling Blood":6,"Orichalcum":5,"Frozen Egg 2":5,"Cursed Key":9,"Replay:Ringing Soul":13,"jedi:ominousloannote":3,"jedi:firstaidkit":3,"aspiration:HatOfInfinitePower":0,"ReplayTheSpireMod:DimensionalGlitch":17,"ReplayTheSpireMod:ShopPack":3},{"Potion Belt":14,"Sneakers":0,"aspiration:Nostalgia":14,"ReplayTheSpireMod:CursedCoin":14,"Mango":40,"Sizzling Blood":14,"Orichalcum":11,"Frozen Egg 2":11,"Cursed Key":21,"Replay:Ringing Soul":34,"jedi:ominousloannote":6,"jedi:firstaidkit":6,"aspiration:HatOfInfinitePower":0,"ReplayTheSpireMod:DimensionalGlitch":46,"ReplayTheSpireMod:ShopPack":6}]},"card_choices":[{"not_picked":["Ripple","Bitters"],"picked":"Power_Up_Punch","floor":1.0},{"not_picked":["Panache","Crow Ritual"],"picked":"Secret Technique","floor":2.0},{"not_picked":["Bitters","Ripple"],"picked":"Snap_Punch","floor":3.0},{"not_picked":["Feint","With_A_Twist"],"picked":"Axe_Heel_Kick","floor":4.0},{"not_picked":["Chrysalis","The Bomb"],"picked":"Midas Touch","floor":5.0},{"not_picked":["Secret Technique","Dark Shackles"],"picked":"Thinking Ahead","floor":5.0},{"not_picked":["Mind Blast","Trip"],"picked":"Enlightenment","floor":5.0},{"not_picked":["Fading_Blow","Blizzard_Spikes"],"picked":"Ball_Of_Ice","floor":7.0},{"not_picked":["Ripple","Pony_Shot"],"picked":"Wall_of_Ice","floor":8.0},{"not_picked":["Momentum+1","Feint"],"picked":"Glare","floor":11.0},{"not_picked":["Dragonkick","Step_Of_The_Wind","Foot_Thrust"],"picked":"SKIP","floor":13.0},{"not_picked":["Perfect_Balance","Waterkick"],"picked":"Dart","floor":14.0},{"not_picked":["Cold_Blooded+1","Combo_Master+1"],"picked":"Dolphin_Blow","floor":16},{"not_picked":["Dancing_Jab","Feint"],"picked":"Glare","floor":18},{"not_picked":["Feint","Dragonkick"],"picked":"Greased_Lightning","floor":20},{"not_picked":["Sucker_Punch","Power_Up_Punch"],"picked":"Hook","floor":21},{"not_picked":["Fight_Dirty+1","Fading_Blow"],"picked":"Dolphin_Blow","floor":24},{"not_picked":["Free_Pour","Hook+1","With_A_Twist+1"],"picked":"SKIP","floor":28},{"not_picked":["Fading_Blow","Sucker_Punch+1"],"picked":"RockBreaker","floor":29},{"not_picked":["Bloodbath_Bartender+1","Torment+1"],"picked":"Ripple","floor":31},{"not_picked":["Patience+1","Liquid_Armor+1"],"picked":"Form_Shift","floor":33},{"not_picked":["Snap_Punch","Sucker_Punch"],"picked":"Bitters","floor":35},{"not_picked":["Well_Drinks+1","ThreeSidedStar+1"],"picked":"Insight_B","floor":36},{"not_picked":["Dragonkick+1","Sucker_Punch+1"],"picked":"Axe_Heel_Kick","floor":37}],"player_experience":1384623,"relics_obtained":[{"floor":8.0,"key":"Orichalcum"},{"floor":9.0,"key":"Frozen Egg 2"},{"floor":11.0,"key":"aspiration:Nostalgia"},{"floor":26,"key":"Replay:Ringing Soul"},{"floor":29,"key":"Mango"}],"event_choices":[{"damage_healed":0.0,"max_hp_gain":0.0,"max_hp_loss":0.0,"gold_gain":1.0,"event_name":"betterStone:BetterStone","player_choice":"1","floor":2.0,"gold_loss":0.0,"damage_taken":0.0},{"damage_healed":0,"gold_gain":219,"player_choice":"GO GO ","damage_taken":20,"relics_obtained":[],"max_hp_gain":0,"max_hp_loss":0,"event_name":"betterSkull:BetterSkull","floor":19,"gold_loss":0,"cards_upgraded":[]},{"cards_removed":["Enlightenment"],"damage_healed":0,"gold_gain":0,"player_choice":"Purged","damage_taken":0,"max_hp_gain":0,"max_hp_loss":0,"event_name":"Purifier","floor":22,"gold_loss":0},{"damage_healed":0,"gold_gain":0,"player_choice":"Portal","damage_taken":0,"max_hp_gain":0,"max_hp_loss":0,"event_name":"betterThird:BetterPortal","floor":38,"gold_loss":0}],"is_beta":false,"boss_relics":[{"not_picked":["energizedSpire:EnergizedDie","aspiration:SecretTechniqueScroll"],"picked":"Cursed Key"},{"not_picked":["aspiration:SilentSkillbook","Silver_Glasses"],"picked":"ReplayTheSpireMod:DimensionalGlitch"}],"items_purged_floors":[5,12],"is_endless":false,"potions_floor_spawned":[3,4,13,16,24,29,31,33],"ascension_level":0}}