{"host":"sxnl403xm2xmiyj1","time":1612682027,"event":{"mods":["AchievementEnabler","BaseMod","Colored Map","Keyboard Shortcuts","Minty Spire (QoL Compilation)","Quick Restart","StSLib","SuperFastMode"],"gold_per_floor":[111,121,121,121,121,121,296,8,8,28,60,60,71,89,89,184,184,195,215,44,44,62,62,62,94,94,94,109,138,138,138,138,235,235,252,252,14,14,34,61,61,87,87,15,31,31,41,68,68,68],"floor_reached":51,"language":"KOR","playtime":965,"items_purged":["Doubt","Strike_R"],"score":1116,"play_id":"3ff8d018-cdbe-4a7d-be34-9515469a81bd","local_time":"20210207161347","is_ascension_mode":true,"campfire_choices":[{"data":"Uppercut","floor":6.0,"key":"SMITH"},{"data":"Body Slam","floor":12.0,"key":"SMITH"},{"data":"Juggernaut","floor":15.0,"key":"SMITH"},{"data":"Entrench","floor":23.0,"key":"SMITH"},{"data":"Limit Break","floor":27.0,"key":"SMITH"},{"floor":30.0,"key":"REST"},{"data":"Metallicize","floor":32.0,"key":"SMITH"},{"data":"Body Slam","floor":41,"key":"SMITH"},{"data":"Limit Break","floor":46,"key":"SMITH"},{"data":"Limit Break","floor":49,"key":"SMITH"}],"circlet_count":0,"master_deck":["Uppercut+1","Body Slam+1","Metallicize+1","Entrench+1","Iron Wave","Shrug It Off","Juggernaut+1","Inflame+1","Limit Break+1","Body Slam+1","Fire Breathing+1","Offering","Body Slam+1","Pommel Strike","Pummel+1","Disarm","Pummel","Limit Break+1","Pummel+1","Feed+1","Ghostly Armor+1","Sword Boomerang+1","Finesse","Power Through","Limit Break+1","Feel No Pain","Metallicize","Dark Embrace+1","Offering"],"relics":["Burning Blood","Art of War","Vajra","Letter Opener","Blood Vial","Empty Cage","InkBottle","Pantograph","Gremlin Horn","Astrolabe","Brimstone","PreservedInsect","Bronze Scales","HornCleat","Eternal Feather"],"acts_visited":["Exordium","TheCity","TheBeyond"],"potions_floor_usage":[33,45,50,50],"damage_taken":[{"damage":0.0,"enemies":"2 Louse","floor":1.0,"turns":3.0},{"damage":0.0,"enemies":"Small Slimes","floor":2.0,"turns":3.0},{"damage":1.0,"enemies":"Cultist","floor":10.0,"turns":5.0},{"damage":19.0,"enemies":"Lagavulin","floor":11.0,"turns":7.0},{"damage":2.0,"enemies":"2 Fungi Beasts","floor":13.0,"turns":4.0},{"damage":0.0,"enemies":"Exordium Thugs","floor":14.0,"turns":5.0},{"damage":38.0,"enemies":"Hexaghost","floor":16.0,"turns":9.0},{"damage":17.0,"enemies":"Shell Parasite","floor":18.0,"turns":7.0},{"damage":20.0,"enemies":"3 Byrds","floor":19.0,"turns":5.0},{"damage":25.0,"enemies":"Cultist and Chosen","floor":22.0,"turns":5.0},{"damage":32.0,"enemies":"Slavers","floor":25.0,"turns":5.0},{"damage":8.0,"enemies":"Snecko","floor":28.0,"turns":4.0},{"damage":9.0,"enemies":"Book of Stabbing","floor":29.0,"turns":4.0},{"damage":55,"enemies":"Collector","floor":33,"turns":6},{"damage":27,"enemies":"3 Shapes","floor":35,"turns":6},{"damage":6,"enemies":"Orb Walker","floor":39,"turns":2},{"damage":29,"enemies":"Reptomancer","floor":40,"turns":3},{"damage":13,"enemies":"Giant Head","floor":42,"turns":4},{"damage":0,"enemies":"Transient","floor":45,"turns":5},{"damage":6,"enemies":"4 Shapes","floor":47,"turns":5},{"damage":6,"enemies":"Reptomancer","floor":48,"turns":2},{"damage":29,"enemies":"Donu and Deca","floor":50,"turns":3}],"seed_played":"7406925202018802728","potions_obtained":[{"floor":2.0,"key":"Dexterity Potion"},{"floor":13.0,"key":"SkillPotion"},{"floor":19.0,"key":"BlessingOfTheForge"},{"floor":25.0,"key":"SkillPotion"},{"floor":29.0,"key":"Dexterity Potion"},{"floor":35,"key":"Block Potion"},{"floor":42,"key":"Weak Potion"},{"floor":45,"key":"SkillPotion"}],"is_trial":false,"path_per_floor":["M","M","?","?","?","R","?","$","T","M","E","R","M","M","R","B",null,"M","M","$","?","M","R","?","E","T","R","M","E","R","?","R","B",null,"M","?","$","?","M","E","R","E","T","$","M","R","M","E","R","B",null],"character_chosen":"IRONCLAD","items_purchased":["Metallicize","Entrench","Iron Wave","Offering","Finesse","Brimstone","Metallicize"],"campfire_rested":1,"item_purchase_floors":[8,8,8,20,37,37,44],"current_hp_per_floor":[78,80,80,77,82,82,82,82,82,85,72,72,78,85,85,53,77,68,56,56,56,39,39,39,15,15,15,15,14,39,39,39,17,68,53,53,53,53,55,34,34,29,29,29,37,37,43,45,60,68],"gold":68,"neow_bonus":"RANDOM_COMMON_RELIC","is_daily":false,"chose_seed":false,"campfire_upgraded":9,"win_rate":0.0,"timestamp":1612682027,"path_taken":["M","M","?","?","?","R","?","$","T","M","E","R","M","M","R","BOSS","M","M","$","?","M","R","?","E","T","R","?","E","R","?","R","BOSS","M","?","$","?","M","E","R","E","T","$","M","R","M","E","R","BOSS"],"items_purchased_type":["Card","Card","Card","Card","Card","Relic","Card"],"build_version":"2020-12-22","purchased_purges":2,"victory":true,"max_hp_per_floor":[80,80,80,80,85,85,85,85,85,85,85,85,85,85,85,85,85,85,85,85,85,85,85,85,85,85,85,85,85,85,85,85,85,85,89,89,89,89,89,89,89,89,89,89,89,89,93,93,93,97],"card_choices":[{"not_picked":["Cleave","Combust"],"picked":"Uppercut","floor":1.0},{"not_picked":["Pummel","Warcry"],"picked":"Body Slam","floor":2.0},{"not_picked":["Searing Blow","Burning Pact"],"picked":"Shrug It Off","floor":10.0},{"not_picked":["Rage","Power Through"],"picked":"Juggernaut","floor":11.0},{"not_picked":["Perfected Strike","Headbutt","Dropkick"],"picked":"SKIP","floor":13.0},{"not_picked":["Sword Boomerang","Cleave"],"picked":"Inflame","floor":14.0},{"not_picked":["Exhume","Feed"],"picked":"Limit Break","floor":16.0},{"not_picked":["Heavy Blade+1","Second Wind"],"picked":"Body Slam","floor":18.0},{"not_picked":["Warcry+1","Clothesline"],"picked":"Fire Breathing+1","floor":19.0},{"not_picked":["Warcry+1","Clothesline+1"],"picked":"Body Slam+1","floor":22.0},{"not_picked":["Perfected Strike","Sentinel"],"picked":"Pummel+1","floor":25.0},{"not_picked":["Twin Strike","Cleave"],"picked":"Disarm","floor":28.0},{"not_picked":["Combust","Havoc"],"picked":"Pummel","floor":29.0},{"not_picked":["Brutality","Impervious"],"picked":"Limit Break","floor":33},{"not_picked":["Wild Strike+1","Perfected Strike+1"],"picked":"Sword Boomerang+1","floor":35},{"not_picked":["Wild Strike+1","Havoc+1"],"picked":"Limit Break","floor":39},{"not_picked":["Infernal Blade+1","Fire Breathing","Clothesline"],"picked":"SKIP","floor":40},{"not_picked":["Perfected Strike+1","Headbutt+1"],"picked":"Feel No Pain","floor":42},{"not_picked":["Wild Strike+1","Searing Blow+1","Cleave"],"picked":"SKIP","floor":45},{"not_picked":["Heavy Blade+1","Second Wind+1"],"picked":"Dark Embrace+1","floor":47},{"not_picked":["Thunderclap","Iron Wave"],"picked":"Offering","floor":48}],"player_experience":190906,"relics_obtained":[{"floor":9.0,"key":"Letter Opener"},{"floor":11.0,"key":"Blood Vial"},{"floor":25.0,"key":"InkBottle"},{"floor":26.0,"key":"Pantograph"},{"floor":29.0,"key":"Gremlin Horn"},{"floor":40,"key":"PreservedInsect"},{"floor":42,"key":"Bronze Scales"},{"floor":43,"key":"HornCleat"},{"floor":48,"key":"Eternal Feather"}],"event_choices":[{"cards_removed":["Strike_R"],"damage_healed":0.0,"max_hp_gain":0.0,"max_hp_loss":0.0,"gold_gain":0.0,"event_name":"Living Wall","player_choice":"Forget","floor":3.0,"gold_loss":0.0,"damage_taken":0.0},{"damage_healed":0.0,"max_hp_gain":0.0,"max_hp_loss":0.0,"gold_gain":0.0,"event_name":"Scrap Ooze","player_choice":"Success","floor":4.0,"gold_loss":0.0,"damage_taken":3.0,"relics_obtained":["Vajra"]},{"damage_healed":0.0,"max_hp_gain":5.0,"max_hp_loss":0.0,"gold_gain":0.0,"event_name":"Big Fish","player_choice":"Donut","floor":5.0,"gold_loss":0.0,"damage_taken":0.0},{"damage_healed":0.0,"max_hp_gain":0.0,"max_hp_loss":0.0,"gold_gain":175.0,"event_name":"Liars Game","player_choice":"AGREE","floor":7.0,"gold_loss":0.0,"damage_taken":0.0,"cards_obtained":["Doubt"]},{"cards_removed":["Strike_R"],"damage_healed":0.0,"max_hp_gain":0.0,"max_hp_loss":0.0,"gold_gain":0.0,"event_name":"Back to Basics","player_choice":"Elegance","floor":21.0,"gold_loss":0.0,"damage_taken":0.0},{"damage_healed":0.0,"max_hp_gain":0.0,"max_hp_loss":0.0,"gold_gain":0.0,"cards_transformed":["Bash"],"event_name":"Transmorgrifier","player_choice":"Transformed","floor":24.0,"gold_loss":0.0,"damage_taken":0.0,"cards_obtained":["Pommel Strike"]},{"damage_healed":0.0,"max_hp_gain":0.0,"max_hp_loss":0.0,"gold_gain":0.0,"event_name":"Accursed Blacksmith","player_choice":"Forge","floor":31.0,"gold_loss":0.0,"damage_taken":0.0,"cards_upgraded":["Inflame"]},{"damage_healed":0,"gold_gain":0,"player_choice":"Ignored","damage_taken":0,"max_hp_gain":0,"max_hp_loss":0,"event_name":"Tomb of Lord Red Mask","floor":36,"gold_loss":0},{"damage_healed":0,"gold_gain":0,"cards_transformed":["Defend_R"],"player_choice":"Transformed","damage_taken":0,"max_hp_gain":0,"max_hp_loss":0,"event_name":"Transmorgrifier","floor":38,"gold_loss":0,"cards_obtained":["Power Through"]}],"is_beta":false,"boss_relics":[{"not_picked":["Runic Cube","SlaversCollar"],"picked":"Empty Cage"},{"not_picked":["Philosopher\u0027s Stone","Calling Bell"],"picked":"Astrolabe"}],"items_purged_floors":[8,20],"is_endless":false,"potions_floor_spawned":[2,13,19,25,29,35,42,45],"ascension_level":7}}