{"host":"i1jfmzuw7df2nlxn","time":1612737429,"event":{"mods":["BaseMod","DeckTracker","Minty Spire (QoL Compilation)","Permanent Neow","StSLib","The Wild Card"],"gold_per_floor":[118,38,54,71,82,107,117,117,140,158,158,158,185,199,199,298,298,315,334,334,351,351,351,351],"floor_reached":23,"language":"ENG","playtime":1233,"items_purged":[],"score":205,"play_id":"4c886bfc-44cc-435d-99b9-14de12948a8b","local_time":"20210207173709","is_ascension_mode":false,"campfire_choices":[{"floor":8.0,"key":"REST"},{"floor":11.0,"key":"REST"},{"floor":15.0,"key":"REST"}],"circlet_count":0,"master_deck":["Strike_B","Strike_B","Strike_B+1","Defend_B","Defend_B","Defend_B","Zap","Dualcast","Ball Lightning+1","Chaos","Storm","Defragment","Force Field","Capacitor","Creative AI","Leap","Defragment","Ball Lightning","Leap","Storm","Echo Form","Storm+1","Genetic Algorithm"],"relics":["Cracked Core","Dream Catcher","Whetstone","Juzu Bracelet","Sozu","Kunai"],"acts_visited":["Exordium","TheCity"],"potions_floor_usage":[23],"damage_taken":[{"damage":1.0,"enemies":"2 Louse","floor":1.0,"turns":2.0},{"damage":6.0,"enemies":"Cultist","floor":3.0,"turns":3.0},{"damage":11.0,"enemies":"Jaw Worm","floor":4.0,"turns":2.0},{"damage":12.0,"enemies":"3 Louse","floor":5.0,"turns":4.0},{"damage":28.0,"enemies":"3 Sentries","floor":6.0,"turns":5.0},{"damage":6.0,"enemies":"2 Fungi Beasts","floor":7.0,"turns":3.0},{"damage":11.0,"enemies":"Large Slime","floor":10.0,"turns":4.0},{"damage":19.0,"enemies":"Gremlin Nob","floor":13.0,"turns":4.0},{"damage":16.0,"enemies":"Lots of Slimes","floor":14.0,"turns":3.0},{"damage":10.0,"enemies":"Slime Boss","floor":16.0,"turns":7.0},{"damage":42.0,"enemies":"2 Thieves","floor":18.0,"turns":4.0},{"damage":10.0,"enemies":"Chosen","floor":19.0,"turns":3.0},{"damage":21.0,"enemies":"Snake Plant","floor":21.0,"turns":2.0},{"damage":0,"enemies":"Chosen and Byrds","floor":23,"turns":1}],"seed_played":"-7569818475769916523","potions_obtained":[{"floor":3.0,"key":"Dexterity Potion"},{"floor":6.0,"key":"Fire Potion"},{"floor":7.0,"key":"SteroidPotion"},{"floor":10.0,"key":"Swift Potion"}],"is_trial":false,"path_per_floor":["M","$","M","M","M","E","M","R","T","M","R","?","E","M","R","B",null,"M","M","?","M","T","M"],"character_chosen":"DEFECT","items_purchased":["Storm"],"campfire_rested":3,"item_purchase_floors":[2],"current_hp_per_floor":[74,74,68,57,45,17,11,33,33,22,44,44,25,9,31,21,75,33,23,23,2,2,2,2],"gold":351,"neow_bonus":"TRANSFORM_CARD","is_daily":false,"chose_seed":false,"campfire_upgraded":0,"win_rate":0.0,"timestamp":1612737429,"path_taken":["M","$","M","M","M","E","M","R","T","M","R","?","E","M","R","BOSS","M","M","?","M","?","M"],"items_purchased_type":["Card"],"build_version":"2020-12-22","purchased_purges":0,"victory":false,"max_hp_per_floor":[75,75,75,75,75,75,75,75,75,75,75,75,75,75,75,75,75,75,75,75,75,75,75,75],"card_choices":[{"not_picked":["Streamline","White Noise"],"picked":"Chaos","floor":1.0},{"not_picked":["Redo","Cold Snap"],"picked":"Defragment","floor":3.0},{"not_picked":["Hologram","Sweeping Beam"],"picked":"Force Field","floor":4.0},{"not_picked":["Compile Driver","Hyperbeam"],"picked":"Capacitor","floor":5.0},{"not_picked":["Ball Lightning","FTL"],"picked":"Creative AI","floor":6.0},{"not_picked":["Streamline","Turbo"],"picked":"Leap","floor":7.0},{"not_picked":["Barrage","Gash"],"picked":"Defragment","floor":8.0},{"not_picked":["Scrape","Compile Driver"],"picked":"Ball Lightning","floor":10.0},{"not_picked":["Recycle","Lockon"],"picked":"Leap","floor":11.0},{"not_picked":["Leap","Scrape"],"picked":"Storm","floor":13.0},{"not_picked":["Blizzard","Beam Cell","Fusion"],"picked":"SKIP","floor":14.0},{"not_picked":["Multi-Cast","Hyperbeam"],"picked":"Echo Form","floor":16.0},{"not_picked":["Turbo","Rebound"],"picked":"Storm+1","floor":18.0},{"not_picked":["Streamline","Barrage","Beam Cell"],"picked":"SKIP","floor":19.0},{"not_picked":["Compile Driver","Sweeping Beam"],"picked":"Genetic Algorithm","floor":21.0}],"player_experience":52057,"relics_obtained":[{"floor":6.0,"key":"Dream Catcher"},{"floor":9.0,"key":"Whetstone"},{"floor":13.0,"key":"Juzu Bracelet"},{"floor":22.0,"key":"Kunai"}],"event_choices":[{"damage_healed":0.0,"max_hp_gain":0.0,"max_hp_loss":0.0,"gold_gain":0.0,"event_name":"NoteForYourself","player_choice":"Ignored","floor":12.0,"gold_loss":0.0,"damage_taken":0.0},{"cards_removed":["Strike_B"],"damage_healed":0.0,"max_hp_gain":0.0,"max_hp_loss":0.0,"gold_gain":0.0,"event_name":"Purifier","player_choice":"Purged","floor":20.0,"gold_loss":0.0,"damage_taken":0.0}],"is_beta":false,"boss_relics":[{"not_picked":["FrozenCore","Runic Pyramid"],"picked":"Sozu"}],"items_purged_floors":[],"is_endless":false,"potions_floor_spawned":[3,6,7,10,16,21],"killed_by":"Chosen and Byrds","ascension_level":0}}