{"host":"yqw1zpryoutrnocq","time":1612728877,"event":{"mods":["2.2 Compatiblity","AchievementEnabler","BaseMod","Colored Map","Custom Start","DeckTracker","Minty Spire (QoL Compilation)","StSLib","SuperFastMode"],"gold_per_floor":[118,118,118,9,24,24,43,43,67,86,86,101,121,141,141,141,141],"floor_reached":16,"language":"KOR","playtime":376,"items_purged":[],"score":141,"play_id":"e9b0419b-7792-4104-ad75-59518ddb8352","local_time":"20210207141437","is_ascension_mode":true,"campfire_choices":[{"data":"Calculated Gamble","floor":6.0,"key":"SMITH"},{"data":"Tactician","floor":8.0,"key":"SMITH"},{"data":"Blade Dance","floor":11.0,"key":"SMITH"},{"data":"Infinite Blades","floor":15.0,"key":"SMITH"}],"circlet_count":0,"master_deck":["AscendersBane","Strike_G","Strike_G","Strike_G","Strike_G","Defend_G+1","Defend_G+1","Defend_G","Defend_G","Defend_G","Survivor","Neutralize","Sucker Punch","Calculated Gamble+1","Tactician+1","Infinite Blades+1","Caltrops","Heel Hook","Blade Dance+1","Prepared","Terror"],"relics":["Ring of the Snake","Nunchaku","Pen Nib"],"acts_visited":["Exordium"],"potions_floor_usage":[16,16],"damage_taken":[{"damage":7.0,"enemies":"Jaw Worm","floor":1.0,"turns":5.0},{"damage":4.0,"enemies":"2 Louse","floor":5.0,"turns":3.0},{"damage":0.0,"enemies":"Cultist","floor":7.0,"turns":5.0},{"damage":7.0,"enemies":"Exordium Wildlife","floor":10.0,"turns":5.0},{"damage":0.0,"enemies":"3 Louse","floor":12.0,"turns":2.0},{"damage":4.0,"enemies":"Large Slime","floor":13.0,"turns":6.0},{"damage":6.0,"enemies":"Red Slaver","floor":14.0,"turns":3.0},{"damage":22,"enemies":"The Guardian","floor":16,"turns":8}],"seed_played":"-1477458105952235070","potions_obtained":[{"floor":12.0,"key":"SteroidPotion"},{"floor":14.0,"key":"SpeedPotion"}],"is_trial":false,"path_per_floor":["M","?","?","$","M","R","M","R","T","M","R","M","M","M","R","B"],"character_chosen":"THE_SILENT","items_purchased":["Tactician","Infinite Blades"],"campfire_rested":0,"item_purchase_floors":[4,4],"current_hp_per_floor":[56,42,42,42,38,38,38,38,38,31,31,31,27,21,21,0,0],"gold":141,"neow_bonus":"TRANSFORM_CARD","is_daily":false,"chose_seed":false,"campfire_upgraded":4,"win_rate":0.0,"timestamp":1612728877,"path_taken":["M","?","?","$","M","R","M","R","T","M","R","M","M","?","R","BOSS"],"items_purchased_type":["Card","Card"],"build_version":"2020-12-22","purchased_purges":0,"victory":false,"max_hp_per_floor":[70,70,70,70,70,70,70,70,70,70,70,70,70,70,70,70,70],"card_choices":[{"not_picked":["Bane","Catalyst"],"picked":"Calculated Gamble","floor":1.0},{"not_picked":["Poisoned Stab","Bouncing Flask"],"picked":"Caltrops","floor":5.0},{"not_picked":["Leg Sweep","Bane"],"picked":"Heel Hook","floor":7.0},{"not_picked":["Sucker Punch","Dodge and Roll"],"picked":"Blade Dance","floor":10.0},{"not_picked":["Flying Knee","Backstab"],"picked":"Prepared","floor":12.0},{"not_picked":["Dash","Bane","Expertise"],"picked":"SKIP","floor":13.0},{"not_picked":["Setup","Outmaneuver"],"picked":"Terror","floor":14.0}],"player_experience":318052,"relics_obtained":[{"floor":3.0,"key":"Nunchaku"},{"floor":9.0,"key":"Pen Nib"}],"event_choices":[{"damage_healed":0.0,"max_hp_gain":0.0,"max_hp_loss":0.0,"gold_gain":0.0,"event_name":"Shining Light","player_choice":"Entered Light","floor":2.0,"gold_loss":0.0,"damage_taken":14.0,"cards_upgraded":["Defend_G","Defend_G"]},{"damage_healed":0.0,"max_hp_gain":0.0,"max_hp_loss":0.0,"gold_gain":0.0,"event_name":"Wheel of Change","player_choice":"Relic","floor":3.0,"gold_loss":0.0,"damage_taken":0.0}],"is_beta":false,"boss_relics":[],"items_purged_floors":[],"is_endless":false,"potions_floor_spawned":[12,14],"killed_by":"The Guardian","ascension_level":10}}