{"host":"qvcm5n1ry1q9iv9x","time":1612686544,"event":{"mods":["Act Like it!","BaseMod","BetterRewards","Colored Map","Colored Powertips","Downfall","Friendly Minions","Highlight Path","Minty Spire (QoL Compilation)","Quick Restart","Relic Sorter","Shop Mod","StSLib"],"gold_per_floor":[99,99,99,109,124,399,399,413,440,440,456,456,476,509,524,623,623,623,636,636,636,636,664,664,664,664,664],"floor_reached":25,"language":"ZHS","playtime":2925,"items_purged":[],"score":254,"play_id":"0162cf41-ab2a-4e92-838a-a8ff55b0ad13","local_time":"20210207162904","is_ascension_mode":false,"campfire_choices":[{"data":"hexamod:Sear","floor":1.0,"key":"SMITH"},{"data":"hexamod:Float","floor":10.0,"key":"SMITH"},{"data":"hexamod:GhostflameInferno","floor":18,"key":"SMITH"}],"circlet_count":0,"master_deck":["hexamod:Sear+1","hexamod:Float+1","hexamod:DynamicBlow","hexamod:PhantomCloak","Regret","hexamod:Hexaguard","hexamod:PhantomFireball","hexamod:PhantomFireball","hexamod:SoulSteal","hexamod:ChargedBarrage","hexamod:GhostflameInferno+1","hexamod:SixthSeal","hexamod:GhostShield+1","hexamod:CouncilsJustice","hexamod:CouncilsJustice+1","hexamod:CouncilsJustice","Ghostly","Ghostly","Ghostly","Pride","hexamod:HauntingEcho"],"relics":["hexamod:SpiritBrand","Incense Burner","Tiny Chest","Gremlin Horn","hexamod:SoulConsumer","Pantograph","hexamod:InflammatoryLetter","Philosopher\u0027s Stone","Smiling Mask","Bottled Flame","Bottled Lightning","Unceasing Top"],"acts_visited":["Exordium","TheCity"],"potions_floor_usage":[16,16,23],"damage_taken":[{"damage":0.0,"enemies":"Small Slimes","floor":4.0,"turns":3.0},{"damage":0.0,"enemies":"2 Louse","floor":5.0,"turns":2.0},{"damage":3.0,"enemies":"Jaw Worm","floor":8.0,"turns":3.0},{"damage":13.0,"enemies":"Lagavulin","floor":9.0,"turns":7.0},{"damage":16.0,"enemies":"Exordium Thugs","floor":11.0,"turns":3.0},{"damage":4.0,"enemies":"Gremlin Gang","floor":13.0,"turns":4.0},{"damage":0.0,"enemies":"3 Sentries","floor":14.0,"turns":2.0},{"damage":5.0,"enemies":"Lots of Slimes","floor":15.0,"turns":3.0},{"damage":42,"enemies":"WA_ARCHETYPE_RETAIN","floor":16,"turns":7},{"damage":24,"enemies":"3 Byrds","floor":19,"turns":4},{"damage":32,"enemies":"Slavers","floor":23,"turns":7},{"damage":11,"enemies":"Shell Parasite","floor":25,"turns":1}],"seed_played":"-2280120102530941605","potions_obtained":[{"floor":4.0,"key":"DuplicationPotion"},{"floor":11.0,"key":"Swift Potion"},{"floor":14.0,"key":"Block Potion"},{"floor":16,"key":"champ:CounterPotion"}],"is_trial":false,"path_per_floor":["R","?","?","M","M","?","T","M","E","R","M","T","M","E","M","B",null,"R","M","?","?","T","E","T","M"],"character_chosen":"THE_SPIRIT","items_purchased":[],"campfire_rested":0,"item_purchase_floors":[],"current_hp_per_floor":[77,59,59,59,59,59,59,56,43,43,31,31,31,35,34,21,77,77,57,38,38,38,10,10,0,0,0],"gold":664,"neow_bonus":"TEN_PERCENT_HP_BONUS","is_daily":false,"chose_seed":false,"campfire_upgraded":3,"win_rate":0.0,"timestamp":1612686544,"path_taken":["R","?","?","?","M","?","T","M","E","R","?","?","?","E","M","BOSS","R","M","?","?","?","E","T","M"],"items_purchased_type":[],"build_version":"2020-12-22","purchased_purges":0,"victory":false,"max_hp_per_floor":[77,77,77,77,77,77,77,77,77,77,77,77,77,77,77,77,77,77,77,38,38,38,38,38,38,38,38],"card_choices":[{"not_picked":["hexamod:RecurringNightmare","hexamod:Firestarter"],"picked":"hexamod:DynamicBlow","floor":4.0},{"not_picked":["hexamod:ShieldOfDarkness","hexamod:GhostLash"],"picked":"hexamod:PhantomCloak","floor":5.0},{"not_picked":["hexamod:GhostShield","hexamod:GhostLash"],"picked":"hexamod:Hexaguard","floor":8.0},{"not_picked":["hexamod:SwordOfDarkness","hexamod:NightmareGuise"],"picked":"hexamod:PhantomFireball","floor":9.0},{"not_picked":["hexamod:HeatMetal","hexamod:GhostLash"],"picked":"hexamod:PhantomFireball","floor":11.0},{"not_picked":["hexamod:FastForward","hexamod:HauntingEcho"],"picked":"hexamod:SoulSteal","floor":13.0},{"not_picked":["hexamod:GhostLash","hexamod:FastForward"],"picked":"hexamod:ChargedBarrage","floor":14.0},{"not_picked":["hexamod:HauntingEcho","hexamod:DynamicBlow"],"picked":"hexamod:GhostflameInferno","floor":15.0},{"not_picked":["hexamod:UnleashSpirits","hexamod:ParanormalForm"],"picked":"hexamod:SixthSeal","floor":16},{"not_picked":["hexamod:HauntingEcho","hexamod:BurningTouch"],"picked":"hexamod:GhostShield+1","floor":19},{"not_picked":["hexamod:GhostShield","hexamod:NightmareGuise"],"picked":"hexamod:HauntingEcho","floor":23}],"player_experience":200928,"relics_obtained":[{"floor":7.0,"key":"Gremlin Horn"},{"floor":9.0,"key":"hexamod:SoulConsumer"},{"floor":12.0,"key":"Pantograph"},{"floor":14.0,"key":"hexamod:InflammatoryLetter"},{"floor":22,"key":"Bottled Flame"},{"floor":23,"key":"Bottled Lightning"},{"floor":24,"key":"Unceasing Top"}],"event_choices":[{"damage_healed":0.0,"max_hp_gain":0.0,"max_hp_loss":0.0,"gold_gain":0.0,"event_name":"Scrap Ooze","player_choice":"Success","floor":2.0,"gold_loss":0.0,"damage_taken":18.0,"relics_obtained":["Incense Burner"]},{"damage_healed":0,"gold_gain":0,"player_choice":"Stole Relic","damage_taken":0,"relics_obtained":["Smiling Mask"],"max_hp_gain":0,"max_hp_loss":0,"event_name":"Addict","floor":21,"gold_loss":0,"cards_obtained":["Pride"]}],"is_beta":false,"boss_relics":[{"not_picked":["Snecko Eye","Runic Pyramid"],"picked":"Philosopher\u0027s Stone"}],"items_purged_floors":[],"is_endless":false,"potions_floor_spawned":[4,11,14,16],"killed_by":"Shell Parasite","ascension_level":0}}