{"host":"ormi09wwzv7sq47a","time":1612710794,"event":{"mods":["2.2 Compatiblity","AchievementEnabler","Act Like it!","BaseMod","Bestiary","Better Altar","Better Note","Better Sensory Stone","Better Silent Start","Better Skull","Better Third Choice","Better Vampires","BetterRewards","Block Reminder","Card Forge","Colored Map","Colored Powertips","Curses Come First","DeckTracker","Downfall","Highlight Path","Minty Spire (QoL Compilation)","Permanent Neow","Quick Restart","Rare Cards Sparkle","Relic Stats","Shop Mod","StSLib","The Jungle"],"gold_per_floor":[122,150,178,9,33,64,64,107,186,186,210,210,98,112,112,197,197,224,238,265,17,44,44,80,80,135,156,156,256,256,280,280,367,367,393,442,467,20,54,54,89,89,89,126,126,126,163,8,8,8,8,8,8,45,45],"floor_reached":56,"language":"ENG","playtime":3360,"items_purged":["Strike_R","Defend_R","Strike_R","Strike_R"],"score":2654,"play_id":"19cb96a7-7c2f-420d-8b06-d05571f2a995","local_time":"20210207131314","is_ascension_mode":true,"campfire_choices":[{"data":"Mayhem","floor":7,"key":"SMITH"},{"data":"Fiend Fire","floor":10,"key":"SMITH"},{"data":"Whirlwind","floor":12,"key":"SMITH"},{"data":"Evolve","floor":15,"key":"SMITH"},{"data":"Feel No Pain","floor":23,"key":"SMITH"},{"data":"Fire Breathing","floor":28,"key":"SMITH"},{"data":"Disarm","floor":30,"key":"SMITH"},{"data":"Exhume","floor":32,"key":"SMITH"},{"data":"Offering","floor":40,"key":"SMITH"},{"floor":42,"key":"RECALL"},{"data":"Immolate","floor":45,"key":"SMITH"},{"data":"1","floor":49,"key":"LIFT"},{"data":"2","floor":52,"key":"LIFT"}],"circlet_count":0,"master_deck":["AscendersBane","Strike_R","Strike_R","Defend_R","Defend_R","Defend_R","Bash","Uppercut","True Grit","Feel No Pain+1","Mayhem+1","Pommel Strike","Bloodletting","Whirlwind+1","Armaments","Shockwave","Fiend Fire+1","Burning Pact","Evolve+1","Shrug It Off","True Grit","Exhume+1","Fire Breathing+1","True Grit","Armaments+1","Intimidate+1","Disarm+1","Warcry","Offering+1","Inflame+1","True Grit+1","Second Wind","Immolate+1","Reaper","Evolve"],"relics":["Burning Blood","Hammer of Thor","Seething Fire","Anvil of the Gods","Oddly Smooth Stone","Dead Branch","Thread and Needle","Pocketwatch","Kunai","CeramicFish","Magic Flower","Unceasing Top","Meat on the Bone","Mark of Pain","Eternal Feather","sneckomod:BlankCard","Happy Flower","Mango","InkBottle","Snecko Eye","WingedGreaves","Lantern","Sling","champ:DeflectingBracers","MealTicket","Ancient Tea Set","Girya","Guardian:PocketSentry","StrikeDummy"],"acts_visited":["Exordium","TheCity","TheBeyond","TheEnding"],"potions_floor_usage":[6,11,14,16,22,24,29,41,41,50],"damage_taken":[{"damage":0,"enemies":"Cultist","floor":1,"turns":4},{"damage":4,"enemies":"Small Slimes","floor":2,"turns":3},{"damage":3,"enemies":"Jaw Worm","floor":3,"turns":1},{"damage":6,"enemies":"Blue Slaver","floor":5,"turns":4},{"damage":15,"enemies":"3 Sentries","floor":6,"turns":3},{"damage":14,"enemies":"Gremlin Nob","floor":8,"turns":4},{"damage":3,"enemies":"3 Louse","floor":11,"turns":3},{"damage":3,"enemies":"Large Slime","floor":14,"turns":3},{"damage":20,"enemies":"Slime Boss","floor":16,"turns":7},{"damage":7,"enemies":"3 Byrds","floor":18,"turns":5},{"damage":0,"enemies":"Spheric Guardian","floor":19,"turns":2},{"damage":23,"enemies":"Snake Plant","floor":20,"turns":5},{"damage":19,"enemies":"Centurion and Healer","floor":22,"turns":4},{"damage":37,"enemies":"Slavers","floor":24,"turns":5},{"damage":7,"enemies":"Sentry and Sphere","floor":27,"turns":6},{"damage":14,"enemies":"Colosseum Slavers","floor":29,"turns":3},{"damage":5,"enemies":"Colosseum Nobs","floor":29,"turns":5},{"damage":8,"enemies":"Shelled Parasite and Fungi","floor":31,"turns":3},{"damage":15,"enemies":"Champ","floor":33,"turns":9},{"damage":6,"enemies":"3 Darklings","floor":35,"turns":4},{"damage":6,"enemies":"2 Orb Walkers","floor":36,"turns":4},{"damage":9,"enemies":"Orb Walker","floor":37,"turns":2},{"damage":12,"enemies":"Mind Bloom Boss Battle","floor":39,"turns":2},{"damage":14,"enemies":"Reptomancer","floor":41,"turns":4},{"damage":1,"enemies":"Nemesis","floor":44,"turns":3},{"damage":15,"enemies":"Reptomancer","floor":47,"turns":3},{"damage":23,"enemies":"Awakened One","floor":50,"turns":6},{"damage":6,"enemies":"Shield and Spear","floor":54,"turns":3},{"damage":38,"enemies":"The Heart","floor":55,"turns":9}],"seed_played":"3191488488507541097","potions_obtained":[{"floor":5,"key":"Slimebound:ThreeZeroPotion"},{"floor":8,"key":"DistilledChaos"},{"floor":11,"key":"PowerPotion"},{"floor":14,"key":"BlessingOfTheForge"},{"floor":16,"key":"ElixirPotion"},{"floor":20,"key":"ColorlessPotion"},{"floor":27,"key":"AttackPotion"},{"floor":29,"key":"LiquidBronze"},{"floor":31,"key":"Block Potion"},{"floor":41,"key":"BloodPotion"},{"floor":54,"key":"DuplicationPotion"}],"is_trial":false,"path_per_floor":["M","M","M","$","M","E","R","E","T","R","M","R","$","M","R","B",null,"M","M","M","$","M","R","E","$","T","M","R","?","R","M","R","B",null,"M","?","M","$","?","R","E","R","T","E","R","$","E","$","R","B",null,"R","$","E","B",null],"character_chosen":"IRONCLAD","items_purchased":["Oddly Smooth Stone","Dead Branch","Uppercut","True Grit","Feel No Pain","Kunai","Mayhem","CeramicFish","Armaments","Evolve","Shrug It Off","True Grit","Eternal Feather","Lantern","Sling","Guardian:PocketSentry"],"campfire_rested":0,"item_purchase_floors":[0,0,0,0,0,0,0,0,4,13,13,13,21,38,38,48],"current_hp_per_floor":[42,44,47,47,47,38,38,33,33,33,57,57,57,63,63,52,69,71,75,61,61,51,66,56,56,56,58,73,86,89,89,89,83,88,89,89,89,89,86,89,84,89,89,89,89,89,83,89,89,89,89,89,89,89,60],"gold":45,"neow_bonus":"","is_daily":false,"chose_seed":false,"campfire_upgraded":10,"win_rate":0.0,"timestamp":1612710794,"path_taken":["M","?","M","?","M","E","R","E","T","R","M","R","$","M","R","BOSS","M","M","M","$","M","R","E","?","T","?","R","?","R","M","R","BOSS","M","?","M","$","?","R","E","R","T","E","R","?","E","$","R","BOSS","R","$","E","BOSS"],"items_purchased_type":["Relic","Relic","Card","Card","Card","Relic","Card","Relic","Card","Card","Card","Card","Relic","Relic","Relic","Relic"],"build_version":"2020-12-22","purchased_purges":4,"victory":true,"max_hp_per_floor":[75,75,75,75,75,75,75,75,75,75,75,75,75,75,75,75,75,75,75,75,75,75,75,75,75,75,75,75,89,89,89,89,89,89,89,89,89,89,89,89,89,89,89,89,89,89,89,89,89,89,89,89,89,89,89],"relic_stats":{"Happy Flower":[22],"counters":[316,1373],"Dead Branch":[351],"CeramicFish":216,"Magic Flower":[72],"Eternal Feather":41,"Burning Blood":1409,"Snecko Eye":[80,81,95,86],"MealTicket":12,"Kunai":[29],"obtain_stats":[{"Whetstone":23,"Ginger":45,"Boot":24,"Sling":38,"Old Coin":10,"Blood Vial":41,"Sundial":47,"MealTicket":43,"Kunai":38,"Slimebound:AggressiveSlimeRelic":38,"MerchantsRug":38,"Pear":20,"betterAltar:BloodRelic":30,"Blue Candle":10,"Velvet Choker":34,"Eternal Feather":6,"Pen Nib":21,"Guardian:PocketSentry":40,"Akabeko":9,"Bird Faced Urn":54,"MutagenicStrength":21,"Snecko Eye":17,"Mark of Pain":17,"StrikeDummy":25,"Unceasing Top":0,"Regal Pillow":0,"Lantern":3,"Torii":12,"Singing Bowl":24,"sneckomod:BlankCard":9,"Magic Flower":26,"StoneCalendar":24,"Bag of Preparation":10,"Smiling Mask":41,"Ancient Tea Set":44,"Burning Blood":0,"Matryoshka":26,"Shovel":10,"WingedGreaves":36,"InkBottle":11,"Paper Frog":29,"Golden Idol":3,"Self Forming Clay":28,"Guardian:GemstoneGun":0,"Thread and Needle":0,"PreservedInsect":40,"champ:DeflectingBracers":39,"Seething Fire":0,"MawBank":24,"Ornamental Fan":9,"Turnip":42,"Slimebound:AbsorbEndCombat":0,"Bottled Lightning":41,"Champion Belt":24,"hexamod:BolsterEngine":26,"Toy Ornithopter":44,"Tiny House":34,"Calipers":48,"CeramicFish":0,"Vajra":48,"Hammer of Thor":0,"Sozu":17,"Centennial Puzzle":27,"HornCleat":30,"DollysMirror":0,"Philosopher\u0027s Stone":34,"Prayer Wheel":36,"Toxic Egg 2":11,"Girya":0,"Happy Flower":11,"Astrolabe":17,"Dead Branch":44,"Oddly Smooth Stone":27,"Letter Opener":0,"War Paint":4,"Question Card":26,"sneckomod:SneckoTalon":17,"Du-Vu Doll":43,"Anvil of the Gods":0,"Brimstone":29,"Shuriken":21,"Bronze Scales":47,"Molten Egg 2":26,"bronze:MakeshiftBattery":34,"Meat on the Bone":48,"Pocketwatch":0,"Darkstone Periapt":28,"Black Blood":17,"Mango":0,"Incense Burner":0,"Empty Cage":17,"ClockworkSouvenir":38,"Nunchaku":12,"TheAbacus":47,"Slimebound:StickyStick":48,"Mummified Hand":0,"Gambling Chip":12,"Pantograph":54,"Red Mask":31,"Odd Mushroom":14,"Orichalcum":26,"Medical Kit":0,"White Beast Statue":8,"Mercury Hourglass":54,"Peace Pipe":0,"CaptainsWheel":45,"Anchor":54,"Bag of Marbles":3,"Coffee Dripper":34,"Membership Card":0,"FossilizedHelix":0,"TungstenRod":42},{"Whetstone":30,"Ginger":282,"Boot":168,"Sling":309,"Old Coin":23,"Blood Vial":39,"Sundial":151,"MealTicket":39,"Kunai":38,"Slimebound:AggressiveSlimeRelic":38,"MerchantsRug":38,"Pear":12,"betterAltar:BloodRelic":143,"Blue Candle":50,"Velvet Choker":88,"Eternal Feather":4,"Pen Nib":82,"Guardian:PocketSentry":92,"Akabeko":5,"Bird Faced Urn":72,"MutagenicStrength":166,"Snecko Eye":107,"Mark of Pain":165,"StrikeDummy":31,"Unceasing Top":18,"Regal Pillow":18,"Lantern":20,"Torii":239,"Singing Bowl":244,"sneckomod:BlankCard":213,"Magic Flower":110,"StoneCalendar":57,"Bag of Preparation":265,"Smiling Mask":118,"Ancient Tea Set":312,"Burning Blood":0,"Matryoshka":31,"Shovel":162,"WingedGreaves":308,"InkBottle":6,"Paper Frog":169,"Golden Idol":2,"Self Forming Clay":169,"Guardian:GemstoneGun":260,"Thread and Needle":127,"PreservedInsect":177,"champ:DeflectingBracers":310,"Seething Fire":0,"MawBank":222,"Ornamental Fan":22,"Turnip":67,"Slimebound:AbsorbEndCombat":0,"Bottled Lightning":66,"Champion Belt":110,"hexamod:BolsterEngine":57,"Toy Ornithopter":120,"Tiny House":228,"Calipers":233,"CeramicFish":287,"Vajra":41,"Hammer of Thor":0,"Sozu":10,"Centennial Puzzle":86,"HornCleat":248,"DollysMirror":127,"Philosopher\u0027s Stone":35,"Prayer Wheel":37,"Toxic Egg 2":23,"Girya":127,"Happy Flower":77,"Astrolabe":53,"Dead Branch":93,"Oddly Smooth Stone":32,"Letter Opener":18,"War Paint":2,"Question Card":245,"sneckomod:SneckoTalon":268,"Du-Vu Doll":178,"Anvil of the Gods":0,"Brimstone":86,"Shuriken":109,"Bronze Scales":69,"Molten Egg 2":15,"bronze:MakeshiftBattery":278,"Meat on the Bone":41,"Pocketwatch":287,"Darkstone Periapt":110,"Black Blood":193,"Mango":183,"Incense Burner":0,"Empty Cage":26,"ClockworkSouvenir":38,"Nunchaku":51,"TheAbacus":41,"Slimebound:StickyStick":257,"Mummified Hand":260,"Gambling Chip":24,"Pantograph":97,"Red Mask":277,"Odd Mushroom":9,"Orichalcum":168,"Medical Kit":0,"White Beast Statue":5,"Mercury Hourglass":182,"Peace Pipe":73,"CaptainsWheel":94,"Anchor":126,"Bag of Marbles":46,"Coffee Dripper":61,"Membership Card":18,"FossilizedHelix":44,"TungstenRod":149},{"Whetstone":105,"Ginger":1230,"Boot":768,"Sling":1343,"Old Coin":85,"Blood Vial":132,"Sundial":685,"MealTicket":132,"Kunai":129,"Slimebound:AggressiveSlimeRelic":129,"MerchantsRug":129,"Pear":52,"betterAltar:BloodRelic":643,"Blue Candle":181,"Velvet Choker":369,"Eternal Feather":13,"Pen Nib":349,"Guardian:PocketSentry":380,"Akabeko":19,"Bird Faced Urn":311,"MutagenicStrength":761,"Snecko Eye":449,"Mark of Pain":757,"StrikeDummy":108,"Unceasing Top":73,"Regal Pillow":73,"Lantern":77,"Torii":1045,"Singing Bowl":1065,"sneckomod:BlankCard":953,"Magic Flower":460,"StoneCalendar":219,"Bag of Preparation":1158,"Smiling Mask":498,"Ancient Tea Set":1352,"Burning Blood":0,"Matryoshka":108,"Shovel":740,"WingedGreaves":1341,"InkBottle":25,"Paper Frog":772,"Golden Idol":6,"Self Forming Clay":772,"Guardian:GemstoneGun":1142,"Thread and Needle":536,"PreservedInsect":806,"champ:DeflectingBracers":1345,"Seething Fire":0,"MawBank":979,"Ornamental Fan":81,"Turnip":279,"Slimebound:AbsorbEndCombat":0,"Bottled Lightning":274,"Champion Belt":460,"hexamod:BolsterEngine":219,"Toy Ornithopter":504,"Tiny House":994,"Calipers":1007,"CeramicFish":1254,"Vajra":139,"Hammer of Thor":0,"Sozu":45,"Centennial Puzzle":364,"HornCleat":1084,"DollysMirror":536,"Philosopher\u0027s Stone":121,"Prayer Wheel":127,"Toxic Egg 2":85,"Girya":536,"Happy Flower":333,"Astrolabe":198,"Dead Branch":383,"Oddly Smooth Stone":110,"Letter Opener":73,"War Paint":6,"Question Card":1072,"sneckomod:SneckoTalon":1175,"Du-Vu Doll":809,"Anvil of the Gods":0,"Brimstone":364,"Shuriken":456,"Bronze Scales":289,"Molten Egg 2":59,"bronze:MakeshiftBattery":1216,"Meat on the Bone":139,"Pocketwatch":1254,"Darkstone Periapt":460,"Black Blood":871,"Mango":832,"Incense Burner":0,"Empty Cage":95,"ClockworkSouvenir":129,"Nunchaku":186,"TheAbacus":139,"Slimebound:StickyStick":1121,"Mummified Hand":1142,"Gambling Chip":89,"Pantograph":402,"Red Mask":1207,"Odd Mushroom":35,"Orichalcum":768,"Medical Kit":0,"White Beast Statue":19,"Mercury Hourglass":825,"Peace Pipe":319,"CaptainsWheel":386,"Anchor":528,"Bag of Marbles":164,"Coffee Dripper":245,"Membership Card":73,"FossilizedHelix":156,"TungstenRod":676}],"Unceasing Top":[3],"InkBottle":[61],"Pocketwatch":[69],"Meat on the Bone":36},"card_choices":[{"not_picked":["Havoc","Dual Wield"],"picked":"Pommel Strike","floor":1},{"not_picked":["Clothesline","Twin Strike"],"picked":"Bloodletting","floor":2},{"not_picked":["Sword Boomerang","Iron Wave"],"picked":"Whirlwind","floor":3},{"not_picked":["Havoc","Perfected Strike"],"picked":"Shockwave","floor":5},{"not_picked":["Warcry","Reckless Charge","Clothesline"],"picked":"SKIP","floor":6},{"not_picked":["Entrench","Body Slam"],"picked":"Fiend Fire","floor":8},{"not_picked":["Metallicize","Iron Wave"],"picked":"Burning Pact","floor":11},{"not_picked":["Armaments","Heavy Blade","Cleave"],"picked":"SKIP","floor":14},{"not_picked":["Fiend Fire","Double Tap"],"picked":"Exhume","floor":16},{"not_picked":["Clash","Sentinel+1"],"picked":"Fire Breathing","floor":18},{"not_picked":["Havoc","Flex","Thunderclap"],"picked":"SKIP","floor":19},{"not_picked":["Twin Strike","Reckless Charge"],"picked":"True Grit","floor":20},{"not_picked":["Anger","Pommel Strike"],"picked":"Armaments+1","floor":22},{"not_picked":["Havoc","Limit Break"],"picked":"Intimidate+1","floor":24},{"not_picked":["Shrug It Off","Sword Boomerang"],"picked":"Disarm","floor":27},{"not_picked":["Anger","Perfected Strike"],"picked":"Warcry","floor":31},{"not_picked":["Impervious","Feed"],"picked":"Offering","floor":33},{"not_picked":["Iron Wave","Blood for Blood"],"picked":"Inflame+1","floor":35},{"not_picked":["Pommel Strike","Sword Boomerang"],"picked":"True Grit+1","floor":37},{"not_picked":["Dropkick","True Grit"],"picked":"Second Wind","floor":39},{"not_picked":["Rage","Power Through","Sword Boomerang+1"],"picked":"SKIP","floor":41},{"not_picked":["Havoc","Anger"],"picked":"Immolate","floor":44},{"not_picked":["Flex+1","Metallicize"],"picked":"Reaper","floor":47},{"not_picked":["Spot Weakness+1","Pommel Strike+1"],"picked":"Evolve","floor":54}],"player_experience":1029384,"relics_obtained":[{"floor":6,"key":"Magic Flower"},{"floor":8,"key":"Unceasing Top"},{"floor":9,"key":"Meat on the Bone"},{"floor":24,"key":"sneckomod:BlankCard"},{"floor":26,"key":"Happy Flower"},{"floor":29,"key":"Mango"},{"floor":29,"key":"InkBottle"},{"floor":36,"key":"WingedGreaves"},{"floor":39,"key":"champ:DeflectingBracers"},{"floor":41,"key":"MealTicket"},{"floor":44,"key":"Ancient Tea Set"},{"floor":47,"key":"Girya"},{"floor":54,"key":"StrikeDummy"}],"event_choices":[{"damage_healed":0,"gold_gain":0,"player_choice":"Fight","damage_taken":0,"max_hp_gain":0,"max_hp_loss":0,"event_name":"Colosseum","floor":29,"gold_loss":0},{"damage_healed":0,"gold_gain":0,"player_choice":"Fought Nobs","damage_taken":0,"max_hp_gain":0,"max_hp_loss":0,"event_name":"Colosseum","floor":29,"gold_loss":0},{"damage_healed":0,"gold_gain":0,"player_choice":"Fight","damage_taken":0,"max_hp_gain":0,"max_hp_loss":0,"event_name":"Mysterious Sphere","floor":36,"gold_loss":0},{"damage_healed":0,"gold_gain":0,"player_choice":"Fight","damage_taken":0,"max_hp_gain":0,"max_hp_loss":0,"event_name":"MindBloom","floor":39,"gold_loss":0}],"is_beta":false,"boss_relics":[{"not_picked":["Black Blood","Sozu"],"picked":"Mark of Pain"},{"not_picked":["Fusion Hammer","Velvet Choker"],"picked":"Snecko Eye"}],"items_purged_floors":[0,0,4,38],"is_endless":false,"potions_floor_spawned":[5,8,11,14,16,20,27,29,31,33,36,39,41,54],"ascension_level":15}}