{"host":"w8xisjf5mgmfjvmt","time":1612681644,"event":{"mods":["BaseMod","BetterRewards","Challenge The Spire","Conspire","Energized Spire","Filter the Spire","Minty Spire (QoL Compilation)","Quarter Circle Forward PUNCH!","Quick Restart","Relic Filter Mod","Relic Stats","Reliquary","Replay The Spire","Shop Mod","Spicy Shops","StSLib","Thieving Mod","¡¾ÒÅÎï¿¨ÅÆ¡¿REMEMod","óô»ðÖ¸ÄÏ"],"gold_per_floor":[134,18,18,18,18,53,64,75,75,0,51,51,51,51],"floor_reached":13,"language":"ZHS","playtime":287,"items_purged":["ReplayTheSpireMod:Splinters"],"score":232,"play_id":"1c9519cc-cc2d-4d30-84bb-be5bd8bd820c","local_time":"20210207150724","is_ascension_mode":true,"campfire_choices":[{"floor":12,"key":"REST"}],"circlet_count":0,"master_deck":["AscendersBane","conspire:GhostlyStrike","conspire:GhostlyStrike","conspire:GhostlyStrike","conspire:GhostlyStrike","conspire:GhostlyDefend","conspire:GhostlyDefend","conspire:GhostlyDefend","conspire:GhostlyDefend","Zap","Dualcast+1","Apotheosis","Wish","Hologram","Defragment","Cold Snap","BasicCrystalCard","Coolheaded","Compile Driver"],"relics":["Cracked Core","REME_ComplimentaryCards","Gambling Chip","qcfpunch:Wild_Herbs_Ointment","Durian"],"acts_visited":["Exordium"],"potions_floor_usage":[],"damage_taken":[{"damage":6.0,"enemies":"2 Louse","floor":1.0,"turns":5.0},{"damage":49.0,"enemies":"Gremlin Nob","floor":6.0,"turns":4.0},{"damage":4.0,"enemies":"Small Slimes","floor":7.0,"turns":3.0},{"damage":0.0,"enemies":"Cultist","floor":8.0,"turns":3.0},{"damage":1,"enemies":"Lagavulin","floor":11,"turns":7},{"damage":9,"enemies":"Gremlin Nob","floor":13,"turns":3}],"seed_played":"-2119739234236394655","potions_obtained":[{"floor":7.0,"key":"Dexterity Potion"},{"floor":8.0,"key":"Dexterity Potion"}],"is_trial":false,"path_per_floor":["M","$","?","?","?","E","M","M","T","$","E","R","E"],"character_chosen":"DEFECT","items_purchased":["Defragment"],"campfire_rested":1,"item_purchase_floors":[2],"current_hp_per_floor":[58,58,58,58,58,9,5,5,5,5,9,31,22,22],"gold":51,"neow_bonus":"RANDOM_COLORLESS_2","is_daily":false,"chose_seed":false,"campfire_upgraded":0,"win_rate":0.0,"timestamp":1612681644,"path_taken":["M","$","?","?","?","E","M","M","T","$","E","R","E"],"items_purchased_type":["Card"],"build_version":"2020-12-22","purchased_purges":1,"victory":false,"max_hp_per_floor":[71,71,71,71,71,71,71,71,71,71,76,76,76,76],"relic_stats":{"counters":[6,25],"Gambling Chip":[4],"obtain_stats":[{"Gambling Chip":6,"Durian":11,"Cracked Core":0,"REME_ComplimentaryCards":0,"qcfpunch:Wild_Herbs_Ointment":9},{"Gambling Chip":2,"Durian":5,"Cracked Core":0,"REME_ComplimentaryCards":0,"qcfpunch:Wild_Herbs_Ointment":4},{"Gambling Chip":9,"Durian":22,"Cracked Core":0,"REME_ComplimentaryCards":0,"qcfpunch:Wild_Herbs_Ointment":15}]},"card_choices":[{"not_picked":["REME_AllRoundStrike","REME_WheelOfFate"],"picked":"Apotheosis","floor":0.0},{"not_picked":["Rebound","Go for the Eyes"],"picked":"Hologram","floor":1.0},{"not_picked":["Darkness","REME_DataAnalysis"],"picked":"Cold Snap","floor":6.0},{"not_picked":["Melter","Gash"],"picked":"BasicCrystalCard","floor":7.0},{"not_picked":["Rip and Tear","Darkness"],"picked":"Coolheaded","floor":8.0},{"not_picked":["conspire:SharedLibrary","Beam Cell"],"picked":"Compile Driver","floor":11}],"player_experience":1302393,"relics_obtained":[{"floor":6.0,"key":"Gambling Chip"},{"floor":9.0,"key":"qcfpunch:Wild_Herbs_Ointment"},{"floor":11,"key":"Durian"}],"event_choices":[{"damage_healed":0.0,"max_hp_gain":0.0,"max_hp_loss":0.0,"gold_gain":0.0,"event_name":"conspire:LoneGhost","player_choice":"Agree","floor":3.0,"gold_loss":0.0,"damage_taken":0.0},{"damage_healed":0.0,"max_hp_gain":0.0,"max_hp_loss":0.0,"gold_gain":0.0,"event_name":"Liars Game","player_choice":"Ignored","floor":4.0,"gold_loss":0.0,"damage_taken":0.0}],"is_beta":false,"boss_relics":[],"items_purged_floors":[10],"is_endless":false,"potions_floor_spawned":[7,8,11],"killed_by":"Gremlin Nob","ascension_level":20}}