{"host":"i2ntsfwoh5q5m216","time":1612738229,"event":{"mods":["BaseMod","Colored Map","Downfall","Minty Spire (QoL Compilation)","StSLib"],"gold_per_floor":[118,18,36,36,55,86,86,86,86,86,66,98,117,132,132,235,235,246,30,49,49,49,49,69,69,141,169,169,169,186,186,186,186,186],"floor_reached":33,"language":"ENG","playtime":800,"items_purged":["downfall:Haunted"],"score":323,"play_id":"31a65937-e17c-46f6-a5e9-92ca4dea4a55","local_time":"20210207165029","is_ascension_mode":false,"campfire_choices":[{"data":"Envenom","floor":7.0,"key":"SMITH"},{"data":"Infinite Blades","floor":15.0,"key":"SMITH"},{"data":"Envenom","floor":23.0,"key":"SMITH"},{"floor":25,"key":"REST"},{"floor":29,"key":"REST"},{"floor":32,"key":"REST"}],"circlet_count":0,"master_deck":["Strike_G","Strike_G","Strike_G","Strike_G","Strike_G","Defend_G","Defend_G","Defend_G","Defend_G","Defend_G","Survivor","Neutralize","Envenom+1","Bane","Dagger Spray","Bane","Infinite Blades+1","Bouncing Flask","Riddle With Holes+1","Footwork","Envenom+1","Blur","Finisher+1","Infinite Blades","Burst"],"relics":["Ring of the Snake","Meat on the Bone","Ancient Tea Set","Molten Egg 2","Ornamental Fan","WristBlade","TwistedFunnel","Question Card","Omamori","MutagenicStrength","Paper Crane"],"acts_visited":["Exordium","TheCity"],"potions_floor_usage":[24,27,33,33],"damage_taken":[{"damage":0.0,"enemies":"Jaw Worm","floor":1.0,"turns":6.0},{"damage":0.0,"enemies":"2 Louse","floor":3.0,"turns":3.0},{"damage":0.0,"enemies":"Cultist","floor":5.0,"turns":4.0},{"damage":21.0,"enemies":"3 Sentries","floor":6.0,"turns":8.0},{"damage":13.0,"enemies":"Lagavulin","floor":12.0,"turns":6.0},{"damage":2.0,"enemies":"Blue Slaver","floor":13.0,"turns":4.0},{"damage":6.0,"enemies":"Large Slime","floor":14.0,"turns":5.0},{"damage":0.0,"enemies":"Slime Boss","floor":16.0,"turns":5.0},{"damage":2.0,"enemies":"Chosen","floor":18.0,"turns":4.0},{"damage":21.0,"enemies":"2 Thieves","floor":20.0,"turns":3.0},{"damage":23,"enemies":"Shelled Parasite and Fungi","floor":24,"turns":5},{"damage":39,"enemies":"Slavers","floor":27,"turns":4},{"damage":30,"enemies":"Sentry and Sphere","floor":30,"turns":6},{"damage":46,"enemies":"Collector","floor":33,"turns":6}],"seed_played":"2447673077732682443","potions_obtained":[{"floor":5.0,"key":"Fire Potion"},{"floor":11.0,"key":"SpeedPotion"},{"floor":13.0,"key":"Ancient Potion"},{"floor":24,"key":"PowerPotion"},{"floor":30,"key":"LiquidMemories"}],"is_trial":false,"path_per_floor":["M","$","M","$","M","E","R","?","T","?","?","E","M","M","R","B",null,"M","$","M","$","?","R","M","R","T","E","?","R","M","?","R","B"],"character_chosen":"THE_SILENT","items_purchased":["Dagger Spray","TwistedFunnel","Blur"],"campfire_rested":3,"item_purchase_floors":[2,19,19],"current_hp_per_floor":[70,70,70,70,70,49,49,37,37,37,37,36,46,40,40,40,70,68,68,47,47,34,34,23,45,45,18,18,40,22,22,44,0,0],"gold":186,"neow_bonus":"THREE_RARE_CARDS","is_daily":false,"chose_seed":false,"campfire_upgraded":3,"win_rate":0.0,"timestamp":1612738229,"path_taken":["M","$","M","$","M","E","R","?","T","?","?","E","M","M","R","BOSS","M","$","M","$","?","R","M","R","T","E","?","R","M","?","R","BOSS"],"items_purchased_type":["Card","Relic","Card"],"build_version":"2020-12-22","purchased_purges":1,"victory":false,"max_hp_per_floor":[70,70,70,70,70,70,70,70,70,70,70,70,70,70,70,70,70,70,70,70,70,75,75,75,75,75,75,75,75,75,75,75,75,75],"card_choices":[{"not_picked":["Adrenaline","Burst"],"picked":"Envenom","floor":0.0},{"not_picked":["PiercingWail","Deflect"],"picked":"Bane","floor":1.0},{"not_picked":["Poisoned Stab","Deadly Poison"],"picked":"Bane","floor":3.0},{"not_picked":["Well Laid Plans","Dagger Throw"],"picked":"Infinite Blades","floor":5.0},{"not_picked":["Glass Knife","Distraction","Tactician"],"picked":"SKIP","floor":6.0},{"not_picked":["Quick Slash+1","Tactician"],"picked":"Bouncing Flask","floor":12.0},{"not_picked":["Dagger Throw+1","Dagger Spray+1"],"picked":"Riddle With Holes+1","floor":13.0},{"not_picked":["Bouncing Flask","Bane+1"],"picked":"Footwork","floor":14.0},{"not_picked":["Tools of the Trade","Malaise"],"picked":"Envenom","floor":16.0},{"not_picked":["Flying Knee+1","Dash+1","Footwork"],"picked":"SKIP","floor":18.0},{"not_picked":["Reflex","Poisoned Stab+1"],"picked":"Finisher+1","floor":20.0},{"not_picked":["Deflect","Underhanded Strike+1","Quick Slash+1"],"picked":"SKIP","floor":24},{"not_picked":["Outmaneuver+1","Backflip","Deflect+1"],"picked":"Infinite Blades","floor":27},{"not_picked":["Predator+1","Outmaneuver+1","Distraction"],"picked":"Burst","floor":30}],"player_experience":52719,"relics_obtained":[{"floor":6.0,"key":"Meat on the Bone"},{"floor":9.0,"key":"Molten Egg 2"},{"floor":12.0,"key":"Ornamental Fan"},{"floor":26,"key":"Question Card"},{"floor":27,"key":"Omamori"}],"event_choices":[{"damage_healed":0.0,"max_hp_gain":0.0,"max_hp_loss":0.0,"gold_gain":0.0,"event_name":"Scrap Ooze","player_choice":"Success","floor":8.0,"gold_loss":0.0,"damage_taken":12.0,"relics_obtained":["Ancient Tea Set"]},{"damage_healed":0.0,"max_hp_gain":0.0,"max_hp_loss":0.0,"gold_gain":0.0,"event_name":"Dead Adventurer","player_choice":"Searched \u00270\u0027 times","floor":10.0,"gold_loss":0.0,"damage_taken":0.0},{"damage_healed":0.0,"max_hp_gain":0.0,"max_hp_loss":0.0,"gold_gain":0.0,"event_name":"The Woman in Blue","player_choice":"Bought 1 Potion","floor":11.0,"gold_loss":0.0,"damage_taken":0.0},{"damage_healed":0.0,"max_hp_gain":5.0,"max_hp_loss":0.0,"gold_gain":0.0,"event_name":"Forgotten Altar","player_choice":"Shed Blood","floor":22.0,"gold_loss":0.0,"damage_taken":18.0},{"damage_healed":0,"gold_gain":0,"player_choice":"Inject Mutagens","damage_taken":0,"relics_obtained":["MutagenicStrength"],"max_hp_gain":0,"max_hp_loss":0,"event_name":"Drug Dealer","floor":28,"gold_loss":0},{"damage_healed":0,"gold_gain":0,"player_choice":"Opened","damage_taken":0,"relics_obtained":["Paper Crane"],"max_hp_gain":0,"max_hp_loss":0,"event_name":"The Mausoleum","floor":31,"gold_loss":0}],"is_beta":false,"boss_relics":[{"not_picked":["Fusion Hammer","Empty Cage"],"picked":"WristBlade"}],"items_purged_floors":[2],"is_endless":false,"potions_floor_spawned":[5,13,14,24,30],"killed_by":"Collector","ascension_level":0}}