{"host":"9r21pjsoidsmrzpr","time":1612737365,"event":{"mods":["AchievementEnabler","BaseMod","Hermit","Minty Spire (QoL Compilation)","Reliquary","Replay The Spire","StSLib","The Disciple","The Hierophant","The Runesmith"],"gold_per_floor":[216,2808,2808,2808,2826,2859,2468,2503,2555,2555,2569,2589,2608,2627,2627,2722,2722,2739,2739,2568,2535,2550,2550,2550,2564,2564,2577,2577,2577,2595,2610,2610,2713,2713,2732,2742,2742,2762,2772,2797,2797,2797,2797,2807,2807,2807,2770,2788,2788,2788],"floor_reached":51,"language":"ENG","playtime":17864,"items_purged":["hermit:Defend_Hermit","hermit:Strike_Hermit"],"score":666,"play_id":"35957f80-2f7e-4dc9-aec4-48d1aae071bc","local_time":"20210208013605","is_ascension_mode":false,"campfire_choices":[{"data":"hermit:Showdown","floor":10.0,"key":"SMITH"},{"data":"hermit:GoldenBullet","floor":15.0,"key":"SMITH"},{"floor":23.0,"key":"REST"},{"data":"hermit:Dive","floor":28.0,"key":"SMITH"},{"data":"hermit:Vantage","floor":32.0,"key":"SMITH"},{"data":"hermit:Dive","floor":42,"key":"SMITH"},{"data":"hermit:HeroicBravado","floor":49,"key":"SMITH"}],"circlet_count":0,"master_deck":["hermit:Strike_Hermit","hermit:Strike_Hermit","hermit:Strike_Hermit","hermit:Defend_Hermit","hermit:Defend_Hermit","hermit:Snapshot","hermit:Covet","hermit:Coalescence","Panache","hermit:Glare","hermit:BigShot","hermit:Roulette+1","hermit:Headshot","hermit:CursedWeapon","hermit:Dive+1","Swift Strike","hermit:TakeAim","hermit:Showdown+1","hermit:GoldenBullet+1","hermit:Purgatory","hermit:Horror","Panache","hermit:Gestalt","hermit:Snipe","hermit:HoleUp+1","hermit:GoldenBullet+1","hermit:Vantage+1","hermit:HeroicBravado+1","hermit:Feint","Dark Shackles","hermit:Dive+1","hermit:Ricochet","hermit:Gestalt+1","hermit:Glare+1","hermit:Ricochet+1"],"relics":["hermit:Momento"],"acts_visited":["Exordium","TheCity","TheBeyond"],"potions_floor_usage":[39,50,50,50,50,50,50],"damage_taken":[{"damage":0.0,"enemies":"2 Louse","floor":1.0,"turns":2.0},{"damage":3.0,"enemies":"Jaw Worm","floor":5.0,"turns":2.0},{"damage":7.0,"enemies":"Gremlin Nob","floor":6.0,"turns":3.0},{"damage":39.0,"enemies":"3 Sentries","floor":8.0,"turns":9.0},{"damage":2.0,"enemies":"Small Slimes","floor":11.0,"turns":3.0},{"damage":0.0,"enemies":"Exordium Thugs","floor":12.0,"turns":2.0},{"damage":5.0,"enemies":"3 Louse","floor":13.0,"turns":3.0},{"damage":2.0,"enemies":"Large Slime","floor":14.0,"turns":6.0},{"damage":58.0,"enemies":"Fading Forest","floor":16.0,"turns":11.0},{"damage":10.0,"enemies":"Spheric Guardian","floor":18.0,"turns":3.0},{"damage":64.0,"enemies":"3 Byrds","floor":22.0,"turns":4.0},{"damage":47.0,"enemies":"Snake Plant","floor":25.0,"turns":3.0},{"damage":19.0,"enemies":"Centurion and Healer","floor":27.0,"turns":5.0},{"damage":40.0,"enemies":"3 Cultists","floor":30.0,"turns":5.0},{"damage":13.0,"enemies":"Chosen and Byrds","floor":31.0,"turns":4.0},{"damage":173,"enemies":"Pondfish","floor":33,"turns":13},{"damage":26,"enemies":"3 Shapes","floor":35,"turns":4},{"damage":20,"enemies":"Orb Walker","floor":36,"turns":4},{"damage":34,"enemies":"4 Shapes","floor":38,"turns":6},{"damage":39,"enemies":"Maw","floor":39,"turns":9},{"damage":73,"enemies":"Reptomancer","floor":40,"turns":7},{"damage":16,"enemies":"Spire Growth","floor":44,"turns":5},{"damage":5,"enemies":"3 Darklings","floor":48,"turns":5},{"damage":225,"enemies":"Replay:Hell Engine","floor":50,"turns":21}],"seed_played":"-558902855079673282","potions_obtained":[{"floor":6.0,"key":"Cursed Concoction"},{"floor":13.0,"key":"PowerPotion"},{"floor":14.0,"key":"SpeedPotion"},{"floor":16.0,"key":"FairyPotion"},{"floor":18.0,"key":"PowerPotion"},{"floor":25.0,"key":"SpeedPotion"},{"floor":33,"key":"Block Potion"},{"floor":46,"key":"SteroidPotion"},{"floor":46,"key":"EntropicBrew"},{"floor":48,"key":"PowerPotion"}],"is_trial":false,"path_per_floor":["M","$","?","?","M","E","$","E","T","R","M","M","M","M","R","B",null,"M","?","$","$","M","R","?","M","T","M","R","?","M","M","R","B",null,"M","M","?","M","M","E","?","R","T","M","$","?","$","M","R","B",null],"character_chosen":"HERMIT","items_purchased":["Panache","hermit:Glare","hermit:BigShot","hermit:CursedWeapon","hermit:Dive","Swift Strike","hermit:TakeAim","Panache","hermit:Gestalt","hermit:Glare+1"],"campfire_rested":1,"item_purchase_floors":[2,2,2,7,7,7,7,20,21,47],"current_hp_per_floor":[75,75,75,75,72,65,65,75,75,75,73,73,68,66,66,18,75,65,65,65,65,1,23,80,33,33,76,76,76,80,67,67,22,80,54,34,34,75,36,67,67,67,67,51,51,51,51,46,46,21],"gold":2788,"neow_bonus":"HUNDRED_GOLD","is_daily":false,"chose_seed":false,"campfire_upgraded":6,"win_rate":0.0,"timestamp":1612737365,"path_taken":["M","$","?","?","M","E","$","E","T","R","M","M","M","?","R","BOSS","M","?","?","$","M","R","?","M","T","M","R","?","M","?","R","BOSS","M","M","?","M","M","E","?","R","T","?","$","?","$","?","R","BOSS"],"items_purchased_type":["Card","Card","Card","Card","Card","Card","Card","Card","Card","Card"],"build_version":"2020-12-22","purchased_purges":2,"victory":true,"max_hp_per_floor":[75,75,75,75,75,75,75,75,75,75,75,75,75,75,75,75,75,75,75,75,75,75,75,80,80,80,80,80,80,80,80,80,80,80,80,80,80,80,80,80,80,80,80,80,80,80,80,80,80,80],"card_choices":[{"not_picked":["hermit:Vantage","hermit:Desperado"],"picked":"hermit:Coalescence","floor":1.0},{"not_picked":["hermit:Manifest","hermit:SprayPray","hermit:CalledShot"],"picked":"SKIP","floor":5.0},{"not_picked":["hermit:Ricochet","hermit:Magnum"],"picked":"hermit:Headshot","floor":6.0},{"not_picked":["hermit:DeadOrAlive","hermit:HoleUp"],"picked":"hermit:Showdown","floor":8.0},{"not_picked":["hermit:Combo","hermit:Misfire","hermit:BigShot"],"picked":"SKIP","floor":11.0},{"not_picked":["hermit:Cheat","hermit:Malice","hermit:Grudge"],"picked":"SKIP","floor":12.0},{"not_picked":["hermit:Desperado","hermit:ItchyTrigger"],"picked":"hermit:GoldenBullet","floor":13.0},{"not_picked":["hermit:Misfire","hermit:HighCaliber","hermit:NoHoldsBarred"],"picked":"SKIP","floor":14.0},{"not_picked":["hermit:Misfire","hermit:HighCaliber","hermit:NoHoldsBarred"],"picked":"SKIP","floor":14.0},{"not_picked":["hermit:Gambit","hermit:Dissolve"],"picked":"hermit:Purgatory","floor":16.0},{"not_picked":["hermit:Misfire+1","hermit:Spite"],"picked":"hermit:Horror","floor":18.0},{"not_picked":["hermit:Virtue+1","hermit:CursedWeapon+1"],"picked":"hermit:Snipe","floor":22.0},{"not_picked":["hermit:FlashPowder","hermit:Grudge"],"picked":"hermit:HoleUp+1","floor":25.0},{"not_picked":["hermit:Combo","hermit:Spite","hermit:Malice"],"picked":"SKIP","floor":27.0},{"not_picked":["hermit:Shortfuse","hermit:LowProfile"],"picked":"hermit:Vantage","floor":30.0},{"not_picked":["hermit:Brawl","hermit:Headshot","hermit:OverwhelmingPower"],"picked":"SKIP","floor":31.0},{"not_picked":["hermit:OverwhelmingPower","hermit:RoundhouseKick"],"picked":"hermit:HeroicBravado","floor":33},{"not_picked":["hermit:ItchyTrigger","hermit:Shortfuse"],"picked":"hermit:Feint","floor":35},{"not_picked":["hermit:WideOpen+1","hermit:GoldenBullet","hermit:Maintenance"],"picked":"SKIP","floor":36},{"not_picked":["Replay:Parry","Finesse"],"picked":"Dark Shackles","floor":37},{"not_picked":["hermit:Snipe+1","hermit:Misfire"],"picked":"hermit:Dive","floor":38},{"not_picked":["hermit:Misfire+1","hermit:SprayPray+1"],"picked":"hermit:Ricochet","floor":39},{"not_picked":["hermit:RoundhouseKick","hermit:Feint+1","hermit:SprayPray+1"],"picked":"SKIP","floor":40},{"not_picked":["hermit:HoleUp+1","hermit:Desperado+1"],"picked":"hermit:Gestalt+1","floor":44},{"not_picked":["hermit:Desperado","hermit:Combo"],"picked":"hermit:Ricochet+1","floor":48}],"player_experience":713774,"relics_obtained":[],"event_choices":[{"damage_healed":0.0,"max_hp_gain":0.0,"max_hp_loss":0.0,"gold_gain":0.0,"event_name":"Golden Idol","player_choice":"Ignored","floor":4.0,"gold_loss":0.0,"damage_taken":0.0},{"damage_healed":0.0,"max_hp_gain":0.0,"max_hp_loss":0.0,"gold_gain":0.0,"event_name":"FaceTrader","player_choice":"Leave","floor":19.0,"gold_loss":0.0,"damage_taken":0.0},{"damage_healed":0.0,"max_hp_gain":5.0,"max_hp_loss":0.0,"gold_gain":0.0,"event_name":"Forgotten Altar","player_choice":"Shed Blood","floor":24.0,"gold_loss":0.0,"damage_taken":19.0},{"damage_healed":0.0,"max_hp_gain":0.0,"max_hp_loss":0.0,"gold_gain":0.0,"event_name":"Duplicator","player_choice":"Copied","floor":29.0,"gold_loss":0.0,"damage_taken":0.0,"cards_obtained":["hermit:GoldenBullet"]},{"damage_healed":0,"gold_gain":0,"player_choice":"Memory 1","damage_taken":0,"max_hp_gain":0,"max_hp_loss":0,"event_name":"SensoryStone","floor":37,"gold_loss":0},{"damage_healed":0,"gold_gain":0,"player_choice":"Ignored","damage_taken":0,"max_hp_gain":0,"max_hp_loss":0,"event_name":"NoteForYourself","floor":41,"gold_loss":0},{"damage_healed":0,"gold_gain":0,"player_choice":"Got Potions","damage_taken":0,"max_hp_gain":0,"max_hp_loss":0,"event_name":"Lab","floor":46,"gold_loss":0}],"is_beta":false,"boss_relics":[{"not_picked":["Pandora\u0027s Box","Runic Pyramid","hermit:BartenderGlass"]},{"not_picked":["Empty Cage","Philosopher\u0027s Stone","SacredBark"]}],"items_purged_floors":[2,7],"is_endless":false,"potions_floor_spawned":[6,13,14,16,18,25,33,35,38,48],"ascension_level":0}}