{"host":"41d2uy75sdxmy7nu","time":1612661182,"event":{"mods":["BaseMod","Block Reminder","Colored Powertips","DeckTracker","Highlight Path","Minty Spire (QoL Compilation)","Permanent Neow","Quick Restart","Rare Cards Sparkle","Relic Stats","Robot Space Explorer","StSLib","The Marked","The Servant 0.9.4"],"gold_per_floor":[369,249,260,277,166,201,201,232,232,246,256,256,276,305,305,406,406,419,435,451,468,195,195,223,223,223,223,223,223],"floor_reached":28,"language":"ENG","playtime":1112,"items_purged":["Strike_R"],"score":299,"play_id":"3779e6ba-f087-462e-9099-0d2ff2f8afc5","local_time":"20210206182622","is_ascension_mode":true,"campfire_choices":[{"data":"Fire Breathing","floor":7.0,"key":"SMITH"},{"floor":12.0,"key":"REST"},{"floor":15.0,"key":"REST"},{"floor":23.0,"key":"REST"},{"floor":25,"key":"REST"},{"floor":27,"key":"REST"}],"circlet_count":0,"master_deck":["Strike_R","Strike_R","Strike_R","Strike_R","Defend_R","Defend_R","Defend_R","Defend_R","Bash","Inflame","Twin Strike","Carnage","True Grit","Fire Breathing+1","Power Through","Shrug It Off","Sentinel","Inflame","Cleave","Armaments","Anger","Berserk","Armaments","Metallicize+1","Heavy Blade+1","Rage","Armaments"],"relics":["Burning Blood","Pantograph","Bottled Tornado","Shuriken","Gambling Chip","Fusion Hammer","PrismaticShard","Frozen Egg 2"],"acts_visited":["Exordium","TheCity"],"potions_floor_usage":[24],"damage_taken":[{"damage":1.0,"enemies":"Cultist","floor":1.0,"turns":3.0},{"damage":0.0,"enemies":"Small Slimes","floor":3.0,"turns":3.0},{"damage":0.0,"enemies":"2 Louse","floor":4.0,"turns":3.0},{"damage":38.0,"enemies":"Gremlin Nob","floor":6.0,"turns":5.0},{"damage":33.0,"enemies":"Lagavulin","floor":8.0,"turns":5.0},{"damage":9.0,"enemies":"2 Fungi Beasts","floor":10.0,"turns":3.0},{"damage":13.0,"enemies":"Large Slime","floor":11.0,"turns":5.0},{"damage":16.0,"enemies":"Blue Slaver","floor":13.0,"turns":3.0},{"damage":20.0,"enemies":"3 Sentries","floor":14.0,"turns":6.0},{"damage":26.0,"enemies":"Hexaghost","floor":16.0,"turns":9.0},{"damage":8.0,"enemies":"Chosen","floor":18.0,"turns":3.0},{"damage":11.0,"enemies":"Spheric Guardian","floor":19.0,"turns":5.0},{"damage":34.0,"enemies":"Chosen and Byrds","floor":20.0,"turns":7.0},{"damage":16.0,"enemies":"3 Cultists","floor":21.0,"turns":5.0},{"damage":58,"enemies":"Book of Stabbing","floor":24,"turns":8},{"damage":65,"enemies":"Gremlin Leader","floor":28,"turns":6}],"seed_played":"-4253575654951799356","potions_obtained":[{"floor":1.0,"key":"BlessingOfTheForge"},{"floor":8.0,"key":"Weak Potion"},{"floor":10.0,"key":"BloodPotion"},{"floor":13.0,"key":"FearPotion"},{"floor":18.0,"key":"Explosive Potion"}],"is_trial":false,"path_per_floor":["M","$","M","M","$","E","R","E","T","M","M","R","M","E","R","B",null,"M","M","M","M","$","R","E","R","T","R","E"],"character_chosen":"IRONCLAD","items_purchased":["Twin Strike","Fire Breathing","Power Through","PrismaticShard","Rage","SkillPotion"],"campfire_rested":5,"item_purchase_floors":[2,5,5,22,22,22],"current_hp_per_floor":[61,61,67,73,73,41,41,14,14,11,20,44,34,20,44,49,80,78,73,45,35,35,59,7,31,31,55,0,0],"gold":223,"neow_bonus":"TWO_FIFTY_GOLD","is_daily":false,"chose_seed":false,"campfire_upgraded":1,"win_rate":0.0,"timestamp":1612661182,"path_taken":["M","$","M","M","$","E","R","E","T","M","M","R","M","E","R","BOSS","M","?","M","M","?","R","E","R","T","R","E"],"items_purchased_type":["Card","Card","Card","Relic","Card","Potion"],"build_version":"2020-12-22","purchased_purges":1,"victory":false,"max_hp_per_floor":[80,80,80,80,80,80,80,80,80,80,80,80,80,80,80,80,80,80,80,80,80,80,80,80,80,80,80,80,80],"relic_stats":{"counters":[16,79],"Shuriken":[5],"Pantograph":25,"Gambling Chip":[18],"obtain_stats":[{"Shuriken":9,"Pantograph":6,"Gambling Chip":14,"Fusion Hammer":17,"Bottled Tornado":8,"Frozen Egg 2":26,"PrismaticShard":22,"Burning Blood":0},{"Shuriken":5,"Pantograph":4,"Gambling Chip":9,"Fusion Hammer":10,"Bottled Tornado":5,"Frozen Egg 2":15,"PrismaticShard":14,"Burning Blood":0},{"Shuriken":19,"Pantograph":14,"Gambling Chip":36,"Fusion Hammer":45,"Bottled Tornado":19,"Frozen Egg 2":73,"PrismaticShard":65,"Burning Blood":0}],"Burning Blood":90},"card_choices":[{"not_picked":["Burning Pact","Sword Boomerang"],"picked":"Inflame","floor":1.0},{"not_picked":["Havoc","Perfected Strike"],"picked":"Carnage","floor":3.0},{"not_picked":["Blood for Blood","Twin Strike"],"picked":"True Grit","floor":4.0},{"not_picked":["Body Slam","Uppercut"],"picked":"Shrug It Off","floor":6.0},{"not_picked":["Uppercut","Headbutt"],"picked":"Sentinel","floor":8.0},{"not_picked":["Offering","Cleave"],"picked":"Inflame","floor":10.0},{"not_picked":["Body Slam","Fire Breathing"],"picked":"Cleave","floor":11.0},{"not_picked":["Shrug It Off","Burning Pact"],"picked":"Armaments","floor":13.0},{"not_picked":["Immolate","Shrug It Off"],"picked":"Anger","floor":14.0},{"not_picked":["Offering","Fiend Fire"],"picked":"Berserk","floor":16.0},{"not_picked":["Sword Boomerang","Sever Soul"],"picked":"Armaments","floor":18.0},{"not_picked":["Anger+1","Perfected Strike"],"picked":"Metallicize+1","floor":19.0},{"not_picked":["True Grit","Feel No Pain"],"picked":"Heavy Blade+1","floor":20.0},{"not_picked":["Clothesline","Cleave","Pommel Strike"],"picked":"SKIP","floor":21.0},{"not_picked":["Uppercut","SilverBlades"],"picked":"Armaments","floor":24}],"player_experience":858767,"relics_obtained":[{"floor":6.0,"key":"Pantograph"},{"floor":8.0,"key":"Bottled Tornado"},{"floor":9.0,"key":"Shuriken"},{"floor":14.0,"key":"Gambling Chip"},{"floor":26,"key":"Frozen Egg 2"}],"event_choices":[],"is_beta":false,"boss_relics":[{"not_picked":["Runic Cube","Tiny House"],"picked":"Fusion Hammer"}],"items_purged_floors":[2],"is_endless":false,"potions_floor_spawned":[1,8,10,13,18],"killed_by":"Gremlin Leader","ascension_level":3}}