{"host":"aapp7ew3jk5k1bvd","time":1612688014,"event":{"mods":["AchievementEnabler","BaseMod","Colored Map","Minty Spire (QoL Compilation)","Permanent Neow","StSLib","SuperFastMode"],"gold_per_floor":[116,136,152,152,163,163,197,197,197,162,182,65,82,92,92,169,169,189,189,104,104,104,104,122,138,138,77,77,77,77],"floor_reached":29,"language":"KOR","playtime":633,"items_purged":["Strike_G"],"score":368,"play_id":"b406bc05-d625-4397-9c9b-18b5b9213429","local_time":"20210207175334","is_ascension_mode":true,"campfire_choices":[{"data":"Accuracy","floor":6.0,"key":"SMITH"},{"floor":8.0,"key":"REST"},{"data":"Infinite Blades","floor":15.0,"key":"SMITH"},{"floor":23.0,"key":"REST"},{"data":"Envenom","floor":28.0,"key":"SMITH"}],"circlet_count":0,"master_deck":["AscendersBane","Strike_G","Strike_G","Strike_G","Strike_G","Defend_G","Defend_G","Defend_G","Defend_G","Defend_G","Survivor","Neutralize","Dagger Spray","Blade Dance","Accuracy+1","Infinite Blades+1","Envenom+1","Infinite Blades"],"relics":["Ring of the Snake","Eternal Feather","The Courier","Odd Mushroom","Mercury Hourglass","Toy Ornithopter","Paper Crane"],"acts_visited":["Exordium","TheCity"],"potions_floor_usage":[29],"damage_taken":[{"damage":0.0,"enemies":"Cultist","floor":1.0,"turns":6.0},{"damage":4.0,"enemies":"Small Slimes","floor":2.0,"turns":3.0},{"damage":7.0,"enemies":"Jaw Worm","floor":3.0,"turns":5.0},{"damage":5.0,"enemies":"2 Fungi Beasts","floor":5.0,"turns":5.0},{"damage":25.0,"enemies":"Lagavulin","floor":7.0,"turns":7.0},{"damage":10.0,"enemies":"The Mushroom Lair","floor":11.0,"turns":3.0},{"damage":0.0,"enemies":"Exordium Thugs","floor":13.0,"turns":5.0},{"damage":1.0,"enemies":"Blue Slaver","floor":14.0,"turns":3.0},{"damage":12.0,"enemies":"Slime Boss","floor":16.0,"turns":8.0},{"damage":44.0,"enemies":"2 Thieves","floor":18.0,"turns":5.0},{"damage":7.0,"enemies":"Shell Parasite","floor":24.0,"turns":7.0},{"damage":9.0,"enemies":"Snecko","floor":25.0,"turns":4.0},{"damage":33,"enemies":"Book of Stabbing","floor":29,"turns":5}],"seed_played":"-7071140947674994731","potions_obtained":[{"floor":2.0,"key":"BlessingOfTheForge"},{"floor":3.0,"key":"Strength Potion"},{"floor":5.0,"key":"Explosive Potion"},{"floor":11.0,"key":"Explosive Potion"},{"floor":18.0,"key":"Block Potion"},{"floor":25.0,"key":"Dexterity Potion"}],"is_trial":false,"path_per_floor":["M","M","M","?","M","R","E","R","T","?","?","$","M","M","R","B",null,"M","?","?","?","?","R","M","M","T","$","R","E"],"character_chosen":"THE_SILENT","items_purchased":["Infinite Blades","Infinite Blades"],"campfire_rested":2,"item_purchase_floors":[12,27],"current_hp_per_floor":[63,59,52,52,47,47,22,52,52,69,59,59,59,58,67,55,66,22,22,22,22,22,52,45,41,41,41,50,22,22],"gold":77,"neow_bonus":"THREE_CARDS","is_daily":false,"chose_seed":false,"campfire_upgraded":3,"win_rate":0.0,"timestamp":1612688014,"path_taken":["M","?","M","?","M","R","E","R","T","?","?","$","?","M","R","BOSS","M","?","?","?","?","R","M","M","T","$","R","E"],"items_purchased_type":["Card","Card"],"build_version":"2020-12-22","purchased_purges":1,"victory":false,"max_hp_per_floor":[70,70,70,70,70,70,70,70,70,70,70,70,70,70,70,70,70,70,70,70,70,70,70,70,70,70,70,70,70,70],"card_choices":[{"not_picked":["Sucker Punch","Outmaneuver"],"picked":"Dagger Spray","floor":0.0},{"not_picked":["Slice","Prepared"],"picked":"Blade Dance","floor":1.0},{"not_picked":["Setup","Expertise","PiercingWail"],"picked":"SKIP","floor":2.0},{"not_picked":["Cloak And Dagger","Dagger Throw"],"picked":"Accuracy","floor":3.0},{"not_picked":["Dodge and Roll","Deflect","Catalyst"],"picked":"SKIP","floor":5.0},{"not_picked":["Riddle With Holes","Poisoned Stab","Underhanded Strike"],"picked":"SKIP","floor":7.0},{"not_picked":["PiercingWail","Dodge and Roll","Distraction"],"picked":"SKIP","floor":13.0},{"not_picked":["Backstab","Prepared","Masterful Stab"],"picked":"SKIP","floor":14.0},{"not_picked":["Glass Knife","Night Terror"],"picked":"Envenom","floor":16.0},{"not_picked":["Backflip+1","Bane","Riddle With Holes+1"],"picked":"SKIP","floor":18.0},{"not_picked":["Acrobatics","Deadly Poison","Choke"],"picked":"SKIP","floor":24.0},{"not_picked":["Deadly Poison","Tactician","Underhanded Strike"],"picked":"SKIP","floor":25.0}],"player_experience":1331638,"relics_obtained":[{"floor":7.0,"key":"Eternal Feather"},{"floor":9.0,"key":"The Courier"},{"floor":11.0,"key":"Odd Mushroom"},{"floor":26.0,"key":"Paper Crane"}],"event_choices":[{"damage_healed":0.0,"max_hp_gain":0.0,"max_hp_loss":0.0,"gold_gain":0.0,"event_name":"Golden Idol","player_choice":"Ignored","floor":4.0,"gold_loss":0.0,"damage_taken":0.0},{"damage_healed":17.0,"max_hp_gain":0.0,"max_hp_loss":0.0,"gold_gain":0.0,"event_name":"The Cleric","player_choice":"Healed","floor":10.0,"gold_loss":35.0,"damage_taken":0.0},{"damage_healed":0.0,"max_hp_gain":0.0,"max_hp_loss":0.0,"gold_gain":0.0,"event_name":"Mushrooms","player_choice":"Fought Mushrooms","floor":11.0,"gold_loss":0.0,"damage_taken":0.0},{"damage_healed":0.0,"max_hp_gain":0.0,"max_hp_loss":0.0,"gold_gain":0.0,"event_name":"Ghosts","player_choice":"Ignored","floor":19.0,"gold_loss":0.0,"damage_taken":0.0},{"damage_healed":0.0,"max_hp_gain":0.0,"max_hp_loss":0.0,"gold_gain":0.0,"event_name":"Addict","player_choice":"Obtained Relic","floor":20.0,"gold_loss":85.0,"damage_taken":0.0,"relics_obtained":["Mercury Hourglass"]},{"damage_healed":0.0,"max_hp_gain":0.0,"max_hp_loss":0.0,"gold_gain":0.0,"event_name":"Vampires","player_choice":"Ignored","floor":21.0,"gold_loss":0.0,"damage_taken":0.0},{"damage_healed":0.0,"max_hp_gain":0.0,"max_hp_loss":0.0,"gold_gain":0.0,"event_name":"The Mausoleum","player_choice":"Opened","floor":22.0,"gold_loss":0.0,"damage_taken":0.0,"relics_obtained":["Toy Ornithopter"]}],"is_beta":false,"boss_relics":[{"not_picked":["Snecko Eye","Philosopher\u0027s Stone","Ectoplasm"]}],"items_purged_floors":[12],"is_endless":false,"potions_floor_spawned":[2,3,5,11,18,25],"killed_by":"Book of Stabbing","ascension_level":13}}