{"host":"udml3bba5m6xpjx7","time":1612660059,"event":{"mods":["BaseMod","Better Match","Better Third Choice","Block Reminder","Downfall","Minty Spire (QoL Compilation)","Rare Cards Sparkle","Relic Stats","StSLib","Swap Starting Deck Mod"],"gold_per_floor":[99,113,98,98,49,68,68,96,110,10,41,55,66,101,111,206,206,106,120,120,105,90,124,149,49,74,84,84,290,290,290,310,410,410,410,423,423,277,277,277,277,20,69,102,119,135,135,145,157,157,157,157],"floor_reached":50,"language":"ENG","playtime":2883,"items_purged":[],"score":653,"play_id":"6abdfdfa-1973-42fe-af38-0484eb338d70","local_time":"20210206170739","is_ascension_mode":false,"campfire_choices":[{"floor":1,"key":"RECALL"},{"floor":10,"key":"DIG"},{"floor":18,"key":"DIG"},{"floor":25,"key":"DIG"},{"floor":28,"key":"DIG"},{"floor":30,"key":"DIG"},{"floor":35,"key":"DIG"},{"floor":40,"key":"DIG"}],"circlet_count":0,"master_deck":["bronze:Strike","bronze:Strike","bronze:Defend","bronze:Defend","bronze:Defend","bronze:Defend","bronze:Replicate","bronze:Goto","bronze:Boost","bronze:OilSpill","bronze:Virus","bronze:ItsAFeature","bronze:WhirlingStrike","bronze:WhirlingStrike","bronze:Iterate","bronze:Iterate+1","bronze:SpaghettiCode","bronze:WhirlingStrike","bronze:BugBarrage+1","bronze:FollowUp","bronze:ShipIt+1","bronze:Constructor","bronze:Virus","bronze:Iterate+1"],"relics":["bronze:PlatinumCore","Ornamental Fan","Shovel","downfall:HeartBlessingRed","Bottled Lightning","Du-Vu Doll","Dead Branch","SacredBark","downfall:HeartBlessingGreen","Omamori","Regal Pillow","downfall:HeartBlessingBlue","Ice Cream","Juzu Bracelet","Blood Vial","Bronze Scales","bronze:ProtectiveGoggles","Anchor","FossilizedHelix","Whetstone","TungstenRod","White Beast Statue","Shuriken","Bag of Preparation","Art of War"],"acts_visited":["Exordium","TheCity","TheBeyond"],"potions_floor_usage":[13,16,26,49,50,50,50],"damage_taken":[{"damage":1,"enemies":"2 Louse","floor":2,"turns":3},{"damage":2,"enemies":"downfall:FleeingMerchant","floor":3,"turns":4},{"damage":10,"enemies":"downfall:FleeingMerchant","floor":5,"turns":4},{"damage":11,"enemies":"Jaw Worm","floor":6,"turns":3},{"damage":10,"enemies":"3 Sentries","floor":8,"turns":6},{"damage":0,"enemies":"Cultist","floor":9,"turns":3},{"damage":0,"enemies":"Gremlin Nob","floor":11,"turns":3},{"damage":1,"enemies":"Large Slime","floor":12,"turns":3},{"damage":0,"enemies":"3 Louse","floor":13,"turns":2},{"damage":1,"enemies":"3 Sentries","floor":14,"turns":4},{"damage":3,"enemies":"Exordium Wildlife","floor":15,"turns":3},{"damage":2,"enemies":"WA_ARCHETYPE_RETAIN","floor":16,"turns":4},{"damage":0,"enemies":"Chosen","floor":19,"turns":3},{"damage":0,"enemies":"downfall:FleeingMerchant","floor":21,"turns":4},{"damage":0,"enemies":"downfall:FleeingMerchant","floor":22,"turns":4},{"damage":17,"enemies":"Book of Stabbing","floor":23,"turns":4},{"damage":30,"enemies":"Slavers","floor":26,"turns":5},{"damage":0,"enemies":"Cultist and Chosen","floor":27,"turns":4},{"damage":0,"enemies":"downfall:FleeingMerchant","floor":29,"turns":2},{"damage":8,"enemies":"Chosen and Byrds","floor":32,"turns":4},{"damage":85,"enemies":"DF_ARCHETYPE_CLAW","floor":33,"turns":7},{"damage":47,"enemies":"3 Shapes","floor":36,"turns":3},{"damage":15,"enemies":"Nemesis","floor":44,"turns":6},{"damage":0,"enemies":"3 Darklings","floor":45,"turns":2},{"damage":0,"enemies":"Sphere and 2 Shapes","floor":46,"turns":2},{"damage":18,"enemies":"Spire Growth","floor":48,"turns":4},{"damage":0,"enemies":"Transient","floor":49,"turns":5},{"damage":42,"enemies":"IC_BLOCK_ARCHETYPE","floor":50,"turns":7}],"seed_played":"7169332297871233601","potions_obtained":[{"floor":2,"key":"FairyPotion"},{"floor":8,"key":"SmokeBomb"},{"floor":9,"key":"Block Potion"},{"floor":14,"key":"Strength Potion"},{"floor":19,"key":"bronze:BurnAndBuffPotion"},{"floor":26,"key":"Fruit Juice"},{"floor":32,"key":"Dexterity Potion"},{"floor":33,"key":"SteroidPotion"},{"floor":45,"key":"Block Potion"},{"floor":46,"key":"SpeedPotion"},{"floor":49,"key":"Block Potion"}],"is_trial":false,"path_per_floor":["R","M","$","?","$","M","T","E","M","R","E","M","M","E","M","B",null,"R","M","?","$","$","E","T","R","E","M","R","$","R","?","M","B",null,"R","M","?","$","?","R","T","$","T","E","M","M","$","M","M","B"],"character_chosen":"THE_AUTOMATON","items_purchased":["bronze:ItsAFeature","Bronze Scales","Whetstone","Shuriken"],"campfire_rested":0,"item_purchase_floors":[5,29,38,42],"current_hp_per_floor":[77,76,74,74,64,53,53,43,43,43,43,42,42,41,38,36,77,77,77,77,77,77,60,60,70,50,50,50,52,52,84,78,58,97,97,50,50,50,50,50,50,50,50,37,39,41,41,25,27,0,0,0],"gold":157,"neow_bonus":"TEN_PERCENT_HP_BONUS","is_daily":false,"chose_seed":false,"campfire_upgraded":0,"win_rate":0.0,"timestamp":1612660059,"path_taken":["R","M","$","?","$","M","T","E","M","R","E","M","M","E","M","BOSS","R","M","?","?","$","E","T","R","E","M","R","$","R","?","M","BOSS","R","M","?","$","?","R","T","$","?","E","M","M","?","M","M","BOSS"],"items_purchased_type":["Card","Relic","Relic","Relic"],"build_version":"2020-12-22","purchased_purges":0,"victory":false,"max_hp_per_floor":[77,77,77,77,77,77,77,77,77,77,77,77,77,77,77,77,77,77,77,77,77,77,77,77,87,97,97,97,97,97,97,97,97,97,97,97,97,97,97,97,97,97,97,97,97,97,97,97,97,97,97,97],"relic_stats":{"Regal Pillow":0,"counters":[28,108],"Dead Branch":[92],"Juzu Bracelet":0,"Bag of Preparation":[12],"Whetstone":["bronze:Iterate","bronze:ShipIt"],"Blood Vial":18,"Shovel":7,"Ornamental Fan":[296],"Shuriken":[30],"Bronze Scales":[90],"Art of War":[0],"obtain_stats":[{"Ice Cream":25,"bronze:PlatinumCore":34,"Regal Pillow":23,"bronze:BronzeCore":0,"SacredBark":17,"downfall:HeartBlessingGreen":18,"Juzu Bracelet":26,"Bag of Preparation":43,"Whetstone":38,"Blood Vial":28,"Shovel":8,"downfall:HeartBlessingBlue":25,"downfall:HeartBlessingRed":10,"Dead Branch":14,"Omamori":18,"White Beast Statue":41,"Du-Vu Doll":11,"Anchor":35,"bronze:ProtectiveGoggles":30,"Ornamental Fan":7,"Shuriken":42,"Bronze Scales":29,"Art of War":44,"Bottled Lightning":10,"FossilizedHelix":37,"TungstenRod":40},{"Ice Cream":16,"bronze:PlatinumCore":21,"Regal Pillow":16,"bronze:BronzeCore":0,"SacredBark":12,"downfall:HeartBlessingGreen":12,"Juzu Bracelet":17,"Bag of Preparation":22,"Whetstone":22,"Blood Vial":18,"Shovel":5,"downfall:HeartBlessingBlue":16,"downfall:HeartBlessingRed":6,"Dead Branch":10,"Omamori":12,"White Beast Statue":22,"Du-Vu Doll":7,"Anchor":21,"bronze:ProtectiveGoggles":19,"Ornamental Fan":4,"Shuriken":22,"Bronze Scales":19,"Art of War":23,"Bottled Lightning":6,"FossilizedHelix":22,"TungstenRod":22},{"Ice Cream":57,"bronze:PlatinumCore":79,"Regal Pillow":57,"bronze:BronzeCore":0,"SacredBark":42,"downfall:HeartBlessingGreen":42,"Juzu Bracelet":62,"Bag of Preparation":82,"Whetstone":82,"Blood Vial":66,"Shovel":20,"downfall:HeartBlessingBlue":57,"downfall:HeartBlessingRed":23,"Dead Branch":35,"Omamori":42,"White Beast Statue":82,"Du-Vu Doll":26,"Anchor":79,"bronze:ProtectiveGoggles":68,"Ornamental Fan":14,"Shuriken":82,"Bronze Scales":68,"Art of War":88,"Bottled Lightning":23,"FossilizedHelix":82,"TungstenRod":82}],"TungstenRod":7},"card_choices":[{"not_picked":["bronze:Deprecate","bronze:Branch"],"picked":"bronze:Boost","floor":2},{"not_picked":["bronze:Shield","bronze:Repulsor"],"picked":"bronze:OilSpill","floor":3},{"not_picked":["bronze:Overload","bronze:Shield"],"picked":"bronze:Virus","floor":5},{"not_picked":["bronze:Invalidate","bronze:WildBeam"],"picked":"bronze:WhirlingStrike","floor":6},{"not_picked":["bronze:BugBarrage","bronze:ThunderWave"],"picked":"bronze:WhirlingStrike","floor":8},{"not_picked":["bronze:BuggyMess","bronze:Allocate","bronze:Flail"],"picked":"SKIP","floor":9},{"not_picked":["bronze:CutThrough","bronze:Invalidate","bronze:DarkDash"],"picked":"SKIP","floor":11},{"not_picked":["bronze:OilSpill","bronze:Philosophize"],"picked":"bronze:Iterate","floor":12},{"not_picked":["bronze:Turbo","bronze:WildBeam"],"picked":"bronze:Iterate","floor":13},{"not_picked":["bronze:Backtrace","bronze:Branch"],"picked":"bronze:SpaghettiCode","floor":14},{"not_picked":["bronze:Frontload","bronze:OilSpill","bronze:NullPointer"],"picked":"SKIP","floor":15},{"not_picked":["bronze:WildBeam+1","bronze:Shell+1"],"picked":"bronze:WhirlingStrike","floor":19},{"not_picked":["bronze:Virus","bronze:BitShift"],"picked":"bronze:BugBarrage+1","floor":21},{"not_picked":["bronze:Backtrace","bronze:Deprecate","bronze:WildBeam"],"picked":"SKIP","floor":22},{"not_picked":["bronze:Flail","bronze:Overheat+1","bronze:DelayedSlice"],"picked":"SKIP","floor":23},{"not_picked":["bronze:Branch","bronze:Shield","bronze:DelayedSlice"],"picked":"SKIP","floor":26},{"not_picked":["bronze:OilSpill+1","bronze:DelayedGuard","bronze:Invalidate+1"],"picked":"SKIP","floor":27},{"not_picked":["bronze:Fortify","bronze:WildBeam","bronze:Overheat"],"picked":"SKIP","floor":29},{"not_picked":["bronze:Frontload","bronze:BuggyMess"],"picked":"bronze:FollowUp","floor":32},{"not_picked":["bronze:Format","bronze:AlphaBuild"],"picked":"bronze:ShipIt","floor":33},{"not_picked":["bronze:Backtrace+1","bronze:DelayedSlice","bronze:Overload"],"picked":"SKIP","floor":36},{"not_picked":["bronze:Boost+1","bronze:DelayedSlice+1"],"picked":"bronze:Virus","floor":44},{"not_picked":["bronze:Overload","bronze:DelayedGuard+1","bronze:ChildClass"],"picked":"SKIP","floor":45},{"not_picked":["bronze:DelayedGuard+1","bronze:BitShift+1"],"picked":"bronze:Iterate+1","floor":46},{"not_picked":["bronze:CutThrough","bronze:BronzeArmor+1","bronze:HardenedForm"],"picked":"SKIP","floor":48},{"not_picked":["bronze:BitShift+1","bronze:OilSpill+1","bronze:DelayedGuard"],"picked":"SKIP","floor":49}],"player_experience":163893,"relics_obtained":[{"floor":7,"key":"Ornamental Fan"},{"floor":8,"key":"Shovel"},{"floor":10,"key":"Bottled Lightning"},{"floor":11,"key":"Du-Vu Doll"},{"floor":14,"key":"Dead Branch"},{"floor":18,"key":"Omamori"},{"floor":23,"key":"Regal Pillow"},{"floor":25,"key":"Ice Cream"},{"floor":26,"key":"Juzu Bracelet"},{"floor":28,"key":"Blood Vial"},{"floor":30,"key":"bronze:ProtectiveGoggles"},{"floor":35,"key":"Anchor"},{"floor":37,"key":"FossilizedHelix"},{"floor":40,"key":"TungstenRod"},{"floor":41,"key":"White Beast Statue"},{"floor":43,"key":"Bag of Preparation"},{"floor":44,"key":"Art of War"}],"event_choices":[{"cards_removed":["bronze:Strike"],"damage_healed":0,"gold_gain":0,"player_choice":"Card Removal","damage_taken":0,"max_hp_gain":0,"max_hp_loss":0,"event_name":"The Cleric","floor":4,"gold_loss":0},{"damage_healed":32,"gold_gain":0,"player_choice":"Heal","damage_taken":0,"max_hp_gain":0,"max_hp_loss":0,"event_name":"The Library","floor":31,"gold_loss":0}],"is_beta":false,"boss_relics":[{"not_picked":["Empty Cage","SlaversCollar"],"picked":"SacredBark"},{"not_picked":["Velvet Choker","Sozu"],"picked":"bronze:PlatinumCore"}],"items_purged_floors":[],"is_endless":false,"potions_floor_spawned":[2,8,9,14,15,19,26,32,33,44,45,46,48,49],"killed_by":"IC_BLOCK_ARCHETYPE","ascension_level":0}}