{"host":"7qoz5gmva6til3yp","time":1612681310,"event":{"mods":["2.2 Compatiblity","Astrologer","BaseMod","Marisa£¨Ùöéë¡¡Øª×âÞÞ£©","Minty Spire (QoL Compilation)","StSLib","SuperFastMode"],"gold_per_floor":[118,131,131,81,81,134,134,183,229,285,285,171,220,274,274,430,430,486,502,502,556,162,197,211,259,259,259,259,259],"floor_reached":28,"language":"KOR","playtime":1680,"items_purged":["Defend_MRS","Defend_MRS"],"score":242,"play_id":"e86edc88-1074-419e-ba8d-a6da2e3d7b87","local_time":"20210207160150","is_ascension_mode":false,"campfire_choices":[{"data":"WitchOfGreed","floor":7,"key":"SMITH"},{"floor":11,"key":"REST"},{"data":"EnergyFlow","floor":15,"key":"SMITH"},{"floor":27,"key":"REST"}],"circlet_count":0,"master_deck":["Strike_MRS","Strike_MRS","Defend_MRS","Defend_MRS","MasterSpark","UpSweep","ManaConvection","WitchOfGreed+1","AsteroidBelt","DC","ChargingUp","SprinkleStarSeal","Acceleration","EnergyFlow+1","SuperNova","GasGiant","AsteroidBelt","GrandCross","LuminesStrike+1","MilkyWay","MagicAbsorber","GravityBeat+1"],"relics":["MiniHakkero","Golden Idol","Potion Belt","InkBottle","MealTicket","ExperimentalFamiliar","AmplifyWand","Bottled Tornado","Singing Bowl"],"acts_visited":["Exordium","TheCity"],"potions_floor_usage":[6,6,6,6,14,16,16,23,23,28,28],"damage_taken":[{"damage":2,"enemies":"Small Slimes","floor":1,"turns":3},{"damage":0,"enemies":"2 Louse","floor":2,"turns":3},{"damage":20,"enemies":"Gremlin Nob","floor":6,"turns":5},{"damage":3,"enemies":"Jaw Worm","floor":8,"turns":4},{"damage":11,"enemies":"Lots of Slimes","floor":10,"turns":5},{"damage":3,"enemies":"Exordium Wildlife","floor":13,"turns":3},{"damage":4,"enemies":"Gremlin Gang","floor":14,"turns":7},{"damage":41,"enemies":"Hexaghost","floor":16,"turns":10},{"damage":17,"enemies":"3 Byrds","floor":18,"turns":5},{"damage":10,"enemies":"Chosen","floor":19,"turns":5},{"damage":29,"enemies":"Centurion and Healer","floor":21,"turns":7},{"damage":17,"enemies":"Slavers","floor":23,"turns":5},{"damage":0,"enemies":"Snecko","floor":24,"turns":3},{"damage":11,"enemies":"3 Cultists","floor":25,"turns":5},{"damage":30,"enemies":"Centurion and Healer","floor":28,"turns":5}],"seed_played":"-339173690579480250","potions_obtained":[{"floor":2,"key":"EntropicBrew"},{"floor":6,"key":"FearPotion"},{"floor":6,"key":"FearPotion"},{"floor":8,"key":"Energy Potion"},{"floor":14,"key":"BlessingOfTheForge"},{"floor":16,"key":"ShroomBrew"},{"floor":21,"key":"GamblersBrew"},{"floor":21,"key":"Swift Potion"},{"floor":25,"key":"SkillPotion"}],"is_trial":false,"path_per_floor":["M","M","?","?","?","E","R","M","T","M","R","$","M","M","R","B",null,"M","M","?","M","$","E","M","M","T","R","M"],"character_chosen":"MARISA","items_purchased":["SprinkleStarSeal","AmplifyWand","MilkyWay"],"campfire_rested":2,"item_purchase_floors":[12,22,22],"current_hp_per_floor":[80,80,76,76,69,49,49,46,46,35,57,72,69,65,65,24,76,59,49,49,20,35,18,18,7,7,29,0,0],"gold":259,"neow_bonus":"TEN_PERCENT_HP_BONUS","is_daily":false,"chose_seed":false,"campfire_upgraded":2,"win_rate":0.0,"timestamp":1612681310,"path_taken":["M","M","?","?","?","E","R","M","T","?","R","$","?","M","R","BOSS","M","M","?","M","$","E","M","M","T","R","M"],"items_purchased_type":["Card","Relic","Card"],"build_version":"2020-12-22","purchased_purges":2,"victory":false,"max_hp_per_floor":[82,82,76,76,76,76,76,76,76,76,76,76,76,76,76,76,76,76,76,76,76,76,76,76,76,76,76,76,76],"card_choices":[{"not_picked":["DoubleSpark","UnstableBomb"],"picked":"ManaConvection","floor":1},{"not_picked":["FairyDestructionRay","OrrerysSun"],"picked":"WitchOfGreed","floor":2},{"not_picked":["UnstableBomb","MagicAbsorber"],"picked":"AsteroidBelt","floor":6},{"not_picked":["ChargeUpSpray","MagicAbsorber"],"picked":"DC","floor":8},{"not_picked":["MachineGunSpark","BlazeAway"],"picked":"ChargingUp","floor":10},{"not_picked":["DeepEcoloBomb","LuminesStrike"],"picked":"Acceleration","floor":13},{"not_picked":["SporeBomb","AsteroidBelt"],"picked":"EnergyFlow","floor":14},{"not_picked":["StarDustReverie","EscapeVelocity"],"picked":"SuperNova","floor":16},{"not_picked":["MeteoricShower","ShootTheMoon"],"picked":"GasGiant","floor":18},{"not_picked":["DarkMatter","EnergyRecoil"],"picked":"AsteroidBelt","floor":19},{"not_picked":["SporeBomb+1","PowerUp"],"picked":"LuminesStrike+1","floor":21},{"not_picked":["Robbery","AsteroidBelt","ManaRampage"],"picked":"SKIP","floor":23},{"not_picked":["AsteroidBelt","PowerUp+1"],"picked":"MagicAbsorber","floor":24},{"not_picked":["6A+1","LuminesStrike+1"],"picked":"GravityBeat+1","floor":25}],"player_experience":483458,"relics_obtained":[{"floor":6,"key":"InkBottle"},{"floor":9,"key":"MealTicket"},{"floor":23,"key":"Bottled Tornado"},{"floor":26,"key":"Singing Bowl"}],"event_choices":[{"damage_healed":0,"gold_gain":0,"player_choice":"Lose Max HP","damage_taken":0,"relics_obtained":["Golden Idol"],"max_hp_gain":0,"max_hp_loss":6,"event_name":"Golden Idol","floor":3,"gold_loss":0},{"cards_removed":["Strike_MRS"],"damage_healed":0,"gold_gain":0,"player_choice":"Card Removal","damage_taken":0,"max_hp_gain":0,"max_hp_loss":0,"event_name":"The Cleric","floor":4,"gold_loss":50},{"damage_healed":0,"gold_gain":0,"player_choice":"Success","damage_taken":7,"relics_obtained":["Potion Belt"],"max_hp_gain":0,"max_hp_loss":0,"event_name":"Scrap Ooze","floor":5,"gold_loss":0},{"damage_healed":0,"gold_gain":0,"cards_transformed":["Strike_MRS"],"player_choice":"Transformed","damage_taken":0,"max_hp_gain":0,"max_hp_loss":0,"event_name":"Transmorgrifier","floor":20,"gold_loss":0,"cards_obtained":["GrandCross"]}],"is_beta":false,"boss_relics":[{"not_picked":["BewitchedHakkero","Empty Cage"],"picked":"ExperimentalFamiliar"}],"items_purged_floors":[12,22],"is_endless":false,"potions_floor_spawned":[2,6,8,14,16,21,23,25],"killed_by":"Centurion and Healer","ascension_level":0}}