{"host":"d744ndivyohnro60","time":1612675002,"event":{"mods":["BaseMod","Bestiary","Colored Powertips","Minty Spire (QoL Compilation)","Relic Stats"],"gold_per_floor":[167,29,29,48,48,48,380,83,83,33,33,67,86,97,97,192,192,211,229,247,263,263,263,110,110,110,120,220,220,246,256,256,352,352,370,116,166,180,191,218,218,232,306,335,353,353,353,65,65,65],"floor_reached":51,"language":"ENG","playtime":2124,"items_purged":["Dualcast+1","Zap","Decay","Regret","Defend_B"],"score":987,"play_id":"82374a89-a796-4ed1-a731-41c0178c1024","local_time":"20210207001642","is_ascension_mode":true,"campfire_choices":[{"data":"Hyperbeam","floor":6.0,"key":"SMITH"},{"floor":11.0,"key":"REST"},{"data":"Beam Cell","floor":15.0,"key":"SMITH"},{"data":"Buffer","floor":23.0,"key":"SMITH"},{"data":"Reprogram","floor":25.0,"key":"SMITH"},{"data":"Turbo","floor":29.0,"key":"SMITH"},{"floor":32.0,"key":"REST"},{"data":"Skim","floor":41,"key":"SMITH"},{"data":"Go for the Eyes","floor":46,"key":"SMITH"},{"floor":49,"key":"REST"}],"circlet_count":0,"master_deck":["Strike_B+1","Strike_B","Strike_B","Strike_B","Defend_B+1","Defend_B","Defend_B","Reprogram+1","Streamline","Hyperbeam+1","Skim+1","Beam Cell+1","Turbo+1","Leap","Go for the Eyes+1","Buffer+1","Stack","FTL","Gash","FTL","All For One","Leap+1","Leap","Echo Form","Beam Cell+1","Reboot","Undo","Beam Cell+1","Parasite","Parasite","Streamline+1","Gash+1"],"relics":["Tiny House","Old Coin","Membership Card","Nunchaku","Bag of Preparation","Thread and Needle","Cursed Key","Molten Egg 2","Vajra","Nuclear Battery","PreservedInsect","Peace Pipe","HornCleat","Frozen Egg 2","Toxic Egg 2","Ornamental Fan"],"acts_visited":["TheBeyond"],"potions_floor_usage":[44,45,50,50,50,50,50],"damage_taken":[{"damage":0.0,"enemies":"Cultist","floor":1.0,"turns":4.0},{"damage":0.0,"enemies":"2 Louse","floor":4.0,"turns":1.0},{"damage":16.0,"enemies":"Gremlin Nob","floor":7.0,"turns":3.0},{"damage":20.0,"enemies":"Lagavulin","floor":12.0,"turns":4.0},{"damage":0.0,"enemies":"Jaw Worm","floor":13.0,"turns":1.0},{"damage":1.0,"enemies":"Exordium Thugs","floor":14.0,"turns":2.0},{"damage":0.0,"enemies":"Slime Boss","floor":16.0,"turns":4.0},{"damage":3.0,"enemies":"Chosen","floor":18.0,"turns":2.0},{"damage":1.0,"enemies":"2 Thieves","floor":19.0,"turns":2.0},{"damage":5.0,"enemies":"Shelled Parasite and Fungi","floor":20.0,"turns":4.0},{"damage":5.0,"enemies":"Snake Plant","floor":21.0,"turns":5.0},{"damage":10.0,"enemies":"Centurion and Healer","floor":27.0,"turns":5.0},{"damage":33.0,"enemies":"Book of Stabbing","floor":30.0,"turns":5.0},{"damage":0.0,"enemies":"Snecko","floor":31.0,"turns":3.0},{"damage":53.0,"enemies":"Collector","floor":33.0,"turns":8.0},{"damage":7,"enemies":"3 Shapes","floor":35,"turns":2},{"damage":0,"enemies":"Mind Bloom Boss Battle","floor":37,"turns":4},{"damage":0,"enemies":"Orb Walker","floor":38,"turns":3},{"damage":7,"enemies":"Writhing Mass","floor":39,"turns":5},{"damage":15,"enemies":"Nemesis","floor":40,"turns":7},{"damage":0,"enemies":"3 Darklings","floor":42,"turns":4},{"damage":0,"enemies":"Giant Head","floor":44,"turns":5},{"damage":0,"enemies":"Jaw Worm Horde","floor":45,"turns":2},{"damage":14,"enemies":"Donu and Deca","floor":50,"turns":10}],"seed_played":"-199809601396358839","potions_obtained":[{"floor":0.0,"key":"SneckoOil"},{"floor":1.0,"key":"PowerPotion"},{"floor":4.0,"key":"FocusPotion"},{"floor":12.0,"key":"Fire Potion"},{"floor":18.0,"key":"FairyPotion"},{"floor":27.0,"key":"Swift Potion"},{"floor":30.0,"key":"Explosive Potion"},{"floor":31.0,"key":"Explosive Potion"},{"floor":38,"key":"FearPotion"},{"floor":39,"key":"Energy Potion"},{"floor":42,"key":"SpeedPotion"},{"floor":44,"key":"EssenceOfSteel"}],"is_trial":false,"path_per_floor":["M","$","?","M","$","R","E","$","T","$","R","E","M","M","R","B",null,"M","M","M","M","?","R","$","R","T","M","?","R","E","M","R","B",null,"M","$","?","M","M","E","R","M","T","E","M","R","?","$","R","B",null],"character_chosen":"DEFECT","items_purchased":["Hyperbeam","Membership Card","Beam Cell","Turbo","Nunchaku","FTL","All For One","PreservedInsect","Beam Cell+1","Reboot","Gash+1","Ornamental Fan","EntropicBrew"],"campfire_rested":3,"item_purchase_floors":[2,8,8,8,8,24,24,36,36,36,48,48,48],"current_hp_per_floor":[80,80,64,64,64,64,48,48,48,48,72,52,52,51,51,51,80,77,76,71,66,66,66,66,66,66,56,56,56,23,23,47,24,80,73,73,73,73,66,51,51,51,51,51,51,51,51,51,75,61],"gold":65,"neow_bonus":"BOSS_RELIC","is_daily":false,"chose_seed":false,"campfire_upgraded":7,"win_rate":0.0,"timestamp":1612675002,"path_taken":["M","?","?","M","$","R","E","?","T","$","R","E","M","M","R","BOSS","M","M","M","M","?","R","$","R","T","M","?","R","E","?","R","BOSS","M","$","?","M","M","E","R","M","T","E","M","R","?","$","R","BOSS"],"items_purchased_type":["Card","Relic","Card","Card","Relic","Card","Card","Relic","Card","Card","Card","Relic","Potion"],"build_version":"2020-12-22","purchased_purges":5,"victory":true,"max_hp_per_floor":[80,80,80,80,80,80,80,80,80,80,80,80,80,80,80,80,80,80,80,80,80,80,80,80,80,80,80,80,80,80,80,80,80,80,80,80,80,80,80,80,80,80,80,80,80,80,80,80,80,80],"relic_stats":{"Peace Pipe":1,"Nunchaku":[16],"counters":[9,42],"Ornamental Fan":[44],"PreservedInsect":172,"Bag of Preparation":[18],"Cursed Key":1,"obtain_stats":[{"Tiny House":0,"Vajra":0,"Thread and Needle":0,"PreservedInsect":36,"Bag of Preparation":0,"Frozen Egg 2":43,"Cursed Key":0,"Old Coin":0,"Nuclear Battery":34,"Peace Pipe":37,"Nunchaku":0,"HornCleat":40,"Ornamental Fan":48,"Molten Egg 2":0,"Membership Card":0,"Toxic Egg 2":44},{"Tiny House":0,"Vajra":0,"Thread and Needle":0,"PreservedInsect":1,"Bag of Preparation":0,"Frozen Egg 2":6,"Cursed Key":0,"Old Coin":0,"Nuclear Battery":0,"Peace Pipe":2,"Nunchaku":0,"HornCleat":5,"Ornamental Fan":8,"Molten Egg 2":0,"Membership Card":0,"Toxic Egg 2":7},{"Tiny House":0,"Vajra":0,"Thread and Needle":0,"PreservedInsect":2,"Bag of Preparation":0,"Frozen Egg 2":25,"Cursed Key":0,"Old Coin":0,"Nuclear Battery":0,"Peace Pipe":6,"Nunchaku":0,"HornCleat":21,"Ornamental Fan":32,"Molten Egg 2":0,"Membership Card":0,"Toxic Egg 2":30}]},"card_choices":[{"not_picked":["Fusion","Barrage"],"picked":"Reprogram","floor":0.0},{"not_picked":["Ball Lightning","Hologram"],"picked":"Streamline","floor":1.0},{"not_picked":["White Noise","Ball Lightning"],"picked":"Skim","floor":4.0},{"not_picked":["Ball Lightning","Capacitor","Multi-Cast"],"picked":"SKIP","floor":7.0},{"not_picked":["Redo","Lockon","Doom and Gloom"],"picked":"SKIP","floor":12.0},{"not_picked":["Ball Lightning","Lockon"],"picked":"Leap","floor":13.0},{"not_picked":["Barrage","Tempest"],"picked":"Go for the Eyes","floor":14.0},{"not_picked":["Seek","Amplify"],"picked":"Buffer","floor":16.0},{"not_picked":["Rip and Tear","Go for the Eyes"],"picked":"Stack","floor":18.0},{"not_picked":["Go for the Eyes","Turbo"],"picked":"FTL","floor":19.0},{"not_picked":["Defragment","Beam Cell"],"picked":"Gash","floor":20.0},{"not_picked":["Go for the Eyes","Cold Snap","Tempest"],"picked":"SKIP","floor":21.0},{"not_picked":["Tempest","Consume","Amplify"],"picked":"SKIP","floor":27.0},{"not_picked":["Aggregate","Go for the Eyes+1"],"picked":"Leap+1","floor":30.0},{"not_picked":["Hologram","Stack"],"picked":"Leap","floor":31.0},{"not_picked":["Biased Cognition","Meteor Strike+1"],"picked":"Echo Form","floor":33.0},{"not_picked":["Static Discharge+1","Coolheaded+1","Ball Lightning+1"],"picked":"SKIP","floor":35},{"not_picked":["Turbo+1","Self Repair+1"],"picked":"Undo","floor":37},{"not_picked":["Rebound+1","Capacitor+1"],"picked":"Beam Cell+1","floor":38},{"not_picked":["Hologram","Force Field","Blizzard+1"],"picked":"SKIP","floor":39},{"not_picked":["Conserve Battery+1","Stack","Buffer"],"picked":"SKIP","floor":40},{"not_picked":["Heatsinks+1","Redo+1","BootSequence+1"],"picked":"SKIP","floor":42},{"not_picked":["Loop+1","Coolheaded+1","Defragment+1"],"picked":"SKIP","floor":44},{"not_picked":["Barrage+1","Static Discharge+1"],"picked":"Streamline+1","floor":45}],"player_experience":210944,"relics_obtained":[{"floor":7.0,"key":"Old Coin"},{"floor":9.0,"key":"Bag of Preparation"},{"floor":12.0,"key":"Thread and Needle"},{"floor":26.0,"key":"Molten Egg 2"},{"floor":30.0,"key":"Vajra"},{"floor":37,"key":"Peace Pipe"},{"floor":40,"key":"HornCleat"},{"floor":43,"key":"Frozen Egg 2"},{"floor":44,"key":"Toxic Egg 2"}],"event_choices":[{"damage_healed":0.0,"max_hp_gain":0.0,"max_hp_loss":0.0,"gold_gain":0.0,"event_name":"Shining Light","player_choice":"Entered Light","floor":3.0,"gold_loss":0.0,"damage_taken":16.0,"cards_upgraded":["Dualcast","Defend_B"]},{"damage_healed":0.0,"max_hp_gain":0.0,"max_hp_loss":0.0,"gold_gain":0.0,"event_name":"Forgotten Altar","player_choice":"Smashed Altar","floor":22.0,"gold_loss":0.0,"damage_taken":0.0,"cards_obtained":["Decay"]},{"damage_healed":0.0,"max_hp_gain":0.0,"max_hp_loss":0.0,"gold_gain":100.0,"event_name":"Golden Shrine","player_choice":"Pray","floor":28.0,"gold_loss":0.0,"damage_taken":0.0},{"damage_healed":0,"gold_gain":0,"player_choice":"Fight","damage_taken":0,"max_hp_gain":0,"max_hp_loss":0,"event_name":"MindBloom","floor":37,"gold_loss":0},{"damage_healed":0,"gold_gain":0,"player_choice":"Ignored","damage_taken":0,"max_hp_gain":0,"max_hp_loss":0,"event_name":"Tomb of Lord Red Mask","floor":47,"gold_loss":0}],"is_beta":false,"boss_relics":[{"not_picked":["Philosopher\u0027s Stone","Runic Dome"],"picked":"Cursed Key"},{"not_picked":["Calling Bell","Runic Pyramid"],"picked":"Nuclear Battery"}],"items_purged_floors":[8,10,24,36,48],"is_endless":false,"potions_floor_spawned":[1,4,12,18,27,30,31,38,39,42,44],"ascension_level":4}}