{"host":"h5adlgqa5ddydyk8","time":1612710272,"event":{"mods":["2.2 Compatiblity","BaseMod","Colored Map","Colored Powertips","Highlight Path","Keyboard Shortcuts","Minty Spire (QoL Compilation)","Relic Stats","StSLib","SuperFastMode","The Marked"],"gold_per_floor":[115,115,290,40,59,59,87,162,186,211,211,236,247,11,11,113,113,123,155,125,125],"floor_reached":20,"language":"ENG","playtime":788,"items_purged":["Doubt"],"score":298,"play_id":"0a547c11-b6a8-45f4-9895-f2802eb4d6f9","local_time":"20210207160432","is_ascension_mode":true,"campfire_choices":[{"data":"Searing Blow+1","floor":6.0,"key":"SMITH"},{"data":"Berserk","floor":11.0,"key":"SMITH"},{"data":"Armaments","floor":15.0,"key":"SMITH"}],"circlet_count":0,"master_deck":["Strike_R","Strike_R","Strike_R","Strike_R","Strike_R","Defend_R","Defend_R","Defend_R","Defend_R","Bash","Searing Blow+2","Iron Wave","Dual Wield","Berserk+1","Uppercut","Shrug It Off","Power Through","Fire Breathing","Armaments+1","Barricade","Evolve","Disarm"],"relics":["Burning Blood","NeowsBlessing","Oddly Smooth Stone","Juzu Bracelet","Ancient Tea Set","Nunchaku","Bronze Scales","Sozu","Red Mask"],"acts_visited":["Exordium","TheCity"],"potions_floor_usage":[],"damage_taken":[{"damage":0.0,"enemies":"Jaw Worm","floor":1.0,"turns":1.0},{"damage":0.0,"enemies":"2 Louse","floor":5.0,"turns":1.0},{"damage":0.0,"enemies":"Gremlin Nob","floor":7.0,"turns":1.0},{"damage":42.0,"enemies":"3 Sentries","floor":10.0,"turns":10.0},{"damage":10.0,"enemies":"Lagavulin","floor":12.0,"turns":6.0},{"damage":0.0,"enemies":"Small Slimes","floor":13.0,"turns":4.0},{"damage":36.0,"enemies":"Hexaghost","floor":16.0,"turns":10.0},{"damage":6.0,"enemies":"3 Byrds","floor":18.0,"turns":3.0},{"damage":62.0,"enemies":"Masked Bandits","floor":19.0,"turns":7.0},{"damage":10,"enemies":"2 Thieves","floor":20,"turns":1}],"seed_played":"3574235055367382677","potions_obtained":[{"floor":5.0,"key":"DuplicationPotion"},{"floor":12.0,"key":"SkillPotion"},{"floor":16.0,"key":"ColorlessPotion"}],"is_trial":false,"path_per_floor":["M","?","?","$","M","R","E","?","T","E","R","E","M","$","R","B",null,"M","?","M"],"character_chosen":"IRONCLAD","items_purchased":["PowerPotion","Block Potion","BloodPotion","Iron Wave","Bronze Scales","Fire Breathing","Armaments"],"campfire_rested":0,"item_purchase_floors":[4,4,4,4,14,14,14],"current_hp_per_floor":[78,78,78,78,80,80,80,69,69,33,33,45,51,51,51,21,65,65,9,0,0],"gold":125,"neow_bonus":"THREE_ENEMY_KILL","is_daily":false,"chose_seed":false,"campfire_upgraded":3,"win_rate":0.0,"timestamp":1612710272,"path_taken":["M","?","?","$","M","R","E","?","T","E","R","E","M","$","R","BOSS","M","?","M"],"items_purchased_type":["Potion","Potion","Potion","Card","Relic","Card","Card"],"build_version":"2020-12-22","purchased_purges":1,"victory":false,"max_hp_per_floor":[80,80,80,80,80,80,80,80,80,80,80,80,80,80,80,80,80,80,80,80,80],"relic_stats":{"Sozu":1,"Nunchaku":[3],"counters":[10,44],"Bronze Scales":[179],"Juzu Bracelet":0,"obtain_stats":[{"Sozu":17,"Nunchaku":12,"NeowsBlessing":0,"Bronze Scales":14,"Oddly Smooth Stone":7,"Juzu Bracelet":9,"Red Mask":19,"Ancient Tea Set":10,"Burning Blood":0},{"Sozu":7,"Nunchaku":5,"NeowsBlessing":0,"Bronze Scales":6,"Oddly Smooth Stone":3,"Juzu Bracelet":3,"Red Mask":9,"Ancient Tea Set":4,"Burning Blood":0},{"Sozu":33,"Nunchaku":19,"NeowsBlessing":0,"Bronze Scales":23,"Oddly Smooth Stone":3,"Juzu Bracelet":3,"Red Mask":43,"Ancient Tea Set":13,"Burning Blood":0}],"Burning Blood":44},"card_choices":[{"not_picked":["Heavy Blade","Rupture"],"picked":"Searing Blow","floor":1.0},{"not_picked":["Clothesline","Havoc"],"picked":"Dual Wield","floor":5.0},{"not_picked":["True Grit","Limit Break"],"picked":"Berserk","floor":7.0},{"not_picked":["Clash","Heavy Blade"],"picked":"Uppercut","floor":10.0},{"not_picked":["Evolve","Blood for Blood"],"picked":"Shrug It Off","floor":12.0},{"not_picked":["Twin Strike","Double Tap"],"picked":"Power Through","floor":13.0},{"not_picked":["Berserk","Exhume"],"picked":"Barricade","floor":16.0},{"not_picked":["Flex","Uppercut"],"picked":"Evolve","floor":18.0},{"not_picked":["Carnage+1","Clash"],"picked":"Disarm","floor":19.0}],"player_experience":622695,"relics_obtained":[{"floor":7.0,"key":"Oddly Smooth Stone"},{"floor":9.0,"key":"Juzu Bracelet"},{"floor":10.0,"key":"Ancient Tea Set"},{"floor":12.0,"key":"Nunchaku"},{"floor":19.0,"key":"Red Mask"}],"event_choices":[{"damage_healed":0.0,"max_hp_gain":0.0,"max_hp_loss":0.0,"gold_gain":0.0,"event_name":"Living Wall","player_choice":"Grow","floor":2.0,"gold_loss":0.0,"damage_taken":0.0,"cards_upgraded":["Searing Blow"]},{"damage_healed":0.0,"max_hp_gain":0.0,"max_hp_loss":0.0,"gold_gain":175.0,"event_name":"Liars Game","player_choice":"AGREE","floor":3.0,"gold_loss":0.0,"damage_taken":0.0,"cards_obtained":["Doubt"]},{"damage_healed":0.0,"max_hp_gain":0.0,"max_hp_loss":0.0,"gold_gain":75.0,"event_name":"World of Goop","player_choice":"Gather Gold","floor":8.0,"gold_loss":0.0,"damage_taken":11.0},{"damage_healed":0.0,"max_hp_gain":0.0,"max_hp_loss":0.0,"gold_gain":0.0,"event_name":"Masked Bandits","player_choice":"Fought Bandits","floor":19.0,"gold_loss":0.0,"damage_taken":0.0}],"is_beta":false,"boss_relics":[{"not_picked":["Pandora\u0027s Box","Coffee Dripper"],"picked":"Sozu"}],"items_purged_floors":[4],"is_endless":false,"potions_floor_spawned":[5,12,16,19],"killed_by":"2 Thieves","ascension_level":8}}