{"host":"szp1d6dso4pv7ddl","time":1612667456,"event":{"mods":["AchievementEnabler","Alarm Clock","BaseMod","Bestiary","Block Reminder","Colored Map","Colored Powertips","Curses Come First","Dark Map","Displayed Cursed Tome","Highlight Path","Minty Spire (QoL Compilation)","Permanent Neow","Quick Restart","Relic Sorter","Relic Stats","StSLib","Synergy Search"],"gold_per_floor":[116,127,48,66,78,78,106,124,205,216,216,216,235,33,33,110,110,125,125,135,145,70,70,70],"floor_reached":23,"language":"ENG","playtime":1082,"items_purged":["Wild Strike"],"score":371,"play_id":"b75ede36-0932-49aa-88c2-442162506627","local_time":"20210206191056","is_ascension_mode":true,"campfire_choices":[{"data":"Uppercut","floor":6.0,"key":"SMITH"},{"floor":11.0,"key":"REST"},{"data":"Limit Break","floor":15.0,"key":"SMITH"}],"circlet_count":0,"master_deck":["AscendersBane","Bash","Sword Boomerang","Uppercut+1","Cleave","Headbutt","Bloodletting","True Grit","Demon Form","Reaper","Limit Break+1","Twin Strike","Feed","Whirlwind","Hemokinesis","Dropkick","Entrench","Rupture","Second Wind","Seeing Red","Power Through","True Grit","J.A.X."],"relics":["Velvet Choker","Centennial Puzzle","Blue Candle","Pandora\u0027s Box"],"acts_visited":["Exordium","TheCity"],"potions_floor_usage":[],"damage_taken":[{"damage":2.0,"enemies":"Jaw Worm","floor":1.0,"turns":3.0},{"damage":1.0,"enemies":"Cultist","floor":2.0,"turns":3.0},{"damage":5.0,"enemies":"2 Louse","floor":4.0,"turns":3.0},{"damage":16.0,"enemies":"2 Fungi Beasts","floor":5.0,"turns":3.0},{"damage":25.0,"enemies":"3 Sentries","floor":7.0,"turns":6.0},{"damage":18.0,"enemies":"3 Louse","floor":8.0,"turns":2.0},{"damage":13.0,"enemies":"Exordium Wildlife","floor":10.0,"turns":4.0},{"damage":8.0,"enemies":"Red Slaver","floor":13.0,"turns":2.0},{"damage":39.0,"enemies":"Hexaghost","floor":16.0,"turns":8.0},{"damage":16.0,"enemies":"Spheric Guardian","floor":18.0,"turns":3.0},{"damage":8.0,"enemies":"3 Byrds","floor":20.0,"turns":5.0},{"damage":31.0,"enemies":"3 Cultists","floor":21.0,"turns":5.0},{"damage":60,"enemies":"Gremlin Leader","floor":23,"turns":5}],"seed_played":"-9006482970529190617","potions_obtained":[{"floor":4.0,"key":"BloodPotion"},{"floor":5.0,"key":"Fruit Juice"},{"floor":7.0,"key":"Swift Potion"},{"floor":13.0,"key":"FearPotion"},{"floor":16.0,"key":"AttackPotion"},{"floor":20.0,"key":"ColorlessPotion"}],"is_trial":false,"path_per_floor":["M","M","$","M","M","R","E","M","T","M","R","?","M","$","R","B",null,"M","?","M","M","$","E"],"character_chosen":"IRONCLAD","items_purchased":["Uppercut","Limit Break","Twin Strike"],"campfire_rested":1,"item_purchase_floors":[3,14,14],"current_hp_per_floor":[66,65,65,60,44,44,40,22,22,9,33,80,72,72,72,52,73,57,57,54,53,53,0,0],"gold":70,"neow_bonus":"BOSS_RELIC","is_daily":false,"chose_seed":false,"campfire_upgraded":2,"win_rate":0.0,"timestamp":1612667456,"path_taken":["M","M","$","M","M","R","E","M","T","M","R","?","?","$","R","BOSS","M","?","M","M","$","E"],"items_purchased_type":["Card","Card","Card"],"build_version":"2020-12-22","purchased_purges":1,"victory":false,"max_hp_per_floor":[75,75,75,75,75,75,80,80,80,80,80,80,80,80,80,80,80,80,80,83,83,83,83,83],"relic_stats":{"Centennial Puzzle":[24],"counters":[13,52],"Blue Candle":[0],"Pandora\u0027s Box":["Whirlwind","Hemokinesis","Dropkick","Wild Strike","Entrench","Rupture","Second Wind","Seeing Red","Power Through"],"obtain_stats":[{"Centennial Puzzle":7,"Blue Candle":9,"Velvet Choker":0,"Pandora\u0027s Box":17,"Burning Blood":0},{"Centennial Puzzle":5,"Blue Candle":6,"Velvet Choker":0,"Pandora\u0027s Box":9,"Burning Blood":0},{"Centennial Puzzle":18,"Blue Candle":20,"Velvet Choker":0,"Pandora\u0027s Box":34,"Burning Blood":0}]},"card_choices":[{"not_picked":["Heavy Blade","Body Slam"],"picked":"Sword Boomerang","floor":1.0},{"not_picked":["Flex","Thunderclap"],"picked":"Dual Wield","floor":2.0},{"not_picked":["Havoc","Seeing Red"],"picked":"Cleave","floor":4.0},{"not_picked":["Cleave","Sentinel"],"picked":"Headbutt","floor":5.0},{"not_picked":["Flex","Warcry"],"picked":"Bloodletting","floor":7.0},{"not_picked":["Dual Wield","Wild Strike"],"picked":"True Grit","floor":8.0},{"not_picked":["Fire Breathing","Headbutt"],"picked":"Demon Form","floor":10.0},{"not_picked":["Iron Wave","Armaments"],"picked":"Reaper","floor":13.0},{"not_picked":["Corruption","Barricade"],"picked":"Feed","floor":16.0},{"not_picked":["Perfected Strike","Shrug It Off"],"picked":"True Grit","floor":18.0},{"not_picked":["Carnage+1","Sever Soul","Body Slam"],"picked":"SKIP","floor":20.0},{"not_picked":["Clothesline","Cleave","Warcry"],"picked":"SKIP","floor":21.0}],"player_experience":1383136,"relics_obtained":[{"floor":7.0,"key":"Centennial Puzzle"},{"floor":9.0,"key":"Blue Candle"}],"event_choices":[{"cards_removed":["Dual Wield"],"damage_healed":47.0,"max_hp_gain":0.0,"max_hp_loss":0.0,"gold_gain":0.0,"event_name":"Bonfire Elementals","player_choice":"Offered Uncommon","floor":12.0,"gold_loss":0.0,"damage_taken":0.0},{"damage_healed":0.0,"max_hp_gain":0.0,"max_hp_loss":0.0,"gold_gain":0.0,"event_name":"Drug Dealer","player_choice":"Obtain J.A.X.","floor":19.0,"gold_loss":0.0,"damage_taken":0.0,"cards_obtained":["J.A.X."]}],"is_beta":false,"boss_relics":[{"not_picked":["Cursed Key","Busted Crown"],"picked":"Pandora\u0027s Box"}],"items_purged_floors":[22],"is_endless":false,"potions_floor_spawned":[4,5,7,13,16,20],"killed_by":"Gremlin Leader","ascension_level":18}}