{"host":"dm3der2z84gf27js","time":1612681617,"event":{"mods":["AchievementEnabler","BaseMod","Bestiary","Better Note","Better Third Choice","Colored Map","Colored Powertips","Marisa????????","Minty Spire (QoL Compilation)","Onozuka Komachi Mod","StSLib","The Marked","The Servant 0.9.4"],"gold_per_floor":[110,1,36,62,62,105,105,148,148,182,222,51,69,17,17,119,119,139,139,69,120,153,153,187,213,260,260,260],"floor_reached":27,"language":"ENG","playtime":1651,"items_purged":[],"score":264,"play_id":"c7160762-06ed-4e23-b0a4-0e8d0dfcf114","local_time":"20210207020657","is_ascension_mode":true,"campfire_choices":[{"floor":7,"key":"REST"},{"floor":15,"key":"REST"},{"floor":23,"key":"RECALL"}],"circlet_count":0,"master_deck":["Strike_MRS","Strike_MRS","Strike_MRS","Strike_MRS","Defend_MRS","Defend_MRS","Defend_MRS","Defend_MRS","MasterSpark","UpSweep","WitchOfGreed","MeteoricShower","Orbital","SuperPerseids","AsteroidBelt","Decay","ShootingEcho","BlazingStar","Acceleration","MillisecondPulsars","IllusionStar","PowerUp","EventHorizon","GrandCross","WitchLeyline","CasketOfStar","Robbery","EscapeVelocity","LuminesStrike","SporeBomb","GasGiant"],"relics":["MiniHakkero","Pantograph","Anchor","Toy Ornithopter","ExperimentalFamiliar","Smiling Mask","InkBottle","MealTicket"],"acts_visited":["Exordium","TheCity"],"potions_floor_usage":[4,6,6,8,11,16,16,16,22,24,24,25],"damage_taken":[{"damage":2,"enemies":"2 Louse","floor":1,"turns":2},{"damage":1,"enemies":"Cultist","floor":3,"turns":3},{"damage":11,"enemies":"Jaw Worm","floor":4,"turns":3},{"damage":18,"enemies":"Lagavulin","floor":6,"turns":4},{"damage":14,"enemies":"3 Sentries","floor":8,"turns":5},{"damage":4,"enemies":"Exordium Thugs","floor":10,"turns":4},{"damage":8,"enemies":"Lagavulin","floor":11,"turns":5},{"damage":0,"enemies":"2 Fungi Beasts","floor":13,"turns":3},{"damage":27,"enemies":"The Guardian","floor":16,"turns":6},{"damage":0,"enemies":"Chosen","floor":18,"turns":2},{"damage":0,"enemies":"Shell Parasite","floor":22,"turns":2},{"damage":25,"enemies":"Gremlin Leader","floor":24,"turns":3},{"damage":33,"enemies":"Sentry and Sphere","floor":25,"turns":4},{"damage":34,"enemies":"Book of Stabbing","floor":27,"turns":3}],"seed_played":"7752154328736817196","potions_obtained":[{"floor":3,"key":"Explosive Potion"},{"floor":3,"key":"AttackPotion"},{"floor":4,"key":"LiquidMemories"},{"floor":4,"key":"Fire Potion"},{"floor":6,"key":"Fire Potion"},{"floor":8,"key":"StarNLove"},{"floor":10,"key":"BottledSpark"},{"floor":11,"key":"ShroomBrew"},{"floor":16,"key":"Explosive Potion"},{"floor":18,"key":"Fire Potion"},{"floor":22,"key":"SpeedPotion"},{"floor":22,"key":"BlessingOfTheForge"}],"is_trial":false,"path_per_floor":["M","$","M","M","?","E","R","E","T","M","E","$","M","$","R","B",null,"M","?","$","T","M","R","E","M","T","E"],"character_chosen":"MARISA","items_purchased":["MeteoricShower","Orbital","IllusionStar","PowerUp","EventHorizon","WitchLeyline","EscapeVelocity"],"campfire_rested":2,"item_purchase_floors":[2,2,12,12,12,14,20],"current_hp_per_floor":[80,80,79,68,68,50,74,60,60,56,48,48,48,48,72,70,82,82,82,82,82,82,82,62,34,34,0,0],"gold":260,"neow_bonus":"TEN_PERCENT_HP_BONUS","is_daily":false,"chose_seed":false,"campfire_upgraded":0,"win_rate":0.0,"timestamp":1612681617,"path_taken":["M","$","M","M","?","E","R","E","T","M","E","$","?","$","R","BOSS","M","?","$","?","M","R","E","M","T","E"],"items_purchased_type":["Card","Card","Card","Card","Card","Card","Card"],"build_version":"2020-12-22","purchased_purges":0,"victory":false,"max_hp_per_floor":[82,82,82,82,82,82,82,82,82,82,82,82,82,82,82,82,82,82,82,82,82,82,82,82,82,82,82,82],"card_choices":[{"not_picked":["WitchLeyline","DoubleSpark"],"picked":"WitchOfGreed","floor":1},{"not_picked":["IllusionStar","OrrerysSun"],"picked":"SuperPerseids","floor":3},{"not_picked":["GravityBeat","BlazeAway"],"picked":"AsteroidBelt","floor":4},{"not_picked":["NonDirectionalLaser","EnergyRecoil"],"picked":"ShootingEcho","floor":6},{"not_picked":["GrandCross","AsteroidBelt"],"picked":"BlazingStar","floor":8},{"not_picked":["AlicesGift","DoubleSpark"],"picked":"Acceleration","floor":10},{"not_picked":["DarkSpark","Robbery"],"picked":"MillisecondPulsars","floor":11},{"not_picked":["SporeBomb","WitchOfGreed"],"picked":"GrandCross","floor":13},{"not_picked":["UltimateShortwave","StarDustReverie"],"picked":"CasketOfStar","floor":16},{"not_picked":["AsteroidBelt","ChargingUp"],"picked":"Robbery","floor":18},{"not_picked":["DarkSpark","Acceleration"],"picked":"LuminesStrike","floor":22},{"not_picked":["GravityBeat","MillisecondPulsars"],"picked":"SporeBomb","floor":24},{"not_picked":["LuminesStrike","MagicAbsorber"],"picked":"GasGiant","floor":25}],"player_experience":191800,"relics_obtained":[{"floor":6,"key":"Pantograph"},{"floor":8,"key":"Anchor"},{"floor":11,"key":"Toy Ornithopter"},{"floor":21,"key":"Smiling Mask"},{"floor":24,"key":"InkBottle"},{"floor":26,"key":"MealTicket"}],"event_choices":[{"damage_healed":0,"gold_gain":0,"player_choice":"Cursed","damage_taken":0,"max_hp_gain":0,"max_hp_loss":0,"event_name":"Wheel of Change","floor":5,"gold_loss":0,"cards_obtained":["Decay"]},{"damage_healed":0,"gold_gain":0,"player_choice":"Ignored","damage_taken":0,"max_hp_gain":0,"max_hp_loss":0,"event_name":"betterNote:BetterNote","floor":19,"gold_loss":0,"cards_obtained":["Defend_R"]}],"is_beta":false,"boss_relics":[{"not_picked":["Philosopher\u0027s Stone","Runic Pyramid"],"picked":"ExperimentalFamiliar"}],"items_purged_floors":[],"is_endless":false,"potions_floor_spawned":[3,4,8,11,16,18,22],"killed_by":"Book of Stabbing","ascension_level":1}}