{"host":"ishme5wb80o83upk","time":1612704247,"event":{"mods":["BaseMod","HololiveMod","Minty Spire (QoL Compilation)","StSLib"],"gold_per_floor":[336,351,377,404,404,404,457,457,457,457,500,532,558,600,600,699,699,731,731,731,771,807,853,853,909,958,995,1044,1109,848,884,884,979,979,1014,1091,1091,1138,867,919,919,973,973,1044,1078,1124,1162,1209,1209,1228,1228,1228,622,663,670],"floor_reached":56,"language":"KOR","playtime":2929,"items_purged":[],"score":3023,"play_id":"56b30d4e-ed58-41d6-a929-b663eb105808","local_time":"20210207222407","is_ascension_mode":true,"campfire_choices":[{"data":"Hololive_RevenueBasedLive","floor":6,"key":"SMITH"},{"data":"Hololive_CallHoushouMarine","floor":8,"key":"SMITH"},{"data":"Hololive_CallNakiriAyame","floor":10,"key":"SMITH"},{"floor":15,"key":"DIG"},{"data":"Hololive_CallDoris","floor":24,"key":"SMITH"},{"data":"Hololive_Nanodesu","floor":32,"key":"SMITH"},{"data":"Hololive_Nanodesu","floor":41,"key":"SMITH"},{"floor":49,"key":"RECALL"},{"data":"Hololive_IdolExercise","floor":52,"key":"SMITH"}],"circlet_count":0,"master_deck":["AscendersBane","Hololive_CallNakiriAyame+1","Hololive_CallCivia","Hololive_CallShiroganeNoel","Hololive_CallAkaiHaato","Hololive_CallUsadaPekora","Hololive_CallHoushouMarine+1","Hololive_CallMinatoAqua","Hololive_RevenueBasedLive+1","Hololive_CallMurasakiShion","Hololive_CallYuzukiChoco","Hololive_CallKiryuuCoco","Hololive_IdolExercise+1","Hololive_Spy+1","Hololive_CallOzoraSubaru+1","Hololive_Thief+1","Hololive_Teleport","Hololive_CallDoris+1","Hololive_CallKiryuuCoco","Hololive_CallYogiri","Hololive_CallShirakamiFubuki+1","Hololive_CallRosalyn+1","Hololive_CallTokoyamiTowa","Hololive_Nanodesu+1","Flash of Steel+1","Hololive_DevilCharm+1","Hololive_Nanodesu+1","Hololive_CallNekomataOkayu","Hololive_CallUruhaRushia","Hololive_CallOkamiMio+1","Hololive_CallSpadeEcho"],"relics":["Hololive_TheStar","Orichalcum","Shovel","InkBottle","Oddly Smooth Stone","Astrolabe","Pear","Gambling Chip","Regal Pillow","Tiny Chest","Kunai","Vajra","SlaversCollar","TungstenRod","StoneCalendar","Bottled Lightning","Lantern","Meat on the Bone","Potion Belt","Ancient Tea Set","Whetstone","Shuriken","Mercury Hourglass","Strawberry"],"acts_visited":["Exordium","TheCity","TheBeyond","TheEnding"],"potions_floor_usage":[46,55,55,55,55],"damage_taken":[{"damage":0,"enemies":"2 Louse","floor":1,"turns":3},{"damage":0,"enemies":"Small Slimes","floor":2,"turns":3},{"damage":0,"enemies":"Jaw Worm","floor":3,"turns":3},{"damage":0,"enemies":"Blue Slaver","floor":4,"turns":4},{"damage":0,"enemies":"Gremlin Nob","floor":7,"turns":4},{"damage":0,"enemies":"Lagavulin","floor":11,"turns":4},{"damage":0,"enemies":"2 Fungi Beasts","floor":12,"turns":3},{"damage":0,"enemies":"Looter","floor":13,"turns":3},{"damage":0,"enemies":"Gremlin Nob","floor":14,"turns":4},{"damage":0,"enemies":"Slime Boss","floor":16,"turns":4},{"damage":0,"enemies":"Spheric Guardian","floor":18,"turns":3},{"damage":0,"enemies":"2 Thieves","floor":21,"turns":3},{"damage":0,"enemies":"Snecko","floor":22,"turns":4},{"damage":0,"enemies":"Book of Stabbing","floor":23,"turns":4},{"damage":14,"enemies":"Gremlin Leader","floor":25,"turns":6},{"damage":0,"enemies":"Snake Plant","floor":27,"turns":3},{"damage":0,"enemies":"Sentry and Sphere","floor":28,"turns":4},{"damage":0,"enemies":"Slavers","floor":29,"turns":5},{"damage":0,"enemies":"Cultist and Chosen","floor":31,"turns":5},{"damage":0,"enemies":"Champ","floor":33,"turns":5},{"damage":4,"enemies":"3 Shapes","floor":35,"turns":4},{"damage":0,"enemies":"2 Orb Walkers","floor":36,"turns":4},{"damage":0,"enemies":"Mind Bloom Boss Battle","floor":38,"turns":4},{"damage":0,"enemies":"Giant Head","floor":40,"turns":6},{"damage":0,"enemies":"Nemesis","floor":42,"turns":3},{"damage":0,"enemies":"Reptomancer","floor":44,"turns":3},{"damage":0,"enemies":"Orb Walker","floor":45,"turns":1},{"damage":8,"enemies":"4 Shapes","floor":46,"turns":4},{"damage":0,"enemies":"3 Darklings","floor":47,"turns":2},{"damage":0,"enemies":"Nemesis","floor":48,"turns":3},{"damage":0,"enemies":"Time Eater","floor":50,"turns":7},{"damage":0,"enemies":"Shield and Spear","floor":54,"turns":4},{"damage":8,"enemies":"The Heart","floor":55,"turns":5}],"seed_played":"-2119940321127818751","potions_obtained":[{"floor":1,"key":"Fire Potion"},{"floor":2,"key":"Dexterity Potion"},{"floor":7,"key":"BlessingOfTheForge"},{"floor":23,"key":"FearPotion"},{"floor":25,"key":"Energy Potion"},{"floor":29,"key":"EssenceOfSteel"},{"floor":44,"key":"BlessingOfTheForge"},{"floor":45,"key":"DistilledChaos"}],"is_trial":false,"path_per_floor":["M","M","M","M","?","R","E","R","T","R","E","M","M","E","R","B",null,"M","?","T","M","M","E","R","E","T","M","M","E","$","M","R","B",null,"M","?","?","?","$","E","R","E","T","E","M","M","M","E","R","B",null,"R","$","E","B",null],"character_chosen":"Hololive_HololiveCharacter","items_purchased":["Flash of Steel","Vajra","Bottled Lightning","Shuriken","Mercury Hourglass","BlessingOfTheForge"],"campfire_rested":0,"item_purchase_floors":[30,30,39,53,53,53],"current_hp_per_floor":[27,27,27,27,32,32,32,32,32,32,32,32,32,32,32,32,32,32,32,42,42,42,42,42,28,28,28,28,28,28,28,28,28,39,35,35,35,35,35,35,35,35,35,35,35,27,27,27,27,27,38,38,38,45,37],"gold":670,"neow_bonus":"TWO_FIFTY_GOLD","is_daily":false,"chose_seed":false,"campfire_upgraded":7,"win_rate":0.0,"timestamp":1612704247,"path_taken":["M","M","M","M","?","R","E","R","T","R","E","M","M","E","R","BOSS","M","?","?","M","M","E","R","E","T","M","M","E","$","M","R","BOSS","M","?","?","?","$","E","R","E","T","E","M","M","M","E","R","BOSS","R","$","E","BOSS"],"items_purchased_type":["Card","Relic","Relic","Relic","Relic","Potion"],"build_version":"2020-12-22","purchased_purges":0,"victory":true,"max_hp_per_floor":[27,27,27,27,32,32,32,32,32,32,32,32,32,32,32,32,32,32,32,42,42,42,42,42,42,42,42,42,42,42,42,42,42,42,42,42,42,42,42,42,42,42,42,42,42,42,42,42,42,42,42,42,42,49,49],"card_choices":[{"not_picked":["Hololive_CallMoonaHoshinova","Hololive_CallAZKi","Hololive_CocoNews"],"picked":"Hololive_CallHoushouMarine","floor":1},{"not_picked":["Hololive_HuntDinosaur","Hololive_CallMomosuzuNene","Hololive_Trident"],"picked":"Hololive_CallMinatoAqua","floor":2},{"not_picked":["Hololive_Rebound","Hololive_FlyingPonyTail","Hololive_StrengthChampion"],"picked":"Hololive_RevenueBasedLive","floor":3},{"not_picked":["Hololive_Sequa","Hololive_CallHimemoriLuna","Hololive_CallManoAloe"],"picked":"Hololive_CallMurasakiShion","floor":4},{"not_picked":["Hololive_Psychosis","Hololive_BeCareful","Hololive_Sequa","Hololive_DevilCharm"],"picked":"SKIP","floor":7},{"not_picked":["Hololive_Breathe","Hololive_HuntDinosaur","Hololive_MaximGun"],"picked":"Hololive_CallYuzukiChoco","floor":11},{"not_picked":["Hololive_CallFriendA","Hololive_Drill","Hololive_HuntDinosaur"],"picked":"Hololive_CallKiryuuCoco","floor":12},{"not_picked":["Hololive_Rebound","Hololive_FlyingPonyTail","Hololive_CallNakiriAyame","Hololive_Sequa"],"picked":"SKIP","floor":13},{"not_picked":["Hololive_Breathe","Hololive_Trident","Hololive_CallKiryuuCoco","Hololive_Rebound"],"picked":"SKIP","floor":14},{"not_picked":["Hololive_DDD","Hololive_DurableLive","Hololive_StarCraft"],"picked":"Hololive_IdolExercise","floor":16},{"not_picked":["Hololive_Sequa","Hololive_Psychosis","Hololive_Drill"],"picked":"Hololive_Teleport","floor":18},{"not_picked":["Hololive_CocoNews","Hololive_SummonFox","Hololive_Teleport+1"],"picked":"Hololive_CallYogiri","floor":21},{"not_picked":["Hololive_CallAkaiHaato","Hololive_Sequa","Hololive_CallOmaruPolka+1"],"picked":"Hololive_CallShirakamiFubuki+1","floor":22},{"not_picked":["Hololive_SoulCatcher","Hololive_Rebound","Hololive_HuntDinosaur+1","Hololive_FlyingPonyTail"],"picked":"SKIP","floor":23},{"not_picked":["Hololive_LuckPotion","Hololive_ILoveYou","Hololive_Drill"],"picked":"Hololive_CallRosalyn+1","floor":25},{"not_picked":["Hololive_CallAiraniIofifteen","Hololive_CallMoonaHoshinova","Hololive_Psychosis"],"picked":"Hololive_CallTokoyamiTowa","floor":27},{"not_picked":["Hololive_FlyingPonyTail","Hololive_CallYuzukiChoco","Hololive_StrengthChampion"],"picked":"Hololive_Nanodesu","floor":28},{"not_picked":["Hololive_Sequa","Hololive_HuntDinosaur","Hololive_Trident","Hololive_OvertimeWork"],"picked":"SKIP","floor":29},{"not_picked":["Hololive_CocoNews+1","Hololive_CallTokinoSora","Hololive_LuckPotion"],"picked":"Hololive_DevilCharm+1","floor":31},{"not_picked":["Hololive_ASMR","Hololive_Thief","Hololive_FlareMind"],"picked":"Hololive_Nanodesu","floor":33},{"not_picked":["Hololive_HuntDinosaur","Hololive_Drill","Hololive_OvertimeWork","Hololive_RevenueBasedLive"],"picked":"SKIP","floor":35},{"not_picked":["Hololive_Psychosis","Hololive_HuntDinosaur+1","Hololive_Trident"],"picked":"Hololive_CallNekomataOkayu","floor":36},{"not_picked":["Hololive_ASMR","Hololive_CallMoonaHoshinova","Hololive_Yoholoon+1"],"picked":"Hololive_CallUruhaRushia","floor":40},{"not_picked":["Hololive_Sequa+1","Hololive_FlyingPonyTail","Hololive_LuckPotion"],"picked":"Hololive_CallOkamiMio+1","floor":42},{"not_picked":["Hololive_CallRoboco","Hololive_Psychosis+1","Hololive_HighAtkLowDef"],"picked":"Hololive_CallSpadeEcho","floor":44},{"not_picked":["Hololive_Rebound","Hololive_Breathe+1","Hololive_CallAkaiHaato","Hololive_Trident"],"picked":"SKIP","floor":45},{"not_picked":["Hololive_Sequa+1","Hololive_Psychosis","Hololive_LuckPotion","Hololive_Drill"],"picked":"SKIP","floor":46},{"not_picked":["Hololive_FlareMind","Hololive_StrengthChampion","Hololive_CallMoonaHoshinova+1","Hololive_HuntDinosaur"],"picked":"SKIP","floor":47},{"not_picked":["Hololive_HuntDinosaur+1","Hololive_Psychosis","Hololive_Rebound+1","Hololive_DevilCharm+1"],"picked":"SKIP","floor":48},{"not_picked":["Hololive_Trident","Hololive_OvertimeWork","Hololive_WolfAndLamb","Hololive_RevenueBasedLive"],"picked":"SKIP","floor":54}],"player_experience":1120351,"relics_obtained":[{"floor":7,"key":"Orichalcum"},{"floor":11,"key":"Shovel"},{"floor":14,"key":"InkBottle"},{"floor":15,"key":"Oddly Smooth Stone"},{"floor":20,"key":"Pear"},{"floor":23,"key":"Gambling Chip"},{"floor":25,"key":"Regal Pillow"},{"floor":26,"key":"Tiny Chest"},{"floor":29,"key":"Kunai"},{"floor":36,"key":"TungstenRod"},{"floor":38,"key":"StoneCalendar"},{"floor":40,"key":"Lantern"},{"floor":42,"key":"Meat on the Bone"},{"floor":43,"key":"Potion Belt"},{"floor":44,"key":"Ancient Tea Set"},{"floor":48,"key":"Whetstone"},{"floor":54,"key":"Strawberry"}],"event_choices":[{"damage_healed":0,"gold_gain":0,"player_choice":"Donut","damage_taken":0,"max_hp_gain":5,"max_hp_loss":0,"event_name":"Big Fish","floor":5,"gold_loss":0},{"damage_healed":0,"gold_gain":0,"cards_transformed":["Hololive_Sequa","Hololive_Defend"],"player_choice":"Became Test Subject","damage_taken":0,"max_hp_gain":0,"max_hp_loss":0,"event_name":"Drug Dealer","floor":19,"gold_loss":0,"cards_obtained":["Hololive_CallDoris","Hololive_CallKiryuuCoco"]},{"damage_healed":0,"gold_gain":0,"player_choice":"Fight","damage_taken":0,"max_hp_gain":0,"max_hp_loss":0,"event_name":"Mysterious Sphere","floor":36,"gold_loss":0},{"damage_healed":0,"gold_gain":0,"player_choice":"Ignored","damage_taken":0,"max_hp_gain":0,"max_hp_loss":0,"event_name":"Tomb of Lord Red Mask","floor":37,"gold_loss":0},{"damage_healed":0,"gold_gain":0,"player_choice":"Fight","damage_taken":0,"max_hp_gain":0,"max_hp_loss":0,"event_name":"MindBloom","floor":38,"gold_loss":0}],"is_beta":false,"boss_relics":[{"not_picked":["Fusion Hammer","Pandora\u0027s Box"],"picked":"Astrolabe"},{"not_picked":["Cursed Key","Hololive_ChaosS"],"picked":"SlaversCollar"}],"items_purged_floors":[],"is_endless":false,"potions_floor_spawned":[1,2,7,13,16,23,25,27,29,33,35,36,40,44,45],"ascension_level":17}}