{"host":"46dxij13gllk3u9t","time":1612741749,"event":{"mods":["BaseMod","Better Note","BetterRewards","Colored Powertips","Custom Start","Jedi Mod","Minty Spire (QoL Compilation)","Relic Sorter","Shop Mod","StSLib","The IronCluck","slay the spire mod where everything is the same but ironclad has a cowboy hat"],"gold_per_floor":[114,114,128,128,144,173,24,37,64,64,64],"floor_reached":10,"language":"ENG","playtime":760,"items_purged":[],"score":68,"play_id":"d732df6c-7503-4235-90d5-b55e937cd6b1","local_time":"20210207184909","is_ascension_mode":false,"campfire_choices":[],"circlet_count":0,"master_deck":["Strike_R","Strike_R","Strike_R","Defend_R","Defend_R","Defend_R","Defend_R","Bash","Metallicize","Trip","jedi:fear","jedi:controlledanger","Headbutt","Disarm"],"relics":["jedi:arcanewood","Nunchaku","CeramicFish"],"acts_visited":["Exordium"],"potions_floor_usage":[8,8],"damage_taken":[{"damage":6,"enemies":"Jaw Worm","floor":1,"turns":3},{"damage":0,"enemies":"Small Slimes","floor":3,"turns":3},{"damage":6,"enemies":"2 Louse","floor":5,"turns":2},{"damage":25,"enemies":"Lagavulin","floor":6,"turns":9},{"damage":9,"enemies":"Exordium Thugs","floor":8,"turns":7},{"damage":26,"enemies":"3 Sentries","floor":10,"turns":6}],"seed_played":"1954755056676225289","potions_obtained":[{"floor":5,"key":"AttackPotion"},{"floor":6,"key":"Regen Potion"}],"is_trial":false,"path_per_floor":["M","?","M","?","M","E","$","M","T","E"],"character_chosen":"IRONCLAD","items_purchased":["jedi:fear","Nunchaku"],"campfire_rested":0,"item_purchase_floors":[0,7],"current_hp_per_floor":[57,50,50,50,44,19,19,25,25,0,0],"gold":64,"neow_bonus":"","is_daily":false,"chose_seed":false,"campfire_upgraded":0,"win_rate":0.0,"timestamp":1612741749,"path_taken":["M","?","M","?","?","E","$","M","T","E"],"items_purchased_type":["Card","Relic"],"build_version":"2020-12-22","purchased_purges":0,"victory":false,"max_hp_per_floor":[80,80,80,80,80,80,80,80,80,80,80],"card_choices":[{"not_picked":["Clothesline","Warcry"],"picked":"jedi:controlledanger","floor":1},{"not_picked":["Clothesline","Spot Weakness"],"picked":"Headbutt","floor":3},{"not_picked":["Iron Wave","Whirlwind","Sword Boomerang"],"picked":"SKIP","floor":5},{"not_picked":["Twin Strike","Infernal Blade"],"picked":"Disarm","floor":6},{"not_picked":["Evolve","Armaments","Pommel Strike"],"picked":"SKIP","floor":8}],"player_experience":368626,"relics_obtained":[{"floor":6,"key":"jedi:arcanewood"},{"floor":9,"key":"CeramicFish"}],"event_choices":[{"cards_removed":["Strike_R"],"damage_healed":0,"gold_gain":0,"player_choice":"Card Removal","damage_taken":7,"max_hp_gain":0,"max_hp_loss":0,"event_name":"Golden Wing","floor":2,"gold_loss":0},{"damage_healed":0,"gold_gain":0,"player_choice":"Ignored","damage_taken":0,"max_hp_gain":0,"max_hp_loss":0,"event_name":"Liars Game","floor":4,"gold_loss":0}],"is_beta":false,"boss_relics":[],"items_purged_floors":[],"is_endless":false,"potions_floor_spawned":[5,6],"killed_by":"3 Sentries","ascension_level":0}}