{"host":"oopoa2qluour3scl","time":1612684732,"event":{"mods":["2.2 Compatiblity","AchievementEnabler","AlwaysNeverKeys","BaseMod","Better Match","Better Note","Better Sensory Stone","Better Third Choice","Better Vampires","BetterRewards","Colored Powertips","Communication Mod","Minty Spire (QoL Compilation)","Practice Mode","Random Character Button","Relic Stats","StSLib","SuperFastMode","Swap Starting Deck Mod"],"gold_per_floor":[117,117,130,0,10,44,62,94,94,94,94,19,31,51,51,154,154,169,188,188,188,208,208,243,148,174,199,199,199,219,239,239,239,239],"floor_reached":33,"language":"ENG","playtime":994,"items_purged":["Regret"],"score":320,"play_id":"f242c1a2-863d-4c54-9572-bf538df2cbbe","local_time":"20210207085852","is_ascension_mode":false,"campfire_choices":[{"floor":11,"key":"REST"},{"floor":15,"key":"REST"},{"floor":23,"key":"REST"},{"floor":28,"key":"REST"},{"data":"Enlightenment","floor":32,"key":"SMITH"}],"circlet_count":0,"master_deck":["Strike_G+1","Strike_G","Strike_G+1","Strike_G","Defend_G","Defend_G","Defend_G","Defend_G","Defend_G","Survivor","Neutralize","Blade Dance","Reflex","Enlightenment+1","Dagger Throw","Masterful Stab","Quick Slash","Bouncing Flask","A Thousand Cuts","Noxious Fumes","Corpse Explosion","Deadly Poison","Outmaneuver","Catalyst+1","Unload","Bandage Up","Catalyst+1","Prepared+1","Deadly Poison"],"relics":["Ring of the Snake","NeowsBlessing","The Specimen","Whetstone","Letter Opener","PreservedInsect","Odd Mushroom","WristBlade","Sundial","Bag of Preparation","Peace Pipe"],"acts_visited":["Exordium","TheCity"],"potions_floor_usage":[7,14,18,27,27,33,33],"damage_taken":[{"damage":0,"enemies":"Cultist","floor":1,"turns":1},{"damage":0,"enemies":"2 Louse","floor":3,"turns":1},{"damage":0,"enemies":"Small Slimes","floor":5,"turns":1},{"damage":39,"enemies":"Gremlin Nob","floor":6,"turns":5},{"damage":3,"enemies":"Blue Slaver","floor":7,"turns":3},{"damage":27,"enemies":"3 Sentries","floor":8,"turns":9},{"damage":5,"enemies":"2 Fungi Beasts","floor":13,"turns":3},{"damage":14,"enemies":"The Mushroom Lair","floor":14,"turns":4},{"damage":28,"enemies":"Hexaghost","floor":16,"turns":8},{"damage":21,"enemies":"2 Thieves","floor":18,"turns":4},{"damage":1,"enemies":"Chosen","floor":19,"turns":4},{"damage":26,"enemies":"Shelled Parasite and Fungi","floor":22,"turns":6},{"damage":14,"enemies":"Gremlin Leader","floor":24,"turns":4},{"damage":21,"enemies":"Slavers","floor":27,"turns":2},{"damage":10,"enemies":"Chosen and Byrds","floor":30,"turns":3},{"damage":0,"enemies":"Snecko","floor":31,"turns":2},{"damage":68,"enemies":"Automaton","floor":33,"turns":6}],"seed_played":"-295676837980476522","potions_obtained":[{"floor":3,"key":"Block Potion"},{"floor":8,"key":"Weak Potion"},{"floor":16,"key":"ColorlessPotion"},{"floor":19,"key":"EssenceOfSteel"},{"floor":22,"key":"Energy Potion"},{"floor":24,"key":"PowerPotion"},{"floor":27,"key":"PowerPotion"}],"is_trial":false,"path_per_floor":["M","?","M","?","M","E","M","E","T","?","R","$","M","?","R","B",null,"M","M","?","?","M","R","E","$","T","E","R","?","M","M","R","B"],"character_chosen":"THE_SILENT","items_purchased":["Bandage Up"],"campfire_rested":4,"item_purchase_floors":[25],"current_hp_per_floor":[70,70,70,76,76,37,34,7,7,7,29,29,24,10,32,4,76,55,54,54,54,28,50,36,36,36,15,37,37,31,31,31,0,0],"gold":239,"neow_bonus":"THREE_ENEMY_KILL","is_daily":false,"chose_seed":false,"campfire_upgraded":1,"win_rate":0.0,"timestamp":1612684732,"path_taken":["M","?","M","?","M","E","M","E","T","?","R","?","M","?","R","BOSS","M","M","?","?","M","R","E","$","T","E","R","?","M","M","R","BOSS"],"items_purchased_type":["Card"],"build_version":"2020-12-22","purchased_purges":1,"victory":false,"max_hp_per_floor":[70,70,70,76,76,76,76,76,76,76,76,76,76,76,76,76,76,76,76,76,76,76,76,76,76,76,76,76,76,76,76,76,76,76],"relic_stats":{"Peace Pipe":0,"counters":[153,599],"Sundial":[0],"PreservedInsect":87,"Bag of Preparation":[8],"Whetstone":["Strike_G","Strike_G"],"Letter Opener":[147],"obtain_stats":[{"Gremlin Horn":40,"CeramicFish":48,"Vajra":28,"Whetstone":26,"Bottled Tornado":43,"Sling":20,"Sozu":0,"Centennial Puzzle":13,"Lizard Tail":10,"HornCleat":30,"Sundial":7,"Strawberry":25,"Philosopher\u0027s Stone":17,"Fusion Hammer":17,"Toxic Egg 2":0,"Girya":37,"Pear":26,"Astrolabe":17,"Dead Branch":30,"Eternal Feather":8,"Letter Opener":24,"War Paint":40,"Question Card":38,"Cables":0,"Bottled Flame":10,"Shuriken":38,"Bronze Scales":0,"Bird Faced Urn":9,"Snecko Eye":17,"Molten Egg 2":26,"Black Star":17,"StrikeDummy":6,"Pocketwatch":6,"Regal Pillow":0,"Lantern":6,"Singing Bowl":25,"Snake Skull":0,"Bag of Preparation":4,"Juzu Bracelet":10,"Ancient Tea Set":43,"Nunchaku":53,"Dream Catcher":27,"WristBlade":17,"Mummified Hand":0,"Pantograph":0,"Gambling Chip":40,"Tiny Chest":9,"WingedGreaves":0,"Red Mask":21,"Cracked Core":0,"Ring of the Snake":0,"Potion Belt":44,"Lee\u0027s Waffle":12,"NeowsBlessing":0,"The Specimen":2,"Golden Idol":0,"The Courier":9,"betterThird:NestCultRelic":27,"PreservedInsect":9,"Omamori":46,"Frozen Egg 2":23,"Orichalcum":0,"Odd Mushroom":14,"GoldenEye":8,"White Beast Statue":28,"Peace Pipe":27,"DataDisk":40,"Ornamental Fan":46,"betterThird:SlimedRelic":4,"Orrery":0,"Ectoplasm":0,"Coffee Dripper":34,"Bottled Lightning":54,"Toy Ornithopter":23},{"Gremlin Horn":124,"CeramicFish":30,"Vajra":20,"Whetstone":4,"Bottled Tornado":28,"Sling":43,"Sozu":0,"Centennial Puzzle":52,"Lizard Tail":82,"HornCleat":21,"Sundial":65,"Strawberry":76,"Philosopher\u0027s Stone":113,"Fusion Hammer":70,"Toxic Egg 2":105,"Girya":25,"Pear":76,"Astrolabe":85,"Dead Branch":91,"Eternal Feather":81,"Letter Opener":45,"War Paint":97,"Question Card":25,"Cables":0,"Bottled Flame":39,"Shuriken":25,"Bronze Scales":0,"Bird Faced Urn":9,"Snecko Eye":42,"Molten Egg 2":19,"Black Star":54,"StrikeDummy":37,"Pocketwatch":9,"Regal Pillow":33,"Lantern":109,"Singing Bowl":19,"Snake Skull":46,"Bag of Preparation":48,"Juzu Bracelet":66,"Ancient Tea Set":98,"Nunchaku":31,"Dream Catcher":77,"WristBlade":145,"Mummified Hand":0,"Pantograph":0,"Gambling Chip":124,"Tiny Chest":134,"WingedGreaves":46,"Red Mask":73,"Cracked Core":0,"Ring of the Snake":0,"Potion Belt":99,"Lee\u0027s Waffle":67,"NeowsBlessing":61,"The Specimen":137,"Golden Idol":0,"The Courier":50,"betterThird:NestCultRelic":118,"PreservedInsect":142,"Omamori":126,"Frozen Egg 2":17,"Orichalcum":46,"Odd Mushroom":144,"GoldenEye":38,"White Beast Statue":119,"Peace Pipe":150,"DataDisk":27,"Ornamental Fan":101,"betterThird:SlimedRelic":107,"Orrery":46,"Ectoplasm":78,"Coffee Dripper":23,"Bottled Lightning":32,"Toy Ornithopter":3},{"Gremlin Horn":473,"CeramicFish":94,"Vajra":64,"Whetstone":18,"Bottled Tornado":90,"Sling":156,"Sozu":0,"Centennial Puzzle":191,"Lizard Tail":312,"HornCleat":66,"Sundial":230,"Strawberry":283,"Philosopher\u0027s Stone":442,"Fusion Hammer":257,"Toxic Egg 2":417,"Girya":81,"Pear":283,"Astrolabe":329,"Dead Branch":355,"Eternal Feather":304,"Letter Opener":167,"War Paint":380,"Question Card":81,"Cables":0,"Bottled Flame":133,"Shuriken":81,"Bronze Scales":0,"Bird Faced Urn":31,"Snecko Eye":150,"Molten Egg 2":61,"Black Star":200,"StrikeDummy":121,"Pocketwatch":31,"Regal Pillow":102,"Lantern":429,"Singing Bowl":61,"Snake Skull":169,"Bag of Preparation":176,"Juzu Bracelet":234,"Ancient Tea Set":384,"Nunchaku":96,"Dream Catcher":287,"WristBlade":568,"Mummified Hand":0,"Pantograph":0,"Gambling Chip":473,"Tiny Chest":527,"WingedGreaves":169,"Red Mask":270,"Cracked Core":0,"Ring of the Snake":0,"Potion Belt":388,"Lee\u0027s Waffle":239,"NeowsBlessing":219,"The Specimen":534,"Golden Idol":0,"The Courier":182,"betterThird:NestCultRelic":454,"PreservedInsect":553,"Omamori":478,"Frozen Egg 2":54,"Orichalcum":169,"Odd Mushroom":560,"GoldenEye":124,"White Beast Statue":456,"Peace Pipe":588,"DataDisk":86,"Ornamental Fan":396,"betterThird:SlimedRelic":422,"Orrery":169,"Ectoplasm":289,"Coffee Dripper":73,"Bottled Lightning":99,"Toy Ornithopter":14}],"Ring of the Snake":[96]},"card_choices":[{"not_picked":["Outmaneuver","Flying Knee"],"picked":"Blade Dance","floor":1},{"not_picked":["PiercingWail","Riddle With Holes"],"picked":"Reflex","floor":3},{"not_picked":["PiercingWail","Dodge and Roll"],"picked":"Dagger Throw","floor":5},{"not_picked":["Sucker Punch","Outmaneuver"],"picked":"Masterful Stab","floor":6},{"not_picked":["Underhanded Strike","Heel Hook"],"picked":"Quick Slash","floor":7},{"not_picked":["Underhanded Strike","Eviscerate"],"picked":"Bouncing Flask","floor":8},{"not_picked":["Backflip","Cloak And Dagger"],"picked":"A Thousand Cuts","floor":13},{"not_picked":["Tactician","Dagger Throw"],"picked":"Noxious Fumes","floor":14},{"not_picked":["Grand Finale","Unload"],"picked":"Corpse Explosion","floor":16},{"not_picked":["Flying Knee","Quick Slash","Outmaneuver"],"picked":"SKIP","floor":18},{"not_picked":["Prepared","Outmaneuver+1"],"picked":"Deadly Poison","floor":19},{"not_picked":["Quick Slash","Distraction"],"picked":"Catalyst+1","floor":22},{"not_picked":["Riddle With Holes","Distraction"],"picked":"Unload","floor":24},{"not_picked":["Flechettes","Deadly Poison+1"],"picked":"Catalyst","floor":27},{"not_picked":["Bane","Poisoned Stab+1"],"picked":"Prepared+1","floor":30},{"not_picked":["Flying Knee","Setup"],"picked":"Deadly Poison","floor":31}],"player_experience":475895,"relics_obtained":[{"floor":6,"key":"Whetstone"},{"floor":8,"key":"Letter Opener"},{"floor":9,"key":"PreservedInsect"},{"floor":14,"key":"Odd Mushroom"},{"floor":24,"key":"Sundial"},{"floor":26,"key":"Bag of Preparation"},{"floor":27,"key":"Peace Pipe"}],"event_choices":[{"damage_healed":0,"gold_gain":0,"player_choice":"Box","damage_taken":0,"relics_obtained":["The Specimen"],"max_hp_gain":0,"max_hp_loss":0,"event_name":"Big Fish","floor":2,"gold_loss":0,"cards_obtained":["Regret"]},{"damage_healed":0,"gold_gain":0,"player_choice":"RENOUNCE","damage_taken":130,"max_hp_gain":0,"max_hp_loss":0,"event_name":"betterThird:BetterSerpent","floor":4,"gold_loss":130,"cards_obtained":["Enlightenment"]},{"damage_healed":7,"gold_gain":0,"player_choice":"Embrace Burn","damage_taken":0,"max_hp_gain":0,"max_hp_loss":76,"event_name":"betterThird:BetterShining","floor":10,"gold_loss":0},{"damage_healed":0,"gold_gain":0,"player_choice":"Fought Mushrooms","damage_taken":0,"max_hp_gain":0,"max_hp_loss":0,"event_name":"Mushrooms","floor":14,"gold_loss":0},{"cards_removed":["Burn"],"damage_healed":0,"gold_gain":0,"player_choice":"Purged","damage_taken":0,"max_hp_gain":0,"max_hp_loss":0,"event_name":"Purifier","floor":20,"gold_loss":0},{"damage_healed":0,"gold_gain":0,"cards_transformed":["Strike_G"],"player_choice":"Transformed","damage_taken":0,"max_hp_gain":0,"max_hp_loss":0,"event_name":"Transmorgrifier","floor":21,"gold_loss":0,"cards_obtained":["Outmaneuver"]},{"damage_healed":0,"gold_gain":0,"player_choice":"Upgraded","damage_taken":0,"max_hp_gain":0,"max_hp_loss":0,"event_name":"Upgrade Shrine","floor":29,"gold_loss":0,"cards_upgraded":["Catalyst"]}],"is_beta":false,"boss_relics":[{"not_picked":["Empty Cage","Busted Crown"],"picked":"WristBlade"}],"items_purged_floors":[12],"is_endless":false,"potions_floor_spawned":[3,8,16,19,22,24,27],"killed_by":"Automaton","ascension_level":0}}