{"host":"53w25izqmiakdcya","time":1612686428,"event":{"mods":["BaseMod","Colored Powertips","Downfall","Minty Spire (QoL Compilation)","Quick Restart","Rare Cards Sparkle","StSLib"],"gold_per_floor":[99,114,134,147,108,108,108,108,108,123,23,23,23,49,61,160,160,160,98,109,124,137,147,199,99,99,99,132,150,53,153,165,270,270,270,290,290,310,322,322,370,400,411,311,311,327,344,344,355,355,355,355],"floor_reached":50,"language":"ENG","playtime":2485,"items_purged":[],"score":596,"play_id":"2b0dad6f-b40b-4fa6-a786-81ab39199165","local_time":"20210207022708","is_ascension_mode":false,"campfire_choices":[{"data":"bronze:Iterate","floor":1.0,"key":"SMITH"},{"floor":9.0,"key":"RECALL"},{"data":"bronze:Replicate","floor":11.0,"key":"SMITH"},{"data":"bronze:FineTuning","floor":13.0,"key":"SMITH"},{"data":"bronze:Verify","floor":18.0,"key":"SMITH"},{"data":"bronze:Iterate","floor":25.0,"key":"SMITH"},{"floor":27.0,"key":"REST"},{"data":"bronze:AlphaBuild","floor":35.0,"key":"SMITH"},{"floor":40.0,"key":"REST"},{"floor":44.0,"key":"REST"}],"circlet_count":0,"master_deck":["bronze:Strike","bronze:Strike","bronze:Strike","bronze:Strike","bronze:Defend","bronze:Defend","bronze:Defend","bronze:Defend","bronze:Replicate+1","bronze:Goto","bronze:Iterate+1","bronze:Frontload","bronze:FineTuning+1","bronze:BronzeOrb","bronze:Return","bronze:WhirlingStrike+1","bronze:Flail","bronze:DelayedSlice","bronze:Virus","bronze:Verify+1","bronze:Iterate+1","bronze:FineTuning","bronze:ChildClass","bronze:Backtrace","bronze:Branch","RitualDagger","bronze:DelayedGuard","bronze:FineTuning","bronze:Format+1","bronze:Verify+1","expansioncontent:InvincibleStrength","bronze:ClassDefault","bronze:Boost","bronze:AlphaBuild+1","bronze:BitShift","bronze:ChildClass","bronze:HardenedForm","bronze:GetLatest","bronze:Constructor","bronze:FineTuning","bronze:Iterate","expansioncontent:InvincibleStrength","bronze:Branch+1"],"relics":["bronze:BronzeCore","Lantern","Shuriken","downfall:HeartBlessingRed","Ornamental Fan","Juzu Bracelet","Black Star","downfall:HeartBlessingBlue","Shovel","Calipers","DollysMirror","Orichalcum","Bag of Marbles","Blue Candle","TungstenRod","downfall:HeartBlessingGreen"],"acts_visited":["Exordium","TheCity","TheBeyond"],"potions_floor_usage":[50,50],"damage_taken":[{"damage":1.0,"enemies":"Cultist","floor":2.0,"turns":3.0},{"damage":2.0,"enemies":"Jaw Worm","floor":3.0,"turns":3.0},{"damage":3.0,"enemies":"Small Slimes","floor":4.0,"turns":2.0},{"damage":0.0,"enemies":"downfall:FleeingMerchant","floor":5.0,"turns":4.0},{"damage":0.0,"enemies":"Red Slaver","floor":10.0,"turns":3.0},{"damage":0.0,"enemies":"3 Sentries","floor":14.0,"turns":2.0},{"damage":0.0,"enemies":"Gremlin Gang","floor":15.0,"turns":1.0},{"damage":10.0,"enemies":"IC_STATUS_ARCHETYPE","floor":16.0,"turns":3.0},{"damage":2.0,"enemies":"downfall:FleeingMerchant","floor":19.0,"turns":4.0},{"damage":0.0,"enemies":"3 Byrds","floor":20.0,"turns":3.0},{"damage":12.0,"enemies":"Shelled Parasite and Fungi","floor":21.0,"turns":2.0},{"damage":0.0,"enemies":"Snecko","floor":22.0,"turns":2.0},{"damage":6.0,"enemies":"Snake Plant","floor":23.0,"turns":3.0},{"damage":18.0,"enemies":"Gremlin Leader","floor":28.0,"turns":6.0},{"damage":0.0,"enemies":"3 Cultists","floor":29.0,"turns":2.0},{"damage":2.0,"enemies":"downfall:FleeingMerchant","floor":30.0,"turns":3.0},{"damage":0.0,"enemies":"Centurion and Healer","floor":32.0,"turns":5.0},{"damage":29.0,"enemies":"DF_ARCHETYPE_CLAW","floor":33.0,"turns":7.0},{"damage":5.0,"enemies":"Orb Walker","floor":36.0,"turns":3.0},{"damage":14.0,"enemies":"3 Shapes","floor":38.0,"turns":4.0},{"damage":35.0,"enemies":"Spire Growth","floor":39.0,"turns":4.0},{"damage":49.0,"enemies":"Nemesis","floor":42.0,"turns":5.0},{"damage":0.0,"enemies":"Sphere and 2 Shapes","floor":43.0,"turns":5.0},{"damage":4.0,"enemies":"4 Shapes","floor":46.0,"turns":3.0},{"damage":0.0,"enemies":"3 Darklings","floor":47.0,"turns":3.0},{"damage":15.0,"enemies":"Maw","floor":49.0,"turns":7.0},{"damage":9,"enemies":"SI_POISON_ARCHETYPE","floor":50,"turns":2}],"seed_played":"5314195245536971392","potions_obtained":[{"floor":3.0,"key":"FearPotion"},{"floor":4.0,"key":"EntropicBrew"},{"floor":14.0,"key":"SmokeBomb"},{"floor":20.0,"key":"sneckomod:MuddlingPotion"},{"floor":32.0,"key":"Energy Potion"},{"floor":33.0,"key":"sneckomod:MuddlingPotion"},{"floor":36.0,"key":"DuplicationPotion"},{"floor":42.0,"key":"SteroidPotion"},{"floor":46.0,"key":"Ancient Potion"},{"floor":49.0,"key":"SteroidPotion"}],"is_trial":false,"path_per_floor":["R","M","M","M","$","T","T","?","R","M","R","T","R","E","M","B",null,"R","$","M","M","M","M","T","R","?","R","E","M","$","?","M","B",null,"R","M","?","M","M","R","T","E","M","R","?","M","M","?","M","B"],"character_chosen":"THE_AUTOMATON","items_purchased":["bronze:WhirlingStrike","bronze:FineTuning","DollysMirror","expansioncontent:InvincibleStrength","bronze:ClassDefault","Orichalcum"],"campfire_rested":3,"item_purchase_floors":[5,19,30,30,30,30],"current_hp_per_floor":[70,69,67,64,64,64,64,64,64,64,64,64,64,64,64,54,70,70,68,68,56,56,50,50,60,54,78,60,60,58,58,58,29,80,80,75,75,61,26,50,50,1,1,25,25,21,21,21,6,0,0,0],"gold":355,"neow_bonus":"THREE_CARDS","is_daily":false,"chose_seed":false,"campfire_upgraded":6,"win_rate":0.0,"timestamp":1612686428,"path_taken":["R","M","M","M","$","?","T","?","R","M","R","?","R","E","M","BOSS","R","$","M","M","M","M","T","R","?","R","E","M","$","?","M","BOSS","R","M","?","M","M","R","T","E","M","R","?","M","M","?","M","BOSS"],"items_purchased_type":["Card","Card","Relic","Card","Card","Relic"],"build_version":"2020-12-22","purchased_purges":0,"victory":false,"max_hp_per_floor":[70,70,70,70,70,70,70,70,70,70,70,70,70,70,70,70,70,70,70,70,70,70,70,70,80,80,80,80,80,80,80,80,80,80,80,80,80,80,80,80,80,80,80,80,80,80,80,80,80,80,80,80],"card_choices":[{"not_picked":["bronze:Philosophize","bronze:Shell"],"picked":"bronze:Iterate","floor":0.0},{"not_picked":["bronze:BuggyMess","bronze:Return"],"picked":"bronze:Frontload","floor":2.0},{"not_picked":["bronze:BugBarrage","bronze:BronzeArmor"],"picked":"bronze:FineTuning","floor":3.0},{"not_picked":["bronze:WildBeam","bronze:BitShift"],"picked":"bronze:BronzeOrb","floor":4.0},{"not_picked":["bronze:WildBeam","bronze:NullPointer"],"picked":"bronze:Return","floor":5.0},{"not_picked":["bronze:DarkDash","bronze:Deprecate"],"picked":"bronze:Flail","floor":10.0},{"not_picked":["bronze:NullPointer","bronze:Shell"],"picked":"bronze:DelayedSlice","floor":14.0},{"not_picked":["bronze:Deprecate","bronze:BitShift"],"picked":"bronze:Virus","floor":15.0},{"not_picked":["bronze:HyperBeam","bronze:SpaghettiCode"],"picked":"bronze:Verify","floor":16.0},{"not_picked":["bronze:DarkDash+1","bronze:Invalidate"],"picked":"bronze:Iterate","floor":19.0},{"not_picked":["bronze:Overload","bronze:FollowUp"],"picked":"bronze:ChildClass","floor":20.0},{"not_picked":["bronze:Frontload","bronze:BuggyMess"],"picked":"bronze:Backtrace","floor":21.0},{"not_picked":["bronze:OilSpill","bronze:ForLoop+1"],"picked":"bronze:Branch","floor":22.0},{"not_picked":["bronze:Turbo+1","bronze:BuggyMess","bronze:Repulsor"],"picked":"SKIP","floor":23.0},{"not_picked":["bronze:ChildClass+1","bronze:Invalidate"],"picked":"bronze:DelayedGuard","floor":28.0},{"not_picked":["bronze:OilSpill","bronze:CutThrough"],"picked":"bronze:FineTuning","floor":29.0},{"not_picked":["bronze:Shield","bronze:ItsAFeature"],"picked":"bronze:Format","floor":30.0},{"not_picked":["bronze:DelayedSlice","bronze:MaxOutput+1"],"picked":"bronze:Boost","floor":32.0},{"not_picked":["bronze:ShipIt","bronze:HardenedForm"],"picked":"bronze:AlphaBuild","floor":33.0},{"not_picked":["bronze:Shield","bronze:Branch"],"picked":"bronze:BitShift","floor":36.0},{"not_picked":["bronze:Deprecate+1","bronze:WildBeam"],"picked":"bronze:ChildClass","floor":38.0},{"not_picked":["bronze:CutThrough","bronze:Frontload+1"],"picked":"bronze:HardenedForm","floor":39.0},{"not_picked":["bronze:Overheat","bronze:Overload"],"picked":"bronze:GetLatest","floor":42.0},{"not_picked":["bronze:Boost+1","bronze:WildBeam+1"],"picked":"bronze:Constructor","floor":43.0},{"not_picked":["bronze:Turbo","bronze:Overheat"],"picked":"bronze:FineTuning","floor":46.0},{"not_picked":["bronze:Overheat","bronze:FineTuning"],"picked":"bronze:Iterate","floor":47.0},{"not_picked":["expansioncontent:Hexaburn","expansioncontent:PrepareCrush"],"picked":"expansioncontent:InvincibleStrength","floor":48.0},{"not_picked":["bronze:DelayedSlice","bronze:DigitalCarnage+1"],"picked":"bronze:Branch+1","floor":49.0}],"player_experience":577203,"relics_obtained":[{"floor":6.0,"key":"Lantern"},{"floor":7.0,"key":"Shuriken"},{"floor":12.0,"key":"Ornamental Fan"},{"floor":14.0,"key":"Juzu Bracelet"},{"floor":28.0,"key":"Shovel"},{"floor":28.0,"key":"Calipers"},{"floor":41.0,"key":"Bag of Marbles"},{"floor":42.0,"key":"Blue Candle"},{"floor":42.0,"key":"TungstenRod"}],"event_choices":[{"damage_healed":0.0,"max_hp_gain":0.0,"max_hp_loss":0.0,"gold_gain":0.0,"event_name":"Living Wall","player_choice":"Grow","floor":8.0,"gold_loss":0.0,"damage_taken":0.0,"cards_upgraded":["bronze:WhirlingStrike"]}],"is_beta":false,"boss_relics":[{"not_picked":["bronze:MakeshiftBattery","Cursed Key"],"picked":"Black Star"},{"not_picked":["Snecko Eye","Coffee Dripper","Fusion Hammer"]}],"items_purged_floors":[],"is_endless":false,"potions_floor_spawned":[3,4,14,15,20,32,33,36,42,46,49],"killed_by":"SI_POISON_ARCHETYPE","ascension_level":0}}