{"host":"qc8p2flj7wsy3zpg","time":1612738655,"event":{"mods":["BaseMod","Highlight Path","Minty Spire (QoL Compilation)","Monster List Patch","Relic Stats","StSLib"],"gold_per_floor":[118,131,131,148,148,181,192,220,220,220,220,247,17,42,42,115,115,128,142,162,193,108,135,135,152,225,253,253,268,268,300,300,377,377,393,393,22,39,50,50,84,84,84,100,129,147,180,19,19,19,19,19,19,19,47,47],"floor_reached":57,"language":"ENG","playtime":3460,"items_purged":["Strike_R","Strike_R"],"score":2931,"play_id":"cf50eb15-aa7d-483a-b255-5bb4cc2247bb","local_time":"20210207165735","is_ascension_mode":true,"campfire_choices":[{"floor":10.0,"key":"REST"},{"floor":15.0,"key":"REST"},{"floor":24.0,"key":"REST"},{"data":"1","floor":28.0,"key":"LIFT"},{"data":"2","floor":30.0,"key":"LIFT"},{"data":"3","floor":32.0,"key":"LIFT"},{"floor":40.0,"key":"RECALL"},{"floor":42.0,"key":"REST"},{"floor":49.0,"key":"REST"},{"floor":53.0,"key":"REST"}],"circlet_count":0,"master_deck":["AscendersBane","Defend_R","Defend_R","Defend_R","Defend_R","Bash+1","Pummel","Pommel Strike","Fire Breathing","Shockwave","Shrug It Off","Offering","Feel No Pain","Twin Strike","Dropkick","Immolate","Sever Soul","Disarm","Shrug It Off+1","Spot Weakness","Heavy Blade","Dropkick","Limit Break","Pommel Strike+1","Shrug It Off+1","Feel No Pain","Limit Break+1","Ghostly Armor+1"],"relics":["Fusion Hammer","PreservedInsect","Meat on the Bone","Sundial","Self Forming Clay","White Beast Statue","Runic Cube","Red Mask","Lizard Tail","Shuriken","InkBottle","Girya","Pen Nib","SlaversCollar","Toxic Egg 2","Eternal Feather","Akabeko","Pocketwatch","Toy Ornithopter"],"acts_visited":["Exordium","TheCity","TheBeyond","TheEnding"],"potions_floor_usage":[56],"damage_taken":[{"damage":4.0,"enemies":"Jaw Worm","floor":1.0,"turns":4.0},{"damage":3.0,"enemies":"2 Louse","floor":2.0,"turns":3.0},{"damage":0.0,"enemies":"Cultist","floor":4.0,"turns":3.0},{"damage":32.0,"enemies":"Gremlin Nob","floor":6.0,"turns":4.0},{"damage":1.0,"enemies":"2 Fungi Beasts","floor":7.0,"turns":3.0},{"damage":17.0,"enemies":"Lagavulin","floor":8.0,"turns":7.0},{"damage":15.0,"enemies":"3 Sentries","floor":12.0,"turns":5.0},{"damage":6.0,"enemies":"Lagavulin","floor":14.0,"turns":3.0},{"damage":20.0,"enemies":"Slime Boss","floor":16.0,"turns":6.0},{"damage":10.0,"enemies":"Spheric Guardian","floor":18.0,"turns":4.0},{"damage":28.0,"enemies":"2 Thieves","floor":19.0,"turns":2.0},{"damage":14.0,"enemies":"Centurion and Healer","floor":20.0,"turns":4.0},{"damage":19.0,"enemies":"Masked Bandits","floor":21.0,"turns":3.0},{"damage":19.0,"enemies":"Slavers","floor":23.0,"turns":2.0},{"damage":22.0,"enemies":"Shelled Parasite and Fungi","floor":25.0,"turns":4.0},{"damage":17.0,"enemies":"Book of Stabbing","floor":27.0,"turns":3.0},{"damage":1.0,"enemies":"Snecko","floor":29.0,"turns":4.0},{"damage":14.0,"enemies":"Slavers","floor":31.0,"turns":2.0},{"damage":37.0,"enemies":"Champ","floor":33.0,"turns":7.0},{"damage":8.0,"enemies":"3 Shapes","floor":35.0,"turns":4.0},{"damage":0.0,"enemies":"3 Darklings","floor":38.0,"turns":1.0},{"damage":13.0,"enemies":"Spire Growth","floor":39.0,"turns":3.0},{"damage":9.0,"enemies":"Reptomancer","floor":41.0,"turns":3.0},{"damage":11.0,"enemies":"Sphere and 2 Shapes","floor":44.0,"turns":4.0},{"damage":8.0,"enemies":"Nemesis","floor":45.0,"turns":3.0},{"damage":38.0,"enemies":"Jaw Worm Horde","floor":46.0,"turns":3.0},{"damage":6.0,"enemies":"Giant Head","floor":47.0,"turns":4.0},{"damage":22.0,"enemies":"Awakened One","floor":50.0,"turns":7.0},{"damage":28.0,"enemies":"Donu and Deca","floor":51.0,"turns":5.0},{"damage":38.0,"enemies":"Shield and Spear","floor":55.0,"turns":5.0},{"damage":122,"enemies":"The Heart","floor":56,"turns":8}],"seed_played":"-1464237845484653429","potions_obtained":[{"floor":1.0,"key":"BlessingOfTheForge"},{"floor":6.0,"key":"Regen Potion"},{"floor":14.0,"key":"SkillPotion"},{"floor":16.0,"key":"Energy Potion"},{"floor":18.0,"key":"LiquidMemories"},{"floor":20.0,"key":"Weak Potion"},{"floor":21.0,"key":"ElixirPotion"},{"floor":23.0,"key":"GamblersBrew"},{"floor":25.0,"key":"FairyPotion"},{"floor":29.0,"key":"SneckoOil"},{"floor":31.0,"key":"Regen Potion"},{"floor":33.0,"key":"ColorlessPotion"},{"floor":35.0,"key":"BloodPotion"},{"floor":45.0,"key":"BloodPotion"},{"floor":55.0,"key":"SkillPotion"}],"is_trial":false,"path_per_floor":["M","M","?","M","?","E","M","E","T","R","?","E","$","E","R","B",null,"M","M","M","?","?","E","R","M","T","E","R","M","R","E","R","B",null,"M","?","$","M","M","R","E","R","T","M","E","M","E","$","R","B","B",null,"R","$","E","B",null],"character_chosen":"IRONCLAD","items_purchased":["Feel No Pain","Strength Potion","Twin Strike","Toxic Egg 2","Limit Break+1"],"campfire_rested":6,"item_purchase_floors":[13,13,13,37,48],"current_hp_per_floor":[64,61,61,61,61,29,28,26,26,48,48,45,45,39,61,41,67,57,41,39,32,32,25,47,37,37,32,32,43,43,41,41,31,64,56,56,56,56,43,43,46,75,75,64,71,45,39,39,75,53,37,66,75,75,69,20],"gold":47,"neow_bonus":"BOSS_RELIC","is_daily":false,"chose_seed":false,"campfire_upgraded":0,"win_rate":0.0,"timestamp":1612738655,"path_taken":["M","M","?","M","?","E","?","E","T","R","?","E","$","E","R","BOSS","M","?","?","?","?","E","R","M","T","E","R","M","R","E","R","BOSS","M","?","$","?","M","R","E","R","T","M","E","M","E","$","R","BOSS","BOSS","R","$","E","BOSS"],"items_purchased_type":["Card","Potion","Card","Relic","Card"],"build_version":"2020-12-22","purchased_purges":2,"victory":true,"max_hp_per_floor":[75,75,75,75,75,75,75,75,75,75,75,75,75,75,75,75,75,75,75,75,75,75,75,75,75,75,75,75,75,75,75,75,75,75,75,75,75,75,75,75,75,75,75,75,75,75,75,75,75,75,75,75,75,75,75,75],"relic_stats":{"counters":[31,123],"Self Forming Clay":[192],"Eternal Feather":39,"PreservedInsect":539,"Pen Nib":[11],"Lizard Tail":0,"Sundial":[18],"Shuriken":[27],"obtain_stats":[{"Girya":27,"Self Forming Clay":12,"Eternal Feather":41,"PreservedInsect":6,"Pen Nib":31,"Burning Blood":0,"White Beast Statue":14,"Akabeko":45,"SlaversCollar":34,"Lizard Tail":22,"Sundial":9,"Shuriken":23,"Fusion Hammer":0,"Red Mask":21,"Toxic Egg 2":37,"InkBottle":26,"Toy Ornithopter":55,"Meat on the Bone":8,"Runic Cube":17,"Pocketwatch":47},{"Girya":16,"Self Forming Clay":7,"Eternal Feather":23,"PreservedInsect":4,"Pen Nib":18,"Burning Blood":0,"White Beast Statue":8,"Akabeko":25,"SlaversCollar":19,"Lizard Tail":13,"Sundial":6,"Shuriken":14,"Fusion Hammer":0,"Red Mask":13,"Toxic Egg 2":20,"InkBottle":15,"Toy Ornithopter":30,"Meat on the Bone":6,"Runic Cube":9,"Pocketwatch":27},{"Girya":60,"Self Forming Clay":29,"Eternal Feather":84,"PreservedInsect":14,"Pen Nib":66,"Burning Blood":0,"White Beast Statue":32,"Akabeko":91,"SlaversCollar":73,"Lizard Tail":51,"Sundial":24,"Shuriken":53,"Fusion Hammer":0,"Red Mask":51,"Toxic Egg 2":77,"InkBottle":57,"Toy Ornithopter":115,"Meat on the Bone":24,"Runic Cube":38,"Pocketwatch":98}],"InkBottle":[28],"Toy Ornithopter":10,"Meat on the Bone":180,"Runic Cube":[69],"Pocketwatch":[3]},"card_choices":[{"not_picked":["Shrug It Off","Flex"],"picked":"Pummel","floor":1.0},{"not_picked":["Iron Wave","Clash"],"picked":"Pommel Strike","floor":2.0},{"not_picked":["Dual Wield","Intimidate"],"picked":"Fire Breathing","floor":4.0},{"not_picked":["Havoc","Intimidate"],"picked":"Shockwave","floor":6.0},{"not_picked":["Reckless Charge","Headbutt"],"picked":"Shrug It Off","floor":7.0},{"not_picked":["Thunderclap","Shrug It Off"],"picked":"Offering","floor":12.0},{"not_picked":["Dual Wield","Thunderclap"],"picked":"Dropkick","floor":14.0},{"not_picked":["Corruption","Brutality"],"picked":"Immolate","floor":16.0},{"not_picked":["Twin Strike","Sword Boomerang"],"picked":"Sever Soul","floor":18.0},{"not_picked":["Pommel Strike","Thunderclap"],"picked":"Disarm","floor":19.0},{"not_picked":["Sword Boomerang","Warcry"],"picked":"Shrug It Off+1","floor":20.0},{"not_picked":["Clothesline","Armaments"],"picked":"Spot Weakness","floor":21.0},{"not_picked":["Body Slam","Shrug It Off"],"picked":"Heavy Blade","floor":23.0},{"not_picked":["Anger","Pommel Strike"],"picked":"Dropkick","floor":25.0},{"not_picked":["Perfected Strike","Wild Strike","Warcry"],"picked":"SKIP","floor":29.0},{"not_picked":["Fiend Fire","Juggernaut"],"picked":"Limit Break","floor":33.0},{"not_picked":["Headbutt","Wild Strike+1"],"picked":"Pommel Strike+1","floor":35.0},{"not_picked":["Berserk","Headbutt+1","Heavy Blade"],"picked":"SKIP","floor":38.0},{"not_picked":["Sword Boomerang","Blood for Blood"],"picked":"Shrug It Off+1","floor":39.0},{"not_picked":["Heavy Blade","Twin Strike","Carnage"],"picked":"SKIP","floor":41.0},{"not_picked":["Havoc+1","Dropkick","Clothesline+1"],"picked":"SKIP","floor":44.0},{"not_picked":["Heavy Blade","Fire Breathing+1","Havoc+1"],"picked":"SKIP","floor":46.0},{"not_picked":["Dual Wield+1","Feed"],"picked":"Feel No Pain","floor":47.0},{"not_picked":["Body Slam","Anger"],"picked":"Ghostly Armor+1","floor":55.0}],"player_experience":2329472,"relics_obtained":[{"floor":6.0,"key":"PreservedInsect"},{"floor":8.0,"key":"Meat on the Bone"},{"floor":9.0,"key":"Sundial"},{"floor":12.0,"key":"Self Forming Clay"},{"floor":14.0,"key":"White Beast Statue"},{"floor":21.0,"key":"Red Mask"},{"floor":23.0,"key":"Shuriken"},{"floor":26.0,"key":"InkBottle"},{"floor":27.0,"key":"Girya"},{"floor":31.0,"key":"Pen Nib"},{"floor":41.0,"key":"Eternal Feather"},{"floor":45.0,"key":"Akabeko"},{"floor":47.0,"key":"Pocketwatch"},{"floor":55.0,"key":"Toy Ornithopter"}],"event_choices":[{"damage_healed":0.0,"max_hp_gain":0.0,"max_hp_loss":0.0,"gold_gain":0.0,"event_name":"Living Wall","player_choice":"Grow","floor":3.0,"gold_loss":0.0,"damage_taken":0.0,"cards_upgraded":["Bash"]},{"cards_removed":["Strike_R"],"damage_healed":0.0,"max_hp_gain":0.0,"max_hp_loss":0.0,"gold_gain":0.0,"event_name":"Bonfire Elementals","player_choice":"Offered Basic","floor":5.0,"gold_loss":0.0,"damage_taken":0.0},{"cards_removed":["Strike_R"],"damage_healed":0.0,"max_hp_gain":0.0,"max_hp_loss":0.0,"gold_gain":0.0,"event_name":"Purifier","player_choice":"Purged","floor":11.0,"gold_loss":0.0,"damage_taken":0.0},{"damage_healed":0.0,"max_hp_gain":0.0,"max_hp_loss":0.0,"gold_gain":0.0,"event_name":"Masked Bandits","player_choice":"Fought Bandits","floor":21.0,"gold_loss":0.0,"damage_taken":0.0},{"damage_healed":0.0,"max_hp_gain":0.0,"max_hp_loss":0.0,"gold_gain":0.0,"event_name":"Addict","player_choice":"Obtained Relic","floor":22.0,"gold_loss":85.0,"damage_taken":0.0,"relics_obtained":["Lizard Tail"]},{"cards_removed":["Strike_R"],"damage_healed":0.0,"max_hp_gain":0.0,"max_hp_loss":0.0,"gold_gain":0.0,"event_name":"Purifier","player_choice":"Purged","floor":36.0,"gold_loss":0.0,"damage_taken":0.0}],"is_beta":false,"boss_relics":[{"not_picked":["Sozu","Runic Pyramid"],"picked":"Runic Cube"},{"not_picked":["Tiny House","Black Star"],"picked":"SlaversCollar"}],"items_purged_floors":[13,37],"is_endless":false,"potions_floor_spawned":[1,6,14,16,18,19,20,21,23,25,27,29,31,33,35,38,39,41,44,45,46,47,55],"ascension_level":20}}