{"host":"jlk2k69f9c6o7b3e","time":1612667276,"event":{"mods":["AchievementEnabler","BaseMod","Minty Spire (QoL Compilation)","StSLib"],"gold_per_floor":[110,285,303,316,390,400,431,431,431,463,538,553,563,175,175,278,278,291,291,306,323,323,323],"floor_reached":22,"language":"ZHS","playtime":1526,"items_purged":[],"score":248,"play_id":"07842179-98ce-4be9-ada4-e798311c02be","local_time":"20210207110756","is_ascension_mode":false,"campfire_choices":[{"floor":15,"key":"REST"}],"circlet_count":0,"master_deck":["Strike_R","Strike_R","Strike_R","Defend_R","Defend_R","Defend_R","Defend_R","Bash","Headbutt","Doubt","Hemokinesis","Armaments","Twin Strike","Shrug It Off","Regret","Blood for Blood","Hemokinesis","Apotheosis","Flex","Barricade","Rage","Flex"],"relics":["Fusion Hammer","White Beast Statue","Singing Bowl","Bottled Flame","Blue Candle","Toolbox","Empty Cage","Lantern"],"acts_visited":["Exordium","TheCity"],"potions_floor_usage":[16,21,21,22],"damage_taken":[{"damage":1,"enemies":"2 Louse","floor":1,"turns":2},{"damage":6,"enemies":"Jaw Worm","floor":3,"turns":2},{"damage":0,"enemies":"Small Slimes","floor":4,"turns":3},{"damage":2,"enemies":"3 Louse","floor":6,"turns":3},{"damage":27,"enemies":"3 Sentries","floor":7,"turns":8},{"damage":16,"enemies":"Gremlin Nob","floor":10,"turns":3},{"damage":7,"enemies":"2 Fungi Beasts","floor":12,"turns":2},{"damage":8,"enemies":"Looter","floor":13,"turns":2},{"damage":6,"enemies":"Slime Boss","floor":16,"turns":4},{"damage":35,"enemies":"3 Byrds","floor":18,"turns":8},{"damage":25,"enemies":"Spheric Guardian","floor":20,"turns":4},{"damage":12,"enemies":"Chosen and Byrds","floor":21,"turns":7},{"damage":41,"enemies":"Shelled Parasite and Fungi","floor":22,"turns":4}],"seed_played":"-5761407636457764730","potions_obtained":[{"floor":10,"key":"GamblersBrew"},{"floor":12,"key":"Fire Potion"},{"floor":13,"key":"Weak Potion"},{"floor":16,"key":"BlessingOfTheForge"},{"floor":18,"key":"SkillPotion"},{"floor":20,"key":"ElixirPotion"},{"floor":21,"key":"BloodPotion"}],"is_trial":false,"path_per_floor":["M","?","M","M","?","M","E","?","T","E","?","M","M","$","R","B",null,"M","?","M","M","M"],"character_chosen":"IRONCLAD","items_purchased":["Apotheosis","Toolbox","Flex"],"campfire_rested":1,"item_purchase_floors":[14,14,14],"current_hp_per_floor":[79,79,73,73,73,71,44,44,44,28,17,12,4,4,28,22,82,47,47,24,12,0,0],"gold":323,"neow_bonus":"BOSS_RELIC","is_daily":false,"chose_seed":false,"campfire_upgraded":0,"win_rate":0.0,"timestamp":1612667276,"path_taken":["M","?","M","M","?","M","E","?","T","E","?","M","M","$","R","BOSS","M","?","?","M","M"],"items_purchased_type":["Card","Relic","Card"],"build_version":"2020-12-22","purchased_purges":0,"victory":false,"max_hp_per_floor":[80,80,80,80,80,80,80,80,80,80,80,82,82,82,82,82,82,82,82,84,84,84,84],"card_choices":[{"not_picked":["Shrug It Off","Sword Boomerang"],"picked":"Headbutt","floor":1},{"not_picked":["Headbutt","Anger"],"picked":"Hemokinesis","floor":3},{"not_picked":["Perfected Strike","Shockwave"],"picked":"Armaments","floor":4},{"not_picked":["Wild Strike","Headbutt"],"picked":"Twin Strike","floor":6},{"not_picked":["Clothesline","Twin Strike"],"picked":"Shrug It Off","floor":7},{"not_picked":["Berserk","Anger"],"picked":"Blood for Blood","floor":10},{"not_picked":["True Grit","Pommel Strike","Rampage"],"picked":"Singing Bowl","floor":12},{"not_picked":["Intimidate","Thunderclap"],"picked":"Hemokinesis","floor":13},{"not_picked":["Immolate","Impervious"],"picked":"Barricade","floor":16},{"not_picked":["Headbutt","Heavy Blade"],"picked":"Rage","floor":18},{"not_picked":["Wild Strike+1","Iron Wave","Rage"],"picked":"Singing Bowl","floor":20},{"not_picked":["Clothesline","Armaments"],"picked":"Flex","floor":21}],"player_experience":377098,"relics_obtained":[{"floor":7,"key":"White Beast Statue"},{"floor":9,"key":"Bottled Flame"},{"floor":10,"key":"Blue Candle"}],"event_choices":[{"damage_healed":0,"gold_gain":175,"player_choice":"AGREE","damage_taken":0,"max_hp_gain":0,"max_hp_loss":0,"event_name":"Liars Game","floor":2,"gold_loss":0,"cards_obtained":["Doubt"]},{"damage_healed":0,"gold_gain":74,"player_choice":"Gained Gold","damage_taken":0,"max_hp_gain":0,"max_hp_loss":0,"event_name":"Golden Wing","floor":5,"gold_loss":0},{"damage_healed":0,"gold_gain":0,"player_choice":"Box","damage_taken":0,"relics_obtained":["Singing Bowl"],"max_hp_gain":0,"max_hp_loss":0,"event_name":"Big Fish","floor":8,"gold_loss":0,"cards_obtained":["Regret"]},{"damage_healed":0,"gold_gain":75,"player_choice":"Gather Gold","damage_taken":11,"max_hp_gain":0,"max_hp_loss":0,"event_name":"World of Goop","floor":11,"gold_loss":0},{"damage_healed":0,"gold_gain":0,"player_choice":"Gave Potion","damage_taken":0,"relics_obtained":["Lantern"],"max_hp_gain":0,"max_hp_loss":0,"event_name":"WeMeetAgain","floor":19,"gold_loss":0}],"is_beta":false,"boss_relics":[{"not_picked":["SacredBark","Runic Dome"],"picked":"Empty Cage"}],"items_purged_floors":[],"is_endless":false,"potions_floor_spawned":[10,12,13,16,18,20,21],"killed_by":"Shelled Parasite and Fungi","ascension_level":0}}