{"host":"4kmvpqjeiacgn1pr","time":1612739538,"event":{"mods":["A Penny For Your Troubles","AchievementEnabler","AlwaysNeverKeys","Aspiration","BaseMod","Bestiary","Better Altar","Better Match","Better Note","Better Sensory Stone","Better Skull","Better Third Choice","Better Vampires","BetterRewards","Colored Map","Colored Powertips","Conspire","Curses Come First","Downfall","Halation","Highlight Path","Infinite Spire","Minty Spire (QoL Compilation)","Permanent Neow","Quick Restart","Rare Cards Sparkle","Relic Sorter","Relic Stats","Replay The Spire","Reworked Bosses","Shop Mod","Smile Girya","Spicy Shops","Spikes Relics","StSLib","Waifu the Spire"],"gold_per_floor":[113,29,29,29,48,48,48,48],"floor_reached":7,"language":"ENG","playtime":277,"items_purged":[],"score":59,"play_id":"bd6b0ce3-26d7-4a7b-a2b0-8e5f5f8ea7cc","local_time":"20210207181218","is_ascension_mode":true,"campfire_choices":[{"data":"halation:MainDeck","floor":6,"key":"SMITH"}],"circlet_count":0,"master_deck":["AscendersBane","Strike_G","Strike_G","Strike_G","Strike_G","Strike_G","Defend_G","Defend_G","Defend_G","Defend_G","Defend_G","Survivor","Neutralize","Unload","Deflect+1","Flying Knee","DiskWipe+1"],"relics":["Ring of the Snake","Bag of Preparation","aspiration:ChemicalBlood"],"acts_visited":["Exordium"],"potions_floor_usage":[7,7,7],"damage_taken":[{"damage":2,"enemies":"Small Slimes","floor":1,"turns":4},{"damage":0,"enemies":"2 Louse","floor":5,"turns":3},{"damage":32,"enemies":"Gremlin Nob","floor":7,"turns":3}],"seed_played":"8947042033686263925","potions_obtained":[],"is_trial":false,"path_per_floor":["M","$","?","?","M","R","E"],"character_chosen":"THE_SILENT","items_purchased":["Deflect+1","Flying Knee"],"campfire_rested":0,"item_purchase_floors":[2,2],"current_hp_per_floor":[43,43,43,26,26,26,0,0],"gold":48,"neow_bonus":"THREE_RARE_CARDS","is_daily":false,"chose_seed":false,"campfire_upgraded":1,"win_rate":0.0,"timestamp":1612739538,"path_taken":["M","$","?","?","M","R","E"],"items_purchased_type":["Card","Card"],"build_version":"2020-12-22","purchased_purges":0,"victory":false,"max_hp_per_floor":[70,70,70,70,70,70,70,70],"relic_stats":{"counters":[3,10],"Bag of Preparation":[4],"obtain_stats":[{"Bag of Preparation":3,"Ring of the Snake":0,"aspiration:ChemicalBlood":4},{"Bag of Preparation":1,"Ring of the Snake":0,"aspiration:ChemicalBlood":1},{"Bag of Preparation":4,"Ring of the Snake":0,"aspiration:ChemicalBlood":4}],"Ring of the Snake":[6]},"card_choices":[{"not_picked":["Tools of the Trade","Wraith Form v2"],"picked":"Unload","floor":0},{"not_picked":["Expertise","Acrobatics","Prepared"],"picked":"SKIP","floor":1},{"not_picked":["Outmaneuver","Bane","Sucker Punch"],"picked":"SKIP","floor":5}],"player_experience":454502,"relics_obtained":[{"floor":3,"key":"Bag of Preparation"}],"event_choices":[],"is_beta":false,"boss_relics":[],"items_purged_floors":[],"is_endless":false,"potions_floor_spawned":[],"killed_by":"Gremlin Nob","ascension_level":10}}