{"host":"mydft8i2zzydgggw","time":1612669020,"event":{"mods":["AchievementEnabler","BaseMod","Colored Map","Colored Powertips","DeckTracker","Keyboard Shortcuts","Minty Spire (QoL Compilation)","Rare Cards Sparkle","StSLib","SuperFastMode","everything is the same but u backflip on backflip"],"gold_per_floor":[119,130,130,130,55,55,90,107,130,145,156,166,166,177,177,282,282,297,308,325,153,153,153,153,153],"floor_reached":24,"language":"KOR","playtime":437,"items_purged":["Strike_R","Strike_R"],"score":326,"play_id":"d58a3665-b768-471a-b4fe-ec1b6becd8e4","local_time":"20210207123700","is_ascension_mode":true,"campfire_choices":[{"data":"Flame Barrier","floor":6,"key":"SMITH"},{"data":"True Grit","floor":13,"key":"SMITH"},{"data":"Body Slam","floor":15,"key":"SMITH"},{"floor":23,"key":"REST"}],"circlet_count":0,"master_deck":["Strike_R","Strike_R","Strike_R+1","Defend_R","Defend_R","Defend_R","Defend_R","Bash+1","Flame Barrier+1","Body Slam+1","Dropkick","True Grit+1","Reaper","Body Slam","Whirlwind+1","Bloodletting","Metallicize","Dark Embrace","Second Wind"],"relics":["Burning Blood","NeowsBlessing","Vajra","Dream Catcher","Toy Ornithopter","Mark of Pain"],"acts_visited":["Exordium","TheCity"],"potions_floor_usage":[16,16,24],"damage_taken":[{"damage":0,"enemies":"Jaw Worm","floor":1,"turns":1},{"damage":0,"enemies":"2 Louse","floor":2,"turns":1},{"damage":0,"enemies":"Gremlin Nob","floor":7,"turns":1},{"damage":7,"enemies":"Small Slimes","floor":8,"turns":4},{"damage":16,"enemies":"2 Fungi Beasts","floor":10,"turns":4},{"damage":9,"enemies":"Blue Slaver","floor":11,"turns":4},{"damage":3,"enemies":"3 Louse","floor":12,"turns":4},{"damage":31,"enemies":"Gremlin Gang","floor":14,"turns":6},{"damage":24,"enemies":"Hexaghost","floor":16,"turns":11},{"damage":16,"enemies":"Shell Parasite","floor":18,"turns":6},{"damage":0,"enemies":"Chosen","floor":19,"turns":4},{"damage":62,"enemies":"Sentry and Sphere","floor":20,"turns":8},{"damage":47,"enemies":"Slavers","floor":24,"turns":3}],"seed_played":"1175343903175635647","potions_obtained":[{"floor":2,"key":"EssenceOfSteel"},{"floor":11,"key":"Dexterity Potion"},{"floor":12,"key":"FearPotion"},{"floor":18,"key":"BlessingOfTheForge"}],"is_trial":false,"path_per_floor":["M","M","?","?","$","R","E","M","T","M","M","M","R","M","R","B",null,"M","M","M","$","?","R","E"],"character_chosen":"IRONCLAD","items_purchased":["Bloodletting"],"campfire_rested":1,"item_purchase_floors":[21],"current_hp_per_floor":[78,80,68,52,52,52,58,57,57,47,44,47,47,22,22,14,64,61,67,16,16,16,40,0,0],"gold":153,"neow_bonus":"THREE_ENEMY_KILL","is_daily":false,"chose_seed":false,"campfire_upgraded":3,"win_rate":0.0,"timestamp":1612669020,"path_taken":["M","M","?","?","$","R","E","M","T","M","M","M","R","M","R","BOSS","M","M","M","$","?","R","E"],"items_purchased_type":["Card"],"build_version":"2020-12-22","purchased_purges":2,"victory":false,"max_hp_per_floor":[80,80,80,80,80,80,80,80,80,80,80,80,80,80,80,80,80,80,80,80,80,80,80,80,80],"card_choices":[{"not_picked":["Twin Strike","Flex","Intimidate"],"picked":"SKIP","floor":1},{"not_picked":["Rupture","Headbutt"],"picked":"Flame Barrier","floor":2},{"not_picked":["Heavy Blade","Iron Wave"],"picked":"Brutality","floor":7},{"not_picked":["Whirlwind","Sword Boomerang"],"picked":"Body Slam","floor":8},{"not_picked":["Clash","Sword Boomerang"],"picked":"Dropkick","floor":10},{"not_picked":["Dual Wield","Sever Soul"],"picked":"Pommel Strike","floor":11},{"not_picked":["Heavy Blade","Armaments"],"picked":"True Grit","floor":12},{"not_picked":["Clothesline","Perfected Strike","Headbutt"],"picked":"SKIP","floor":14},{"not_picked":["Fiend Fire","Brutality"],"picked":"Reaper","floor":16},{"not_picked":["True Grit","Clothesline"],"picked":"Body Slam","floor":18},{"not_picked":["Pummel+1","True Grit","Dual Wield"],"picked":"SKIP","floor":19},{"not_picked":["Havoc","Heavy Blade"],"picked":"Whirlwind+1","floor":20},{"not_picked":["Warcry","Havoc"],"picked":"Second Wind","floor":23}],"player_experience":242561,"relics_obtained":[{"floor":7,"key":"Dream Catcher"},{"floor":9,"key":"Toy Ornithopter"}],"event_choices":[{"damage_healed":0,"gold_gain":0,"player_choice":"Success","damage_taken":12,"relics_obtained":["Vajra"],"max_hp_gain":0,"max_hp_loss":0,"event_name":"Scrap Ooze","floor":3,"gold_loss":0},{"damage_healed":0,"gold_gain":0,"player_choice":"Entered Light","damage_taken":16,"max_hp_gain":0,"max_hp_loss":0,"event_name":"Shining Light","floor":4,"gold_loss":0,"cards_upgraded":["Strike_R","Bash"]},{"damage_healed":0,"gold_gain":0,"cards_transformed":["Brutality","Pommel Strike"],"player_choice":"Became Test Subject","damage_taken":0,"max_hp_gain":0,"max_hp_loss":0,"event_name":"Drug Dealer","floor":22,"gold_loss":0,"cards_obtained":["Metallicize","Dark Embrace"]}],"is_beta":false,"boss_relics":[{"not_picked":["Calling Bell","Fusion Hammer"],"picked":"Mark of Pain"}],"items_purged_floors":[5,21],"is_endless":false,"potions_floor_spawned":[2,11,12,18],"killed_by":"Slavers","ascension_level":9}}