{"host":"s41rn2jhghpwfrvz","time":1612674122,"event":{"mods":["BaseMod","Minty Spire (QoL Compilation)","Quick Restart","Relic Stats","SuperFastMode"],"gold_per_floor":[118,118,118,43,43,43,56,85,85,104,138,138,156,190,190,264,264,280,296,306,339,352,352,352,382,382,209,244,268,280,312,324,413,425,456,493,505,529,555,593,605,637,675,722,362,389,389,228,228,228,228,228,228,71,105,105],"floor_reached":57,"language":"ENG","playtime":2211,"items_purged":["Infinite Blades"],"score":3186,"play_id":"175a7f60-c186-41e7-865d-afa47d5bd4fb","local_time":"20210207070202","daily_mods":["SealedDeck","Diverse","DeadlyEvents"],"is_ascension_mode":true,"campfire_choices":[{"data":"Blade Dance","floor":6,"key":"SMITH"},{"data":"Cloak And Dagger","floor":12,"key":"SMITH"},{"data":"Expertise","floor":15,"key":"SMITH"},{"data":"Turbo","floor":23,"key":"SMITH"},{"floor":32,"key":"RECALL"},{"data":"Backflip","floor":41,"key":"SMITH"},{"data":"Demon Form","floor":47,"key":"SMITH"},{"data":"Offering","floor":49,"key":"SMITH"},{"data":"Shrug It Off","floor":53,"key":"SMITH"}],"circlet_count":0,"master_deck":["AscendersBane","Second Wind","Turbo+1","PiercingWail+1","Beam Cell+1","Footwork","Shrug It Off+1","Blade Dance+1","Expertise+1","Backflip+1","Streamline+1","Demon Form+1","Offering+1"],"relics":["Burning Blood","Centennial Puzzle","Oddly Smooth Stone","Matryoshka","Pantograph","SacredBark","Ancient Tea Set","Blood Vial","Vajra","OrangePellets","MawBank","Ornamental Fan","Dream Catcher","Runic Pyramid","Peace Pipe","Orichalcum","Happy Flower","Anchor","Singing Bowl","ClockworkSouvenir","Frozen Eye","Toy Ornithopter"],"acts_visited":["Exordium","TheCity","TheBeyond","TheEnding"],"potions_floor_usage":[14,14,25,56,56],"damage_taken":[{"damage":0,"enemies":"Jaw Worm","floor":1,"turns":3},{"damage":5,"enemies":"2 Louse","floor":7,"turns":3},{"damage":6,"enemies":"Gremlin Nob","floor":8,"turns":3},{"damage":0,"enemies":"Cultist","floor":10,"turns":2},{"damage":0,"enemies":"Lagavulin","floor":11,"turns":4},{"damage":2,"enemies":"Lots of Slimes","floor":13,"turns":4},{"damage":1,"enemies":"3 Sentries","floor":14,"turns":9},{"damage":0,"enemies":"Hexaghost","floor":16,"turns":6},{"damage":0,"enemies":"3 Byrds","floor":18,"turns":3},{"damage":8,"enemies":"Spheric Guardian","floor":19,"turns":4},{"damage":1,"enemies":"Shelled Parasite and Fungi","floor":20,"turns":3},{"damage":4,"enemies":"Book of Stabbing","floor":21,"turns":5},{"damage":4,"enemies":"Snake Plant","floor":22,"turns":5},{"damage":4,"enemies":"Slavers","floor":25,"turns":5},{"damage":0,"enemies":"Gremlin Leader","floor":28,"turns":5},{"damage":0,"enemies":"3 Cultists","floor":29,"turns":4},{"damage":10,"enemies":"Snecko","floor":31,"turns":7},{"damage":16,"enemies":"Automaton","floor":33,"turns":7},{"damage":0,"enemies":"3 Shapes","floor":35,"turns":4},{"damage":0,"enemies":"Mind Bloom Boss Battle","floor":36,"turns":12},{"damage":4,"enemies":"Orb Walker","floor":38,"turns":3},{"damage":0,"enemies":"Maw","floor":39,"turns":5},{"damage":33,"enemies":"Reptomancer","floor":40,"turns":5},{"damage":5,"enemies":"Jaw Worm Horde","floor":42,"turns":3},{"damage":0,"enemies":"Giant Head","floor":44,"turns":3},{"damage":2,"enemies":"Nemesis","floor":46,"turns":7},{"damage":12,"enemies":"Donu and Deca","floor":50,"turns":5},{"damage":20,"enemies":"Awakened One","floor":51,"turns":5},{"damage":28,"enemies":"Shield and Spear","floor":55,"turns":6},{"damage":37,"enemies":"The Heart","floor":56,"turns":7}],"seed_played":"5734915819371436684","potions_obtained":[{"floor":7,"key":"GamblersBrew"},{"floor":8,"key":"SkillPotion"},{"floor":16,"key":"Dexterity Potion"},{"floor":18,"key":"EssenceOfSteel"},{"floor":21,"key":"LiquidMemories"},{"floor":31,"key":"Energy Potion"}],"is_trial":true,"path_per_floor":["M","?","?","$","?","R","M","E","T","M","E","R","M","E","R","B",null,"M","M","M","E","M","R","?","E","T","$","E","M","T","M","R","B",null,"M","?","?","M","M","E","R","M","T","E","$","E","R","$","R","B","B",null,"R","$","E","B",null],"character_chosen":"IRONCLAD","items_purchased":["OrangePellets","SpeedPotion","Demon Form","Anchor","ClockworkSouvenir","Frozen Eye"],"campfire_rested":0,"item_purchase_floors":[27,45,45,45,48,54],"current_hp_per_floor":[74,51,40,40,75,75,75,75,75,75,75,75,75,75,75,75,75,75,73,75,75,75,75,75,75,75,75,75,75,75,71,71,65,73,75,75,75,75,75,48,48,51,51,59,59,65,65,65,65,69,61,72,72,72,54,46],"gold":105,"neow_bonus":"","is_daily":false,"chose_seed":false,"campfire_upgraded":8,"win_rate":0.0,"timestamp":1612674122,"path_taken":["M","?","?","$","?","R","M","E","T","M","E","R","M","E","R","BOSS","M","M","?","?","M","R","?","E","T","$","E","?","?","?","R","BOSS","M","?","?","M","M","E","R","M","T","E","$","E","R","$","R","BOSS","BOSS","R","$","E","BOSS"],"items_purchased_type":["Relic","Potion","Card","Relic","Relic","Relic"],"build_version":"2020-12-22","purchased_purges":1,"victory":true,"max_hp_per_floor":[75,75,75,75,75,75,75,75,75,75,75,75,75,75,75,75,75,75,75,75,75,75,75,75,75,75,75,75,75,75,75,75,75,75,75,75,75,75,75,75,75,75,75,75,75,75,75,75,75,75,75,75,75,75,77,77],"relic_stats":{"Happy Flower":[10],"Singing Bowl":2,"counters":[30,147],"Orichalcum":[6],"MawBank":204,"Burning Blood":105,"Blood Vial":18,"Peace Pipe":0,"OrangePellets":[5],"Centennial Puzzle":[55],"Dream Catcher":0,"Ornamental Fan":[556],"Pantograph":35,"obtain_stats":[{"Happy Flower":44,"Singing Bowl":46,"SacredBark":17,"Oddly Smooth Stone":8,"Vajra":26,"Orichalcum":40,"Ancient Tea Set":21,"MawBank":28,"Burning Blood":0,"ClockworkSouvenir":48,"Blood Vial":26,"Peace Pipe":36,"OrangePellets":27,"Frozen Eye":54,"Centennial Puzzle":3,"Dream Catcher":30,"Anchor":45,"Matryoshka":9,"Ornamental Fan":30,"Pantograph":11,"Toy Ornithopter":55,"Runic Pyramid":34},{"Happy Flower":25,"Singing Bowl":26,"SacredBark":8,"Oddly Smooth Stone":3,"Vajra":14,"Orichalcum":23,"Ancient Tea Set":12,"MawBank":15,"Burning Blood":0,"ClockworkSouvenir":26,"Blood Vial":14,"Peace Pipe":20,"OrangePellets":14,"Frozen Eye":28,"Centennial Puzzle":1,"Dream Catcher":16,"Anchor":25,"Matryoshka":3,"Ornamental Fan":16,"Pantograph":5,"Toy Ornithopter":29,"Runic Pyramid":18},{"Happy Flower":117,"Singing Bowl":124,"SacredBark":34,"Oddly Smooth Stone":9,"Vajra":59,"Orichalcum":111,"Ancient Tea Set":49,"MawBank":64,"Burning Blood":0,"ClockworkSouvenir":124,"Blood Vial":59,"Peace Pipe":98,"OrangePellets":59,"Frozen Eye":134,"Centennial Puzzle":3,"Dream Catcher":68,"Anchor":117,"Matryoshka":9,"Ornamental Fan":68,"Pantograph":15,"Toy Ornithopter":140,"Runic Pyramid":82}],"Toy Ornithopter":0},"card_choices":[{"not_picked":["Bane","EmptyBody"],"picked":"Expertise","floor":1},{"not_picked":["Worship","Redo","Reflex"],"picked":"SKIP","floor":7},{"not_picked":["Wraith Form v2","Eviscerate","Underhanded Strike"],"picked":"SKIP","floor":8},{"not_picked":["Reinforced Body","Halt","Outmaneuver"],"picked":"SKIP","floor":10},{"not_picked":["Eviscerate","Warcry","Ghostly Armor"],"picked":"SKIP","floor":11},{"not_picked":["Stack","Fiend Fire","Sucker Punch"],"picked":"SKIP","floor":13},{"not_picked":["Evaluate","Anger","Cold Snap"],"picked":"SKIP","floor":14},{"not_picked":["EmptyFist","Shrug It Off","FlurryOfBlows"],"picked":"SKIP","floor":18},{"not_picked":["Terror+1","Turbo","FlyingSleeves"],"picked":"SKIP","floor":19},{"not_picked":["CutThroughFate","Shrug It Off","Bouncing Flask"],"picked":"SKIP","floor":20},{"not_picked":["Turbo","JustLucky","Clash"],"picked":"SKIP","floor":21},{"not_picked":["Study","Alpha","Sword Boomerang"],"picked":"SKIP","floor":22},{"not_picked":["Bloodletting","Prepared+1"],"picked":"Backflip","floor":25},{"not_picked":["Prepared","Wireheading","Dodge and Roll+1"],"picked":"SKIP","floor":28},{"not_picked":["Disarm","Stack+1","Underhanded Strike"],"picked":"SKIP","floor":29},{"not_picked":["Nirvana","Indignation","Underhanded Strike"],"picked":"SKIP","floor":31},{"not_picked":["FlyingSleeves","Evaluate","Lockon"],"picked":"SKIP","floor":35},{"not_picked":["EmptyMind","Tempest","Chaos"],"picked":"SKIP","floor":38},{"not_picked":["EmptyBody","EmptyFist"],"picked":"Streamline+1","floor":39},{"not_picked":["Rip and Tear+1","Protect","Melter"],"picked":"SKIP","floor":40},{"not_picked":["JustLucky+1","Poisoned Stab","Wild Strike"],"picked":"SKIP","floor":42},{"not_picked":["CrushJoints+1","EmptyBody","Stack"],"picked":"SKIP","floor":44},{"not_picked":["BootSequence","Perfected Strike"],"picked":"Offering","floor":46},{"not_picked":["Warcry","Hello World","Thunderclap"],"picked":"Singing Bowl","floor":55}],"player_experience":1884448,"relics_obtained":[{"floor":8,"key":"Oddly Smooth Stone"},{"floor":9,"key":"Matryoshka"},{"floor":11,"key":"Pantograph"},{"floor":21,"key":"Ancient Tea Set"},{"floor":26,"key":"Blood Vial"},{"floor":26,"key":"Vajra"},{"floor":28,"key":"MawBank"},{"floor":30,"key":"Ornamental Fan"},{"floor":30,"key":"Dream Catcher"},{"floor":36,"key":"Peace Pipe"},{"floor":40,"key":"Orichalcum"},{"floor":44,"key":"Happy Flower"},{"floor":46,"key":"Singing Bowl"},{"floor":55,"key":"Toy Ornithopter"}],"event_choices":[{"damage_healed":0,"gold_gain":0,"player_choice":"Entered Light","damage_taken":23,"max_hp_gain":0,"max_hp_loss":0,"event_name":"Shining Light","floor":2,"gold_loss":0,"cards_upgraded":["PiercingWail","Beam Cell"]},{"damage_healed":0,"gold_gain":0,"player_choice":"Success","damage_taken":11,"relics_obtained":["Centennial Puzzle"],"max_hp_gain":0,"max_hp_loss":0,"event_name":"Scrap Ooze","floor":3,"gold_loss":0},{"cards_removed":["Intimidate"],"damage_healed":35,"gold_gain":0,"player_choice":"Offered Uncommon","damage_taken":0,"max_hp_gain":0,"max_hp_loss":0,"event_name":"Bonfire Elementals","floor":5,"gold_loss":0},{"damage_healed":0,"gold_gain":0,"player_choice":"Ignored","damage_taken":0,"max_hp_gain":0,"max_hp_loss":0,"event_name":"Vampires","floor":24,"gold_loss":0},{"damage_healed":0,"gold_gain":0,"player_choice":"Fight","damage_taken":0,"max_hp_gain":0,"max_hp_loss":0,"event_name":"MindBloom","floor":36,"gold_loss":0},{"cards_removed":["Cloak And Dagger"],"damage_healed":0,"gold_gain":0,"player_choice":"Purged","damage_taken":0,"max_hp_gain":0,"max_hp_loss":0,"event_name":"Purifier","floor":37,"gold_loss":0}],"is_beta":false,"boss_relics":[{"not_picked":["Tiny House","Sozu"],"picked":"SacredBark"},{"not_picked":["Fusion Hammer","SlaversCollar"],"picked":"Runic Pyramid"}],"items_purged_floors":[4],"is_endless":false,"potions_floor_spawned":[7,8,11,13,16,18,19,21,22,31,35,42,44,55],"ascension_level":20}}