{"host":"8z0h4areh8sio1k0","time":1612671736,"event":{"mods":["10 clothes from DAL","Act Like it!","Aspiration","BaseMod","Colored Map","Conspire","Crowbot","Hubris","Library of Ruina Extra","Minty Spire (QoL Compilation)","Replay The Spire","StSLib","TestMod","The Administrix","The Bug Knight","The Cursed","【遗物Mod】死灵法师NEW","老伊莉雅"],"gold_per_floor":[118,15,26,44,55,55,74,74,74],"floor_reached":8,"language":"ZHS","playtime":426,"items_purged":[],"score":50,"play_id":"ccfbb58e-02df-48cb-8b7c-248294f874b9","local_time":"20210207122216","is_ascension_mode":false,"campfire_choices":[{"data":"crowbot:Boom","floor":6,"key":"SMITH"}],"circlet_count":0,"master_deck":["crowbot:Boom+1","crowbot:Slug","crowbot:Slug","crowbot:Slug","crowbot:HeavySlug","crowbot:Defend","crowbot:Defend","crowbot:Defend","crowbot:Defend","crowbot:Defend","crowbot:Desperado","crowbot:Barrier","crowbot:Barrier","crowbot:PoisonSlug","crowbot:Ricochet","crowbot:Overflow","crowbot:GatlingArm","crowbot:ScrapLauncher"],"relics":["testmod-TestBox","testmod-NegativeEmotionEnhancer"],"acts_visited":["Exordium"],"potions_floor_usage":[],"damage_taken":[{"damage":3,"enemies":"Cultist","floor":1,"turns":6},{"damage":3,"enemies":"Jaw Worm","floor":3,"turns":6},{"damage":0,"enemies":"2 Louse","floor":4,"turns":3},{"damage":7,"enemies":"Looter","floor":5,"turns":2},{"damage":40,"enemies":"Exordium Thugs","floor":7,"turns":7},{"damage":17,"enemies":"3 Sentries","floor":8,"turns":4}],"seed_played":"4104029447251260413","potions_obtained":[{"floor":1,"key":"Doom Potion"}],"is_trial":false,"path_per_floor":["M","$","M","M","M","R","M","E"],"character_chosen":"CROWBOT","items_purchased":["crowbot:Barrier","crowbot:PoisonSlug"],"campfire_rested":0,"item_purchase_floors":[2,2],"current_hp_per_floor":[80,80,79,82,77,77,40,23,23],"gold":74,"neow_bonus":"TEN_PERCENT_HP_BONUS","is_daily":false,"chose_seed":false,"campfire_upgraded":1,"win_rate":0.0,"timestamp":1612671736,"path_taken":["M","$","?","M","M","R","M","E"],"items_purchased_type":["Card","Card"],"build_version":"2020-12-22","purchased_purges":0,"victory":false,"max_hp_per_floor":[82,82,83,84,85,85,86,86,86],"card_choices":[{"not_picked":["crowbot:FullMetalJacket","crowbot:Barrier"],"picked":"crowbot:Desperado","floor":1},{"not_picked":["crowbot:Stash","crowbot:Undo"],"picked":"crowbot:Ricochet","floor":3},{"not_picked":["crowbot:Ricochet","crowbot:Hyperlight"],"picked":"crowbot:Overflow","floor":4},{"not_picked":["crowbot:Pellet","crowbot:Barrier"],"picked":"crowbot:GatlingArm","floor":5},{"not_picked":["crowbot:Reload","crowbot:Desperado"],"picked":"crowbot:ScrapLauncher","floor":7}],"player_experience":538395,"relics_obtained":[],"event_choices":[],"is_beta":false,"boss_relics":[],"items_purged_floors":[],"is_endless":false,"potions_floor_spawned":[1],"killed_by":"3 Sentries","ascension_level":0}}