{"host":"uy3vg6glkp8m6iit","time":1612682485,"event":{"mods":["AchievementEnabler","BaseMod","Colored Map","DeckTracker","Highlight Path","Keyboard Shortcuts","Minty Spire (QoL Compilation)","Quick Restart","Random Character Button","Rare Cards Sparkle","Relic Stats","StSLib","everything is the same but u backflip on backflip"],"gold_per_floor":[117,137,154,79,79,79,112,71,117,137,17,36,36,36,36,112,112,123,3,3],"floor_reached":19,"language":"KOR","playtime":591,"items_purged":["Strike_G"],"score":309,"play_id":"f0506f3e-f529-4c46-9683-aea153c374df","local_time":"20210207162125","is_ascension_mode":true,"campfire_choices":[{"data":"Deadly Poison","floor":6.0,"key":"SMITH"},{"floor":13.0,"key":"REST"},{"data":"Noxious Fumes","floor":15.0,"key":"SMITH"}],"circlet_count":0,"master_deck":["AscendersBane","Strike_G","Defend_G","Defend_G","Defend_G","Survivor","Neutralize","Blade Dance","Deadly Poison+1","Poisoned Stab","Deflect","Noxious Fumes+1","Well Laid Plans","Catalyst","Corpse Explosion","Accuracy+1","Die Die Die+1","Choke+1","PiercingWail"],"relics":["Ring of the Snake","Potion Belt","Oddly Smooth Stone","Boot","Astrolabe"],"acts_visited":["Exordium","TheCity"],"potions_floor_usage":[],"damage_taken":[{"damage":2.0,"enemies":"Small Slimes","floor":1.0,"turns":6.0},{"damage":1.0,"enemies":"Cultist","floor":2.0,"turns":3.0},{"damage":2.0,"enemies":"Jaw Worm","floor":3.0,"turns":4.0},{"damage":30.0,"enemies":"3 Sentries","floor":7.0,"turns":9.0},{"damage":2.0,"enemies":"Looter","floor":10.0,"turns":3.0},{"damage":12.0,"enemies":"Lots of Slimes","floor":12.0,"turns":5.0},{"damage":12.0,"enemies":"Hexaghost","floor":16.0,"turns":7.0},{"damage":24.0,"enemies":"Chosen","floor":18.0,"turns":4.0},{"damage":30,"enemies":"2 Thieves","floor":19,"turns":3}],"seed_played":"-6432556105636507731","potions_obtained":[{"floor":2.0,"key":"LiquidBronze"},{"floor":12.0,"key":"EssenceOfSteel"},{"floor":18.0,"key":"Strength Potion"}],"is_trial":false,"path_per_floor":["M","M","M","?","?","R","E","$","T","M","$","M","R","$","R","B",null,"M","M"],"character_chosen":"THE_SILENT","items_purchased":["Noxious Fumes","Well Laid Plans"],"campfire_rested":1,"item_purchase_floors":[8,11],"current_hp_per_floor":[57,56,54,54,54,54,24,24,24,22,22,10,29,29,29,17,54,30,0,0],"gold":3,"neow_bonus":"RANDOM_COMMON_RELIC","is_daily":false,"chose_seed":false,"campfire_upgraded":2,"win_rate":0.0,"timestamp":1612682485,"path_taken":["M","M","M","?","?","R","E","$","T","?","$","M","R","?","R","BOSS","M","M"],"items_purchased_type":["Card","Card"],"build_version":"2020-12-22","purchased_purges":1,"victory":false,"max_hp_per_floor":[66,66,66,66,66,66,66,66,66,66,66,66,66,66,66,66,66,66,66,66],"relic_stats":{"counters":[9,44],"Astrolabe":["Accuracy","Die Die Die","Choke"],"Boot":[35],"obtain_stats":[{"Potion Belt":0,"Astrolabe":17,"Oddly Smooth Stone":7,"Boot":9,"Ring of the Snake":0},{"Potion Belt":0,"Astrolabe":7,"Oddly Smooth Stone":4,"Boot":4,"Ring of the Snake":0},{"Potion Belt":0,"Astrolabe":37,"Oddly Smooth Stone":22,"Boot":22,"Ring of the Snake":0}],"Ring of the Snake":[18]},"card_choices":[{"not_picked":["Underhanded Strike","Endless Agony"],"picked":"Blade Dance","floor":1.0},{"not_picked":["Quick Slash","Escape Plan"],"picked":"Deadly Poison","floor":2.0},{"not_picked":["Infinite Blades","PiercingWail"],"picked":"Poisoned Stab","floor":3.0},{"not_picked":["Distraction","Acrobatics"],"picked":"Deflect","floor":7.0},{"not_picked":["Finisher","Skewer","Flying Knee"],"picked":"SKIP","floor":10.0},{"not_picked":["Well Laid Plans","Quick Slash"],"picked":"Catalyst","floor":12.0},{"not_picked":["Doppelganger","Glass Knife"],"picked":"Corpse Explosion","floor":16.0},{"not_picked":["Dagger Spray","Calculated Gamble"],"picked":"PiercingWail","floor":18.0}],"player_experience":1508424,"relics_obtained":[{"floor":7.0,"key":"Oddly Smooth Stone"},{"floor":9.0,"key":"Boot"}],"event_choices":[{"cards_removed":["Strike_G"],"damage_healed":0.0,"max_hp_gain":0.0,"max_hp_loss":0.0,"gold_gain":0.0,"event_name":"The Cleric","player_choice":"Card Removal","floor":4.0,"gold_loss":75.0,"damage_taken":0.0},{"cards_removed":["Strike_G"],"damage_healed":0.0,"max_hp_gain":0.0,"max_hp_loss":0.0,"gold_gain":0.0,"event_name":"Purifier","player_choice":"Purged","floor":5.0,"gold_loss":0.0,"damage_taken":0.0}],"is_beta":false,"boss_relics":[{"not_picked":["Calling Bell","Empty Cage"],"picked":"Astrolabe"}],"items_purged_floors":[11],"is_endless":false,"potions_floor_spawned":[2,12,18],"killed_by":"2 Thieves","ascension_level":17}}